  <div class='ocr_page' id='page_1' title='image "/cluster/home/n/w/nwhite01/storage/ocr_20150623/152/hvd.32044015473804/366.png"; bbox 0 0 3838 6328; ppageno 0'>
   <div class='ocr_carea' id='block_1_1' title="bbox 156 330 225 382">
    <p class='ocr_par' dir='ltr' id='par_1_1' title="bbox 156 330 225 382">
     <span class='ocr_line' id='line_1_1' title="bbox 156 330 225 382; baseline 0 0"><span class='ocrx_word' id='word_1_1' title='bbox 156 330 225 382; x_wconf 64' lang='lat' dir='ltr'><strong>“El</strong></span> 
     </span>
    </p>
   </div>
   <div class='ocr_carea' id='block_1_2' title="bbox 155 435 1724 514">
    <p class='ocr_par' dir='ltr' id='par_1_2' title="bbox 155 435 1724 514">
     <span class='ocr_line' id='line_1_2' title="bbox 155 435 1724 514; baseline -0.004 -16"><span class='ocrx_word' id='word_1_2' title='bbox 155 444 219 514; x_wconf 76' lang='lat' dir='ltr'><strong>qui</strong></span> <span class='ocrx_word' id='word_1_3' title='bbox 241 451 385 511; x_wconf 85' lang='lat' dir='ltr'><strong>usque</strong></span> <span class='ocrx_word' id='word_1_4' title='bbox 410 436 538 492; x_wconf 84' lang='lat' dir='ltr'><strong>adeo</strong></span> <span class='ocrx_word' id='word_1_5' title='bbox 563 435 753 507; x_wconf 84' lang='lat' dir='ltr'><strong>dignus</strong></span> <span class='ocrx_word' id='word_1_6' title='bbox 781 451 922 499; x_wconf 89' lang='lat' dir='ltr'><strong>sum,</strong></span> <span class='ocrx_word' id='word_1_7' title='bbox 947 446 1006 490; x_wconf 90' lang='lat' dir='ltr'><strong>ut</strong></span> <span class='ocrx_word' id='word_1_8' title='bbox 1044 438 1137 492; x_wconf 85' lang='lat' dir='ltr'><strong>tibi</strong></span> <span class='ocrx_word' id='word_1_9' title='bbox 1166 439 1267 491; x_wconf 87' lang='lat' dir='ltr'><strong>sim</strong></span> <span class='ocrx_word' id='word_1_10' title='bbox 1298 440 1652 493; x_wconf 85' lang='lat' dir='ltr'><strong>consubstan-</strong></span> <span class='ocrx_word' id='word_1_11' title='bbox 1681 444 1724 502; x_wconf 79' lang='grc' dir='ltr'>Α</span> 
     </span>
    </p>
   </div>
   <div class='ocr_carea' id='block_1_3' title="bbox 156 528 1653 597">
    <p class='ocr_par' dir='ltr' id='par_1_3' title="bbox 156 528 1653 597">
     <span class='ocr_line' id='line_1_3' title="bbox 156 528 1653 597; baseline -0.004 -9"><span class='ocrx_word' id='word_1_12' title='bbox 156 533 280 597; x_wconf 79' lang='lat' dir='ltr'><strong>tialis,</strong></span> <span class='ocrx_word' id='word_1_13' title='bbox 303 532 363 584; x_wconf 88' lang='lat' dir='ltr'><strong>ita</strong></span> <span class='ocrx_word' id='word_1_14' title='bbox 389 529 536 583; x_wconf 80' lang='lat' dir='ltr'><strong>vilem</strong></span> <span class='ocrx_word' id='word_1_15' title='bbox 562 536 617 580; x_wconf 90' lang='lat' dir='ltr'><strong>ut</strong></span> <span class='ocrx_word' id='word_1_16' title='bbox 645 541 905 590; x_wconf 90' lang='lat' dir='ltr'><strong>vermem,</strong></span> <span class='ocrx_word' id='word_1_17' title='bbox 937 536 992 582; x_wconf 88' lang='lat' dir='ltr'><strong>et</strong></span> <span class='ocrx_word' id='word_1_18' title='bbox 1017 529 1382 596; x_wconf 83' lang='lat' dir='ltr'><strong>opprobrium,</strong></span> <span class='ocrx_word' id='word_1_19' title='bbox 1429 537 1480 582; x_wconf 91' lang='lat' dir='ltr'><strong>et</strong></span> <span class='ocrx_word' id='word_1_20' title='bbox 1515 528 1653 595; x_wconf 86' lang='lat' dir='ltr'><strong>abje-</strong></span> 
     </span>
    </p>
   </div>
   <div class='ocr_carea' id='block_1_4' title="bbox 155 618 1647 688">
    <p class='ocr_par' dir='ltr' id='par_1_4' title="bbox 155 618 1647 688">
     <span class='ocr_line' id='line_1_4' title="bbox 155 618 1647 688; baseline -0.005 -8"><span class='ocrx_word' id='word_1_21' title='bbox 155 627 424 685; x_wconf 86' lang='lat' dir='ltr'><strong>ctionem,et</strong></span> <span class='ocrx_word' id='word_1_22' title='bbox 457 619 685 673; x_wconf 89' lang='lat' dir='ltr'><strong>derisum</strong></span> <span class='ocrx_word' id='word_1_23' title='bbox 731 631 850 672; x_wconf 90' lang='lat' dir='ltr'><strong>esse</strong></span> <span class='ocrx_word' id='word_1_24' title='bbox 906 619 1221 686; x_wconf 79' lang='lat' dir='ltr'><strong>permisisti.</strong></span> <span class='ocrx_word' id='word_1_25' title='bbox 1271 618 1460 674; x_wconf 88' lang='lat' dir='ltr'><strong>Soluto</strong></span> <span class='ocrx_word' id='word_1_26' title='bbox 1506 619 1647 688; x_wconf 88' lang='lat' dir='ltr'><strong>quod</strong></span> 
     </span>
    </p>
   </div>
   <div class='ocr_carea' id='block_1_5' title="bbox 155 710 1654 784">
    <p class='ocr_par' dir='ltr' id='par_1_5' title="bbox 155 710 1654 784">
     <span class='ocr_line' id='line_1_5' title="bbox 155 710 1654 784; baseline -0.002 -17"><span class='ocrx_word' id='word_1_27' title='bbox 155 712 389 784; x_wconf 75' lang='lat' dir='ltr'><strong>proposuit,</strong></span> <span class='ocrx_word' id='word_1_28' title='bbox 418 721 469 764; x_wconf 90' lang='lat' dir='ltr'><strong>et</strong></span> <span class='ocrx_word' id='word_1_29' title='bbox 496 710 851 764; x_wconf 74' lang='lat' dir='ltr'><strong>incidentibus</strong></span> <span class='ocrx_word' id='word_1_30' title='bbox 875 710 1054 763; x_wconf 86' lang='lat' dir='ltr'><strong>causis</strong></span> <span class='ocrx_word' id='word_1_31' title='bbox 1094 711 1388 780; x_wconf 74' lang='lat' dir='ltr'><strong>expositis,</strong></span> <span class='ocrx_word' id='word_1_32' title='bbox 1439 721 1555 764; x_wconf 86' lang='lat' dir='ltr'><strong>orat</strong></span> <span class='ocrx_word' id='word_1_33' title='bbox 1588 725 1654 764; x_wconf 86' lang='lat' dir='ltr'><strong>ne</strong></span> 
     </span>
    </p>
   </div>
   <div class='ocr_carea' id='block_1_6' title="bbox 155 801 1655 871">
    <p class='ocr_par' dir='ltr' id='par_1_6' title="bbox 155 801 1655 871">
     <span class='ocr_line' id='line_1_6' title="bbox 155 801 1655 871; baseline -0.003 -12"><span class='ocrx_word' id='word_1_34' title='bbox 155 821 195 860; x_wconf 80' lang='lat' dir='ltr'><strong>se</strong></span> <span class='ocrx_word' id='word_1_35' title='bbox 223 804 334 857; x_wconf 87' lang='lat' dir='ltr'><strong>Deus</strong></span> <span class='ocrx_word' id='word_1_36' title='bbox 359 801 642 869; x_wconf 90' lang='lat' dir='ltr'><strong>inadjutum</strong></span> <span class='ocrx_word' id='word_1_37' title='bbox 693 801 957 870; x_wconf 88' lang='lat' dir='ltr'><strong>relinquat</strong></span> <span class='ocrx_word' id='word_1_38' title='bbox 987 817 1051 854; x_wconf 81' lang='lat' dir='ltr'><strong>ex</strong></span> <span class='ocrx_word' id='word_1_39' title='bbox 1085 811 1197 854; x_wconf 87' lang='lat' dir='ltr'><strong>toto</strong></span> <span class='ocrx_word' id='word_1_40' title='bbox 1221 842 1236 864; x_wconf 92' lang='lat'><strong>,</strong></span> <span class='ocrx_word' id='word_1_41' title='bbox 1281 801 1655 871; x_wconf 65' lang='lat' dir='ltr'><strong>praemittendo</strong></span> 
     </span>
    </p>
   </div>
   <div class='ocr_carea' id='block_1_7' title="bbox 155 892 1658 964">
    <p class='ocr_par' dir='ltr' id='par_1_7' title="bbox 155 892 1658 964">
     <span class='ocr_line' id='line_1_7' title="bbox 155 892 1658 964; baseline -0.002 -16"><span class='ocrx_word' id='word_1_42' title='bbox 155 910 315 964; x_wconf 83' lang='lat' dir='ltr'><strong>quoque</strong></span> <span class='ocrx_word' id='word_1_43' title='bbox 341 894 574 947; x_wconf 86' lang='lat' dir='ltr'><strong>meritum</strong></span> <span class='ocrx_word' id='word_1_44' title='bbox 632 909 726 962; x_wconf 88' lang='lat' dir='ltr'><strong>per</strong></span> <span class='ocrx_word' id='word_1_45' title='bbox 765 893 906 962; x_wconf 88' lang='lat' dir='ltr'><strong>quod</strong></span> <span class='ocrx_word' id='word_1_46' title='bbox 955 893 1148 962; x_wconf 88' lang='lat' dir='ltr'><strong>dignus</strong></span> <span class='ocrx_word' id='word_1_47' title='bbox 1194 893 1264 945; x_wconf 90' lang='lat' dir='ltr'><strong>sit</strong></span> <span class='ocrx_word' id='word_1_48' title='bbox 1295 893 1556 947; x_wconf 77' lang='lat' dir='ltr'><strong>exaudiri.</strong></span> <span class='ocrx_word' id='word_1_49' title='bbox 1592 892 1658 946; x_wconf 89' lang='lat' dir='ltr'><strong>Et</strong></span> 
     </span>
    </p>
   </div>
   <div class='ocr_carea' id='block_1_8' title="bbox 155 985 1655 1054">
    <p class='ocr_par' dir='ltr' id='par_1_8' title="bbox 155 985 1655 1054">
     <span class='ocr_line' id='line_1_8' title="bbox 155 985 1655 1054; baseline 0 -14"><span class='ocrx_word' id='word_1_50' title='bbox 155 987 228 1042; x_wconf 81' lang='lat' dir='ltr'><strong>ltoc</strong></span> <span class='ocrx_word' id='word_1_51' title='bbox 245 987 308 1040; x_wconf 86' lang='lat' dir='ltr'><strong>sic</strong></span> <span class='ocrx_word' id='word_1_52' title='bbox 327 985 476 1040; x_wconf 86' lang='lat' dir='ltr'><strong>dicit:</strong></span> <span class='ocrx_word' id='word_1_53' title='bbox 508 985 608 1054; x_wconf 83' lang='lat' dir='ltr'><strong>Ipsi</strong></span> <span class='ocrx_word' id='word_1_54' title='bbox 635 985 716 1039; x_wconf 90' lang='lat' dir='ltr'><strong>sic</strong></span> <span class='ocrx_word' id='word_1_55' title='bbox 744 1001 918 1038; x_wconf 87' lang='lat' dir='ltr'><strong>omnes</strong></span> <span class='ocrx_word' id='word_1_56' title='bbox 941 985 1237 1038; x_wconf 72' lang='lat' dir='ltr'><strong>deriserunt</strong></span> <span class='ocrx_word' id='word_1_57' title='bbox 1269 1001 1370 1050; x_wconf 88' lang='lat' dir='ltr'><strong>me,</strong></span> <span class='ocrx_word' id='word_1_58' title='bbox 1403 994 1655 1054; x_wconf 82' lang='lat' dir='ltr'><strong>putantes</strong></span> 
     </span>
    </p>
   </div>
   <div class='ocr_carea' id='block_1_9' title="bbox 153 1074 1654 1141">
    <p class='ocr_par' dir='ltr' id='par_1_9' title="bbox 153 1074 1654 1141">
     <span class='ocr_line' id='line_1_9' title="bbox 153 1074 1654 1141; baseline 0.001 -12"><span class='ocrx_word' id='word_1_59' title='bbox 153 1092 174 1129; x_wconf 83' lang='lat' dir='ltr'><strong>s</strong></span> <span class='ocrx_word' id='word_1_60' title='bbox 201 1084 240 1130; x_wconf 89' lang='lat' dir='ltr'><strong>te</strong></span> <span class='ocrx_word' id='word_1_61' title='bbox 267 1074 552 1130; x_wconf 84' lang='lat' dir='ltr'><strong>derelictum</strong></span> <span class='ocrx_word' id='word_1_62' title='bbox 584 1090 726 1129; x_wconf 88' lang='lat' dir='ltr'><strong>esse.</strong></span> <span class='ocrx_word' id='word_1_63' title='bbox 751 1075 830 1128; x_wconf 85' lang='lat' dir='ltr'><strong>Tu</strong></span> <span class='ocrx_word' id='word_1_64' title='bbox 860 1089 986 1129; x_wconf 86' lang='lat' dir='ltr'><strong>vero</strong></span> <span class='ocrx_word' id='word_1_65' title='bbox 1022 1089 1090 1128; x_wconf 93' lang='lat' dir='ltr'><strong>ne</strong></span> <span class='ocrx_word' id='word_1_66' title='bbox 1132 1075 1444 1130; x_wconf 84' lang='lat' dir='ltr'><strong>discesseris</strong></span> <span class='ocrx_word' id='word_1_67' title='bbox 1479 1091 1508 1129; x_wconf 92' lang='lat' dir='ltr'><strong>a</strong></span> <span class='ocrx_word' id='word_1_68' title='bbox 1550 1090 1654 1141; x_wconf 88' lang='lat' dir='ltr'><strong>me,</strong></span> 
     </span>
    </p>
   </div>
   <div class='ocr_carea' id='block_1_10' title="bbox 154 1164 1659 1234">
    <p class='ocr_par' dir='ltr' id='par_1_10' title="bbox 154 1164 1659 1234">
     <span class='ocr_line' id='line_1_10' title="bbox 154 1164 1659 1234; baseline -0.001 -14"><span class='ocrx_word' id='word_1_69' title='bbox 154 1181 202 1220; x_wconf 83' lang='lat' dir='ltr'><strong>ne</strong></span> <span class='ocrx_word' id='word_1_70' title='bbox 217 1167 390 1229; x_wconf 81' lang='lat' dir='ltr'><strong>cedant,</strong></span> <span class='ocrx_word' id='word_1_71' title='bbox 417 1175 468 1218; x_wconf 88' lang='lat' dir='ltr'><strong>et</strong></span> <span class='ocrx_word' id='word_1_72' title='bbox 494 1175 549 1218; x_wconf 89' lang='lat' dir='ltr'><strong>ut</strong></span> <span class='ocrx_word' id='word_1_73' title='bbox 579 1179 874 1234; x_wconf 80' lang='lat' dir='ltr'><strong>resurgam.</strong></span> <span class='ocrx_word' id='word_1_74' title='bbox 907 1164 972 1218; x_wconf 85' lang='lat' dir='ltr'><strong>Et</strong></span> <span class='ocrx_word' id='word_1_75' title='bbox 1004 1181 1128 1219; x_wconf 85' lang='lat' dir='ltr'><strong>vere</strong></span> <span class='ocrx_word' id='word_1_76' title='bbox 1157 1165 1269 1219; x_wconf 87' lang='lat' dir='ltr'><strong>scio</strong></span> <span class='ocrx_word' id='word_1_77' title='bbox 1282 1167 1426 1234; x_wconf 84' lang='lat' dir='ltr'><strong>quod</strong></span> <span class='ocrx_word' id='word_1_78' title='bbox 1452 1181 1554 1220; x_wconf 91' lang='lat' dir='ltr'><strong>non</strong></span> <span class='ocrx_word' id='word_1_79' title='bbox 1579 1165 1659 1219; x_wconf 85' lang='lat' dir='ltr'><strong>tli-</strong></span> 
     </span>
    </p>
   </div>
   <div class='ocr_carea' id='block_1_11' title="bbox 153 1254 1660 1323">
    <p class='ocr_par' dir='ltr' id='par_1_11' title="bbox 153 1254 1660 1323">
     <span class='ocr_line' id='line_1_11' title="bbox 153 1254 1660 1323; baseline 0.002 -16"><span class='ocrx_word' id='word_1_80' title='bbox 153 1256 309 1317; x_wconf 81' lang='lat' dir='ltr'><strong>scedes,</strong></span> <span class='ocrx_word' id='word_1_81' title='bbox 331 1254 561 1322; x_wconf 73' lang='lat' dir='ltr'><strong>quoniam</strong></span> <span class='ocrx_word' id='word_1_82' title='bbox 593 1264 648 1306; x_wconf 78' lang='lat' dir='ltr'><strong>tu</strong></span> <span class='ocrx_word' id='word_1_83' title='bbox 679 1271 730 1307; x_wconf 76' lang='lat' dir='ltr'><strong>es</strong></span> <span class='ocrx_word' id='word_1_84' title='bbox 749 1255 841 1323; x_wconf 80' lang='lat' dir='ltr'><strong>qui</strong></span> <span class='ocrx_word' id='word_1_85' title='bbox 863 1256 1135 1308; x_wconf 73' lang='lat' dir='ltr'><strong>extruxisti</strong></span> <span class='ocrx_word' id='word_1_86' title='bbox 1165 1271 1244 1308; x_wconf 90' lang='lat' dir='ltr'><strong>me</strong></span> <span class='ocrx_word' id='word_1_87' title='bbox 1274 1256 1337 1309; x_wconf 82' lang='lat' dir='ltr'><strong>de</strong></span> <span class='ocrx_word' id='word_1_88' title='bbox 1379 1266 1570 1321; x_wconf 80' lang='lat' dir='ltr'><strong>uentre,</strong></span> <span class='ocrx_word' id='word_1_89' title='bbox 1607 1255 1660 1310; x_wconf 89' lang='lat' dir='ltr'><strong>id</strong></span> 
     </span>
    </p>
   </div>
   <div class='ocr_carea' id='block_1_12' title="bbox 153 1342 1657 1413">
    <p class='ocr_par' dir='ltr' id='par_1_12' title="bbox 153 1342 1657 1413">
     <span class='ocr_line' id='line_1_12' title="bbox 153 1342 1657 1413; baseline 0.002 -16"><span class='ocrx_word' id='word_1_90' title='bbox 153 1353 225 1406; x_wconf 87' lang='lat' dir='ltr'><strong>est,</strong></span> <span class='ocrx_word' id='word_1_91' title='bbox 248 1353 290 1396; x_wconf 93' lang='lat' dir='ltr'><strong>tu</strong></span> <span class='ocrx_word' id='word_1_92' title='bbox 326 1343 455 1396; x_wconf 72' lang='lat' dir='ltr'><strong>solut:</strong></span> <span class='ocrx_word' id='word_1_93' title='bbox 490 1358 654 1397; x_wconf 82' lang='lat' dir='ltr'><strong>causa</strong></span> <span class='ocrx_word' id='word_1_94' title='bbox 696 1342 839 1398; x_wconf 86' lang='lat' dir='ltr'><strong>fuisti</strong></span> <span class='ocrx_word' id='word_1_95' title='bbox 889 1359 1055 1413; x_wconf 86' lang='lat' dir='ltr'><strong>quare</strong></span> <span class='ocrx_word' id='word_1_96' title='bbox 1093 1359 1366 1401; x_wconf 82' lang='lat' dir='ltr'><strong>nascerer.</strong></span> <span class='ocrx_word' id='word_1_97' title='bbox 1417 1342 1657 1400; x_wconf 76' lang='lat' dir='ltr'><strong>Aliarum</strong></span> 
     </span>
    </p>
   </div>
   <div class='ocr_carea' id='block_1_13' title="bbox 153 1435 1662 1505">
    <p class='ocr_par' dir='ltr' id='par_1_13' title="bbox 153 1435 1662 1505">
     <span class='ocr_line' id='line_1_13' title="bbox 153 1435 1662 1505; baseline 0.005 -21"><span class='ocrx_word' id='word_1_98' title='bbox 153 1449 246 1487; x_wconf 76' lang='lat' dir='ltr'><strong>vero</strong></span> <span class='ocrx_word' id='word_1_99' title='bbox 283 1435 656 1502; x_wconf 68' lang='lat' dir='ltr'><strong>quodammodo</strong></span> <span class='ocrx_word' id='word_1_100' title='bbox 702 1445 886 1504; x_wconf 77' lang='lat' dir='ltr'><strong>patres</strong></span> <span class='ocrx_word' id='word_1_101' title='bbox 923 1446 1245 1505; x_wconf 79' lang='lat' dir='ltr'><strong>generantes</strong></span> <span class='ocrx_word' id='word_1_102' title='bbox 1309 1453 1472 1492; x_wconf 85' lang='lat' dir='ltr'><strong>causa</strong></span> <span class='ocrx_word' id='word_1_103' title='bbox 1537 1447 1662 1491; x_wconf 90' lang='lat' dir='ltr'><strong>sunt</strong></span> 
     </span>
    </p>
   </div>
   <div class='ocr_carea' id='block_1_14' title="bbox 154 1522 1662 1592">
    <p class='ocr_par' dir='ltr' id='par_1_14' title="bbox 154 1522 1662 1592">
     <span class='ocr_line' id='line_1_14' title="bbox 154 1522 1662 1592; baseline 0.006 -19"><span class='ocrx_word' id='word_1_104' title='bbox 154 1536 276 1590; x_wconf 85' lang='lat' dir='ltr'><strong>quare</strong></span> <span class='ocrx_word' id='word_1_105' title='bbox 305 1522 391 1592; x_wconf 80' lang='lat' dir='ltr'><strong>ipsi</strong></span> <span class='ocrx_word' id='word_1_106' title='bbox 420 1523 482 1578; x_wconf 77' lang='lat' dir='ltr'><strong>de</strong></span> <span class='ocrx_word' id='word_1_107' title='bbox 527 1534 719 1579; x_wconf 84' lang='lat' dir='ltr'><strong>ventre</strong></span> <span class='ocrx_word' id='word_1_108' title='bbox 763 1526 1120 1581; x_wconf 76' lang='lat' dir='ltr'><strong>extrahantur</strong></span> <span class='ocrx_word' id='word_1_109' title='bbox 1147 1535 1202 1581; x_wconf 90' lang='lat' dir='ltr'><strong>et</strong></span> <span class='ocrx_word' id='word_1_110' title='bbox 1246 1537 1560 1582; x_wconf 85' lang='lat' dir='ltr'><strong>nascantur.</strong></span> <span class='ocrx_word' id='word_1_111' title='bbox 1597 1529 1662 1582; x_wconf 85' lang='lat' dir='ltr'><strong>Et</strong></span> 
     </span>
    </p>
   </div>
   <div class='ocr_carea' id='block_1_15' title="bbox 155 1616 1662 1686">
    <p class='ocr_par' dir='ltr' id='par_1_15' title="bbox 155 1616 1662 1686">
     <span class='ocr_line' id='line_1_15' title="bbox 155 1616 1662 1686; baseline 0.005 -19"><span class='ocrx_word' id='word_1_112' title='bbox 155 1624 192 1666; x_wconf 90' lang='lat' dir='ltr'><strong>tu</strong></span> <span class='ocrx_word' id='word_1_113' title='bbox 210 1631 255 1668; x_wconf 87' lang='lat' dir='ltr'><strong>es</strong></span> <span class='ocrx_word' id='word_1_114' title='bbox 279 1632 375 1684; x_wconf 82' lang='lat' dir='ltr'><strong>spes</strong></span> <span class='ocrx_word' id='word_1_115' title='bbox 399 1632 505 1669; x_wconf 72' lang='lat' dir='ltr'><strong>inca</strong></span> <span class='ocrx_word' id='word_1_116' title='bbox 530 1616 596 1669; x_wconf 77' lang='lat' dir='ltr'><strong>ab</strong></span> <span class='ocrx_word' id='word_1_117' title='bbox 623 1617 866 1672; x_wconf 73' lang='lat' dir='ltr'><strong>uberibus</strong></span> <span class='ocrx_word' id='word_1_118' title='bbox 889 1620 1072 1672; x_wconf 72' lang='lat' dir='ltr'><strong>matris</strong></span> <span class='ocrx_word' id='word_1_119' title='bbox 1095 1636 1242 1685; x_wconf 79' lang='lat' dir='ltr'><strong>mete,</strong></span> <span class='ocrx_word' id='word_1_120' title='bbox 1277 1621 1329 1675; x_wconf 87' lang='lat' dir='ltr'><strong>id</strong></span> <span class='ocrx_word' id='word_1_121' title='bbox 1361 1629 1463 1686; x_wconf 87' lang='lat' dir='ltr'><strong>cst,</strong></span> <span class='ocrx_word' id='word_1_122' title='bbox 1512 1622 1562 1674; x_wconf 93' lang='lat' dir='ltr'><strong>in</strong></span> <span class='ocrx_word' id='word_1_123' title='bbox 1609 1629 1662 1675; x_wconf 88' lang='lat' dir='ltr'><strong>te</strong></span> 
     </span>
    </p>
   </div>
   <div class='ocr_carea' id='block_1_16' title="bbox 155 1705 1658 1780">
    <p class='ocr_par' dir='ltr' id='par_1_16' title="bbox 155 1705 1658 1780">
     <span class='ocr_line' id='line_1_16' title="bbox 155 1705 1658 1780; baseline 0.007 -25"><span class='ocrx_word' id='word_1_124' title='bbox 155 1717 311 1776; x_wconf 80' lang='lat' dir='ltr'><strong>semper</strong></span> <span class='ocrx_word' id='word_1_125' title='bbox 337 1705 558 1774; x_wconf 79' lang='lat' dir='ltr'><strong>speravi,</strong></span> <span class='ocrx_word' id='word_1_126' title='bbox 609 1720 675 1759; x_wconf 75' lang='lat' dir='ltr'><strong>ex</strong></span> <span class='ocrx_word' id='word_1_127' title='bbox 699 1722 805 1776; x_wconf 82' lang='lat' dir='ltr'><strong>quo</strong></span> <span class='ocrx_word' id='word_1_128' title='bbox 833 1709 1024 1763; x_wconf 77' lang='lat' dir='ltr'><strong>matris</strong></span> <span class='ocrx_word' id='word_1_129' title='bbox 1064 1711 1228 1764; x_wconf 78' lang='lat' dir='ltr'><strong>ubera</strong></span> <span class='ocrx_word' id='word_1_130' title='bbox 1265 1725 1457 1780; x_wconf 84' lang='lat' dir='ltr'><strong>sugere</strong></span> <span class='ocrx_word' id='word_1_131' title='bbox 1500 1709 1658 1779; x_wconf 87' lang='lat' dir='ltr'><strong>coepi.</strong></span> 
     </span>
    </p>
   </div>
   <div class='ocr_carea' id='block_1_17' title="bbox 156 1784 1738 1869">
    <p class='ocr_par' dir='ltr' id='par_1_17' title="bbox 156 1784 1738 1869">
     <span class='ocr_line' id='line_1_17' title="bbox 156 1784 1738 1869; baseline 0.007 -20"><span class='ocrx_word' id='word_1_132' title='bbox 156 1796 202 1850; x_wconf 85' lang='lat' dir='ltr'><strong>Et</strong></span> <span class='ocrx_word' id='word_1_133' title='bbox 221 1814 271 1850; x_wconf 74' lang='lat' dir='ltr'><strong>es</strong></span> <span class='ocrx_word' id='word_1_134' title='bbox 317 1808 449 1853; x_wconf 84' lang='lat' dir='ltr'><strong>utero</strong></span> <span class='ocrx_word' id='word_1_135' title='bbox 495 1802 759 1869; x_wconf 64' lang='lat' dir='ltr'><strong>profectus</strong></span> <span class='ocrx_word' id='word_1_136' title='bbox 807 1819 923 1856; x_wconf 75' lang='lat' dir='ltr'><strong>sum</strong></span> <span class='ocrx_word' id='word_1_137' title='bbox 965 1805 1017 1858; x_wconf 78' lang='lat' dir='ltr'><strong>in</strong></span> <span class='ocrx_word' id='word_1_138' title='bbox 1074 1817 1142 1868; x_wconf 84' lang='lat' dir='ltr'><strong>te,</strong></span> <span class='ocrx_word' id='word_1_139' title='bbox 1193 1805 1245 1859; x_wconf 86' lang='lat' dir='ltr'><strong>id</strong></span> <span class='ocrx_word' id='word_1_140' title='bbox 1298 1816 1401 1869; x_wconf 86' lang='lat' dir='ltr'><strong>est,</strong></span> <span class='ocrx_word' id='word_1_141' title='bbox 1457 1814 1515 1859; x_wconf 89' lang='lat' dir='ltr'><strong>ut</strong></span> <span class='ocrx_word' id='word_1_142' title='bbox 1567 1805 1660 1860; x_wconf 87' lang='lat' dir='ltr'><strong>tibi</strong></span> <span class='ocrx_word' id='word_1_143' title='bbox 1696 1784 1738 1842; x_wconf 75' lang='grc' dir='ltr'>Β</span> 
     </span>
    </p>
   </div>
   <div class='ocr_carea' id='block_1_18' title="bbox 155 1889 1664 1966">
    <p class='ocr_par' dir='ltr' id='par_1_18' title="bbox 155 1889 1664 1966">
     <span class='ocr_line' id='line_1_18' title="bbox 155 1889 1664 1966; baseline 0.005 -24"><span class='ocrx_word' id='word_1_144' title='bbox 155 1889 439 1956; x_wconf 79' lang='lat' dir='ltr'><strong>personaliter</strong></span> <span class='ocrx_word' id='word_1_145' title='bbox 463 1891 651 1945; x_wconf 86' lang='lat' dir='ltr'><strong>unirer</strong></span> <span class='ocrx_word' id='word_1_146' title='bbox 674 1931 688 1956; x_wconf 90' lang='lat'><strong>,</strong></span> <span class='ocrx_word' id='word_1_147' title='bbox 721 1909 842 1947; x_wconf 84' lang='lat' dir='ltr'><strong>cum</strong></span> <span class='ocrx_word' id='word_1_148' title='bbox 879 1909 1066 1949; x_wconf 82' lang='lat' dir='ltr'><strong>omnes</strong></span> <span class='ocrx_word' id='word_1_149' title='bbox 1110 1896 1200 1949; x_wconf 83' lang='lat' dir='ltr'><strong>alii</strong></span> <span class='ocrx_word' id='word_1_150' title='bbox 1231 1897 1284 1950; x_wconf 81' lang='lat' dir='ltr'><strong>in</strong></span> <span class='ocrx_word' id='word_1_151' title='bbox 1329 1898 1502 1966; x_wconf 86' lang='lat' dir='ltr'><strong>prima</strong></span> <span class='ocrx_word' id='word_1_152' title='bbox 1529 1897 1664 1950; x_wconf 88' lang='lat' dir='ltr'><strong>nati-</strong></span> 
     </span>
    </p>
   </div>
   <div class='ocr_carea' id='block_1_19' title="bbox 156 1983 1667 2060">
    <p class='ocr_par' dir='ltr' id='par_1_19' title="bbox 156 1983 1667 2060">
     <span class='ocr_line' id='line_1_19' title="bbox 156 1983 1667 2060; baseline 0.007 -27"><span class='ocrx_word' id='word_1_153' title='bbox 156 1983 274 2037; x_wconf 82' lang='lat' dir='ltr'><strong>vitate</strong></span> <span class='ocrx_word' id='word_1_154' title='bbox 292 1985 336 2038; x_wconf 87' lang='lat' dir='ltr'><strong>in</strong></span> <span class='ocrx_word' id='word_1_155' title='bbox 364 1986 524 2039; x_wconf 78' lang='lat' dir='ltr'><strong>Adam</strong></span> <span class='ocrx_word' id='word_1_156' title='bbox 549 1986 935 2056; x_wconf 66' lang='lat' dir='ltr'><strong>proiiciantur,</strong></span> <span class='ocrx_word' id='word_1_157' title='bbox 957 1997 1015 2041; x_wconf 82' lang='lat' dir='ltr'><strong>ut</strong></span> <span class='ocrx_word' id='word_1_158' title='bbox 1040 1989 1146 2043; x_wconf 90' lang='lat' dir='ltr'><strong>sint</strong></span> <span class='ocrx_word' id='word_1_159' title='bbox 1168 1991 1215 2045; x_wconf 90' lang='lat' dir='ltr'><strong>ei</strong></span> <span class='ocrx_word' id='word_1_160' title='bbox 1240 1990 1292 2043; x_wconf 90' lang='lat' dir='ltr'><strong>in</strong></span> <span class='ocrx_word' id='word_1_161' title='bbox 1322 1997 1540 2060; x_wconf 78' lang='lat' dir='ltr'><strong>peccato</strong></span> <span class='ocrx_word' id='word_1_162' title='bbox 1558 1990 1667 2044; x_wconf 89' lang='lat' dir='ltr'><strong>ori-</strong></span> 
     </span>
    </p>
   </div>
   <div class='ocr_carea' id='block_1_20' title="bbox 156 2076 1665 2149">
    <p class='ocr_par' dir='ltr' id='par_1_20' title="bbox 156 2076 1665 2149">
     <span class='ocr_line' id='line_1_20' title="bbox 156 2076 1665 2149; baseline 0.007 -22"><span class='ocrx_word' id='word_1_163' title='bbox 156 2076 272 2144; x_wconf 72' lang='lat' dir='ltr'><strong>ginali</strong></span> <span class='ocrx_word' id='word_1_164' title='bbox 299 2077 607 2133; x_wconf 82' lang='lat' dir='ltr'><strong>conformes.</strong></span> <span class='ocrx_word' id='word_1_165' title='bbox 641 2079 754 2133; x_wconf 84' lang='lat' dir='ltr'><strong>Dixi</strong></span> <span class='ocrx_word' id='word_1_166' title='bbox 777 2079 899 2148; x_wconf 88' lang='lat' dir='ltr'><strong>quia</strong></span> <span class='ocrx_word' id='word_1_167' title='bbox 924 2089 1008 2133; x_wconf 86' lang='lat' dir='ltr'><strong>est</strong></span> <span class='ocrx_word' id='word_1_168' title='bbox 1028 2098 1141 2149; x_wconf 80' lang='lat' dir='ltr'><strong>spes</strong></span> <span class='ocrx_word' id='word_1_169' title='bbox 1165 2098 1276 2135; x_wconf 75' lang='lat' dir='ltr'><strong>mea</strong></span> <span class='ocrx_word' id='word_1_170' title='bbox 1299 2083 1362 2135; x_wconf 85' lang='lat' dir='ltr'><strong>ab</strong></span> <span class='ocrx_word' id='word_1_171' title='bbox 1386 2082 1665 2139; x_wconf 80' lang='lat' dir='ltr'><strong>uberibus:</strong></span> 
     </span>
    </p>
   </div>
   <div class='ocr_carea' id='block_1_21' title="bbox 156 2167 1668 2236">
    <p class='ocr_par' dir='ltr' id='par_1_21' title="bbox 156 2167 1668 2236">
     <span class='ocr_line' id='line_1_21' title="bbox 156 2167 1668 2236; baseline 0.006 -21"><span class='ocrx_word' id='word_1_172' title='bbox 156 2175 256 2217; x_wconf 80' lang='lat' dir='ltr'><strong>etut</strong></span> <span class='ocrx_word' id='word_1_173' title='bbox 285 2169 577 2236; x_wconf 74' lang='lat' dir='ltr'><strong>expressius</strong></span> <span class='ocrx_word' id='word_1_174' title='bbox 614 2167 831 2222; x_wconf 76' lang='lat' dir='ltr'><strong>dicam:</strong></span> <span class='ocrx_word' id='word_1_175' title='bbox 859 2167 998 2222; x_wconf 71' lang='lat' dir='ltr'><strong>Deus</strong></span> <span class='ocrx_word' id='word_1_176' title='bbox 1036 2186 1178 2224; x_wconf 81' lang='lat' dir='ltr'><strong>meus</strong></span> <span class='ocrx_word' id='word_1_177' title='bbox 1213 2187 1267 2224; x_wconf 83' lang='lat' dir='ltr'><strong>cs</strong></span> <span class='ocrx_word' id='word_1_178' title='bbox 1314 2181 1368 2223; x_wconf 86' lang='lat' dir='ltr'><strong>tu</strong></span> <span class='ocrx_word' id='word_1_179' title='bbox 1401 2171 1464 2224; x_wconf 88' lang='lat' dir='ltr'><strong>de</strong></span> <span class='ocrx_word' id='word_1_180' title='bbox 1495 2181 1668 2224; x_wconf 85' lang='lat' dir='ltr'><strong>ventre</strong></span> 
     </span>
    </p>
   </div>
   <div class='ocr_carea' id='block_1_22' title="bbox 158 2260 1666 2334">
    <p class='ocr_par' dir='ltr' id='par_1_22' title="bbox 158 2260 1666 2334">
     <span class='ocr_line' id='line_1_22' title="bbox 158 2260 1666 2334; baseline 0.006 -25"><span class='ocrx_word' id='word_1_181' title='bbox 158 2260 290 2313; x_wconf 69' lang='lat' dir='ltr'><strong>matris</strong></span> <span class='ocrx_word' id='word_1_182' title='bbox 316 2277 448 2324; x_wconf 72' lang='lat' dir='ltr'><strong>mem,</strong></span> <span class='ocrx_word' id='word_1_183' title='bbox 494 2263 546 2317; x_wconf 84' lang='lat' dir='ltr'><strong>id</strong></span> <span class='ocrx_word' id='word_1_184' title='bbox 578 2271 664 2316; x_wconf 84' lang='lat' dir='ltr'><strong>est</strong></span> <span class='ocrx_word' id='word_1_185' title='bbox 699 2261 882 2317; x_wconf 74' lang='lat' dir='ltr'><strong>habeo</strong></span> <span class='ocrx_word' id='word_1_186' title='bbox 933 2273 984 2317; x_wconf 88' lang='lat' dir='ltr'><strong>te</strong></span> <span class='ocrx_word' id='word_1_187' title='bbox 1025 2263 1192 2318; x_wconf 89' lang='lat' dir='ltr'><strong>Deum</strong></span> <span class='ocrx_word' id='word_1_188' title='bbox 1232 2280 1298 2318; x_wconf 64' lang='lat' dir='ltr'><strong>ei;</strong></span> <span class='ocrx_word' id='word_1_189' title='bbox 1332 2280 1439 2334; x_wconf 83' lang='lat' dir='ltr'><strong>quo</strong></span> <span class='ocrx_word' id='word_1_190' title='bbox 1488 2263 1560 2318; x_wconf 91' lang='lat' dir='ltr'><strong>fui</strong></span> <span class='ocrx_word' id='word_1_191' title='bbox 1615 2265 1666 2318; x_wconf 94' lang='lat' dir='ltr'><strong>in</strong></span> 
     </span>
    </p>
   </div>
   <div class='ocr_carea' id='block_1_23' title="bbox 157 2351 1670 2420">
    <p class='ocr_par' dir='ltr' id='par_1_23' title="bbox 157 2351 1670 2420">
     <span class='ocr_line' id='line_1_23' title="bbox 157 2351 1670 2420; baseline 0.009 -24"><span class='ocrx_word' id='word_1_192' title='bbox 157 2359 310 2410; x_wconf 74' lang='lat' dir='ltr'><strong>ventre,</strong></span> <span class='ocrx_word' id='word_1_193' title='bbox 355 2351 574 2420; x_wconf 77' lang='lat' dir='ltr'><strong>ideoque</strong></span> <span class='ocrx_word' id='word_1_194' title='bbox 618 2367 685 2405; x_wconf 72' lang='lat' dir='ltr'><strong>ne</strong></span> <span class='ocrx_word' id='word_1_195' title='bbox 712 2353 1008 2405; x_wconf 69' lang='lat' dir='ltr'><strong>discesseris</strong></span> <span class='ocrx_word' id='word_1_196' title='bbox 1048 2371 1078 2406; x_wconf 90' lang='lat' dir='ltr'><strong>a</strong></span> <span class='ocrx_word' id='word_1_197' title='bbox 1111 2370 1210 2418; x_wconf 87' lang='lat' dir='ltr'><strong>me,</strong></span> <span class='ocrx_word' id='word_1_198' title='bbox 1252 2354 1302 2408; x_wconf 87' lang='lat' dir='ltr'><strong>id</strong></span> <span class='ocrx_word' id='word_1_199' title='bbox 1339 2363 1553 2409; x_wconf 85' lang='lat' dir='ltr'><strong>estnon</strong></span> <span class='ocrx_word' id='word_1_200' title='bbox 1585 2370 1670 2410; x_wconf 87' lang='lat' dir='ltr'><strong>me</strong></span> 
     </span>
    </p>
   </div>
   <div class='ocr_carea' id='block_1_24' title="bbox 159 2434 1562 2508">
    <p class='ocr_par' dir='ltr' id='par_1_24' title="bbox 159 2434 1562 2508">
     <span class='ocr_line' id='line_1_24' title="bbox 159 2434 1562 2508; baseline 0.006 -20"><span class='ocrx_word' id='word_1_201' title='bbox 159 2434 340 2494; x_wconf 80' lang='lat' dir='ltr'><strong>dimittas</strong></span> <span class='ocrx_word' id='word_1_202' title='bbox 368 2441 684 2508; x_wconf 82' lang='lat' dir='ltr'><strong>inadjutum.</strong></span> <span class='ocrx_word' id='word_1_203' title='bbox 719 2442 782 2495; x_wconf 71' lang='lat' dir='ltr'><strong>Et</strong></span> <span class='ocrx_word' id='word_1_204' title='bbox 812 2457 1031 2496; x_wconf 83' lang='lat' dir='ltr'><strong>necesse</strong></span> <span class='ocrx_word' id='word_1_205' title='bbox 1057 2453 1139 2498; x_wconf 87' lang='lat' dir='ltr'><strong>est</strong></span> <span class='ocrx_word' id='word_1_206' title='bbox 1173 2451 1230 2498; x_wconf 92' lang='lat' dir='ltr'><strong>ut</strong></span> <span class='ocrx_word' id='word_1_207' title='bbox 1271 2445 1370 2498; x_wconf 80' lang='lat' dir='ltr'><strong>hoc</strong></span> <span class='ocrx_word' id='word_1_208' title='bbox 1394 2459 1562 2497; x_wconf 89' lang='lat' dir='ltr'><strong>orem.</strong></span> 
     </span>
    </p>
   </div>
   <div class='ocr_carea' id='block_1_25' title="bbox 206 2527 1663 2602">
    <p class='ocr_par' dir='ltr' id='par_1_25' title="bbox 206 2527 1663 2602">
     <span class='ocr_line' id='line_1_25' title="bbox 206 2527 1663 2602; baseline 0.005 -23"><span class='ocrx_word' id='word_1_209' title='bbox 206 2527 422 2592; x_wconf 79' lang='lat' dir='ltr'><strong>Quoniam</strong></span> <span class='ocrx_word' id='word_1_210' title='bbox 461 2531 736 2586; x_wconf 71' lang='lat' dir='ltr'><strong>tribulatio</strong></span> <span class='ocrx_word' id='word_1_211' title='bbox 773 2534 1011 2602; x_wconf 73' lang='lat' dir='ltr'><strong>proxima</strong></span> <span class='ocrx_word' id='word_1_212' title='bbox 1034 2543 1131 2596; x_wconf 88' lang='lat' dir='ltr'><strong>est,</strong></span> <span class='ocrx_word' id='word_1_213' title='bbox 1177 2531 1227 2586; x_wconf 92' lang='lat' dir='ltr'><strong>id</strong></span> <span class='ocrx_word' id='word_1_214' title='bbox 1277 2541 1380 2598; x_wconf 86' lang='lat' dir='ltr'><strong>est,</strong></span> <span class='ocrx_word' id='word_1_215' title='bbox 1413 2533 1464 2587; x_wconf 92' lang='lat' dir='ltr'><strong>in</strong></span> <span class='ocrx_word' id='word_1_216' title='bbox 1499 2545 1663 2588; x_wconf 88' lang='lat' dir='ltr'><strong>carne</strong></span> 
     </span>
    </p>
   </div>
   <div class='ocr_carea' id='block_1_26' title="bbox 160 2621 1674 2694">
    <p class='ocr_par' dir='ltr' id='par_1_26' title="bbox 160 2621 1674 2694">
     <span class='ocr_line' id='line_1_26' title="bbox 160 2621 1674 2694; baseline 0.007 -28"><span class='ocrx_word' id='word_1_217' title='bbox 160 2632 242 2671; x_wconf 78' lang='lat' dir='ltr'><strong>mea</strong></span> <span class='ocrx_word' id='word_1_218' title='bbox 268 2634 369 2694; x_wconf 36' lang='lat' dir='ltr'><strong>non.</strong></span> <span class='ocrx_word' id='word_1_219' title='bbox 397 2621 446 2674; x_wconf 92' lang='lat' dir='ltr'><strong>in</strong></span> <span class='ocrx_word' id='word_1_220' title='bbox 474 2623 758 2684; x_wconf 70' lang='lat' dir='ltr'><strong>nicum-ris,</strong></span> <span class='ocrx_word' id='word_1_221' title='bbox 791 2637 964 2689; x_wconf 80' lang='lat' dir='ltr'><strong>neque</strong></span> <span class='ocrx_word' id='word_1_222' title='bbox 993 2623 1044 2675; x_wconf 86' lang='lat' dir='ltr'><strong>in</strong></span> <span class='ocrx_word' id='word_1_223' title='bbox 1066 2623 1354 2676; x_wconf 78' lang='lat' dir='ltr'><strong>amissione</strong></span> <span class='ocrx_word' id='word_1_224' title='bbox 1383 2639 1580 2677; x_wconf 85' lang='lat' dir='ltr'><strong>rerum.</strong></span> <span class='ocrx_word' id='word_1_225' title='bbox 1607 2623 1674 2677; x_wconf 86' lang='lat' dir='ltr'><strong>Et</strong></span> 
     </span>
    </p>
   </div>
   <div class='ocr_carea' id='block_1_27' title="bbox 158 2713 1670 2782">
    <p class='ocr_par' dir='ltr' id='par_1_27' title="bbox 158 2713 1670 2782">
     <span class='ocr_line' id='line_1_27' title="bbox 158 2713 1670 2782; baseline 0.006 -24"><span class='ocrx_word' id='word_1_226' title='bbox 158 2723 229 2761; x_wconf 83' lang='lat' dir='ltr'><strong>non</strong></span> <span class='ocrx_word' id='word_1_227' title='bbox 245 2713 396 2780; x_wconf 82' lang='lat' dir='ltr'><strong>estqui</strong></span> <span class='ocrx_word' id='word_1_228' title='bbox 417 2713 653 2780; x_wconf 78' lang='lat' dir='ltr'><strong>adjuvet,</strong></span> <span class='ocrx_word' id='word_1_229' title='bbox 689 2713 788 2767; x_wconf 89' lang='lat' dir='ltr'><strong>nisi</strong></span> <span class='ocrx_word' id='word_1_230' title='bbox 826 2722 902 2766; x_wconf 83' lang='lat' dir='ltr'><strong>tu.</strong></span> <span class='ocrx_word' id='word_1_231' title='bbox 933 2713 998 2766; x_wconf 76' lang='lat' dir='ltr'><strong>Et</strong></span> <span class='ocrx_word' id='word_1_232' title='bbox 1026 2714 1248 2782; x_wconf 73' lang='lat' dir='ltr'><strong>expc-nit</strong></span> <span class='ocrx_word' id='word_1_233' title='bbox 1271 2713 1670 2768; x_wconf 74' lang='lat' dir='ltr'><strong>tribulationem</strong></span> 
     </span>
    </p>
   </div>
   <div class='ocr_carea' id='block_1_28' title="bbox 159 2796 1670 2870">
    <p class='ocr_par' dir='ltr' id='par_1_28' title="bbox 159 2796 1670 2870">
     <span class='ocr_line' id='line_1_28' title="bbox 159 2796 1670 2870; baseline 0.006 -24"><span class='ocrx_word' id='word_1_234' title='bbox 159 2796 696 2855; x_wconf 78' lang='lat' dir='ltr'><strong>sic:Circue:det!erunt</strong></span> <span class='ocrx_word' id='word_1_235' title='bbox 745 2817 856 2863; x_wconf 76' lang='lat' dir='ltr'><strong>me,</strong></span> <span class='ocrx_word' id='word_1_236' title='bbox 890 2810 948 2855; x_wconf 84' lang='lat' dir='ltr'><strong>ut</strong></span> <span class='ocrx_word' id='word_1_237' title='bbox 985 2811 1260 2870; x_wconf 84' lang='lat' dir='ltr'><strong>caperent,</strong></span> <span class='ocrx_word' id='word_1_238' title='bbox 1304 2803 1455 2855; x_wconf 87' lang='lat' dir='ltr'><strong>vituli</strong></span> <span class='ocrx_word' id='word_1_239' title='bbox 1494 2801 1670 2866; x_wconf 84' lang='lat' dir='ltr'><strong>multi,</strong></span> 
     </span>
    </p>
   </div>
   <div class='ocr_carea' id='block_1_29' title="bbox 160 2884 1672 2959">
    <p class='ocr_par' dir='ltr' id='par_1_29' title="bbox 160 2884 1672 2959">
     <span class='ocr_line' id='line_1_29' title="bbox 160 2884 1672 2959; baseline 0.005 -23"><span class='ocrx_word' id='word_1_240' title='bbox 160 2884 292 2952; x_wconf 85' lang='lat' dir='ltr'><strong>idest,</strong></span> <span class='ocrx_word' id='word_1_241' title='bbox 317 2891 456 2944; x_wconf 88' lang='lat' dir='ltr'><strong>multi</strong></span> <span class='ocrx_word' id='word_1_242' title='bbox 483 2891 551 2944; x_wconf 86' lang='lat' dir='ltr'><strong>de</strong></span> <span class='ocrx_word' id='word_1_243' title='bbox 581 2891 737 2959; x_wconf 86' lang='lat' dir='ltr'><strong>plebe</strong></span> <span class='ocrx_word' id='word_1_244' title='bbox 764 2891 948 2945; x_wconf 84' lang='lat' dir='ltr'><strong>lascivi</strong></span> <span class='ocrx_word' id='word_1_245' title='bbox 993 2900 1049 2946; x_wconf 88' lang='lat' dir='ltr'><strong>ut</strong></span> <span class='ocrx_word' id='word_1_246' title='bbox 1088 2891 1263 2955; x_wconf 79' lang='lat' dir='ltr'><strong>vituli,</strong></span> <span class='ocrx_word' id='word_1_247' title='bbox 1315 2891 1456 2951; x_wconf 89' lang='lat' dir='ltr'><strong>nulla</strong></span> <span class='ocrx_word' id='word_1_248' title='bbox 1489 2907 1672 2956; x_wconf 79' lang='lat' dir='ltr'><strong>causa,</strong></span> 
     </span>
    </p>
   </div>
   <div class='ocr_carea' id='block_1_30' title="bbox 159 2977 1674 3051">
    <p class='ocr_par' dir='ltr' id='par_1_30' title="bbox 159 2977 1674 3051">
     <span class='ocr_line' id='line_1_30' title="bbox 159 2977 1674 3051; baseline 0.005 -23"><span class='ocrx_word' id='word_1_249' title='bbox 159 2977 224 3028; x_wconf 76' lang='lat' dir='ltr'><strong>sed</strong></span> <span class='ocrx_word' id='word_1_250' title='bbox 251 2979 346 3031; x_wconf 87' lang='lat' dir='ltr'><strong>sola</strong></span> <span class='ocrx_word' id='word_1_251' title='bbox 388 2981 608 3035; x_wconf 78' lang='lat' dir='ltr'><strong>lascivia</strong></span> <span class='ocrx_word' id='word_1_252' title='bbox 659 2995 755 3034; x_wconf 85' lang='lat' dir='ltr'><strong>sua</strong></span> <span class='ocrx_word' id='word_1_253' title='bbox 803 2995 888 3034; x_wconf 87' lang='lat' dir='ltr'><strong>me</strong></span> <span class='ocrx_word' id='word_1_254' title='bbox 917 2981 1215 3050; x_wconf 84' lang='lat' dir='ltr'><strong>capientes.</strong></span> <span class='ocrx_word' id='word_1_255' title='bbox 1247 2981 1312 3034; x_wconf 86' lang='lat' dir='ltr'><strong>Et</strong></span> <span class='ocrx_word' id='word_1_256' title='bbox 1354 2998 1436 3034; x_wconf 89' lang='lat' dir='ltr'><strong>me</strong></span> <span class='ocrx_word' id='word_1_257' title='bbox 1461 2988 1674 3051; x_wconf 88' lang='lat' dir='ltr'><strong>captum</strong></span> 
     </span>
    </p>
   </div>
   <div class='ocr_carea' id='block_1_31' title="bbox 160 3065 1678 3136">
    <p class='ocr_par' dir='ltr' id='par_1_31' title="bbox 160 3065 1678 3136">
     <span class='ocr_line' id='line_1_31' title="bbox 160 3065 1678 3136; baseline 0.006 -20"><span class='ocrx_word' id='word_1_258' title='bbox 160 3065 423 3136; x_wconf 77' lang='lat' dir='ltr'><strong>obsederunt,</strong></span> <span class='ocrx_word' id='word_1_259' title='bbox 453 3073 502 3124; x_wconf 81' lang='lat' dir='ltr'><strong>id</strong></span> <span class='ocrx_word' id='word_1_260' title='bbox 530 3080 638 3136; x_wconf 86' lang='lat' dir='ltr'><strong>est,</strong></span> <span class='ocrx_word' id='word_1_261' title='bbox 685 3072 1120 3127; x_wconf 82' lang='lat' dir='ltr'><strong>accusationibus</strong></span> <span class='ocrx_word' id='word_1_262' title='bbox 1163 3073 1274 3127; x_wconf 87' lang='lat' dir='ltr'><strong>suis</strong></span> <span class='ocrx_word' id='word_1_263' title='bbox 1302 3071 1678 3126; x_wconf 85' lang='lat' dir='ltr'><strong>circumvalla-</strong></span> 
     </span>
    </p>
   </div>
   <div class='ocr_carea' id='block_1_32' title="bbox 159 3163 1678 3234">
    <p class='ocr_par' dir='ltr' id='par_1_32' title="bbox 159 3163 1678 3234">
     <span class='ocr_line' id='line_1_32' title="bbox 159 3163 1678 3234; baseline 0.007 -26"><span class='ocrx_word' id='word_1_264' title='bbox 159 3170 379 3215; x_wconf 82' lang='lat' dir='ltr'><strong>veruntne</strong></span> <span class='ocrx_word' id='word_1_265' title='bbox 419 3166 728 3219; x_wconf 86' lang='lat' dir='ltr'><strong>evaderem.</strong></span> <span class='ocrx_word' id='word_1_266' title='bbox 765 3163 926 3217; x_wconf 84' lang='lat' dir='ltr'><strong>Tauri</strong></span> <span class='ocrx_word' id='word_1_267' title='bbox 970 3165 1208 3234; x_wconf 81' lang='lat' dir='ltr'><strong>pingues,</strong></span> <span class='ocrx_word' id='word_1_268' title='bbox 1253 3165 1302 3218; x_wconf 89' lang='lat' dir='ltr'><strong>id</strong></span> <span class='ocrx_word' id='word_1_269' title='bbox 1339 3173 1442 3229; x_wconf 89' lang='lat' dir='ltr'><strong>est,</strong></span> <span class='ocrx_word' id='word_1_270' title='bbox 1472 3163 1678 3219; x_wconf 78' lang='lat' dir='ltr'><strong>Judaeo-</strong></span> 
     </span>
    </p>
   </div>
   <div class='ocr_carea' id='block_1_33' title="bbox 161 3252 1675 3324">
    <p class='ocr_par' dir='ltr' id='par_1_33' title="bbox 161 3252 1675 3324">
     <span class='ocr_line' id='line_1_33' title="bbox 161 3252 1675 3324; baseline 0.007 -25"><span class='ocrx_word' id='word_1_271' title='bbox 161 3260 244 3300; x_wconf 75' lang='lat' dir='ltr'><strong>nun</strong></span> <span class='ocrx_word' id='word_1_272' title='bbox 269 3252 516 3324; x_wconf 85' lang='lat' dir='ltr'><strong>principes</strong></span> <span class='ocrx_word' id='word_1_273' title='bbox 545 3254 808 3310; x_wconf 66' lang='grc' dir='ltr'>εει-ινξεοεί</span> <span class='ocrx_word' id='word_1_274' title='bbox 837 3263 892 3308; x_wconf 87' lang='grc' dir='ltr'><strong>ει</strong></span> <span class='ocrx_word' id='word_1_275' title='bbox 918 3255 1132 3322; x_wconf 86' lang='lat' dir='ltr'><strong>superbi</strong></span> <span class='ocrx_word' id='word_1_276' title='bbox 1163 3263 1219 3308; x_wconf 84' lang='lat' dir='ltr'><strong>ut</strong></span> <span class='ocrx_word' id='word_1_277' title='bbox 1251 3255 1386 3308; x_wconf 89' lang='lat' dir='ltr'><strong>tauri</strong></span> <span class='ocrx_word' id='word_1_278' title='bbox 1431 3256 1675 3324; x_wconf 78' lang='lat' dir='ltr'><strong>pingues.</strong></span> 
     </span>
    </p>
   </div>
   <div class='ocr_carea' id='block_1_34' title="bbox 160 3335 1675 3416">
    <p class='ocr_par' dir='ltr' id='par_1_34' title="bbox 160 3335 1675 3416">
     <span class='ocr_line' id='line_1_34' title="bbox 160 3335 1675 3416; baseline 0.004 -22"><span class='ocrx_word' id='word_1_279' title='bbox 160 3335 204 3390; x_wconf 80' lang='grc' dir='ltr'>Ει</span> <span class='ocrx_word' id='word_1_280' title='bbox 241 3357 327 3397; x_wconf 77' lang='lat' dir='ltr'><strong>non</strong></span> <span class='ocrx_word' id='word_1_281' title='bbox 349 3359 411 3400; x_wconf 81' lang='lat' dir='ltr'><strong>ex</strong></span> <span class='ocrx_word' id='word_1_282' title='bbox 449 3346 662 3400; x_wconf 84' lang='lat' dir='ltr'><strong>meritis</strong></span> <span class='ocrx_word' id='word_1_283' title='bbox 704 3345 837 3400; x_wconf 79' lang='lat' dir='ltr'><strong>meis</strong></span> <span class='ocrx_word' id='word_1_284' title='bbox 866 3345 1042 3412; x_wconf 86' lang='lat' dir='ltr'><strong>malis,</strong></span> <span class='ocrx_word' id='word_1_285' title='bbox 1072 3347 1164 3401; x_wconf 86' lang='lat' dir='ltr'><strong>sed</strong></span> <span class='ocrx_word' id='word_1_286' title='bbox 1191 3347 1304 3401; x_wconf 81' lang='lat' dir='ltr'><strong>sola</strong></span> <span class='ocrx_word' id='word_1_287' title='bbox 1334 3347 1675 3416; x_wconf 79' lang='lat' dir='ltr'><strong>pinguedine,</strong></span> 
     </span>
    </p>
   </div>
   <div class='ocr_carea' id='block_1_35' title="bbox 161 3427 1680 3507">
    <p class='ocr_par' dir='ltr' id='par_1_35' title="bbox 161 3427 1680 3507">
     <span class='ocr_line' id='line_1_35' title="bbox 161 3427 1680 3507; baseline 0.006 -24"><span class='ocrx_word' id='word_1_288' title='bbox 161 3427 294 3494; x_wconf 86' lang='lat' dir='ltr'><strong>idest,</strong></span> <span class='ocrx_word' id='word_1_289' title='bbox 321 3437 565 3504; x_wconf 89' lang='lat' dir='ltr'><strong>superbia</strong></span> <span class='ocrx_word' id='word_1_290' title='bbox 598 3450 715 3490; x_wconf 87' lang='lat' dir='ltr'><strong>sua.</strong></span> <span class='ocrx_word' id='word_1_291' title='bbox 743 3436 812 3490; x_wconf 89' lang='lat' dir='ltr'><strong>Et</strong></span> <span class='ocrx_word' id='word_1_292' title='bbox 834 3437 953 3506; x_wconf 87' lang='lat' dir='ltr'><strong>ipsi,</strong></span> <span class='ocrx_word' id='word_1_293' title='bbox 981 3447 1037 3491; x_wconf 85' lang='lat' dir='ltr'><strong>et</strong></span> <span class='ocrx_word' id='word_1_294' title='bbox 1060 3437 1208 3492; x_wconf 87' lang='lat' dir='ltr'><strong>vituli</strong></span> <span class='ocrx_word' id='word_1_295' title='bbox 1240 3447 1295 3492; x_wconf 89' lang='lat' dir='ltr'><strong>et</strong></span> <span class='ocrx_word' id='word_1_296' title='bbox 1340 3439 1506 3503; x_wconf 88' lang='lat' dir='ltr'><strong>tauri,</strong></span> <span class='ocrx_word' id='word_1_297' title='bbox 1558 3455 1680 3507; x_wconf 86' lang='lat' dir='ltr'><strong>ape-</strong></span> 
     </span>
    </p>
   </div>
   <div class='ocr_carea' id='block_1_36' title="bbox 160 3526 1679 3598">
    <p class='ocr_par' dir='ltr' id='par_1_36' title="bbox 160 3526 1679 3598">
     <span class='ocr_line' id='line_1_36' title="bbox 160 3526 1679 3598; baseline 0.011 -31"><span class='ocrx_word' id='word_1_298' title='bbox 160 3531 328 3574; x_wconf 74' lang='lat' dir='ltr'><strong>ruerunt</strong></span> <span class='ocrx_word' id='word_1_299' title='bbox 343 3539 394 3575; x_wconf 92' lang='lat' dir='ltr'><strong>os</strong></span> <span class='ocrx_word' id='word_1_300' title='bbox 410 3542 560 3579; x_wconf 84' lang='lat' dir='ltr'><strong>suum</strong></span> <span class='ocrx_word' id='word_1_301' title='bbox 590 3542 746 3594; x_wconf 84' lang='lat' dir='ltr'><strong>super</strong></span> <span class='ocrx_word' id='word_1_302' title='bbox 760 3542 838 3580; x_wconf 86' lang='lat' dir='ltr'><strong>me</strong></span> <span class='ocrx_word' id='word_1_303' title='bbox 860 3526 1172 3590; x_wconf 74' lang='lat' dir='ltr'><strong>existentes,</strong></span> <span class='ocrx_word' id='word_1_304' title='bbox 1193 3528 1241 3581; x_wconf 90' lang='lat' dir='ltr'><strong>id</strong></span> <span class='ocrx_word' id='word_1_305' title='bbox 1266 3537 1420 3582; x_wconf 89' lang='lat' dir='ltr'><strong>estse</strong></span> <span class='ocrx_word' id='word_1_306' title='bbox 1439 3529 1679 3598; x_wconf 87' lang='lat' dir='ltr'><strong>superio-</strong></span> 
     </span>
    </p>
   </div>
   <div class='ocr_carea' id='block_1_37' title="bbox 160 3616 1672 3688">
    <p class='ocr_par' dir='ltr' id='par_1_37' title="bbox 160 3616 1672 3688">
     <span class='ocr_line' id='line_1_37' title="bbox 160 3616 1672 3688; baseline 0.008 -28"><span class='ocrx_word' id='word_1_307' title='bbox 160 3619 221 3660; x_wconf 85' lang='lat' dir='ltr'><strong>res</strong></span> <span class='ocrx_word' id='word_1_308' title='bbox 237 3628 304 3665; x_wconf 86' lang='lat' dir='ltr'><strong>me</strong></span> <span class='ocrx_word' id='word_1_309' title='bbox 325 3626 646 3682; x_wconf 85' lang='lat' dir='ltr'><strong>reputantes,</strong></span> <span class='ocrx_word' id='word_1_310' title='bbox 675 3616 912 3671; x_wconf 85' lang='lat' dir='ltr'><strong>dicentes</strong></span> <span class='ocrx_word' id='word_1_311' title='bbox 942 3633 956 3672; x_wconf 90' lang='lat'><strong>:</strong></span> <span class='ocrx_word' id='word_1_312' title='bbox 990 3633 1008 3667; x_wconf 83' lang='grc' dir='ltr'><strong>ι</strong></span> <span class='ocrx_word' id='word_1_313' title='bbox 1041 3617 1306 3686; x_wconf 82' lang='lat' dir='ltr'><strong>Cruciﬁge</strong></span> <span class='ocrx_word' id='word_1_314' title='bbox 1331 3617 1482 3688; x_wconf 87' lang='lat' dir='ltr'><strong>(Luc.</strong></span> <span class='ocrx_word' id='word_1_315' title='bbox 1515 3634 1672 3684; x_wconf 81' lang='lat' dir='ltr'><strong>xxnt,</strong></span> 
     </span>
    </p>
   </div>
   <div class='ocr_carea' id='block_1_38' title="bbox 160 3696 1682 3773">
    <p class='ocr_par' dir='ltr' id='par_1_38' title="bbox 160 3696 1682 3773">
     <span class='ocr_line' id='line_1_38' title="bbox 160 3696 1682 3773; baseline 0.005 -16"><span class='ocrx_word' id='word_1_316' title='bbox 160 3696 282 3766; x_wconf 69' lang='grc'><strong>21).»</strong></span> <span class='ocrx_word' id='word_1_317' title='bbox 317 3705 616 3762; x_wconf 79' lang='lat' dir='ltr'><strong>Existentes</strong></span> <span class='ocrx_word' id='word_1_318' title='bbox 654 3708 790 3762; x_wconf 89' lang='lat' dir='ltr'><strong>sicut</strong></span> <span class='ocrx_word' id='word_1_319' title='bbox 829 3707 927 3770; x_wconf 87' lang='lat' dir='ltr'><strong>leo,</strong></span> <span class='ocrx_word' id='word_1_320' title='bbox 987 3708 1038 3762; x_wconf 92' lang='lat' dir='ltr'><strong>id</strong></span> <span class='ocrx_word' id='word_1_321' title='bbox 1085 3717 1190 3773; x_wconf 91' lang='lat' dir='ltr'><strong>est,</strong></span> <span class='ocrx_word' id='word_1_322' title='bbox 1235 3709 1479 3764; x_wconf 86' lang='lat' dir='ltr'><strong>crudeles</strong></span> <span class='ocrx_word' id='word_1_323' title='bbox 1510 3719 1568 3762; x_wconf 92' lang='lat' dir='ltr'><strong>ut</strong></span> <span class='ocrx_word' id='word_1_324' title='bbox 1600 3709 1682 3764; x_wconf 90' lang='lat' dir='ltr'><strong>leo</strong></span> 
     </span>
    </p>
   </div>
   <div class='ocr_carea' id='block_1_39' title="bbox 160 3787 1680 3866">
    <p class='ocr_par' dir='ltr' id='par_1_39' title="bbox 160 3787 1680 3866">
     <span class='ocr_line' id='line_1_39' title="bbox 160 3787 1680 3866; baseline 0.001 -15"><span class='ocrx_word' id='word_1_325' title='bbox 160 3787 317 3851; x_wconf 80' lang='lat' dir='ltr'><strong>&quot;Piens</strong></span> <span class='ocrx_word' id='word_1_326' title='bbox 341 3803 595 3861; x_wconf 81' lang='lat' dir='ltr'><strong>quantum</strong></span> <span class='ocrx_word' id='word_1_327' title='bbox 619 3795 685 3848; x_wconf 86' lang='lat' dir='ltr'><strong>ad</strong></span> <span class='ocrx_word' id='word_1_328' title='bbox 719 3795 933 3861; x_wconf 80' lang='lat' dir='ltr'><strong>vitulos,</strong></span> <span class='ocrx_word' id='word_1_329' title='bbox 984 3796 1076 3865; x_wconf 88' lang='lat' dir='ltr'><strong>qtti</strong></span> <span class='ocrx_word' id='word_1_330' title='bbox 1123 3811 1208 3851; x_wconf 90' lang='lat' dir='ltr'><strong>me</strong></span> <span class='ocrx_word' id='word_1_331' title='bbox 1261 3807 1576 3866; x_wconf 82' lang='lat' dir='ltr'><strong>rapuerunt,</strong></span> <span class='ocrx_word' id='word_1_332' title='bbox 1628 3799 1680 3852; x_wconf 89' lang='lat' dir='ltr'><strong>id</strong></span> 
     </span>
    </p>
   </div>
   <div class='ocr_carea' id='block_1_40' title="bbox 157 3880 1680 3959">
    <p class='ocr_par' dir='ltr' id='par_1_40' title="bbox 157 3880 1680 3959">
     <span class='ocr_line' id='line_1_40' title="bbox 157 3880 1680 3959; baseline 0.009 -29"><span class='ocrx_word' id='word_1_333' title='bbox 157 3885 230 3939; x_wconf 84' lang='lat' dir='ltr'><strong>est,</strong></span> <span class='ocrx_word' id='word_1_334' title='bbox 257 3880 680 3940; x_wconf 82' lang='lat' dir='ltr'><strong>irrationabiliter</strong></span> <span class='ocrx_word' id='word_1_335' title='bbox 713 3897 990 3956; x_wconf 81' lang='lat' dir='ltr'><strong>ceperunt.</strong></span> <span class='ocrx_word' id='word_1_336' title='bbox 1039 3888 1108 3942; x_wconf 85' lang='lat' dir='ltr'><strong>Et</strong></span> <span class='ocrx_word' id='word_1_337' title='bbox 1151 3890 1378 3959; x_wconf 78' lang='lat' dir='ltr'><strong>rugiens,</strong></span> <span class='ocrx_word' id='word_1_338' title='bbox 1407 3891 1580 3954; x_wconf 87' lang='lat' dir='ltr'><strong>idest,</strong></span> <span class='ocrx_word' id='word_1_339' title='bbox 1606 3891 1680 3944; x_wconf 89' lang='lat' dir='ltr'><strong>ir-</strong></span> 
     </span>
    </p>
   </div>
   <div class='ocr_carea' id='block_1_41' title="bbox 161 3967 1676 4046">
    <p class='ocr_par' dir='ltr' id='par_1_41' title="bbox 161 3967 1676 4046">
     <span class='ocr_line' id='line_1_41' title="bbox 161 3967 1676 4046; baseline 0.013 -28"><span class='ocrx_word' id='word_1_340' title='bbox 161 3967 487 4032; x_wconf 79' lang='lat' dir='ltr'><strong>rationabiliter</strong></span> <span class='ocrx_word' id='word_1_341' title='bbox 523 3979 579 4032; x_wconf 90' lang='lat' dir='ltr'><strong>in</strong></span> <span class='ocrx_word' id='word_1_342' title='bbox 629 3993 714 4033; x_wconf 83' lang='lat' dir='ltr'><strong>me</strong></span> <span class='ocrx_word' id='word_1_343' title='bbox 765 3979 1075 4046; x_wconf 88' lang='lat' dir='ltr'><strong>frementes,</strong></span> <span class='ocrx_word' id='word_1_344' title='bbox 1121 3982 1188 4034; x_wconf 86' lang='lat' dir='ltr'><strong>ad</strong></span> <span class='ocrx_word' id='word_1_345' title='bbox 1225 3981 1440 4036; x_wconf 89' lang='lat' dir='ltr'><strong>modum</strong></span> <span class='ocrx_word' id='word_1_346' title='bbox 1489 3982 1676 4038; x_wconf 78' lang='lat' dir='ltr'><strong>lcoms.</strong></span> 
     </span>
    </p>
   </div>
   <div class='ocr_carea' id='block_1_42' title="bbox 159 4052 1684 4133">
    <p class='ocr_par' dir='ltr' id='par_1_42' title="bbox 159 4052 1684 4133">
     <span class='ocr_line' id='line_1_42' title="bbox 159 4052 1684 4133; baseline 0.014 -26"><span class='ocrx_word' id='word_1_347' title='bbox 159 4052 206 4109; x_wconf 85' lang='lat' dir='ltr'><strong>Et</strong></span> <span class='ocrx_word' id='word_1_348' title='bbox 227 4058 308 4116; x_wconf 82' lang='lat' dir='ltr'><strong>hoc</strong></span> <span class='ocrx_word' id='word_1_349' title='bbox 329 4076 586 4133; x_wconf 87' lang='lat' dir='ltr'><strong>quantum</strong></span> <span class='ocrx_word' id='word_1_350' title='bbox 637 4069 704 4122; x_wconf 86' lang='lat' dir='ltr'><strong>ad</strong></span> <span class='ocrx_word' id='word_1_351' title='bbox 747 4083 936 4124; x_wconf 87' lang='lat' dir='ltr'><strong>omnes</strong></span> <span class='ocrx_word' id='word_1_352' title='bbox 966 4080 1013 4124; x_wconf 85' lang='lat' dir='ltr'><strong>et</strong></span> <span class='ocrx_word' id='word_1_353' title='bbox 1052 4071 1245 4125; x_wconf 86' lang='lat' dir='ltr'><strong>vitulos</strong></span> <span class='ocrx_word' id='word_1_354' title='bbox 1295 4080 1348 4125; x_wconf 91' lang='lat' dir='ltr'><strong>ct</strong></span> <span class='ocrx_word' id='word_1_355' title='bbox 1381 4082 1580 4127; x_wconf 85' lang='lat' dir='ltr'><strong>tauros.</strong></span> <span class='ocrx_word' id='word_1_356' title='bbox 1616 4073 1684 4128; x_wconf 82' lang='lat' dir='ltr'><strong>Et</strong></span> 
     </span>
    </p>
   </div>
   <div class='ocr_carea' id='block_1_43' title="bbox 160 4151 1684 4227">
    <p class='ocr_par' dir='ltr' id='par_1_43' title="bbox 160 4151 1684 4227">
     <span class='ocr_line' id='line_1_43' title="bbox 160 4151 1684 4227; baseline 0.012 -29"><span class='ocrx_word' id='word_1_357' title='bbox 160 4157 236 4199; x_wconf 82' lang='lat' dir='ltr'><strong>non</strong></span> <span class='ocrx_word' id='word_1_358' title='bbox 256 4151 408 4206; x_wconf 84' lang='lat' dir='ltr'><strong>solum</strong></span> <span class='ocrx_word' id='word_1_359' title='bbox 441 4155 543 4210; x_wconf 80' lang='lat' dir='ltr'><strong>hoc</strong></span> <span class='ocrx_word' id='word_1_360' title='bbox 590 4157 852 4218; x_wconf 76' lang='lat' dir='ltr'><strong>iecerunt,</strong></span> <span class='ocrx_word' id='word_1_361' title='bbox 885 4159 979 4212; x_wconf 87' lang='lat' dir='ltr'><strong>sed</strong></span> <span class='ocrx_word' id='word_1_362' title='bbox 1025 4167 1080 4213; x_wconf 80' lang='lat' dir='ltr'><strong>et</strong></span> <span class='ocrx_word' id='word_1_363' title='bbox 1107 4160 1304 4227; x_wconf 80' lang='lat' dir='ltr'><strong>e/fusus</strong></span> <span class='ocrx_word' id='word_1_364' title='bbox 1351 4177 1488 4226; x_wconf 89' lang='lat' dir='ltr'><strong>sum,</strong></span> <span class='ocrx_word' id='word_1_365' title='bbox 1521 4161 1570 4214; x_wconf 91' lang='lat' dir='ltr'><strong>id</strong></span> <span class='ocrx_word' id='word_1_366' title='bbox 1600 4171 1684 4216; x_wconf 90' lang='lat' dir='ltr'><strong>est</strong></span> 
     </span>
    </p>
   </div>
   <div class='ocr_carea' id='block_1_44' title="bbox 160 4236 1682 4323">
    <p class='ocr_par' dir='ltr' id='par_1_44' title="bbox 160 4236 1682 4323">
     <span class='ocr_line' id='line_1_44' title="bbox 160 4236 1682 4323; baseline 0.014 -37"><span class='ocrx_word' id='word_1_367' title='bbox 160 4236 295 4323; x_wconf 75' lang='lat' dir='ltr'><strong>utima</strong></span> <span class='ocrx_word' id='word_1_368' title='bbox 314 4241 469 4300; x_wconf 78' lang='lat' dir='ltr'><strong>eﬂ&#39;usa</strong></span> <span class='ocrx_word' id='word_1_369' title='bbox 505 4256 591 4302; x_wconf 89' lang='lat' dir='ltr'><strong>est</strong></span> <span class='ocrx_word' id='word_1_370' title='bbox 619 4247 682 4301; x_wconf 88' lang='lat' dir='ltr'><strong>de</strong></span> <span class='ocrx_word' id='word_1_371' title='bbox 710 4263 958 4316; x_wconf 85' lang='lat' dir='ltr'><strong>corpore.</strong></span> <span class='ocrx_word' id='word_1_372' title='bbox 1004 4249 1134 4304; x_wconf 83' lang='lat' dir='ltr'><strong>Dico</strong></span> <span class='ocrx_word' id='word_1_373' title='bbox 1178 4253 1374 4320; x_wconf 74' lang='lat' dir='ltr'><strong>effusus</strong></span> <span class='ocrx_word' id='word_1_374' title='bbox 1405 4269 1518 4305; x_wconf 86' lang='lat' dir='ltr'><strong>sum</strong></span> <span class='ocrx_word' id='word_1_375' title='bbox 1563 4267 1682 4323; x_wconf 88' lang='lat' dir='ltr'><strong>ego,</strong></span> 
     </span>
    </p>
   </div>
   <div class='ocr_carea' id='block_1_45' title="bbox 160 4321 1684 4410">
    <p class='ocr_par' dir='ltr' id='par_1_45' title="bbox 160 4321 1684 4410">
     <span class='ocr_line' id='line_1_45' title="bbox 160 4321 1684 4410; baseline 0.011 -31"><span class='ocrx_word' id='word_1_376' title='bbox 160 4321 249 4379; x_wconf 83' lang='lat' dir='ltr'><strong>dico</strong></span> <span class='ocrx_word' id='word_1_377' title='bbox 265 4333 482 4390; x_wconf 78' lang='lat' dir='ltr'><strong>existens</strong></span> <span class='ocrx_word' id='word_1_378' title='bbox 513 4337 646 4390; x_wconf 80' lang='lat' dir='ltr'><strong>sicut</strong></span> <span class='ocrx_word' id='word_1_379' title='bbox 673 4354 826 4406; x_wconf 82' lang='lat' dir='ltr'><strong>aqua,</strong></span> <span class='ocrx_word' id='word_1_380' title='bbox 866 4339 916 4392; x_wconf 90' lang='lat' dir='ltr'><strong>id</strong></span> <span class='ocrx_word' id='word_1_381' title='bbox 961 4348 1066 4403; x_wconf 87' lang='lat' dir='ltr'><strong>est,</strong></span> <span class='ocrx_word' id='word_1_382' title='bbox 1118 4339 1310 4394; x_wconf 89' lang='lat' dir='ltr'><strong>similis</strong></span> <span class='ocrx_word' id='word_1_383' title='bbox 1351 4356 1518 4410; x_wconf 78' lang='lat' dir='ltr'><strong>aquze,</strong></span> <span class='ocrx_word' id='word_1_384' title='bbox 1565 4321 1684 4410; x_wconf 78' lang='lat' dir='ltr'><strong>qua:</strong></span> 
     </span>
    </p>
   </div>
   <div class='ocr_carea' id='block_1_46' title="bbox 1705 3120 1748 3180">
    <p class='ocr_par' dir='ltr' id='par_1_46' title="bbox 1705 3120 1748 3180">
     <span class='ocr_line' id='line_1_46' title="bbox 1705 3120 1748 3180; baseline 0 0"><span class='ocrx_word' id='word_1_385' title='bbox 1705 3120 1748 3180; x_wconf 89' lang='lat' dir='ltr'><strong><em>C</em></strong></span> 
     </span>
    </p>
   </div>
   <div class='ocr_carea' id='block_1_47' title="bbox 1029 311 2354 382">
    <p class='ocr_par' dir='ltr' id='par_1_47' title="bbox 1029 311 2354 382">
     <span class='ocr_line' id='line_1_47' title="bbox 1029 311 2354 382; baseline 0.005 -6"><span class='ocrx_word' id='word_1_386' title='bbox 1029 321 1389 380; x_wconf 70' lang='lat' dir='ltr'><strong>exposmo</strong></span> <span class='ocrx_word' id='word_1_387' title='bbox 1429 322 1492 378; x_wconf 84' lang='lat' dir='ltr'><strong>lN</strong></span> <span class='ocrx_word' id='word_1_388' title='bbox 1533 321 1862 378; x_wconf 80' lang='lat' dir='ltr'><strong>PSALMOS.</strong></span> <span class='ocrx_word' id='word_1_389' title='bbox 1889 325 2172 380; x_wconf 82' lang='lat' dir='ltr'><strong>--PSAL.</strong></span> <span class='ocrx_word' id='word_1_390' title='bbox 2216 311 2354 382; x_wconf 77' lang='lat' dir='ltr'><strong>XXI.</strong></span> 
     </span>
    </p>
   </div>
   <div class='ocr_carea' id='block_1_48' title="bbox 3218 329 3344 384">
    <p class='ocr_par' dir='ltr' id='par_1_48' title="bbox 3218 329 3344 384">
     <span class='ocr_line' id='line_1_48' title="bbox 3218 329 3344 384; baseline -0.016 0"><span class='ocrx_word' id='word_1_391' title='bbox 3218 329 3344 384; x_wconf 60' lang='grc' dir='ltr'><strong>ΗΞ·</strong></span> 
     </span>
    </p>
   </div>
   <div class='ocr_carea' id='block_1_49' title="bbox 1754 438 3325 512">
    <p class='ocr_par' dir='ltr' id='par_1_49' title="bbox 1754 438 3325 512">
     <span class='ocr_line' id='line_1_49' title="bbox 1754 438 3325 512; baseline 0.01 -22"><span class='ocrx_word' id='word_1_392' title='bbox 1754 438 2035 510; x_wconf 68' lang='lat' dir='ltr'><strong>liquescens</strong></span> <span class='ocrx_word' id='word_1_393' title='bbox 2067 442 2121 496; x_wconf 90' lang='lat' dir='ltr'><strong>in</strong></span> <span class='ocrx_word' id='word_1_394' title='bbox 2155 443 2341 512; x_wconf 75' lang='lat' dir='ltr'><strong>medio,</strong></span> <span class='ocrx_word' id='word_1_395' title='bbox 2388 443 2440 499; x_wconf 91' lang='lat' dir='ltr'><strong>id</strong></span> <span class='ocrx_word' id='word_1_396' title='bbox 2475 456 2558 500; x_wconf 90' lang='lat' dir='ltr'><strong>est</strong></span> <span class='ocrx_word' id='word_1_397' title='bbox 2621 444 2673 498; x_wconf 92' lang='lat' dir='ltr'><strong>in</strong></span> <span class='ocrx_word' id='word_1_398' title='bbox 2710 445 3092 503; x_wconf 86' lang='lat' dir='ltr'><strong>communitate</strong></span> <span class='ocrx_word' id='word_1_399' title='bbox 3134 453 3325 506; x_wconf 69' lang='lat' dir='ltr'><strong>uentris</strong></span> 
     </span>
    </p>
   </div>
   <div class='ocr_carea' id='block_1_50' title="bbox 1755 532 3326 608">
    <p class='ocr_par' dir='ltr' id='par_1_50' title="bbox 1755 532 3326 608">
     <span class='ocr_line' id='line_1_50' title="bbox 1755 532 3326 608; baseline 0.01 -26"><span class='ocrx_word' id='word_1_400' title='bbox 1755 532 1874 594; x_wconf 85' lang='lat' dir='ltr'><strong>mei,</strong></span> <span class='ocrx_word' id='word_1_401' title='bbox 1913 532 1964 585; x_wconf 88' lang='lat' dir='ltr'><strong>id</strong></span> <span class='ocrx_word' id='word_1_402' title='bbox 1991 542 2075 587; x_wconf 89' lang='lat' dir='ltr'><strong>est</strong></span> <span class='ocrx_word' id='word_1_403' title='bbox 2101 534 2489 604; x_wconf 83' lang='lat' dir='ltr'><strong>apostolorum,</strong></span> <span class='ocrx_word' id='word_1_404' title='bbox 2517 537 2631 606; x_wconf 90' lang='lat' dir='ltr'><strong>qui,</strong></span> <span class='ocrx_word' id='word_1_405' title='bbox 2657 553 2776 590; x_wconf 89' lang='lat' dir='ltr'><strong>cum</strong></span> <span class='ocrx_word' id='word_1_406' title='bbox 2805 539 2954 607; x_wconf 89' lang='lat' dir='ltr'><strong>prius</strong></span> <span class='ocrx_word' id='word_1_407' title='bbox 2978 555 3098 595; x_wconf 87' lang='lat' dir='ltr'><strong>ossa</strong></span> <span class='ocrx_word' id='word_1_408' title='bbox 3119 551 3326 608; x_wconf 86' lang='lat' dir='ltr'><strong>essent,</strong></span> 
     </span>
    </p>
   </div>
   <div class='ocr_carea' id='block_1_51' title="bbox 1756 619 3323 690">
    <p class='ocr_par' dir='ltr' id='par_1_51' title="bbox 1756 619 3323 690">
     <span class='ocr_line' id='line_1_51' title="bbox 1756 619 3323 690; baseline 0.008 -19"><span class='ocrx_word' id='word_1_409' title='bbox 1756 619 1936 683; x_wconf 91' lang='lat' dir='ltr'><strong>idest,</strong></span> <span class='ocrx_word' id='word_1_410' title='bbox 1967 621 2210 690; x_wconf 80' lang='lat' dir='ltr'><strong>fortcsin</strong></span> <span class='ocrx_word' id='word_1_411' title='bbox 2245 622 2365 688; x_wconf 88' lang='lat' dir='ltr'><strong>ﬁde,</strong></span> <span class='ocrx_word' id='word_1_412' title='bbox 2411 623 2534 678; x_wconf 88' lang='lat' dir='ltr'><strong>facti</strong></span> <span class='ocrx_word' id='word_1_413' title='bbox 2588 633 2714 679; x_wconf 91' lang='lat' dir='ltr'><strong>sunt</strong></span> <span class='ocrx_word' id='word_1_414' title='bbox 2763 625 2968 681; x_wconf 80' lang='lat' dir='ltr'><strong>debiles</strong></span> <span class='ocrx_word' id='word_1_415' title='bbox 3009 636 3066 681; x_wconf 86' lang='lat' dir='ltr'><strong>ut</strong></span> <span class='ocrx_word' id='word_1_416' title='bbox 3115 638 3323 686; x_wconf 84' lang='lat' dir='ltr'><strong>venter.</strong></span> 
     </span>
    </p>
   </div>
   <div class='ocr_carea' id='block_1_52' title="bbox 1754 709 3330 790">
    <p class='ocr_par' dir='ltr' id='par_1_52' title="bbox 1754 709 3330 790">
     <span class='ocr_line' id='line_1_52' title="bbox 1754 709 3330 790; baseline 0.008 -28"><span class='ocrx_word' id='word_1_417' title='bbox 1754 709 1904 776; x_wconf 81' lang='lat' dir='ltr'><strong>Quod</strong></span> <span class='ocrx_word' id='word_1_418' title='bbox 1952 723 2032 766; x_wconf 92' lang='lat' dir='ltr'><strong>est</strong></span> <span class='ocrx_word' id='word_1_419' title='bbox 2085 715 2263 768; x_wconf 87' lang='lat' dir='ltr'><strong>dicere</strong></span> <span class='ocrx_word' id='word_1_420' title='bbox 2308 731 2321 766; x_wconf 90' lang='lat'><strong>:</strong></span> <span class='ocrx_word' id='word_1_421' title='bbox 2372 713 2524 770; x_wconf 89' lang='lat' dir='ltr'><strong>Sicut</strong></span> <span class='ocrx_word' id='word_1_422' title='bbox 2569 731 2693 770; x_wconf 90' lang='lat' dir='ltr'><strong>cera</strong></span> <span class='ocrx_word' id='word_1_423' title='bbox 2745 716 2812 770; x_wconf 90' lang='lat' dir='ltr'><strong>ad</strong></span> <span class='ocrx_word' id='word_1_424' title='bbox 2864 729 3138 788; x_wconf 87' lang='lat' dir='ltr'><strong>aspectum</strong></span> <span class='ocrx_word' id='word_1_425' title='bbox 3191 720 3330 790; x_wconf 72' lang='lat' dir='ltr'><strong>ignis</strong></span> 
     </span>
    </p>
   </div>
   <div class='ocr_carea' id='block_1_53' title="bbox 1756 805 3334 880">
    <p class='ocr_par' dir='ltr' id='par_1_53' title="bbox 1756 805 3334 880">
     <span class='ocr_line' id='line_1_53' title="bbox 1756 805 3334 880; baseline 0.006 -23"><span class='ocrx_word' id='word_1_426' title='bbox 1756 805 2024 872; x_wconf 86' lang='lat' dir='ltr'><strong>liquescit,</strong></span> <span class='ocrx_word' id='word_1_427' title='bbox 2058 806 2130 859; x_wconf 88' lang='lat' dir='ltr'><strong>ita</strong></span> <span class='ocrx_word' id='word_1_428' title='bbox 2158 818 2210 861; x_wconf 91' lang='lat' dir='ltr'><strong>et</strong></span> <span class='ocrx_word' id='word_1_429' title='bbox 2239 805 2359 860; x_wconf 88' lang='lat' dir='ltr'><strong>ﬁdei</strong></span> <span class='ocrx_word' id='word_1_430' title='bbox 2396 807 2638 864; x_wconf 84' lang='lat' dir='ltr'><strong>doctrina</strong></span> <span class='ocrx_word' id='word_1_431' title='bbox 2667 809 2734 862; x_wconf 88' lang='lat' dir='ltr'><strong>ad</strong></span> <span class='ocrx_word' id='word_1_432' title='bbox 2757 819 3032 880; x_wconf 86' lang='lat' dir='ltr'><strong>aspectum</strong></span> <span class='ocrx_word' id='word_1_433' title='bbox 3065 812 3334 880; x_wconf 86' lang='lat' dir='ltr'><strong>passionis</strong></span> 
     </span>
    </p>
   </div>
   <div class='ocr_carea' id='block_1_54' title="bbox 1758 895 3331 969">
    <p class='ocr_par' dir='ltr' id='par_1_54' title="bbox 1758 895 3331 969">
     <span class='ocr_line' id='line_1_54' title="bbox 1758 895 3331 969; baseline 0.004 -21"><span class='ocrx_word' id='word_1_434' title='bbox 1758 911 1890 950; x_wconf 61' lang='lat' dir='ltr'><strong>mem</strong></span> <span class='ocrx_word' id='word_1_435' title='bbox 1918 895 1969 949; x_wconf 93' lang='lat' dir='ltr'><strong>in</strong></span> <span class='ocrx_word' id='word_1_436' title='bbox 2003 897 2128 966; x_wconf 90' lang='lat' dir='ltr'><strong>ipsis</strong></span> <span class='ocrx_word' id='word_1_437' title='bbox 2160 896 2359 962; x_wconf 91' lang='lat' dir='ltr'><strong>deﬁcit,</strong></span> <span class='ocrx_word' id='word_1_438' title='bbox 2391 905 2445 952; x_wconf 90' lang='lat' dir='ltr'><strong>et</strong></span> <span class='ocrx_word' id='word_1_439' title='bbox 2480 913 2585 952; x_wconf 91' lang='lat' dir='ltr'><strong>non</strong></span> <span class='ocrx_word' id='word_1_440' title='bbox 2615 897 2669 952; x_wconf 91' lang='lat' dir='ltr'><strong>in</strong></span> <span class='ocrx_word' id='word_1_441' title='bbox 2707 901 2912 969; x_wconf 89' lang='lat' dir='ltr'><strong>paucis,</strong></span> <span class='ocrx_word' id='word_1_442' title='bbox 2941 901 3036 956; x_wconf 90' lang='lat' dir='ltr'><strong>sed</strong></span> <span class='ocrx_word' id='word_1_443' title='bbox 3063 901 3125 956; x_wconf 88' lang='lat' dir='ltr'><strong>in</strong></span> <span class='ocrx_word' id='word_1_444' title='bbox 3153 902 3331 956; x_wconf 91' lang='lat' dir='ltr'><strong>omni-</strong></span> 
     </span>
    </p>
   </div>
   <div class='ocr_carea' id='block_1_55' title="bbox 1756 984 3334 1059">
    <p class='ocr_par' dir='ltr' id='par_1_55' title="bbox 1756 984 3334 1059">
     <span class='ocr_line' id='line_1_55' title="bbox 1756 984 3334 1059; baseline 0.004 -21"><span class='ocrx_word' id='word_1_445' title='bbox 1756 984 1856 1038; x_wconf 89' lang='lat' dir='ltr'><strong>bus</strong></span> <span class='ocrx_word' id='word_1_446' title='bbox 1883 986 2258 1040; x_wconf 86' lang='lat' dir='ltr'><strong>communiter.</strong></span> <span class='ocrx_word' id='word_1_447' title='bbox 2285 985 2350 1040; x_wconf 88' lang='lat' dir='ltr'><strong>Et</strong></span> <span class='ocrx_word' id='word_1_448' title='bbox 2381 986 2502 1041; x_wconf 91' lang='lat' dir='ltr'><strong>ideo</strong></span> <span class='ocrx_word' id='word_1_449' title='bbox 2527 1004 2617 1041; x_wconf 85' lang='lat' dir='ltr'><strong>cor</strong></span> <span class='ocrx_word' id='word_1_450' title='bbox 2657 1005 2825 1042; x_wconf 89' lang='lat' dir='ltr'><strong>meum</strong></span> <span class='ocrx_word' id='word_1_451' title='bbox 2869 989 3066 1059; x_wconf 78' lang='lat' dir='ltr'><strong>factum</strong></span> <span class='ocrx_word' id='word_1_452' title='bbox 3103 1001 3178 1044; x_wconf 81' lang='lat' dir='ltr'><strong>est</strong></span> <span class='ocrx_word' id='word_1_453' title='bbox 3215 1000 3334 1044; x_wconf 82' lang='lat' dir='ltr'><strong>tau-</strong></span> 
     </span>
    </p>
   </div>
   <div class='ocr_carea' id='block_1_56' title="bbox 1755 1077 3333 1148">
    <p class='ocr_par' dir='ltr' id='par_1_56' title="bbox 1755 1077 3333 1148">
     <span class='ocr_line' id='line_1_56' title="bbox 1755 1077 3333 1148; baseline 0.003 -19"><span class='ocrx_word' id='word_1_454' title='bbox 1755 1092 1912 1146; x_wconf 84' lang='lat' dir='ltr'><strong>quam</strong></span> <span class='ocrx_word' id='word_1_455' title='bbox 1935 1093 2051 1130; x_wconf 87' lang='lat' dir='ltr'><strong>cera</strong></span> <span class='ocrx_word' id='word_1_456' title='bbox 2081 1077 2405 1148; x_wconf 84' lang='lat' dir='ltr'><strong>liquescens;</strong></span> <span class='ocrx_word' id='word_1_457' title='bbox 2432 1079 2557 1148; x_wconf 88' lang='lat' dir='ltr'><strong>quia</strong></span> <span class='ocrx_word' id='word_1_458' title='bbox 2607 1079 2658 1132; x_wconf 90' lang='lat' dir='ltr'><strong>in</strong></span> <span class='ocrx_word' id='word_1_459' title='bbox 2697 1080 2777 1134; x_wconf 87' lang='lat' dir='ltr'><strong>eis</strong></span> <span class='ocrx_word' id='word_1_460' title='bbox 2807 1081 2946 1133; x_wconf 81' lang='lat' dir='ltr'><strong>aruit</strong></span> <span class='ocrx_word' id='word_1_461' title='bbox 2987 1081 3152 1134; x_wconf 80' lang='lat' dir='ltr'><strong>uirtus</strong></span> <span class='ocrx_word' id='word_1_462' title='bbox 3195 1096 3333 1145; x_wconf 85' lang='lat' dir='ltr'><strong>mea,</strong></span> 
     </span>
    </p>
   </div>
   <div class='ocr_carea' id='block_1_57' title="bbox 1758 1167 3335 1238">
    <p class='ocr_par' dir='ltr' id='par_1_57' title="bbox 1758 1167 3335 1238">
     <span class='ocr_line' id='line_1_57' title="bbox 1758 1167 3335 1238; baseline 0.004 -20"><span class='ocrx_word' id='word_1_463' title='bbox 1758 1182 1878 1236; x_wconf 79' lang='lat' dir='ltr'><strong>quae</strong></span> <span class='ocrx_word' id='word_1_464' title='bbox 1905 1168 2053 1238; x_wconf 91' lang='lat' dir='ltr'><strong>prius</strong></span> <span class='ocrx_word' id='word_1_465' title='bbox 2083 1167 2263 1223; x_wconf 87' lang='lat' dir='ltr'><strong>ﬂoruit</strong></span> <span class='ocrx_word' id='word_1_466' title='bbox 2287 1169 2340 1222; x_wconf 93' lang='lat' dir='ltr'><strong>in</strong></span> <span class='ocrx_word' id='word_1_467' title='bbox 2371 1169 2665 1233; x_wconf 86' lang='lat' dir='ltr'><strong>miraculis,</strong></span> <span class='ocrx_word' id='word_1_468' title='bbox 2695 1170 2744 1222; x_wconf 91' lang='lat' dir='ltr'><strong>id</strong></span> <span class='ocrx_word' id='word_1_469' title='bbox 2779 1178 2883 1234; x_wconf 88' lang='lat' dir='ltr'><strong>cst,</strong></span> <span class='ocrx_word' id='word_1_470' title='bbox 2915 1171 3178 1225; x_wconf 84' lang='lat' dir='ltr'><strong>defecisse</strong></span> <span class='ocrx_word' id='word_1_471' title='bbox 3223 1171 3335 1224; x_wconf 79' lang='lat' dir='ltr'><strong>visa</strong></span> 
     </span>
    </p>
   </div>
   <div class='ocr_carea' id='block_1_58' title="bbox 1759 1261 3338 1332">
    <p class='ocr_par' dir='ltr' id='par_1_58' title="bbox 1759 1261 3338 1332">
     <span class='ocr_line' id='line_1_58' title="bbox 1759 1261 3338 1332; baseline -0.001 -17"><span class='ocrx_word' id='word_1_472' title='bbox 1759 1267 1844 1315; x_wconf 86' lang='lat' dir='ltr'><strong>est</strong></span> <span class='ocrx_word' id='word_1_473' title='bbox 1885 1261 2124 1329; x_wconf 89' lang='lat' dir='ltr'><strong>potentia</strong></span> <span class='ocrx_word' id='word_1_474' title='bbox 2177 1275 2314 1322; x_wconf 88' lang='lat' dir='ltr'><strong>mea,</strong></span> <span class='ocrx_word' id='word_1_475' title='bbox 2365 1261 2572 1332; x_wconf 78' lang='lat' dir='ltr'><strong>fragilis</strong></span> <span class='ocrx_word' id='word_1_476' title='bbox 2603 1270 2849 1331; x_wconf 88' lang='lat' dir='ltr'><strong>repntata</strong></span> <span class='ocrx_word' id='word_1_477' title='bbox 2876 1263 2943 1317; x_wconf 88' lang='lat' dir='ltr'><strong>ab</strong></span> <span class='ocrx_word' id='word_1_478' title='bbox 2972 1263 3052 1316; x_wconf 90' lang='lat' dir='ltr'><strong>eis</strong></span> <span class='ocrx_word' id='word_1_479' title='bbox 3088 1272 3338 1332; x_wconf 63' lang='lat' dir='ltr'><strong>(linquam</strong></span> 
     </span>
    </p>
   </div>
   <div class='ocr_carea' id='block_1_59' title="bbox 1760 1351 3333 1423">
    <p class='ocr_par' dir='ltr' id='par_1_59' title="bbox 1760 1351 3333 1423">
     <span class='ocr_line' id='line_1_59' title="bbox 1760 1351 3333 1423; baseline 0.001 -19"><span class='ocrx_word' id='word_1_480' title='bbox 1760 1361 1912 1415; x_wconf 84' lang='lat' dir='ltr'><strong>testa,</strong></span> <span class='ocrx_word' id='word_1_481' title='bbox 1941 1367 2058 1421; x_wconf 67' lang='lat' dir='ltr'><strong>quae</strong></span> <span class='ocrx_word' id='word_1_482' title='bbox 2087 1353 2194 1406; x_wconf 91' lang='lat' dir='ltr'><strong>cito</strong></span> <span class='ocrx_word' id='word_1_483' title='bbox 2219 1351 2390 1423; x_wconf 81' lang='lat' dir='ltr'><strong>frangi</strong></span> <span class='ocrx_word' id='word_1_484' title='bbox 2417 1362 2611 1422; x_wconf 90' lang='lat' dir='ltr'><strong>potest.</strong></span> <span class='ocrx_word' id='word_1_485' title='bbox 2645 1352 2796 1408; x_wconf 85' lang='lat' dir='ltr'><strong>Unde</strong></span> <span class='ocrx_word' id='word_1_486' title='bbox 2824 1363 2879 1408; x_wconf 88' lang='lat' dir='ltr'><strong>et</strong></span> <span class='ocrx_word' id='word_1_487' title='bbox 2905 1353 3002 1423; x_wconf 91' lang='lat' dir='ltr'><strong>ipsi</strong></span> <span class='ocrx_word' id='word_1_488' title='bbox 3040 1353 3290 1407; x_wconf 76' lang='lat' dir='ltr'><strong>dixerunt</strong></span> <span class='ocrx_word' id='word_1_489' title='bbox 3319 1372 3333 1407; x_wconf 91' lang='lat'>:</span> 
     </span>
    </p>
   </div>
   <div class='ocr_carea' id='block_1_60' title="bbox 1767 1438 3339 1515">
    <p class='ocr_par' dir='ltr' id='par_1_60' title="bbox 1767 1438 3339 1515">
     <span class='ocr_line' id='line_1_60' title="bbox 1767 1438 3339 1515; baseline 0.002 -20"><span class='ocrx_word' id='word_1_490' title='bbox 1767 1461 1786 1495; x_wconf 83' lang='grc' dir='ltr'><strong>ι</strong></span> <span class='ocrx_word' id='word_1_491' title='bbox 1830 1443 1937 1500; x_wconf 85' lang='lat' dir='ltr'><strong>Nos</strong></span> <span class='ocrx_word' id='word_1_492' title='bbox 1963 1446 2313 1515; x_wconf 84' lang='lat' dir='ltr'><strong>sperabamus</strong></span> <span class='ocrx_word' id='word_1_493' title='bbox 2339 1446 2479 1514; x_wconf 89' lang='lat' dir='ltr'><strong>quod</strong></span> <span class='ocrx_word' id='word_1_494' title='bbox 2504 1445 2591 1501; x_wconf 90' lang='lat' dir='ltr'><strong>bic</strong></span> <span class='ocrx_word' id='word_1_495' title='bbox 2614 1446 2989 1515; x_wconf 86' lang='lat' dir='ltr'><strong>redempturus</strong></span> <span class='ocrx_word' id='word_1_496' title='bbox 3003 1455 3143 1500; x_wconf 89' lang='lat' dir='ltr'><strong>esset</strong></span> <span class='ocrx_word' id='word_1_497' title='bbox 3172 1438 3339 1499; x_wconf 83' lang='lat' dir='ltr'><strong>Israel</strong></span> 
     </span>
    </p>
   </div>
   <div class='ocr_carea' id='block_1_61' title="bbox 1763 1525 3338 1604">
    <p class='ocr_par' dir='ltr' id='par_1_61' title="bbox 1763 1525 3338 1604">
     <span class='ocr_line' id='line_1_61' title="bbox 1763 1525 3338 1604; baseline -0.001 -17"><span class='ocrx_word' id='word_1_498' title='bbox 1763 1534 1913 1604; x_wconf 89' lang='lat' dir='ltr'><strong>(Luc.</strong></span> <span class='ocrx_word' id='word_1_499' title='bbox 1939 1551 2084 1599; x_wconf 75' lang='lat' dir='ltr'><strong>xxiv,</strong></span> <span class='ocrx_word' id='word_1_500' title='bbox 2108 1534 2222 1604; x_wconf 75' lang='lat'><strong>21).</strong></span> <span class='ocrx_word' id='word_1_501' title='bbox 2247 1554 2264 1586; x_wconf 77' lang='grc' dir='ltr'><strong>ι</strong></span> <span class='ocrx_word' id='word_1_502' title='bbox 2300 1535 2366 1589; x_wconf 85' lang='grc' dir='ltr'>Ει</span> <span class='ocrx_word' id='word_1_503' title='bbox 2393 1535 2510 1590; x_wconf 89' lang='lat' dir='ltr'><strong>ideo</strong></span> <span class='ocrx_word' id='word_1_504' title='bbox 2529 1536 2667 1588; x_wconf 82' lang='lat' dir='ltr'><strong>aruit</strong></span> <span class='ocrx_word' id='word_1_505' title='bbox 2691 1536 2742 1589; x_wconf 93' lang='lat' dir='ltr'><strong>in</strong></span> <span class='ocrx_word' id='word_1_506' title='bbox 2759 1535 2839 1591; x_wconf 91' lang='lat' dir='ltr'><strong>eis</strong></span> <span class='ocrx_word' id='word_1_507' title='bbox 2861 1525 3018 1590; x_wconf 74' lang='lat' dir='ltr'><strong>virtus</strong></span> <span class='ocrx_word' id='word_1_508' title='bbox 3039 1551 3188 1598; x_wconf 88' lang='lat' dir='ltr'><strong>mea;</strong></span> <span class='ocrx_word' id='word_1_509' title='bbox 3215 1533 3338 1602; x_wconf 87' lang='lat' dir='ltr'><strong>quia</strong></span> 
     </span>
    </p>
   </div>
   <div class='ocr_carea' id='block_1_62' title="bbox 1763 1625 3339 1697">
    <p class='ocr_par' dir='ltr' id='par_1_62' title="bbox 1763 1625 3339 1697">
     <span class='ocr_line' id='line_1_62' title="bbox 1763 1625 3339 1697; baseline -0.001 -19"><span class='ocrx_word' id='word_1_510' title='bbox 1763 1625 1941 1696; x_wconf 79' lang='lat' dir='ltr'><strong>lingua</strong></span> <span class='ocrx_word' id='word_1_511' title='bbox 1973 1642 2086 1679; x_wconf 86' lang='lat' dir='ltr'><strong>mea</strong></span> <span class='ocrx_word' id='word_1_512' title='bbox 2109 1626 2327 1680; x_wconf 72' lang='lat' dir='ltr'><strong>adha’sit</strong></span> <span class='ocrx_word' id='word_1_513' title='bbox 2348 1626 2590 1695; x_wconf 78' lang='lat' dir='ltr'><strong>faucibus</strong></span> <span class='ocrx_word' id='word_1_514' title='bbox 2631 1627 2754 1681; x_wconf 85' lang='lat' dir='ltr'><strong>meis</strong></span> <span class='ocrx_word' id='word_1_515' title='bbox 2779 1641 2835 1680; x_wconf 89' lang='grc' dir='ltr'><strong>ιιι</strong></span> <span class='ocrx_word' id='word_1_516' title='bbox 2865 1643 2970 1682; x_wconf 90' lang='lat' dir='ltr'><strong>non</strong></span> <span class='ocrx_word' id='word_1_517' title='bbox 3004 1627 3339 1697; x_wconf 85' lang='lat' dir='ltr'><strong>loqueretur,</strong></span> 
     </span>
    </p>
   </div>
   <div class='ocr_carea' id='block_1_63' title="bbox 1766 1715 3339 1785">
    <p class='ocr_par' dir='ltr' id='par_1_63' title="bbox 1766 1715 3339 1785">
     <span class='ocr_line' id='line_1_63' title="bbox 1766 1715 3339 1785; baseline 0.001 -16"><span class='ocrx_word' id='word_1_518' title='bbox 1766 1715 1816 1769; x_wconf 91' lang='lat' dir='ltr'><strong>id</strong></span> <span class='ocrx_word' id='word_1_519' title='bbox 1842 1727 1942 1780; x_wconf 84' lang='lat' dir='ltr'><strong>est,</strong></span> <span class='ocrx_word' id='word_1_520' title='bbox 1975 1718 2099 1785; x_wconf 82' lang='lat' dir='ltr'><strong>quia</strong></span> <span class='ocrx_word' id='word_1_521' title='bbox 2132 1717 2380 1772; x_wconf 86' lang='lat' dir='ltr'><strong>viderunt</strong></span> <span class='ocrx_word' id='word_1_522' title='bbox 2409 1732 2494 1772; x_wconf 91' lang='lat' dir='ltr'><strong>me</strong></span> <span class='ocrx_word' id='word_1_523' title='bbox 2531 1726 2796 1772; x_wconf 90' lang='lat' dir='ltr'><strong>tacentem</strong></span> <span class='ocrx_word' id='word_1_524' title='bbox 2831 1726 2887 1772; x_wconf 92' lang='lat' dir='ltr'><strong>ut</strong></span> <span class='ocrx_word' id='word_1_525' title='bbox 2924 1732 3094 1772; x_wconf 87' lang='lat' dir='ltr'><strong>reum.</strong></span> <span class='ocrx_word' id='word_1_526' title='bbox 3127 1717 3191 1769; x_wconf 82' lang='lat' dir='ltr'><strong>Et</strong></span> <span class='ocrx_word' id='word_1_527' title='bbox 3219 1715 3339 1771; x_wconf 90' lang='lat' dir='ltr'><strong>ideo</strong></span> 
     </span>
    </p>
   </div>
   <div class='ocr_carea' id='block_1_64' title="bbox 1766 1807 3339 1879">
    <p class='ocr_par' dir='ltr' id='par_1_64' title="bbox 1766 1807 3339 1879">
     <span class='ocr_line' id='line_1_64' title="bbox 1766 1807 3339 1879; baseline 0.001 -20"><span class='ocrx_word' id='word_1_528' title='bbox 1766 1807 1941 1862; x_wconf 83' lang='lat' dir='ltr'><strong>adhuc</strong></span> <span class='ocrx_word' id='word_1_529' title='bbox 1972 1808 2097 1878; x_wconf 82' lang='lat' dir='ltr'><strong>quia</strong></span> <span class='ocrx_word' id='word_1_530' title='bbox 2121 1808 2386 1862; x_wconf 71' lang='lat' dir='ltr'><strong>deduxisti</strong></span> <span class='ocrx_word' id='word_1_531' title='bbox 2421 1826 2502 1862; x_wconf 80' lang='lat' dir='ltr'><strong>nte</strong></span> <span class='ocrx_word' id='word_1_532' title='bbox 2524 1810 2576 1862; x_wconf 84' lang='lat' dir='ltr'><strong>in</strong></span> <span class='ocrx_word' id='word_1_533' title='bbox 2605 1809 2864 1879; x_wconf 84' lang='lat' dir='ltr'><strong>pulverem</strong></span> <span class='ocrx_word' id='word_1_534' title='bbox 2892 1811 3094 1874; x_wconf 87' lang='lat' dir='ltr'><strong>mortis,</strong></span> <span class='ocrx_word' id='word_1_535' title='bbox 3139 1809 3194 1864; x_wconf 89' lang='lat' dir='ltr'><strong>id</strong></span> <span class='ocrx_word' id='word_1_536' title='bbox 3235 1815 3339 1871; x_wconf 89' lang='grc' dir='ltr'>εει,</span> 
     </span>
    </p>
   </div>
   <div class='ocr_carea' id='block_1_65' title="bbox 1765 1898 3345 1970">
    <p class='ocr_par' dir='ltr' id='par_1_65' title="bbox 1765 1898 3345 1970">
     <span class='ocr_line' id='line_1_65' title="bbox 1765 1898 3345 1970; baseline 0.001 -21"><span class='ocrx_word' id='word_1_537' title='bbox 1765 1898 1889 1966; x_wconf 90' lang='lat' dir='ltr'><strong>quia</strong></span> <span class='ocrx_word' id='word_1_538' title='bbox 1927 1908 2250 1967; x_wconf 82' lang='lat' dir='ltr'><strong>putaverunt</strong></span> <span class='ocrx_word' id='word_1_539' title='bbox 2277 1908 2334 1952; x_wconf 89' lang='grc' dir='ltr'><strong>ιιι</strong></span> <span class='ocrx_word' id='word_1_540' title='bbox 2380 1899 2457 1954; x_wconf 91' lang='lat' dir='ltr'><strong>sic</strong></span> <span class='ocrx_word' id='word_1_541' title='bbox 2488 1915 2572 1953; x_wconf 88' lang='lat' dir='ltr'><strong>me</strong></span> <span class='ocrx_word' id='word_1_542' title='bbox 2600 1899 2937 1970; x_wconf 88' lang='lat' dir='ltr'><strong>permisisses</strong></span> <span class='ocrx_word' id='word_1_543' title='bbox 2965 1899 3085 1954; x_wconf 91' lang='lat' dir='ltr'><strong>duci</strong></span> <span class='ocrx_word' id='word_1_544' title='bbox 3116 1899 3168 1952; x_wconf 89' lang='lat' dir='ltr'><strong>in</strong></span> <span class='ocrx_word' id='word_1_545' title='bbox 3200 1913 3345 1952; x_wconf 83' lang='lat' dir='ltr'><strong>mor-</strong></span> 
     </span>
    </p>
   </div>
   <div class='ocr_carea' id='block_1_66' title="bbox 1770 1987 3370 2061">
    <p class='ocr_par' dir='ltr' id='par_1_66' title="bbox 1770 1987 3370 2061">
     <span class='ocr_line' id='line_1_66' title="bbox 1770 1987 3370 2061; baseline 0.004 -21"><span class='ocrx_word' id='word_1_546' title='bbox 1770 1996 1901 2051; x_wconf 85' lang='lat' dir='ltr'><strong>tem,</strong></span> <span class='ocrx_word' id='word_1_547' title='bbox 1933 1995 1989 2040; x_wconf 88' lang='lat' dir='ltr'><strong>ut</strong></span> <span class='ocrx_word' id='word_1_548' title='bbox 2016 1987 2189 2056; x_wconf 79' lang='lat' dir='ltr'><strong>pulvis</strong></span> <span class='ocrx_word' id='word_1_549' title='bbox 2214 1987 2456 2044; x_wconf 82' lang='lat' dir='ltr'><strong>eﬁiccrcr</strong></span> <span class='ocrx_word' id='word_1_550' title='bbox 2485 1989 2626 2044; x_wconf 89' lang='lat' dir='ltr'><strong>sicut</strong></span> <span class='ocrx_word' id='word_1_551' title='bbox 2655 1989 2745 2043; x_wconf 86' lang='lat' dir='ltr'><strong>alii</strong></span> <span class='ocrx_word' id='word_1_552' title='bbox 2773 1990 2990 2043; x_wconf 89' lang='lat' dir='ltr'><strong>mortui.</strong></span> <span class='ocrx_word' id='word_1_553' title='bbox 3020 1989 3085 2043; x_wconf 86' lang='lat' dir='ltr'><strong>Et</strong></span> <span class='ocrx_word' id='word_1_554' title='bbox 3118 1990 3238 2061; x_wconf 85' lang='lat' dir='ltr'><strong>ideo</strong></span> <span class='ocrx_word' id='word_1_555' title='bbox 3265 1990 3370 2047; x_wconf 87' lang='lat' dir='ltr'><strong>vi-.</strong></span> 
     </span>
    </p>
   </div>
   <div class='ocr_carea' id='block_1_67' title="bbox 1768 2078 3342 2149">
    <p class='ocr_par' dir='ltr' id='par_1_67' title="bbox 1768 2078 3342 2149">
     <span class='ocr_line' id='line_1_67' title="bbox 1768 2078 3342 2149; baseline -0.001 -17"><span class='ocrx_word' id='word_1_556' title='bbox 1768 2094 1859 2133; x_wconf 88' lang='lat' dir='ltr'><strong>sus</strong></span> <span class='ocrx_word' id='word_1_557' title='bbox 1885 2093 2004 2132; x_wconf 89' lang='lat' dir='ltr'><strong>sum</strong></span> <span class='ocrx_word' id='word_1_558' title='bbox 2039 2078 2298 2133; x_wconf 88' lang='lat' dir='ltr'><strong>deductus</strong></span> <span class='ocrx_word' id='word_1_559' title='bbox 2320 2080 2374 2132; x_wconf 86' lang='lat' dir='ltr'><strong>in</strong></span> <span class='ocrx_word' id='word_1_560' title='bbox 2404 2079 2664 2149; x_wconf 77' lang='lat' dir='ltr'><strong>pulverem</strong></span> <span class='ocrx_word' id='word_1_561' title='bbox 2688 2080 2909 2143; x_wconf 86' lang='lat' dir='ltr'><strong>mortis;</strong></span> <span class='ocrx_word' id='word_1_562' title='bbox 2941 2080 3196 2148; x_wconf 84' lang='lat' dir='ltr'><strong>quoniam</strong></span> <span class='ocrx_word' id='word_1_563' title='bbox 3227 2087 3342 2132; x_wconf 82' lang='lat' dir='ltr'><strong>tur-</strong></span> 
     </span>
    </p>
   </div>
   <div class='ocr_carea' id='block_1_68' title="bbox 1769 2167 3346 2238">
    <p class='ocr_par' dir='ltr' id='par_1_68' title="bbox 1769 2167 3346 2238">
     <span class='ocr_line' id='line_1_68' title="bbox 1769 2167 3346 2238; baseline 0.001 -18"><span class='ocrx_word' id='word_1_564' title='bbox 1769 2167 1990 2236; x_wconf 87' lang='lat' dir='ltr'><strong>pissima</strong></span> <span class='ocrx_word' id='word_1_565' title='bbox 2042 2177 2215 2222; x_wconf 89' lang='lat' dir='ltr'><strong>morte</strong></span> <span class='ocrx_word' id='word_1_566' title='bbox 2257 2169 2647 2224; x_wconf 87' lang='lat' dir='ltr'><strong>condemnatus</strong></span> <span class='ocrx_word' id='word_1_567' title='bbox 2691 2183 2830 2224; x_wconf 90' lang='lat' dir='ltr'><strong>sum.</strong></span> <span class='ocrx_word' id='word_1_568' title='bbox 2868 2167 2932 2222; x_wconf 86' lang='lat' dir='ltr'><strong>Et</strong></span> <span class='ocrx_word' id='word_1_569' title='bbox 2977 2169 3196 2238; x_wconf 69' lang='lat' dir='ltr'><strong>exponit</strong></span> <span class='ocrx_word' id='word_1_570' title='bbox 3237 2182 3346 2238; x_wconf 83' lang='lat' dir='ltr'><strong>qua</strong></span> 
     </span>
    </p>
   </div>
   <div class='ocr_carea' id='block_1_69' title="bbox 1770 2265 2618 2310">
    <p class='ocr_par' dir='ltr' id='par_1_69' title="bbox 1770 2265 2618 2310">
     <span class='ocr_line' id='line_1_69' title="bbox 1770 2265 2618 2310; baseline 0.001 -1"><span class='ocrx_word' id='word_1_571' title='bbox 1770 2265 1962 2310; x_wconf 87' lang='lat' dir='ltr'><strong>morte.</strong></span> <span class='ocrx_word' id='word_1_572' title='bbox 2615 2279 2618 2282; x_wconf 86' lang='grc'><strong>’</strong></span> 
     </span>
    </p>
   </div>
   <div class='ocr_carea' id='block_1_70' title="bbox 1794 2346 3347 2420">
    <p class='ocr_par' dir='ltr' id='par_1_70' title="bbox 1794 2346 3347 2420">
     <span class='ocr_line' id='line_1_70' title="bbox 1794 2346 3347 2420; baseline 0.001 -21"><span class='ocrx_word' id='word_1_573' title='bbox 1794 2357 1796 2360; x_wconf 77' lang='lat'><strong><em>&#39;</em></strong></span> <span class='ocrx_word' id='word_1_574' title='bbox 1843 2346 2103 2411; x_wconf 82' lang='lat' dir='ltr'><strong>Quoniam</strong></span> <span class='ocrx_word' id='word_1_575' title='bbox 2157 2348 2611 2402; x_wconf 84' lang='lat' dir='ltr'><strong>circumdederunt</strong></span> <span class='ocrx_word' id='word_1_576' title='bbox 2645 2364 2725 2402; x_wconf 91' lang='lat' dir='ltr'><strong>me</strong></span> <span class='ocrx_word' id='word_1_577' title='bbox 2771 2357 2831 2401; x_wconf 89' lang='lat' dir='ltr'><strong>ut</strong></span> <span class='ocrx_word' id='word_1_578' title='bbox 2874 2356 3130 2420; x_wconf 89' lang='lat' dir='ltr'><strong>caperent</strong></span> <span class='ocrx_word' id='word_1_579' title='bbox 3171 2363 3347 2409; x_wconf 79' lang='lat' dir='ltr'><strong>canes,</strong></span> 
     </span>
    </p>
   </div>
   <div class='ocr_carea' id='block_1_71' title="bbox 1707 2435 3350 2504">
    <p class='ocr_par' dir='ltr' id='par_1_71' title="bbox 1707 2435 3350 2504">
     <span class='ocr_line' id='line_1_71' title="bbox 1707 2435 3350 2504; baseline -0.001 -12"><span class='ocrx_word' id='word_1_580' title='bbox 1707 2487 1710 2492; x_wconf 91' lang='lat'><strong>.</strong></span> <span class='ocrx_word' id='word_1_581' title='bbox 1773 2435 1826 2490; x_wconf 89' lang='lat' dir='ltr'><strong>id</strong></span> <span class='ocrx_word' id='word_1_582' title='bbox 1870 2448 1952 2491; x_wconf 92' lang='lat' dir='ltr'><strong>est</strong></span> <span class='ocrx_word' id='word_1_583' title='bbox 1981 2437 2214 2493; x_wconf 85' lang='lat' dir='ltr'><strong>ministri</strong></span> <span class='ocrx_word' id='word_1_584' title='bbox 2270 2438 2444 2504; x_wconf 81' lang='lat' dir='ltr'><strong>multi,</strong></span> <span class='ocrx_word' id='word_1_585' title='bbox 2492 2437 2942 2493; x_wconf 82' lang='lat' dir='ltr'><strong>irrationabiliter</strong></span> <span class='ocrx_word' id='word_1_586' title='bbox 2988 2439 3159 2493; x_wconf 91' lang='lat' dir='ltr'><strong>inme</strong></span> <span class='ocrx_word' id='word_1_587' title='bbox 3200 2436 3350 2492; x_wconf 88' lang='lat' dir='ltr'><strong>obla-</strong></span> 
     </span>
    </p>
   </div>
   <div class='ocr_carea' id='block_1_72' title="bbox 1774 2527 3348 2598">
    <p class='ocr_par' dir='ltr' id='par_1_72' title="bbox 1774 2527 3348 2598">
     <span class='ocr_line' id='line_1_72' title="bbox 1774 2527 3348 2598; baseline -0.001 -17"><span class='ocrx_word' id='word_1_588' title='bbox 1774 2536 2017 2584; x_wconf 87' lang='lat' dir='ltr'><strong>trantes:</strong></span> <span class='ocrx_word' id='word_1_589' title='bbox 2048 2529 2138 2598; x_wconf 92' lang='lat' dir='ltr'><strong>qui</strong></span> <span class='ocrx_word' id='word_1_590' title='bbox 2166 2530 2230 2584; x_wconf 90' lang='lat' dir='ltr'><strong>ad</strong></span> <span class='ocrx_word' id='word_1_591' title='bbox 2270 2545 2456 2584; x_wconf 90' lang='lat' dir='ltr'><strong>corum</strong></span> <span class='ocrx_word' id='word_1_592' title='bbox 2497 2529 2724 2582; x_wconf 88' lang='lat' dir='ltr'><strong>salutem</strong></span> <span class='ocrx_word' id='word_1_593' title='bbox 2758 2529 3036 2591; x_wconf 86' lang='lat' dir='ltr'><strong>veneram,</strong></span> <span class='ocrx_word' id='word_1_594' title='bbox 3081 2527 3222 2582; x_wconf 90' lang='lat' dir='ltr'><strong>sicut</strong></span> <span class='ocrx_word' id='word_1_595' title='bbox 3255 2541 3348 2580; x_wconf 85' lang='lat' dir='ltr'><strong>ca-</strong></span> 
     </span>
    </p>
   </div>
   <div class='ocr_carea' id='block_1_73' title="bbox 1773 2617 3350 2689">
    <p class='ocr_par' dir='ltr' id='par_1_73' title="bbox 1773 2617 3350 2689">
     <span class='ocr_line' id='line_1_73' title="bbox 1773 2617 3350 2689; baseline -0.003 -17"><span class='ocrx_word' id='word_1_596' title='bbox 1773 2633 1870 2673; x_wconf 89' lang='lat' dir='ltr'><strong>nes</strong></span> <span class='ocrx_word' id='word_1_597' title='bbox 1899 2634 2040 2689; x_wconf 70' lang='lat' dir='ltr'><strong>saepe</strong></span> <span class='ocrx_word' id='word_1_598' title='bbox 2067 2619 2167 2674; x_wconf 90' lang='lat' dir='ltr'><strong>sibi</strong></span> <span class='ocrx_word' id='word_1_599' title='bbox 2195 2619 2578 2673; x_wconf 79' lang='lat' dir='ltr'><strong>auxiliantibus</strong></span> <span class='ocrx_word' id='word_1_600' title='bbox 2607 2617 2898 2672; x_wconf 89' lang='lat' dir='ltr'><strong>oblatrant.</strong></span> <span class='ocrx_word' id='word_1_601' title='bbox 2928 2617 2996 2671; x_wconf 86' lang='lat' dir='ltr'><strong>Et</strong></span> <span class='ocrx_word' id='word_1_602' title='bbox 3017 2632 3101 2671; x_wconf 89' lang='lat' dir='ltr'><strong>me</strong></span> <span class='ocrx_word' id='word_1_603' title='bbox 3127 2625 3350 2685; x_wconf 89' lang='lat' dir='ltr'><strong>captum</strong></span> 
     </span>
    </p>
   </div>
   <div class='ocr_carea' id='block_1_74' title="bbox 1773 2705 3344 2780">
    <p class='ocr_par' dir='ltr' id='par_1_74' title="bbox 1773 2705 3344 2780">
     <span class='ocr_line' id='line_1_74' title="bbox 1773 2705 3344 2780; baseline -0.001 -16"><span class='ocrx_word' id='word_1_604' title='bbox 1773 2710 2049 2764; x_wconf 84' lang='lat' dir='ltr'><strong>concilium</strong></span> <span class='ocrx_word' id='word_1_605' title='bbox 2077 2710 2498 2780; x_wconf 78' lang='lat' dir='ltr'><strong>ntalignantium,</strong></span> <span class='ocrx_word' id='word_1_606' title='bbox 2530 2709 2580 2762; x_wconf 91' lang='lat' dir='ltr'><strong>id</strong></span> <span class='ocrx_word' id='word_1_607' title='bbox 2607 2718 2708 2770; x_wconf 83' lang='lat' dir='ltr'><strong>est,</strong></span> <span class='ocrx_word' id='word_1_608' title='bbox 2757 2707 3058 2778; x_wconf 81' lang='lat' dir='ltr'><strong>principum</strong></span> <span class='ocrx_word' id='word_1_609' title='bbox 3108 2705 3344 2777; x_wconf 83' lang='lat' dir='ltr'><strong>maligne</strong></span> 
     </span>
    </p>
   </div>
   <div class='ocr_carea' id='block_1_75' title="bbox 1778 2795 3342 2870">
    <p class='ocr_par' dir='ltr' id='par_1_75' title="bbox 1778 2795 3342 2870">
     <span class='ocr_line' id='line_1_75' title="bbox 1778 2795 3342 2870; baseline -0.005 -16"><span class='ocrx_word' id='word_1_610' title='bbox 1778 2801 1830 2854; x_wconf 92' lang='lat' dir='ltr'><strong>in</strong></span> <span class='ocrx_word' id='word_1_611' title='bbox 1858 2817 1941 2854; x_wconf 88' lang='lat' dir='ltr'><strong>me</strong></span> <span class='ocrx_word' id='word_1_612' title='bbox 1968 2800 2260 2870; x_wconf 85' lang='lat' dir='ltr'><strong>agentium,</strong></span> <span class='ocrx_word' id='word_1_613' title='bbox 2286 2799 2502 2862; x_wconf 83' lang='lat' dir='ltr'><strong>obsedit,</strong></span> <span class='ocrx_word' id='word_1_614' title='bbox 2530 2798 2581 2850; x_wconf 91' lang='lat' dir='ltr'><strong>id</strong></span> <span class='ocrx_word' id='word_1_615' title='bbox 2609 2805 2692 2853; x_wconf 90' lang='lat' dir='ltr'><strong>est</strong></span> <span class='ocrx_word' id='word_1_616' title='bbox 2711 2795 3137 2851; x_wconf 86' lang='lat' dir='ltr'><strong>circumvallavit</strong></span> <span class='ocrx_word' id='word_1_617' title='bbox 3181 2809 3342 2849; x_wconf 86' lang='lat' dir='ltr'><strong>accu-</strong></span> 
     </span>
    </p>
   </div>
   <div class='ocr_carea' id='block_1_76' title="bbox 1777 2880 3356 2956">
    <p class='ocr_par' dir='ltr' id='par_1_76' title="bbox 1777 2880 3356 2956">
     <span class='ocr_line' id='line_1_76' title="bbox 1777 2880 3356 2956; baseline -0.006 -12"><span class='ocrx_word' id='word_1_618' title='bbox 1777 2889 2075 2944; x_wconf 87' lang='lat' dir='ltr'><strong>sationibus</strong></span> <span class='ocrx_word' id='word_1_619' title='bbox 2107 2902 2174 2942; x_wconf 89' lang='lat' dir='ltr'><strong>ne</strong></span> <span class='ocrx_word' id='word_1_620' title='bbox 2209 2887 2515 2942; x_wconf 88' lang='lat' dir='ltr'><strong>evaderem.</strong></span> <span class='ocrx_word' id='word_1_621' title='bbox 2551 2885 2614 2939; x_wconf 84' lang='lat' dir='ltr'><strong>Et</strong></span> <span class='ocrx_word' id='word_1_622' title='bbox 2648 2897 2834 2956; x_wconf 86' lang='lat' dir='ltr'><strong>postea</strong></span> <span class='ocrx_word' id='word_1_623' title='bbox 2864 2901 2876 2936; x_wconf 94' lang='lat'><strong>:</strong></span> <span class='ocrx_word' id='word_1_624' title='bbox 2923 2880 3194 2936; x_wconf 81' lang='lat' dir='ltr'><strong>Foderuut</strong></span> <span class='ocrx_word' id='word_1_625' title='bbox 3237 2898 3356 2934; x_wconf 82' lang='lat' dir='ltr'><strong>ma-</strong></span> 
     </span>
    </p>
   </div>
   <div class='ocr_carea' id='block_1_77' title="bbox 1777 2974 3352 3049">
    <p class='ocr_par' dir='ltr' id='par_1_77' title="bbox 1777 2974 3352 3049">
     <span class='ocr_line' id='line_1_77' title="bbox 1777 2974 3352 3049; baseline -0.005 -15"><span class='ocrx_word' id='word_1_626' title='bbox 1777 2997 1874 3034; x_wconf 83' lang='lat' dir='ltr'><strong>nus</strong></span> <span class='ocrx_word' id='word_1_627' title='bbox 1896 2997 2034 3033; x_wconf 86' lang='lat' dir='ltr'><strong>meas</strong></span> <span class='ocrx_word' id='word_1_628' title='bbox 2056 2990 2100 3033; x_wconf 92' lang='lat' dir='ltr'><strong>et</strong></span> <span class='ocrx_word' id='word_1_629' title='bbox 2117 2979 2270 3049; x_wconf 84' lang='lat' dir='ltr'><strong>pedes</strong></span> <span class='ocrx_word' id='word_1_630' title='bbox 2293 2995 2428 3032; x_wconf 84' lang='lat' dir='ltr'><strong>meos</strong></span> <span class='ocrx_word' id='word_1_631' title='bbox 2454 2978 2505 3031; x_wconf 93' lang='lat' dir='ltr'><strong>in</strong></span> <span class='ocrx_word' id='word_1_632' title='bbox 2529 2992 2711 3032; x_wconf 83' lang='lat' dir='ltr'><strong>cruce.</strong></span> <span class='ocrx_word' id='word_1_633' title='bbox 2741 2977 2800 3030; x_wconf 86' lang='lat' dir='ltr'><strong>Et</strong></span> <span class='ocrx_word' id='word_1_634' title='bbox 2824 2975 2958 3031; x_wconf 85' lang='lat' dir='ltr'><strong>adeo</strong></span> <span class='ocrx_word' id='word_1_635' title='bbox 2972 2974 3352 3039; x_wconf 76' lang='lat' dir='ltr'><strong>extenderunt,</strong></span> 
     </span>
    </p>
   </div>
   <div class='ocr_carea' id='block_1_78' title="bbox 1779 3066 3356 3143">
    <p class='ocr_par' dir='ltr' id='par_1_78' title="bbox 1779 3066 3356 3143">
     <span class='ocr_line' id='line_1_78' title="bbox 1779 3066 3356 3143; baseline -0.006 -16"><span class='ocrx_word' id='word_1_636' title='bbox 1779 3073 1922 3143; x_wconf 88' lang='lat' dir='ltr'><strong>quod</strong></span> <span class='ocrx_word' id='word_1_637' title='bbox 1944 3073 2398 3124; x_wconf 85' lang='lat' dir='ltr'><strong>dinumeraverunt</strong></span> <span class='ocrx_word' id='word_1_638' title='bbox 2425 3069 2598 3122; x_wconf 86' lang='lat' dir='ltr'><strong>omnia</strong></span> <span class='ocrx_word' id='word_1_639' title='bbox 2625 3084 2742 3121; x_wconf 86' lang='lat' dir='ltr'><strong>ossa</strong></span> <span class='ocrx_word' id='word_1_640' title='bbox 2779 3083 2914 3131; x_wconf 88' lang='lat' dir='ltr'><strong>mea,</strong></span> <span class='ocrx_word' id='word_1_641' title='bbox 2961 3066 3014 3120; x_wconf 85' lang='lat' dir='ltr'><strong>id</strong></span> <span class='ocrx_word' id='word_1_642' title='bbox 3043 3075 3146 3130; x_wconf 90' lang='lat' dir='ltr'><strong>est,</strong></span> <span class='ocrx_word' id='word_1_643' title='bbox 3201 3066 3356 3120; x_wconf 85' lang='lat' dir='ltr'><strong>dinu-</strong></span> 
     </span>
    </p>
   </div>
   <div class='ocr_carea' id='block_1_79' title="bbox 1782 3157 3356 3234">
    <p class='ocr_par' dir='ltr' id='par_1_79' title="bbox 1782 3157 3356 3234">
     <span class='ocr_line' id='line_1_79' title="bbox 1782 3157 3356 3234; baseline -0.006 -14"><span class='ocrx_word' id='word_1_644' title='bbox 1782 3178 2069 3220; x_wconf 89' lang='lat' dir='ltr'><strong>numerare</strong></span> <span class='ocrx_word' id='word_1_645' title='bbox 2097 3171 2404 3234; x_wconf 87' lang='lat' dir='ltr'><strong>potuerunt.</strong></span> <span class='ocrx_word' id='word_1_646' title='bbox 2433 3161 2498 3214; x_wconf 86' lang='lat' dir='ltr'><strong>Et</strong></span> <span class='ocrx_word' id='word_1_647' title='bbox 2522 3161 2624 3214; x_wconf 85' lang='lat' dir='ltr'><strong>ltoc</strong></span> <span class='ocrx_word' id='word_1_648' title='bbox 2644 3157 2847 3214; x_wconf 88' lang='lat' dir='ltr'><strong>scelere</strong></span> <span class='ocrx_word' id='word_1_649' title='bbox 2871 3166 3106 3226; x_wconf 88' lang='lat' dir='ltr'><strong>patrato,</strong></span> <span class='ocrx_word' id='word_1_650' title='bbox 3134 3171 3240 3212; x_wconf 91' lang='lat' dir='ltr'><strong>non</strong></span> <span class='ocrx_word' id='word_1_651' title='bbox 3262 3157 3356 3210; x_wconf 89' lang='lat' dir='ltr'><strong>do-</strong></span> 
     </span>
    </p>
   </div>
   <div class='ocr_carea' id='block_1_80' title="bbox 1781 3247 3358 3322">
    <p class='ocr_par' dir='ltr' id='par_1_80' title="bbox 1781 3247 3358 3322">
     <span class='ocr_line' id='line_1_80' title="bbox 1781 3247 3358 3322; baseline -0.005 -15"><span class='ocrx_word' id='word_1_652' title='bbox 1781 3253 2035 3316; x_wconf 80' lang='lat' dir='ltr'><strong>luerunt;</strong></span> <span class='ocrx_word' id='word_1_653' title='bbox 2069 3254 2160 3308; x_wconf 88' lang='lat' dir='ltr'><strong>sed</strong></span> <span class='ocrx_word' id='word_1_654' title='bbox 2185 3252 2284 3322; x_wconf 91' lang='lat' dir='ltr'><strong>ipsi</strong></span> <span class='ocrx_word' id='word_1_655' title='bbox 2311 3267 2445 3321; x_wconf 88' lang='lat' dir='ltr'><strong>quos</strong></span> <span class='ocrx_word' id='word_1_656' title='bbox 2471 3250 2682 3305; x_wconf 87' lang='lat' dir='ltr'><strong>salvare</strong></span> <span class='ocrx_word' id='word_1_657' title='bbox 2713 3263 2992 3313; x_wconf 90' lang='lat' dir='ltr'><strong>veneram,</strong></span> <span class='ocrx_word' id='word_1_658' title='bbox 3025 3248 3222 3317; x_wconf 76' lang='lat' dir='ltr'><strong>quibus</strong></span> <span class='ocrx_word' id='word_1_659' title='bbox 3253 3247 3358 3300; x_wconf 85' lang='lat' dir='ltr'><strong>mi-</strong></span> 
     </span>
    </p>
   </div>
   <div class='ocr_carea' id='block_1_81' title="bbox 1782 3338 3354 3411">
    <p class='ocr_par' dir='ltr' id='par_1_81' title="bbox 1782 3338 3354 3411">
     <span class='ocr_line' id='line_1_81' title="bbox 1782 3338 3354 3411; baseline -0.006 -11"><span class='ocrx_word' id='word_1_660' title='bbox 1782 3345 1961 3400; x_wconf 88' lang='lat' dir='ltr'><strong>racula</strong></span> <span class='ocrx_word' id='word_1_661' title='bbox 1980 3346 2236 3409; x_wconf 87' lang='lat' dir='ltr'><strong>feceram,</strong></span> <span class='ocrx_word' id='word_1_662' title='bbox 2263 3343 2746 3408; x_wconf 82' lang='lat' dir='ltr'><strong>consideruverunt,</strong></span> <span class='ocrx_word' id='word_1_663' title='bbox 2776 3349 2830 3396; x_wconf 88' lang='lat' dir='ltr'><strong>et</strong></span> <span class='ocrx_word' id='word_1_664' title='bbox 2868 3340 2983 3411; x_wconf 74' lang='lat' dir='ltr'><strong>(pro</strong></span> <span class='ocrx_word' id='word_1_665' title='bbox 3009 3338 3244 3409; x_wconf 80' lang='lat' dir='ltr'><strong>scilicet)</strong></span> <span class='ocrx_word' id='word_1_666' title='bbox 3272 3340 3354 3391; x_wconf 79' lang='lat' dir='ltr'><strong>in—</strong></span> 
     </span>
    </p>
   </div>
   <div class='ocr_carea' id='block_1_82' title="bbox 1779 3428 3356 3504">
    <p class='ocr_par' dir='ltr' id='par_1_82' title="bbox 1779 3428 3356 3504">
     <span class='ocr_line' id='line_1_82' title="bbox 1779 3428 3356 3504; baseline -0.006 -15"><span class='ocrx_word' id='word_1_667' title='bbox 1779 3443 2088 3504; x_wconf 70' lang='lat' dir='ltr'><strong>spexerunt,</strong></span> <span class='ocrx_word' id='word_1_668' title='bbox 2121 3434 2174 3488; x_wconf 94' lang='lat' dir='ltr'><strong>id</strong></span> <span class='ocrx_word' id='word_1_669' title='bbox 2202 3442 2285 3488; x_wconf 91' lang='lat' dir='ltr'><strong>est</strong></span> <span class='ocrx_word' id='word_1_670' title='bbox 2321 3434 2372 3487; x_wconf 92' lang='lat' dir='ltr'><strong>in</strong></span> <span class='ocrx_word' id='word_1_671' title='bbox 2413 3432 2769 3487; x_wconf 88' lang='lat' dir='ltr'><strong>delectatione</strong></span> <span class='ocrx_word' id='word_1_672' title='bbox 2813 3440 3138 3500; x_wconf 77' lang='lat' dir='ltr'><strong>aspexerunt</strong></span> <span class='ocrx_word' id='word_1_673' title='bbox 3185 3445 3270 3483; x_wconf 92' lang='lat' dir='ltr'><strong>me</strong></span> <span class='ocrx_word' id='word_1_674' title='bbox 3304 3428 3356 3482; x_wconf 91' lang='lat' dir='ltr'><strong>in</strong></span> 
     </span>
    </p>
   </div>
   <div class='ocr_carea' id='block_1_83' title="bbox 1781 3519 3359 3594">
    <p class='ocr_par' dir='ltr' id='par_1_83' title="bbox 1781 3519 3359 3594">
     <span class='ocr_line' id='line_1_83' title="bbox 1781 3519 3359 3594; baseline -0.006 -17"><span class='ocrx_word' id='word_1_675' title='bbox 1781 3539 1943 3578; x_wconf 88' lang='lat' dir='ltr'><strong>cruce</strong></span> <span class='ocrx_word' id='word_1_676' title='bbox 1980 3522 2232 3593; x_wconf 89' lang='lat' dir='ltr'><strong>positum.</strong></span> <span class='ocrx_word' id='word_1_677' title='bbox 2261 3521 2326 3575; x_wconf 88' lang='lat' dir='ltr'><strong>Et</strong></span> <span class='ocrx_word' id='word_1_678' title='bbox 2363 3533 2550 3592; x_wconf 87' lang='lat' dir='ltr'><strong>postea</strong></span> <span class='ocrx_word' id='word_1_679' title='bbox 2595 3520 2878 3594; x_wconf 81' lang='lat' dir='ltr'><strong>diviserunt</strong></span> <span class='ocrx_word' id='word_1_680' title='bbox 2926 3519 3022 3572; x_wconf 85' lang='lat' dir='ltr'><strong>sibi</strong></span> <span class='ocrx_word' id='word_1_681' title='bbox 3059 3519 3359 3572; x_wconf 75' lang='lat' dir='ltr'><strong>vestimenta</strong></span> 
     </span>
    </p>
   </div>
   <div class='ocr_carea' id='block_1_84' title="bbox 1781 3609 3356 3683">
    <p class='ocr_par' dir='ltr' id='par_1_84' title="bbox 1781 3609 3356 3683">
     <span class='ocr_line' id='line_1_84' title="bbox 1781 3609 3356 3683; baseline -0.004 -17"><span class='ocrx_word' id='word_1_682' title='bbox 1781 3631 1919 3678; x_wconf 88' lang='lat' dir='ltr'><strong>mea,</strong></span> <span class='ocrx_word' id='word_1_683' title='bbox 1952 3623 1998 3667; x_wconf 89' lang='lat' dir='ltr'><strong>et</strong></span> <span class='ocrx_word' id='word_1_684' title='bbox 2045 3629 2200 3683; x_wconf 84' lang='lat' dir='ltr'><strong>super</strong></span> <span class='ocrx_word' id='word_1_685' title='bbox 2221 3622 2404 3668; x_wconf 87' lang='lat' dir='ltr'><strong>vestem</strong></span> <span class='ocrx_word' id='word_1_686' title='bbox 2451 3627 2642 3676; x_wconf 77' lang='lat' dir='ltr'><strong>nteant,</strong></span> <span class='ocrx_word' id='word_1_687' title='bbox 2690 3625 2809 3680; x_wconf 66' lang='lat' dir='ltr'><strong>quae</strong></span> <span class='ocrx_word' id='word_1_688' title='bbox 2855 3609 3192 3664; x_wconf 86' lang='lat' dir='ltr'><strong>inconsutilis</strong></span> <span class='ocrx_word' id='word_1_689' title='bbox 3216 3615 3356 3669; x_wconf 87' lang='lat' dir='ltr'><strong>erat,</strong></span> 
     </span>
    </p>
   </div>
   <div class='ocr_carea' id='block_1_85' title="bbox 1781 3702 3360 3769">
    <p class='ocr_par' dir='ltr' id='par_1_85' title="bbox 1781 3702 3360 3769">
     <span class='ocr_line' id='line_1_85' title="bbox 1781 3702 3360 3769; baseline -0.003 -9"><span class='ocrx_word' id='word_1_690' title='bbox 1781 3707 2034 3760; x_wconf 85' lang='lat' dir='ltr'><strong>miserunt</strong></span> <span class='ocrx_word' id='word_1_691' title='bbox 2057 3715 2248 3758; x_wconf 84' lang='lat' dir='ltr'><strong>sortem</strong></span> <span class='ocrx_word' id='word_1_692' title='bbox 2270 3705 2353 3759; x_wconf 91' lang='lat' dir='ltr'><strong>cui</strong></span> <span class='ocrx_word' id='word_1_693' title='bbox 2378 3706 2610 3769; x_wconf 83' lang='lat' dir='ltr'><strong>cederet,</strong></span> <span class='ocrx_word' id='word_1_694' title='bbox 2645 3723 2663 3755; x_wconf 84' lang='grc' dir='ltr'><strong>ι</strong></span> <span class='ocrx_word' id='word_1_695' title='bbox 2697 3703 2944 3758; x_wconf 76' lang='lat' dir='ltr'><strong>nolentes</strong></span> <span class='ocrx_word' id='word_1_696' title='bbox 2967 3718 3087 3757; x_wconf 90' lang='lat' dir='ltr'><strong>eam</strong></span> <span class='ocrx_word' id='word_1_697' title='bbox 3113 3702 3360 3756; x_wconf 90' lang='lat' dir='ltr'><strong>scindere</strong></span> 
     </span>
    </p>
   </div>
   <div class='ocr_carea' id='block_1_86' title="bbox 1785 3793 3358 3868">
    <p class='ocr_par' dir='ltr' id='par_1_86' title="bbox 1785 3793 3358 3868">
     <span class='ocr_line' id='line_1_86' title="bbox 1785 3793 3358 3868; baseline -0.003 -18"><span class='ocrx_word' id='word_1_698' title='bbox 1785 3796 1964 3868; x_wconf 82' lang='lat' dir='ltr'><strong>(Joun.</strong></span> <span class='ocrx_word' id='word_1_699' title='bbox 1996 3811 2142 3858; x_wconf 76' lang='lat' dir='ltr'><strong>xm,</strong></span> <span class='ocrx_word' id='word_1_700' title='bbox 2175 3796 2289 3866; x_wconf 67' lang='lat'><strong>24),</strong></span> <span class='ocrx_word' id='word_1_701' title='bbox 2325 3815 2342 3847; x_wconf 76' lang='grc' dir='ltr'><strong>ι</strong></span> <span class='ocrx_word' id='word_1_702' title='bbox 2379 3796 2504 3864; x_wconf 87' lang='lat' dir='ltr'><strong>quia</strong></span> <span class='ocrx_word' id='word_1_703' title='bbox 2546 3796 2780 3864; x_wconf 88' lang='lat' dir='ltr'><strong>pretiosa</strong></span> <span class='ocrx_word' id='word_1_704' title='bbox 2811 3803 2946 3848; x_wconf 87' lang='lat' dir='ltr'><strong>erat.</strong></span> <span class='ocrx_word' id='word_1_705' title='bbox 2979 3794 3034 3848; x_wconf 89' lang='lat' dir='ltr'><strong>In</strong></span> <span class='ocrx_word' id='word_1_706' title='bbox 3088 3793 3358 3848; x_wconf 87' lang='lat' dir='ltr'><strong>divisione</strong></span> 
     </span>
    </p>
   </div>
   <div class='ocr_carea' id='block_1_87' title="bbox 1784 3884 3362 3954">
    <p class='ocr_par' dir='ltr' id='par_1_87' title="bbox 1784 3884 3362 3954">
     <span class='ocr_line' id='line_1_87' title="bbox 1784 3884 3362 3954; baseline 0 -18"><span class='ocrx_word' id='word_1_707' title='bbox 1784 3901 1914 3940; x_wconf 87' lang='lat' dir='ltr'><strong>vero</strong></span> <span class='ocrx_word' id='word_1_708' title='bbox 1947 3887 2408 3951; x_wconf 86' lang='lat' dir='ltr'><strong>vestimentorum,</strong></span> <span class='ocrx_word' id='word_1_709' title='bbox 2427 3901 2616 3940; x_wconf 91' lang='lat' dir='ltr'><strong>eorum</strong></span> <span class='ocrx_word' id='word_1_710' title='bbox 2640 3885 2923 3938; x_wconf 88' lang='lat' dir='ltr'><strong>avaritiam</strong></span> <span class='ocrx_word' id='word_1_711' title='bbox 2947 3884 3204 3952; x_wconf 67' lang='lat' dir='ltr'><strong>ostendit,</strong></span> <span class='ocrx_word' id='word_1_712' title='bbox 3228 3899 3362 3954; x_wconf 74' lang='lat' dir='ltr'><strong>pra:-</strong></span> 
     </span>
    </p>
   </div>
   <div class='ocr_carea' id='block_1_88' title="bbox 1785 3975 3363 4049">
    <p class='ocr_par' dir='ltr' id='par_1_88' title="bbox 1785 3975 3363 4049">
     <span class='ocr_line' id='line_1_88' title="bbox 1785 3975 3363 4049; baseline -0.001 -17"><span class='ocrx_word' id='word_1_713' title='bbox 1785 3979 1970 4033; x_wconf 89' lang='lat' dir='ltr'><strong>dicens</strong></span> <span class='ocrx_word' id='word_1_714' title='bbox 2003 3978 2166 4032; x_wconf 88' lang='lat' dir='ltr'><strong>etiam</strong></span> <span class='ocrx_word' id='word_1_715' title='bbox 2197 3981 2297 4033; x_wconf 83' lang='lat' dir='ltr'><strong>hoc</strong></span> <span class='ocrx_word' id='word_1_716' title='bbox 2330 3980 2642 4049; x_wconf 79' lang='lat' dir='ltr'><strong>prophetico</strong></span> <span class='ocrx_word' id='word_1_717' title='bbox 2671 3979 2736 4032; x_wconf 92' lang='lat' dir='ltr'><strong>ad</strong></span> <span class='ocrx_word' id='word_1_718' title='bbox 2772 3979 3182 4032; x_wconf 84' lang='lat' dir='ltr'><strong>instructionem</strong></span> <span class='ocrx_word' id='word_1_719' title='bbox 3233 3975 3363 4032; x_wconf 86' lang='lat' dir='ltr'><strong>ﬁdei</strong></span> 
     </span>
    </p>
   </div>
   <div class='ocr_carea' id='block_1_89' title="bbox 1785 4067 3362 4139">
    <p class='ocr_par' dir='ltr' id='par_1_89' title="bbox 1785 4067 3362 4139">
     <span class='ocr_line' id='line_1_89' title="bbox 1785 4067 3362 4139; baseline 0 -16"><span class='ocrx_word' id='word_1_720' title='bbox 1785 4085 2178 4124; x_wconf 89' lang='lat' dir='ltr'><strong>successorum.</strong></span> <span class='ocrx_word' id='word_1_721' title='bbox 2231 4071 2410 4124; x_wconf 77' lang='lat' dir='ltr'><strong>Pctest</strong></span> <span class='ocrx_word' id='word_1_722' title='bbox 2447 4071 2611 4125; x_wconf 89' lang='lat' dir='ltr'><strong>etiam</strong></span> <span class='ocrx_word' id='word_1_723' title='bbox 2649 4070 2701 4124; x_wconf 92' lang='lat' dir='ltr'><strong>in</strong></span> <span class='ocrx_word' id='word_1_724' title='bbox 2743 4070 2843 4124; x_wconf 86' lang='lat' dir='ltr'><strong>hoc</strong></span> <span class='ocrx_word' id='word_1_725' title='bbox 2886 4069 3056 4139; x_wconf 81' lang='lat' dir='ltr'><strong>ﬁgura</strong></span> <span class='ocrx_word' id='word_1_726' title='bbox 3093 4067 3362 4123; x_wconf 88' lang='lat' dir='ltr'><strong>denotari.</strong></span> 
     </span>
    </p>
   </div>
   <div class='ocr_carea' id='block_1_90' title="bbox 1793 4160 3361 4230">
    <p class='ocr_par' dir='ltr' id='par_1_90' title="bbox 1793 4160 3361 4230">
     <span class='ocr_line' id='line_1_90' title="bbox 1793 4160 3361 4230; baseline -0.004 -15"><span class='ocrx_word' id='word_1_727' title='bbox 1793 4160 2110 4216; x_wconf 82' lang='lat' dir='ltr'><strong>Vestimenta</strong></span> <span class='ocrx_word' id='word_1_728' title='bbox 2156 4162 2300 4217; x_wconf 88' lang='lat' dir='ltr'><strong>enim</strong></span> <span class='ocrx_word' id='word_1_729' title='bbox 2359 4162 2583 4217; x_wconf 88' lang='lat' dir='ltr'><strong>discissa</strong></span> <span class='ocrx_word' id='word_1_730' title='bbox 2613 4201 2627 4226; x_wconf 92' lang='lat'><strong>,</strong></span> <span class='ocrx_word' id='word_1_731' title='bbox 2677 4161 2986 4230; x_wconf 85' lang='lat' dir='ltr'><strong>Scripturas</strong></span> <span class='ocrx_word' id='word_1_732' title='bbox 3042 4161 3361 4230; x_wconf 88' lang='lat' dir='ltr'><strong>designant,</strong></span> 
     </span>
    </p>
   </div>
   <div class='ocr_carea' id='block_1_91' title="bbox 1786 4253 3360 4324">
    <p class='ocr_par' dir='ltr' id='par_1_91' title="bbox 1786 4253 3360 4324">
     <span class='ocr_line' id='line_1_91' title="bbox 1786 4253 3360 4324; baseline -0.003 -16"><span class='ocrx_word' id='word_1_733' title='bbox 1786 4271 1905 4324; x_wconf 69' lang='lat' dir='ltr'><strong>qum</strong></span> <span class='ocrx_word' id='word_1_734' title='bbox 1931 4257 2253 4322; x_wconf 86' lang='lat' dir='ltr'><strong>vestimenta,</strong></span> <span class='ocrx_word' id='word_1_735' title='bbox 2283 4255 2332 4310; x_wconf 90' lang='lat' dir='ltr'><strong>id</strong></span> <span class='ocrx_word' id='word_1_736' title='bbox 2383 4265 2484 4318; x_wconf 87' lang='lat' dir='ltr'><strong>est,</strong></span> <span class='ocrx_word' id='word_1_737' title='bbox 2535 4256 2868 4308; x_wconf 86' lang='lat' dir='ltr'><strong>munimenta</strong></span> <span class='ocrx_word' id='word_1_738' title='bbox 2911 4253 3166 4307; x_wconf 73' lang='lat' dir='ltr'><strong>Ecclesiae</strong></span> <span class='ocrx_word' id='word_1_739' title='bbox 3212 4258 3360 4316; x_wconf 84' lang='lat' dir='ltr'><strong>sunt,</strong></span> 
     </span>
    </p>
   </div>
   <div class='ocr_carea' id='block_1_92' title="bbox 1786 4340 3365 4416">
    <p class='ocr_par' dir='ltr' id='par_1_92' title="bbox 1786 4340 3365 4416">
     <span class='ocr_line' id='line_1_92' title="bbox 1786 4340 3365 4416; baseline -0.002 -19"><span class='ocrx_word' id='word_1_740' title='bbox 1786 4362 1904 4415; x_wconf 64' lang='lat' dir='ltr'><strong>quae</strong></span> <span class='ocrx_word' id='word_1_741' title='bbox 1935 4345 2024 4400; x_wconf 89' lang='lat' dir='ltr'><strong>Dei</strong></span> <span class='ocrx_word' id='word_1_742' title='bbox 2051 4363 2246 4416; x_wconf 89' lang='lat' dir='ltr'><strong>corpus</strong></span> <span class='ocrx_word' id='word_1_743' title='bbox 2270 4355 2373 4409; x_wconf 89' lang='lat' dir='ltr'><strong>est,</strong></span> <span class='ocrx_word' id='word_1_744' title='bbox 2399 4361 2515 4413; x_wconf 72' lang='lat' dir='ltr'><strong>qute</strong></span> <span class='ocrx_word' id='word_1_745' title='bbox 2541 4346 2608 4398; x_wconf 90' lang='lat' dir='ltr'><strong>ab</strong></span> <span class='ocrx_word' id='word_1_746' title='bbox 2637 4341 2906 4397; x_wconf 79' lang='lat' dir='ltr'><strong>luereticis</strong></span> <span class='ocrx_word' id='word_1_747' title='bbox 2928 4340 3067 4393; x_wconf 79' lang='lat' dir='ltr'><strong>male</strong></span> <span class='ocrx_word' id='word_1_748' title='bbox 3093 4353 3365 4408; x_wconf 81' lang='lat' dir='ltr'><strong>exponen-</strong></span> 
     </span>
    </p>
   </div>
   <div class='ocr_carea' id='block_1_93' title="bbox 161 4413 3361 4511">
    <p class='ocr_par' dir='ltr' id='par_1_93' title="bbox 161 4413 3361 4511">
     <span class='ocr_line' id='line_1_93' title="bbox 161 4413 3361 4511; baseline 0.005 -41"><span class='ocrx_word' id='word_1_749' title='bbox 161 4413 284 4511; x_wconf 56' lang='lat' dir='ltr'><strong>eiiusa</strong></span> <span class='ocrx_word' id='word_1_750' title='bbox 306 4426 507 4481; x_wconf 89' lang='lat' dir='ltr'><strong>ruinam</strong></span> <span class='ocrx_word' id='word_1_751' title='bbox 537 4444 732 4498; x_wconf 87' lang='lat' dir='ltr'><strong>parare</strong></span> <span class='ocrx_word' id='word_1_752' title='bbox 764 4431 938 4496; x_wconf 86' lang='lat' dir='ltr'><strong>solet;</strong></span> <span class='ocrx_word' id='word_1_753' title='bbox 976 4431 1055 4485; x_wconf 88' lang='lat' dir='ltr'><strong>sic</strong></span> <span class='ocrx_word' id='word_1_754' title='bbox 1083 4443 1133 4486; x_wconf 90' lang='lat' dir='ltr'><strong>et</strong></span> <span class='ocrx_word' id='word_1_755' title='bbox 1163 4449 1260 4503; x_wconf 85' lang='lat' dir='ltr'><strong>ego</strong></span> <span class='ocrx_word' id='word_1_756' title='bbox 1290 4433 1491 4489; x_wconf 60' lang='lat' dir='ltr'><strong>elfusus</strong></span> <span class='ocrx_word' id='word_1_757' title='bbox 1521 4437 1681 4490; x_wconf 86' lang='lat' dir='ltr'><strong>ltosli-</strong></span> <span class='ocrx_word' id='word_1_758' title='bbox 1716 4453 1760 4511; x_wconf 74' lang='grc' dir='ltr'>ι)</span> <span class='ocrx_word' id='word_1_759' title='bbox 1789 4413 1854 4492; x_wconf 78' lang='lat' dir='ltr'><strong>do</strong></span> <span class='ocrx_word' id='word_1_760' title='bbox 1877 4413 2214 4501; x_wconf 81' lang='lat' dir='ltr'><strong>scinduntur,</strong></span> <span class='ocrx_word' id='word_1_761' title='bbox 2233 4445 2290 4490; x_wconf 90' lang='grc' dir='ltr'><strong>ιιι</strong></span> <span class='ocrx_word' id='word_1_762' title='bbox 2311 4435 2435 4491; x_wconf 88' lang='lat' dir='ltr'><strong>alibi</strong></span> <span class='ocrx_word' id='word_1_763' title='bbox 2461 4434 2809 4490; x_wconf 71' lang='lat' dir='ltr'><strong>Psalmistau</strong></span> <span class='ocrx_word' id='word_1_764' title='bbox 2837 4431 2966 4498; x_wconf 74' lang='lat' dir='ltr'><strong>Qua:</strong></span> <span class='ocrx_word' id='word_1_765' title='bbox 2990 4442 3040 4484; x_wconf 93' lang='lat' dir='ltr'><strong>tu</strong></span> <span class='ocrx_word' id='word_1_766' title='bbox 3065 4431 3361 4502; x_wconf 85' lang='lat' dir='ltr'><strong>perfecisti,</strong></span> 
     </span>
    </p>
   </div>
   <div class='ocr_carea' id='block_1_94' title="bbox 161 4502 1686 4603">
    <p class='ocr_par' dir='ltr' id='par_1_94' title="bbox 161 4502 1686 4603">
     <span class='ocr_line' id='line_1_94' title="bbox 161 4502 1686 4603; baseline 0.018 -50"><span class='ocrx_word' id='word_1_767' title='bbox 161 4502 233 4603; x_wconf 76' lang='lat' dir='ltr'><strong>bus</strong></span> <span class='ocrx_word' id='word_1_768' title='bbox 256 4514 371 4568; x_wconf 84' lang='lat' dir='ltr'><strong>meis</strong></span> <span class='ocrx_word' id='word_1_769' title='bbox 394 4518 602 4572; x_wconf 87' lang='lat' dir='ltr'><strong>ruinam</strong></span> <span class='ocrx_word' id='word_1_770' title='bbox 627 4520 847 4587; x_wconf 87' lang='lat' dir='ltr'><strong>parabo,</strong></span> <span class='ocrx_word' id='word_1_771' title='bbox 884 4521 934 4574; x_wconf 90' lang='lat' dir='ltr'><strong>id</strong></span> <span class='ocrx_word' id='word_1_772' title='bbox 962 4531 1046 4575; x_wconf 81' lang='lat' dir='ltr'><strong>est</strong></span> <span class='ocrx_word' id='word_1_773' title='bbox 1067 4502 1505 4580; x_wconf 86' lang='lat' dir='ltr'><strong>destructionem.</strong></span> <span class='ocrx_word' id='word_1_774' title='bbox 1536 4525 1686 4580; x_wconf 87' lang='lat' dir='ltr'><strong>Unde</strong></span> 
     </span>
    </p>
   </div>
   <div class='ocr_carea' id='block_1_95' title="bbox 164 4599 1683 4682">
    <p class='ocr_par' dir='ltr' id='par_1_95' title="bbox 164 4599 1683 4682">
     <span class='ocr_line' id='line_1_95' title="bbox 164 4599 1683 4682; baseline 0.016 -33"><span class='ocrx_word' id='word_1_775' title='bbox 164 4599 202 4649; x_wconf 87' lang='lat' dir='ltr'><strong>in</strong></span> <span class='ocrx_word' id='word_1_776' title='bbox 225 4599 479 4676; x_wconf 79' lang='lat' dir='ltr'><strong>Evangelia</strong></span> <span class='ocrx_word' id='word_1_777' title='bbox 504 4624 518 4662; x_wconf 90' lang='lat'><strong>:</strong></span> <span class='ocrx_word' id='word_1_778' title='bbox 557 4629 576 4661; x_wconf 75' lang='grc' dir='ltr'><strong>ι</strong></span> <span class='ocrx_word' id='word_1_779' title='bbox 611 4611 748 4665; x_wconf 82' lang='lat' dir='ltr'><strong>Ecce</strong></span> <span class='ocrx_word' id='word_1_780' title='bbox 775 4614 982 4680; x_wconf 79' lang='lat' dir='ltr'><strong>positus</strong></span> <span class='ocrx_word' id='word_1_781' title='bbox 1006 4625 1089 4668; x_wconf 92' lang='lat' dir='ltr'><strong>est</strong></span> <span class='ocrx_word' id='word_1_782' title='bbox 1119 4615 1206 4670; x_wconf 85' lang='lat' dir='ltr'><strong>ltic</strong></span> <span class='ocrx_word' id='word_1_783' title='bbox 1236 4617 1286 4670; x_wconf 93' lang='lat' dir='ltr'><strong>in</strong></span> <span class='ocrx_word' id='word_1_784' title='bbox 1313 4619 1543 4682; x_wconf 86' lang='lat' dir='ltr'><strong>ruinam,</strong></span> <span class='ocrx_word' id='word_1_785' title='bbox 1563 4621 1683 4674; x_wconf 83' lang='lat' dir='ltr'><strong>etin</strong></span> 
     </span>
    </p>
   </div>
   <div class='ocr_carea' id='block_1_96' title="bbox 163 4699 1681 4778">
    <p class='ocr_par' dir='ltr' id='par_1_96' title="bbox 163 4699 1681 4778">
     <span class='ocr_line' id='line_1_96' title="bbox 163 4699 1681 4778; baseline 0.014 -38"><span class='ocrx_word' id='word_1_786' title='bbox 163 4699 564 4778; x_wconf 68' lang='lat' dir='ltr'><strong>resurrectionem</strong></span> <span class='ocrx_word' id='word_1_787' title='bbox 609 4701 897 4756; x_wconf 88' lang='lat' dir='ltr'><strong>multorum</strong></span> <span class='ocrx_word' id='word_1_788' title='bbox 947 4704 999 4757; x_wconf 91' lang='lat' dir='ltr'><strong>in</strong></span> <span class='ocrx_word' id='word_1_789' title='bbox 1032 4705 1194 4760; x_wconf 88' lang='lat' dir='ltr'><strong>Israel</strong></span> <span class='ocrx_word' id='word_1_790' title='bbox 1242 4706 1391 4778; x_wconf 88' lang='lat' dir='ltr'><strong>(Luc.</strong></span> <span class='ocrx_word' id='word_1_791' title='bbox 1423 4725 1484 4772; x_wconf 84' lang='grc' dir='ltr'><strong>ιι,</strong></span> <span class='ocrx_word' id='word_1_792' title='bbox 1515 4709 1625 4776; x_wconf 76' lang='grc'><strong>54).</strong></span> <span class='ocrx_word' id='word_1_793' title='bbox 1664 4731 1681 4761; x_wconf 77' lang='grc' dir='ltr'><strong>ι</strong></span> 
     </span>
    </p>
   </div>
   <div class='ocr_carea' id='block_1_97' title="bbox 163 4774 1689 4868">
    <p class='ocr_par' dir='ltr' id='par_1_97' title="bbox 163 4774 1689 4868">
     <span class='ocr_line' id='line_1_97' title="bbox 163 4774 1689 4868; baseline 0.015 -34"><span class='ocrx_word' id='word_1_794' title='bbox 163 4774 352 4843; x_wconf 75' lang='lat' dir='ltr'><strong>Velsic:</strong></span> <span class='ocrx_word' id='word_1_795' title='bbox 387 4792 602 4861; x_wconf 76' lang='lat' dir='ltr'><strong>E/fnsns</strong></span> <span class='ocrx_word' id='word_1_796' title='bbox 625 4811 738 4848; x_wconf 80' lang='lat' dir='ltr'><strong>sum</strong></span> <span class='ocrx_word' id='word_1_797' title='bbox 775 4797 828 4848; x_wconf 93' lang='lat' dir='ltr'><strong>in</strong></span> <span class='ocrx_word' id='word_1_798' title='bbox 860 4805 1084 4851; x_wconf 87' lang='lat' dir='ltr'><strong>mortem</strong></span> <span class='ocrx_word' id='word_1_799' title='bbox 1127 4801 1258 4851; x_wconf 86' lang='lat' dir='ltr'><strong>sicut</strong></span> <span class='ocrx_word' id='word_1_800' title='bbox 1305 4818 1460 4868; x_wconf 75' lang='lat' dir='ltr'><strong>aqua,</strong></span> <span class='ocrx_word' id='word_1_801' title='bbox 1507 4803 1558 4855; x_wconf 89' lang='lat' dir='ltr'><strong>id</strong></span> <span class='ocrx_word' id='word_1_802' title='bbox 1606 4812 1689 4857; x_wconf 85' lang='lat' dir='ltr'><strong>est</strong></span> 
     </span>
    </p>
   </div>
   <div class='ocr_carea' id='block_1_98' title="bbox 162 4885 1683 4958">
    <p class='ocr_par' dir='ltr' id='par_1_98' title="bbox 162 4885 1683 4958">
     <span class='ocr_line' id='line_1_98' title="bbox 162 4885 1683 4958; baseline 0.015 -34"><span class='ocrx_word' id='word_1_803' title='bbox 162 4887 251 4928; x_wconf 75' lang='lat' dir='ltr'><strong>cuin</strong></span> <span class='ocrx_word' id='word_1_804' title='bbox 278 4891 409 4936; x_wconf 85' lang='lat' dir='ltr'><strong>tanta</strong></span> <span class='ocrx_word' id='word_1_805' title='bbox 432 4885 545 4956; x_wconf 67' lang='grc'><strong>64</strong></span> <span class='ocrx_word' id='word_1_806' title='bbox 574 4886 944 4954; x_wconf 84' lang='lat' dir='ltr'><strong>vilipcnsione,</strong></span> <span class='ocrx_word' id='word_1_807' title='bbox 977 4899 1178 4958; x_wconf 89' lang='lat' dir='ltr'><strong>quanta</strong></span> <span class='ocrx_word' id='word_1_808' title='bbox 1206 4905 1340 4955; x_wconf 83' lang='lat' dir='ltr'><strong>aqua</strong></span> <span class='ocrx_word' id='word_1_809' title='bbox 1370 4892 1683 4947; x_wconf 85' lang='lat' dir='ltr'><strong>eﬁ&#39;unditur.</strong></span> 
     </span>
    </p>
   </div>
   <div class='ocr_carea' id='block_1_99' title="bbox 163 4960 1689 5049">
    <p class='ocr_par' dir='ltr' id='par_1_99' title="bbox 163 4960 1689 5049">
     <span class='ocr_line' id='line_1_99' title="bbox 163 4960 1689 5049; baseline 0.017 -35"><span class='ocrx_word' id='word_1_810' title='bbox 163 4960 345 5038; x_wconf 86' lang='lat' dir='ltr'><strong>lleoque</strong></span> <span class='ocrx_word' id='word_1_811' title='bbox 367 4976 597 5044; x_wconf 84' lang='lat' dir='ltr'><strong>dispersa</strong></span> <span class='ocrx_word' id='word_1_812' title='bbox 622 4989 738 5030; x_wconf 87' lang='lat' dir='ltr'><strong>sunt</strong></span> <span class='ocrx_word' id='word_1_813' title='bbox 767 4979 819 5031; x_wconf 91' lang='lat' dir='ltr'><strong>in</strong></span> <span class='ocrx_word' id='word_1_814' title='bbox 853 4979 1027 5048; x_wconf 88' lang='lat' dir='ltr'><strong>fugam</strong></span> <span class='ocrx_word' id='word_1_815' title='bbox 1077 4984 1251 5035; x_wconf 87' lang='lat' dir='ltr'><strong>omnia</strong></span> <span class='ocrx_word' id='word_1_816' title='bbox 1301 5000 1417 5037; x_wconf 85' lang='lat' dir='ltr'><strong>ossa</strong></span> <span class='ocrx_word' id='word_1_817' title='bbox 1454 5000 1590 5049; x_wconf 88' lang='lat' dir='ltr'><strong>mea,</strong></span> <span class='ocrx_word' id='word_1_818' title='bbox 1637 4985 1689 5040; x_wconf 88' lang='lat' dir='ltr'><strong>id</strong></span> 
     </span>
    </p>
   </div>
   <div class='ocr_carea' id='block_1_100' title="bbox 162 5065 1690 5140">
    <p class='ocr_par' dir='ltr' id='par_1_100' title="bbox 162 5065 1690 5140">
     <span class='ocr_line' id='line_1_100' title="bbox 162 5065 1690 5140; baseline 0.009 -24"><span class='ocrx_word' id='word_1_819' title='bbox 162 5066 221 5109; x_wconf 68' lang='grc' dir='ltr'><strong>εει</strong></span> <span class='ocrx_word' id='word_1_820' title='bbox 242 5065 399 5131; x_wconf 84' lang='lat' dir='ltr'><strong>pepuli</strong></span> <span class='ocrx_word' id='word_1_821' title='bbox 429 5069 519 5136; x_wconf 87' lang='lat' dir='ltr'><strong>qui</strong></span> <span class='ocrx_word' id='word_1_822' title='bbox 549 5078 671 5122; x_wconf 88' lang='lat' dir='ltr'><strong>sunt</strong></span> <span class='ocrx_word' id='word_1_823' title='bbox 694 5069 1025 5125; x_wconf 85' lang='lat' dir='ltr'><strong>robustiores</strong></span> <span class='ocrx_word' id='word_1_824' title='bbox 1047 5070 1098 5124; x_wconf 92' lang='lat' dir='ltr'><strong>in</strong></span> <span class='ocrx_word' id='word_1_825' title='bbox 1122 5073 1381 5140; x_wconf 83' lang='lat' dir='ltr'><strong>Ecclesia,</strong></span> <span class='ocrx_word' id='word_1_826' title='bbox 1401 5077 1539 5128; x_wconf 90' lang='lat' dir='ltr'><strong>sicut</strong></span> <span class='ocrx_word' id='word_1_827' title='bbox 1568 5091 1690 5131; x_wconf 88' lang='lat' dir='ltr'><strong>ossa</strong></span> 
     </span>
    </p>
   </div>
   <div class='ocr_carea' id='block_1_101' title="bbox 166 5148 1688 5239">
    <p class='ocr_par' dir='ltr' id='par_1_101' title="bbox 166 5148 1688 5239">
     <span class='ocr_line' id='line_1_101' title="bbox 166 5148 1688 5239; baseline 0.017 -45"><span class='ocrx_word' id='word_1_828' title='bbox 166 5148 444 5211; x_wconf 83' lang='lat' dir='ltr'><strong>mlmstiores</strong></span> <span class='ocrx_word' id='word_1_829' title='bbox 465 5170 646 5228; x_wconf 86' lang='lat' dir='ltr'><strong>partes</strong></span> <span class='ocrx_word' id='word_1_830' title='bbox 667 5161 911 5230; x_wconf 88' lang='lat' dir='ltr'><strong>corporis</strong></span> <span class='ocrx_word' id='word_1_831' title='bbox 937 5169 1080 5215; x_wconf 86' lang='lat' dir='ltr'><strong>sunt.</strong></span> <span class='ocrx_word' id='word_1_832' title='bbox 1113 5163 1261 5217; x_wconf 88' lang='lat' dir='ltr'><strong>Unde</strong></span> <span class='ocrx_word' id='word_1_833' title='bbox 1285 5165 1546 5239; x_wconf 61' lang='lat' dir='ltr'><strong>scriptum</strong></span> <span class='ocrx_word' id='word_1_834' title='bbox 1575 5173 1688 5220; x_wconf 86' lang='lat' dir='ltr'><strong>est:</strong></span> 
     </span>
    </p>
   </div>
   <div class='ocr_carea' id='block_1_102' title="bbox 169 5237 1688 5326">
    <p class='ocr_par' dir='ltr' id='par_1_102' title="bbox 169 5237 1688 5326">
     <span class='ocr_line' id='line_1_102' title="bbox 169 5237 1688 5326; baseline 0.016 -39"><span class='ocrx_word' id='word_1_835' title='bbox 169 5251 182 5280; x_wconf 77' lang='grc' dir='ltr'><strong>ι</strong></span> <span class='ocrx_word' id='word_1_836' title='bbox 207 5237 330 5296; x_wconf 86' lang='lat' dir='ltr'><strong>Tunc</strong></span> <span class='ocrx_word' id='word_1_837' title='bbox 354 5247 593 5318; x_wconf 87' lang='lat' dir='ltr'><strong>discipuli</strong></span> <span class='ocrx_word' id='word_1_838' title='bbox 620 5266 830 5312; x_wconf 87' lang='lat' dir='ltr'><strong>omnes,</strong></span> <span class='ocrx_word' id='word_1_839' title='bbox 861 5253 1050 5306; x_wconf 86' lang='lat' dir='ltr'><strong>relicto</strong></span> <span class='ocrx_word' id='word_1_840' title='bbox 1081 5268 1165 5320; x_wconf 91' lang='lat' dir='ltr'><strong>eo,</strong></span> <span class='ocrx_word' id='word_1_841' title='bbox 1192 5237 1445 5325; x_wconf 75' lang='lat' dir='ltr'><strong>fugerunt</strong></span> <span class='ocrx_word' id='word_1_842' title='bbox 1473 5257 1688 5326; x_wconf 83' lang='lat' dir='ltr'><strong>(Matth.</strong></span> 
     </span>
    </p>
   </div>
   <div class='ocr_carea' id='block_1_103' title="bbox 166 5333 1692 5413">
    <p class='ocr_par' dir='ltr' id='par_1_103' title="bbox 166 5333 1692 5413">
     <span class='ocr_line' id='line_1_103' title="bbox 166 5333 1692 5413; baseline 0.016 -38"><span class='ocrx_word' id='word_1_843' title='bbox 166 5333 400 5404; x_wconf 79' lang='lat' dir='ltr'><strong>mt,56).</strong></span> <span class='ocrx_word' id='word_1_844' title='bbox 435 5358 453 5390; x_wconf 76' lang='grc' dir='ltr'><strong>ι</strong></span> <span class='ocrx_word' id='word_1_845' title='bbox 485 5339 552 5392; x_wconf 85' lang='grc' dir='ltr'>Ει</span> <span class='ocrx_word' id='word_1_846' title='bbox 579 5343 835 5410; x_wconf 83' lang='lat' dir='ltr'><strong>propheta</strong></span> <span class='ocrx_word' id='word_1_847' title='bbox 869 5358 881 5394; x_wconf 87' lang='lat'><strong>:</strong></span> <span class='ocrx_word' id='word_1_848' title='bbox 919 5360 937 5392; x_wconf 82' lang='grc' dir='ltr'><strong>ι</strong></span> <span class='ocrx_word' id='word_1_849' title='bbox 975 5342 1278 5398; x_wconf 86' lang='lat' dir='ltr'><strong>Percutiam</strong></span> <span class='ocrx_word' id='word_1_850' title='bbox 1307 5352 1606 5413; x_wconf 87' lang='lat' dir='ltr'><strong>pastorem,</strong></span> <span class='ocrx_word' id='word_1_851' title='bbox 1639 5357 1692 5400; x_wconf 86' lang='lat' dir='ltr'><strong>et</strong></span> 
     </span>
    </p>
   </div>
   <div class='ocr_carea' id='block_1_104' title="bbox 165 5413 1691 5506">
    <p class='ocr_par' dir='ltr' id='par_1_104' title="bbox 165 5413 1691 5506">
     <span class='ocr_line' id='line_1_104' title="bbox 165 5413 1691 5506; baseline 0.004 -20"><span class='ocrx_word' id='word_1_852' title='bbox 165 5413 493 5494; x_wconf 60' lang='lat' dir='ltr'><strong>dif‘llergcntur</strong></span> <span class='ocrx_word' id='word_1_853' title='bbox 534 5446 663 5486; x_wconf 88' lang='lat' dir='ltr'><strong>oves</strong></span> <span class='ocrx_word' id='word_1_854' title='bbox 713 5431 900 5503; x_wconf 82' lang='lat' dir='ltr'><strong>(Zuch.</strong></span> <span class='ocrx_word' id='word_1_855' title='bbox 936 5449 1056 5498; x_wconf 83' lang='lat' dir='ltr'><strong>xm,</strong></span> <span class='ocrx_word' id='word_1_856' title='bbox 1095 5437 1170 5506; x_wconf 90' lang='lat'><strong>7).</strong></span> <span class='ocrx_word' id='word_1_857' title='bbox 1212 5456 1230 5488; x_wconf 77' lang='grc' dir='ltr'><strong>ι</strong></span> <span class='ocrx_word' id='word_1_858' title='bbox 1265 5437 1328 5491; x_wconf 85' lang='grc' dir='ltr'>Ει</span> <span class='ocrx_word' id='word_1_859' title='bbox 1365 5453 1468 5492; x_wconf 91' lang='lat' dir='ltr'><strong>non</strong></span> <span class='ocrx_word' id='word_1_860' title='bbox 1517 5439 1691 5492; x_wconf 86' lang='lat' dir='ltr'><strong>solum</strong></span> 
     </span>
    </p>
   </div>
   <div class='ocr_carea' id='block_1_105' title="bbox 167 5506 1690 5590">
    <p class='ocr_par' dir='ltr' id='par_1_105' title="bbox 167 5506 1690 5590">
     <span class='ocr_line' id='line_1_105' title="bbox 167 5506 1690 5590; baseline 0.005 -15"><span class='ocrx_word' id='word_1_861' title='bbox 167 5506 354 5575; x_wconf 55' lang='lat' dir='ltr'><strong>“Wet-sa</strong></span> <span class='ocrx_word' id='word_1_862' title='bbox 373 5531 491 5574; x_wconf 82' lang='lat' dir='ltr'><strong>sunt</strong></span> <span class='ocrx_word' id='word_1_863' title='bbox 520 5537 539 5584; x_wconf 89' lang='grc'><strong><em>;</em></strong></span> <span class='ocrx_word' id='word_1_864' title='bbox 573 5523 663 5577; x_wconf 83' lang='grc' dir='ltr'>εει]</span> <span class='ocrx_word' id='word_1_865' title='bbox 691 5525 856 5579; x_wconf 87' lang='lat' dir='ltr'><strong>etiam</strong></span> <span class='ocrx_word' id='word_1_866' title='bbox 884 5541 974 5578; x_wconf 90' lang='lat' dir='ltr'><strong>cor</strong></span> <span class='ocrx_word' id='word_1_867' title='bbox 997 5543 1188 5590; x_wconf 87' lang='lat' dir='ltr'><strong>meum,</strong></span> <span class='ocrx_word' id='word_1_868' title='bbox 1232 5527 1285 5582; x_wconf 93' lang='lat' dir='ltr'><strong>id</strong></span> <span class='ocrx_word' id='word_1_869' title='bbox 1327 5537 1410 5582; x_wconf 88' lang='lat' dir='ltr'><strong>est</strong></span> <span class='ocrx_word' id='word_1_870' title='bbox 1446 5528 1690 5583; x_wconf 79' lang='lat' dir='ltr'><strong>doctrina</strong></span> 
     </span>
    </p>
   </div>
   <div class='ocr_carea' id='block_1_106' title="bbox 169 5611 1692 5695">
    <p class='ocr_par' dir='ltr' id='par_1_106' title="bbox 169 5611 1692 5695">
     <span class='ocr_line' id='line_1_106' title="bbox 169 5611 1692 5695; baseline 0.009 -36"><span class='ocrx_word' id='word_1_871' title='bbox 169 5611 260 5695; x_wconf 60' lang='lat' dir='ltr'><strong>fluat:</strong></span> <span class='ocrx_word' id='word_1_872' title='bbox 283 5621 598 5672; x_wconf 87' lang='lat' dir='ltr'><strong>processerat</strong></span> <span class='ocrx_word' id='word_1_873' title='bbox 628 5615 693 5677; x_wconf 83' lang='lat' dir='ltr'><strong>de</strong></span> <span class='ocrx_word' id='word_1_874' title='bbox 719 5616 882 5670; x_wconf 89' lang='lat' dir='ltr'><strong>corde</strong></span> <span class='ocrx_word' id='word_1_875' title='bbox 910 5632 1029 5672; x_wconf 86' lang='grc' dir='ltr'>ιιιεο</span> <span class='ocrx_word' id='word_1_876' title='bbox 1062 5633 1222 5687; x_wconf 86' lang='lat' dir='ltr'><strong>quam</strong></span> <span class='ocrx_word' id='word_1_877' title='bbox 1256 5634 1349 5674; x_wconf 87' lang='lat' dir='ltr'><strong>eos</strong></span> <span class='ocrx_word' id='word_1_878' title='bbox 1376 5618 1692 5684; x_wconf 74' lang='lat' dir='ltr'><strong>docuerant,</strong></span> 
     </span>
    </p>
   </div>
   <div class='ocr_carea' id='block_1_107' title="bbox 170 5690 1693 5782">
    <p class='ocr_par' dir='ltr' id='par_1_107' title="bbox 170 5690 1693 5782">
     <span class='ocr_line' id='line_1_107' title="bbox 170 5690 1693 5782; baseline 0.009 -30"><span class='ocrx_word' id='word_1_879' title='bbox 170 5690 209 5740; x_wconf 70' lang='grc' dir='ltr'><strong>Μ</strong></span> <span class='ocrx_word' id='word_1_880' title='bbox 229 5703 310 5761; x_wconf 71' lang='grc' dir='ltr'>σει,</span> <span class='ocrx_word' id='word_1_881' title='bbox 334 5715 412 5755; x_wconf 87' lang='lat' dir='ltr'><strong>me</strong></span> <span class='ocrx_word' id='word_1_882' title='bbox 440 5715 887 5772; x_wconf 83' lang='lat' dir='ltr'><strong>resurrecturum,</strong></span> <span class='ocrx_word' id='word_1_883' title='bbox 927 5719 999 5762; x_wconf 86' lang='lat' dir='ltr'><strong>est</strong></span> <span class='ocrx_word' id='word_1_884' title='bbox 1047 5708 1240 5777; x_wconf 76' lang='lat' dir='ltr'><strong>factum</strong></span> <span class='ocrx_word' id='word_1_885' title='bbox 1281 5721 1529 5782; x_wconf 87' lang='lat' dir='ltr'><strong>tanquam</strong></span> <span class='ocrx_word' id='word_1_886' title='bbox 1573 5727 1693 5766; x_wconf 84' lang='lat' dir='ltr'><strong>cera</strong></span> 
     </span>
    </p>
   </div>
   <div class='ocr_carea' id='block_1_108' title="bbox 1790 4521 3363 4597">
    <p class='ocr_par' dir='ltr' id='par_1_108' title="bbox 1790 4521 3363 4597">
     <span class='ocr_line' id='line_1_108' title="bbox 1790 4521 3363 4597; baseline -0.006 -14"><span class='ocrx_word' id='word_1_887' title='bbox 1790 4530 2168 4583; x_wconf 81' lang='lat' dir='ltr'><strong>destruxerunt</strong></span> <span class='ocrx_word' id='word_1_888' title='bbox 2215 4527 2437 4596; x_wconf 82' lang='lat' dir='ltr'><strong>(Psalm.</strong></span> <span class='ocrx_word' id='word_1_889' title='bbox 2470 4543 2523 4591; x_wconf 72' lang='grc' dir='ltr'>Χ,</span> <span class='ocrx_word' id='word_1_890' title='bbox 2549 4526 2626 4597; x_wconf 80' lang='grc'><strong>5).</strong></span> <span class='ocrx_word' id='word_1_891' title='bbox 2664 4546 2680 4577; x_wconf 73' lang='grc' dir='ltr'><strong>ι</strong></span> <span class='ocrx_word' id='word_1_892' title='bbox 2715 4523 2891 4578; x_wconf 77' lang='lat' dir='ltr'><strong>Vestis</strong></span> <span class='ocrx_word' id='word_1_893' title='bbox 2921 4531 3101 4576; x_wconf 88' lang='lat' dir='ltr'><strong>autem</strong></span> <span class='ocrx_word' id='word_1_894' title='bbox 3131 4536 3251 4590; x_wconf 79' lang='lat' dir='ltr'><strong>qua:</strong></span> <span class='ocrx_word' id='word_1_895' title='bbox 3282 4521 3363 4574; x_wconf 86' lang='lat' dir='ltr'><strong>in-</strong></span> 
     </span>
    </p>
   </div>
   <div class='ocr_carea' id='block_1_109' title="bbox 1790 4614 3364 4686">
    <p class='ocr_par' dir='ltr' id='par_1_109' title="bbox 1790 4614 3364 4686">
     <span class='ocr_line' id='line_1_109' title="bbox 1790 4614 3364 4686; baseline -0.005 -10"><span class='ocrx_word' id='word_1_896' title='bbox 1790 4621 2147 4685; x_wconf 83' lang='lat' dir='ltr'><strong>divisa,sorte</strong></span> <span class='ocrx_word' id='word_1_897' title='bbox 2171 4622 2292 4674; x_wconf 90' lang='lat' dir='ltr'><strong>data</strong></span> <span class='ocrx_word' id='word_1_898' title='bbox 2318 4619 2438 4686; x_wconf 84' lang='lat' dir='ltr'><strong>fuit,</strong></span> <span class='ocrx_word' id='word_1_899' title='bbox 2467 4618 2624 4672; x_wconf 89' lang='lat' dir='ltr'><strong>ﬁdem</strong></span> <span class='ocrx_word' id='word_1_900' title='bbox 2662 4619 3026 4686; x_wconf 88' lang='lat' dir='ltr'><strong>incorruptam</strong></span> <span class='ocrx_word' id='word_1_901' title='bbox 3060 4614 3364 4684; x_wconf 87' lang='lat' dir='ltr'><strong>signiﬁcat;</strong></span> 
     </span>
    </p>
   </div>
   <div class='ocr_carea' id='block_1_110' title="bbox 1791 4705 3367 4781">
    <p class='ocr_par' dir='ltr' id='par_1_110' title="bbox 1791 4705 3367 4781">
     <span class='ocr_line' id='line_1_110' title="bbox 1791 4705 3367 4781; baseline -0.004 -18"><span class='ocrx_word' id='word_1_902' title='bbox 1791 4728 1908 4781; x_wconf 75' lang='lat' dir='ltr'><strong>qua:</strong></span> <span class='ocrx_word' id='word_1_903' title='bbox 1938 4713 2102 4766; x_wconf 83' lang='lat' dir='ltr'><strong>vestis</strong></span> <span class='ocrx_word' id='word_1_904' title='bbox 2126 4721 2208 4765; x_wconf 90' lang='lat' dir='ltr'><strong>est</strong></span> <span class='ocrx_word' id='word_1_905' title='bbox 2235 4710 2492 4775; x_wconf 89' lang='lat' dir='ltr'><strong>ﬁdelium,</strong></span> <span class='ocrx_word' id='word_1_906' title='bbox 2519 4723 2639 4779; x_wconf 54' lang='lat' dir='ltr'><strong>(ius:</strong></span> <span class='ocrx_word' id='word_1_907' title='bbox 2666 4706 2836 4762; x_wconf 91' lang='lat' dir='ltr'><strong>scindi</strong></span> <span class='ocrx_word' id='word_1_908' title='bbox 2860 4707 2926 4760; x_wconf 89' lang='lat' dir='ltr'><strong>ab</strong></span> <span class='ocrx_word' id='word_1_909' title='bbox 2957 4705 3226 4761; x_wconf 69' lang='lat' dir='ltr'><strong>ltazreticis</strong></span> <span class='ocrx_word' id='word_1_910' title='bbox 3258 4721 3367 4760; x_wconf 91' lang='lat' dir='ltr'><strong>non</strong></span> 
     </span>
    </p>
   </div>
   <div class='ocr_carea' id='block_1_111' title="bbox 1791 4793 3362 4873">
    <p class='ocr_par' dir='ltr' id='par_1_111' title="bbox 1791 4793 3362 4873">
     <span class='ocr_line' id='line_1_111' title="bbox 1791 4793 3362 4873; baseline -0.007 -16"><span class='ocrx_word' id='word_1_911' title='bbox 1791 4810 1995 4873; x_wconf 85' lang='lat' dir='ltr'><strong>potest;</strong></span> <span class='ocrx_word' id='word_1_912' title='bbox 2039 4816 2158 4870; x_wconf 63' lang='lat' dir='ltr'><strong>qua:</strong></span> <span class='ocrx_word' id='word_1_913' title='bbox 2186 4801 2348 4854; x_wconf 87' lang='lat' dir='ltr'><strong>etiam</strong></span> <span class='ocrx_word' id='word_1_914' title='bbox 2379 4809 2545 4863; x_wconf 89' lang='lat' dir='ltr'><strong>sorte,</strong></span> <span class='ocrx_word' id='word_1_915' title='bbox 2578 4799 2630 4852; x_wconf 93' lang='lat' dir='ltr'><strong>id</strong></span> <span class='ocrx_word' id='word_1_916' title='bbox 2660 4808 2760 4860; x_wconf 89' lang='lat' dir='ltr'><strong>est,</strong></span> <span class='ocrx_word' id='word_1_917' title='bbox 2793 4795 2886 4851; x_wconf 89' lang='lat' dir='ltr'><strong>Dei</strong></span> <span class='ocrx_word' id='word_1_918' title='bbox 2925 4794 3187 4851; x_wconf 88' lang='lat' dir='ltr'><strong>electione</strong></span> <span class='ocrx_word' id='word_1_919' title='bbox 3236 4793 3362 4848; x_wconf 86' lang='lat' dir='ltr'><strong>ﬁde-</strong></span> 
     </span>
    </p>
   </div>
   <div class='ocr_carea' id='block_1_112' title="bbox 1792 4885 3371 4956">
    <p class='ocr_par' dir='ltr' id='par_1_112' title="bbox 1792 4885 3371 4956">
     <span class='ocr_line' id='line_1_112' title="bbox 1792 4885 3371 4956; baseline -0.006 -9"><span class='ocrx_word' id='word_1_920' title='bbox 1792 4893 1933 4948; x_wconf 90' lang='lat' dir='ltr'><strong>libus</strong></span> <span class='ocrx_word' id='word_1_921' title='bbox 1959 4892 2150 4945; x_wconf 87' lang='lat' dir='ltr'><strong>futttris</strong></span> <span class='ocrx_word' id='word_1_922' title='bbox 2178 4891 2353 4956; x_wconf 85' lang='lat' dir='ltr'><strong>datur,</strong></span> <span class='ocrx_word' id='word_1_923' title='bbox 2383 4905 2484 4944; x_wconf 85' lang='lat' dir='ltr'><strong>non</strong></span> <span class='ocrx_word' id='word_1_924' title='bbox 2511 4904 2696 4943; x_wconf 88' lang='lat' dir='ltr'><strong>eorum</strong></span> <span class='ocrx_word' id='word_1_925' title='bbox 2717 4887 2942 4941; x_wconf 88' lang='lat' dir='ltr'><strong>meritis.</strong></span> <span class='ocrx_word' id='word_1_926' title='bbox 2972 4885 3066 4941; x_wconf 76' lang='lat' dir='ltr'><strong>Vel</strong></span> <span class='ocrx_word' id='word_1_927' title='bbox 3098 4888 3168 4940; x_wconf 89' lang='lat' dir='ltr'><strong>ita</strong></span> <span class='ocrx_word' id='word_1_928' title='bbox 3193 4892 3371 4956; x_wconf 80' lang='lat' dir='ltr'><strong>potest</strong></span> 
     </span>
    </p>
   </div>
   <div class='ocr_carea' id='block_1_113' title="bbox 1795 4978 3364 5052">
    <p class='ocr_par' dir='ltr' id='par_1_113' title="bbox 1795 4978 3364 5052">
     <span class='ocr_line' id='line_1_113' title="bbox 1795 4978 3364 5052; baseline -0.005 -17"><span class='ocrx_word' id='word_1_929' title='bbox 1795 4983 1894 5052; x_wconf 79' lang='lat' dir='ltr'><strong>legi</strong></span> <span class='ocrx_word' id='word_1_930' title='bbox 1925 4982 1992 5035; x_wconf 84' lang='lat' dir='ltr'><strong>ab</strong></span> <span class='ocrx_word' id='word_1_931' title='bbox 2027 4981 2118 5034; x_wconf 91' lang='lat' dir='ltr'><strong>illo</strong></span> <span class='ocrx_word' id='word_1_932' title='bbox 2150 4981 2264 5035; x_wconf 87' lang='lat' dir='ltr'><strong>loco</strong></span> <span class='ocrx_word' id='word_1_933' title='bbox 2300 4982 2387 5036; x_wconf 88' lang='lat' dir='ltr'><strong>ubi</strong></span> <span class='ocrx_word' id='word_1_934' title='bbox 2423 4982 2555 5035; x_wconf 76' lang='lat' dir='ltr'><strong>dixit</strong></span> <span class='ocrx_word' id='word_1_935' title='bbox 2596 4996 2612 5034; x_wconf 83' lang='lat'><strong>.&#39;</strong></span> <span class='ocrx_word' id='word_1_936' title='bbox 2647 4978 2792 5034; x_wconf 86' lang='lat' dir='ltr'><strong>Sicut</strong></span> <span class='ocrx_word' id='word_1_937' title='bbox 2822 4997 2957 5049; x_wconf 85' lang='lat' dir='ltr'><strong>aqua</strong></span> <span class='ocrx_word' id='word_1_938' title='bbox 2992 4978 3189 5047; x_wconf 63' lang='lat' dir='ltr'><strong>e/Iusus</strong></span> <span class='ocrx_word' id='word_1_939' title='bbox 3227 4991 3364 5039; x_wconf 88' lang='lat' dir='ltr'><strong>sum,</strong></span> 
     </span>
    </p>
   </div>
   <div class='ocr_carea' id='block_1_114' title="bbox 1793 5067 3367 5143">
    <p class='ocr_par' dir='ltr' id='par_1_114' title="bbox 1793 5067 3367 5143">
     <span class='ocr_line' id='line_1_114' title="bbox 1793 5067 3367 5143; baseline -0.004 -17"><span class='ocrx_word' id='word_1_940' title='bbox 1793 5081 1898 5126; x_wconf 89' lang='lat' dir='ltr'><strong>clc.</strong></span> <span class='ocrx_word' id='word_1_941' title='bbox 1927 5071 2052 5127; x_wconf 91' lang='lat' dir='ltr'><strong>Dico</strong></span> <span class='ocrx_word' id='word_1_942' title='bbox 2075 5073 2198 5143; x_wconf 88' lang='lat' dir='ltr'><strong>quia</strong></span> <span class='ocrx_word' id='word_1_943' title='bbox 2215 5081 2525 5140; x_wconf 82' lang='lat' dir='ltr'><strong>aperuerunt</strong></span> <span class='ocrx_word' id='word_1_944' title='bbox 2552 5088 2704 5140; x_wconf 86' lang='lat' dir='ltr'><strong>super</strong></span> <span class='ocrx_word' id='word_1_945' title='bbox 2728 5087 2806 5123; x_wconf 92' lang='lat' dir='ltr'><strong>me</strong></span> <span class='ocrx_word' id='word_1_946' title='bbox 2828 5086 2884 5123; x_wconf 84' lang='lat' dir='ltr'><strong>os</strong></span> <span class='ocrx_word' id='word_1_947' title='bbox 2905 5087 3079 5124; x_wconf 83' lang='lat' dir='ltr'><strong>suum.</strong></span> <span class='ocrx_word' id='word_1_948' title='bbox 3109 5067 3173 5121; x_wconf 81' lang='lat' dir='ltr'><strong>Et</strong></span> <span class='ocrx_word' id='word_1_949' title='bbox 3200 5067 3367 5120; x_wconf 88' lang='lat' dir='ltr'><strong>etiam</strong></span> 
     </span>
    </p>
   </div>
   <div class='ocr_carea' id='block_1_115' title="bbox 1794 5158 3366 5233">
    <p class='ocr_par' dir='ltr' id='par_1_115' title="bbox 1794 5158 3366 5233">
     <span class='ocr_line' id='line_1_115' title="bbox 1794 5158 3366 5233; baseline -0.006 -15"><span class='ocrx_word' id='word_1_950' title='bbox 1794 5165 1989 5233; x_wconf 72' lang='lat' dir='ltr'><strong>e/iusus</strong></span> <span class='ocrx_word' id='word_1_951' title='bbox 2010 5180 2126 5216; x_wconf 82' lang='lat' dir='ltr'><strong>sum</strong></span> <span class='ocrx_word' id='word_1_952' title='bbox 2176 5162 2242 5217; x_wconf 89' lang='lat' dir='ltr'><strong>ab</strong></span> <span class='ocrx_word' id='word_1_953' title='bbox 2271 5163 2349 5216; x_wconf 89' lang='lat' dir='ltr'><strong>eis</strong></span> <span class='ocrx_word' id='word_1_954' title='bbox 2402 5162 2454 5215; x_wconf 92' lang='lat' dir='ltr'><strong>in</strong></span> <span class='ocrx_word' id='word_1_955' title='bbox 2487 5172 2713 5216; x_wconf 89' lang='lat' dir='ltr'><strong>mortem</strong></span> <span class='ocrx_word' id='word_1_956' title='bbox 2750 5159 2880 5213; x_wconf 85' lang='lat' dir='ltr'><strong>sicut</strong></span> <span class='ocrx_word' id='word_1_957' title='bbox 2924 5175 3060 5228; x_wconf 85' lang='lat' dir='ltr'><strong>aqua</strong></span> <span class='ocrx_word' id='word_1_958' title='bbox 3104 5158 3366 5217; x_wconf 78' lang='lat' dir='ltr'><strong>existens,</strong></span> 
     </span>
    </p>
   </div>
   <div class='ocr_carea' id='block_1_116' title="bbox 1797 5244 3368 5322">
    <p class='ocr_par' dir='ltr' id='par_1_116' title="bbox 1797 5244 3368 5322">
     <span class='ocr_line' id='line_1_116' title="bbox 1797 5244 3368 5322; baseline -0.007 -15"><span class='ocrx_word' id='word_1_959' title='bbox 1797 5255 1847 5307; x_wconf 91' lang='lat' dir='ltr'><strong>id</strong></span> <span class='ocrx_word' id='word_1_960' title='bbox 1883 5263 1965 5308; x_wconf 90' lang='lat' dir='ltr'><strong>est</strong></span> <span class='ocrx_word' id='word_1_961' title='bbox 1997 5252 2376 5322; x_wconf 88' lang='lat' dir='ltr'><strong>comparabilis</strong></span> <span class='ocrx_word' id='word_1_962' title='bbox 2424 5267 2596 5320; x_wconf 71' lang='lat' dir='ltr'><strong>aquae.</strong></span> <span class='ocrx_word' id='word_1_963' title='bbox 2650 5249 2808 5312; x_wconf 84' lang='lat' dir='ltr'><strong>Nam,</strong></span> <span class='ocrx_word' id='word_1_964' title='bbox 2861 5249 3000 5301; x_wconf 89' lang='lat' dir='ltr'><strong>sicut</strong></span> <span class='ocrx_word' id='word_1_965' title='bbox 3049 5261 3185 5314; x_wconf 89' lang='lat' dir='ltr'><strong>aqua</strong></span> <span class='ocrx_word' id='word_1_966' title='bbox 3226 5244 3368 5297; x_wconf 86' lang='lat' dir='ltr'><strong>lavat</strong></span> 
     </span>
    </p>
   </div>
   <div class='ocr_carea' id='block_1_117' title="bbox 1797 5335 3369 5413">
    <p class='ocr_par' dir='ltr' id='par_1_117' title="bbox 1797 5335 3369 5413">
     <span class='ocr_line' id='line_1_117' title="bbox 1797 5335 3369 5413; baseline -0.005 -15"><span class='ocrx_word' id='word_1_967' title='bbox 1797 5359 2046 5413; x_wconf 90' lang='lat' dir='ltr'><strong>corpora,</strong></span> <span class='ocrx_word' id='word_1_968' title='bbox 2078 5346 2156 5398; x_wconf 91' lang='lat' dir='ltr'><strong>sic</strong></span> <span class='ocrx_word' id='word_1_969' title='bbox 2182 5354 2235 5398; x_wconf 89' lang='lat' dir='ltr'><strong>et</strong></span> <span class='ocrx_word' id='word_1_970' title='bbox 2261 5360 2359 5412; x_wconf 80' lang='lat' dir='ltr'><strong>ego</strong></span> <span class='ocrx_word' id='word_1_971' title='bbox 2392 5351 2564 5396; x_wconf 90' lang='lat' dir='ltr'><strong>morte</strong></span> <span class='ocrx_word' id='word_1_972' title='bbox 2591 5356 2707 5395; x_wconf 88' lang='lat' dir='ltr'><strong>mea</strong></span> <span class='ocrx_word' id='word_1_973' title='bbox 2737 5340 2944 5393; x_wconf 88' lang='lat' dir='ltr'><strong>animas</strong></span> <span class='ocrx_word' id='word_1_974' title='bbox 2973 5337 3220 5408; x_wconf 86' lang='lat' dir='ltr'><strong>originali</strong></span> <span class='ocrx_word' id='word_1_975' title='bbox 3250 5335 3369 5390; x_wconf 85' lang='lat' dir='ltr'><strong>labe</strong></span> 
     </span>
    </p>
   </div>
   <div class='ocr_carea' id='block_1_118' title="bbox 1795 5433 3366 5507">
    <p class='ocr_par' dir='ltr' id='par_1_118' title="bbox 1795 5433 3366 5507">
     <span class='ocr_line' id='line_1_118' title="bbox 1795 5433 3366 5507; baseline -0.008 -18"><span class='ocrx_word' id='word_1_976' title='bbox 1795 5437 1960 5490; x_wconf 88' lang='lat' dir='ltr'><strong>ablui.</strong></span> <span class='ocrx_word' id='word_1_977' title='bbox 1992 5436 2120 5489; x_wconf 87' lang='lat' dir='ltr'><strong>Dico</strong></span> <span class='ocrx_word' id='word_1_978' title='bbox 2147 5436 2271 5504; x_wconf 88' lang='lat' dir='ltr'><strong>quia</strong></span> <span class='ocrx_word' id='word_1_979' title='bbox 2300 5435 2495 5505; x_wconf 70' lang='lat' dir='ltr'><strong>eﬂ‘usus</strong></span> <span class='ocrx_word' id='word_1_980' title='bbox 2526 5451 2642 5487; x_wconf 88' lang='lat' dir='ltr'><strong>sum</strong></span> <span class='ocrx_word' id='word_1_981' title='bbox 2671 5434 2736 5485; x_wconf 87' lang='lat' dir='ltr'><strong>ad</strong></span> <span class='ocrx_word' id='word_1_982' title='bbox 2769 5433 2870 5484; x_wconf 85' lang='lat' dir='ltr'><strong>hoc</strong></span> <span class='ocrx_word' id='word_1_983' title='bbox 2902 5437 2960 5481; x_wconf 90' lang='grc' dir='ltr'><strong>ιιι</strong></span> <span class='ocrx_word' id='word_1_984' title='bbox 2999 5441 3174 5507; x_wconf 80' lang='lat' dir='ltr'><strong>essem</strong></span> <span class='ocrx_word' id='word_1_985' title='bbox 3208 5442 3366 5496; x_wconf 85' lang='lat' dir='ltr'><strong>aqua,</strong></span> 
     </span>
    </p>
   </div>
   <div class='ocr_carea' id='block_1_119' title="bbox 1797 5519 3368 5598">
    <p class='ocr_par' dir='ltr' id='par_1_119' title="bbox 1797 5519 3368 5598">
     <span class='ocr_line' id='line_1_119' title="bbox 1797 5519 3368 5598; baseline -0.01 -14"><span class='ocrx_word' id='word_1_986' title='bbox 1797 5531 1849 5584; x_wconf 89' lang='lat' dir='ltr'><strong>id</strong></span> <span class='ocrx_word' id='word_1_987' title='bbox 1871 5539 1954 5584; x_wconf 88' lang='lat' dir='ltr'><strong>est</strong></span> <span class='ocrx_word' id='word_1_988' title='bbox 1981 5529 2246 5598; x_wconf 82' lang='lat' dir='ltr'><strong>purgatio.</strong></span> <span class='ocrx_word' id='word_1_989' title='bbox 2279 5528 2344 5582; x_wconf 87' lang='lat' dir='ltr'><strong>Et</strong></span> <span class='ocrx_word' id='word_1_990' title='bbox 2374 5529 2453 5582; x_wconf 92' lang='lat' dir='ltr'><strong>sic</strong></span> <span class='ocrx_word' id='word_1_991' title='bbox 2486 5527 2693 5581; x_wconf 88' lang='lat' dir='ltr'><strong>scilicet</strong></span> <span class='ocrx_word' id='word_1_992' title='bbox 2722 5521 2795 5577; x_wconf 88' lang='lat' dir='ltr'><strong>fui</strong></span> <span class='ocrx_word' id='word_1_993' title='bbox 2821 5521 3068 5592; x_wconf 87' lang='lat' dir='ltr'><strong>purgatio</strong></span> <span class='ocrx_word' id='word_1_994' title='bbox 3093 5535 3107 5574; x_wconf 88' lang='lat'><strong>:</strong></span> <span class='ocrx_word' id='word_1_995' title='bbox 3132 5519 3368 5586; x_wconf 78' lang='lat' dir='ltr'><strong>dispersa</strong></span> 
     </span>
    </p>
   </div>
   <div class='ocr_carea' id='block_1_120' title="bbox 1795 5606 3371 5683">
    <p class='ocr_par' dir='ltr' id='par_1_120' title="bbox 1795 5606 3371 5683">
     <span class='ocr_line' id='line_1_120' title="bbox 1795 5606 3371 5683; baseline -0.006 -15"><span class='ocrx_word' id='word_1_996' title='bbox 1795 5628 1914 5670; x_wconf 86' lang='lat' dir='ltr'><strong>sunt</strong></span> <span class='ocrx_word' id='word_1_997' title='bbox 1942 5617 2148 5671; x_wconf 76' lang='lat' dir='ltr'><strong>scilicet</strong></span> <span class='ocrx_word' id='word_1_998' title='bbox 2191 5616 2256 5669; x_wconf 87' lang='lat' dir='ltr'><strong>ad</strong></span> <span class='ocrx_word' id='word_1_999' title='bbox 2303 5613 2700 5683; x_wconf 67' lang='lat' dir='ltr'><strong>praulicandum</strong></span> <span class='ocrx_word' id='word_1_1000' title='bbox 2747 5627 2840 5680; x_wconf 88' lang='lat' dir='ltr'><strong>per</strong></span> <span class='ocrx_word' id='word_1_1001' title='bbox 2896 5619 3065 5663; x_wconf 86' lang='lat' dir='ltr'><strong>totum</strong></span> <span class='ocrx_word' id='word_1_1002' title='bbox 3113 5606 3371 5662; x_wconf 88' lang='lat' dir='ltr'><strong>mundum</strong></span> 
     </span>
    </p>
   </div>
   <div class='ocr_carea' id='block_1_121' title="bbox 1796 5696 3372 5780">
    <p class='ocr_par' dir='ltr' id='par_1_121' title="bbox 1796 5696 3372 5780">
     <span class='ocr_line' id='line_1_121' title="bbox 1796 5696 3372 5780; baseline -0.007 -17"><span class='ocrx_word' id='word_1_1003' title='bbox 1796 5715 1918 5780; x_wconf 86' lang='lat' dir='ltr'><strong>post</strong></span> <span class='ocrx_word' id='word_1_1004' title='bbox 1945 5714 2171 5762; x_wconf 87' lang='lat' dir='ltr'><strong>mortem</strong></span> <span class='ocrx_word' id='word_1_1005' title='bbox 2205 5719 2402 5770; x_wconf 88' lang='lat' dir='ltr'><strong>meam,</strong></span> <span class='ocrx_word' id='word_1_1006' title='bbox 2426 5703 2600 5756; x_wconf 82' lang='lat' dir='ltr'><strong>omnia</strong></span> <span class='ocrx_word' id='word_1_1007' title='bbox 2624 5718 2740 5756; x_wconf 84' lang='lat' dir='ltr'><strong>ossa</strong></span> <span class='ocrx_word' id='word_1_1008' title='bbox 2771 5717 2904 5766; x_wconf 84' lang='lat' dir='ltr'><strong>mea,</strong></span> <span class='ocrx_word' id='word_1_1009' title='bbox 2935 5701 2986 5756; x_wconf 91' lang='lat' dir='ltr'><strong>id</strong></span> <span class='ocrx_word' id='word_1_1010' title='bbox 3017 5708 3100 5756; x_wconf 80' lang='lat' dir='ltr'><strong>cst</strong></span> <span class='ocrx_word' id='word_1_1011' title='bbox 3128 5696 3372 5770; x_wconf 83' lang='lat' dir='ltr'><strong>discipuli</strong></span> 
     </span>
    </p>
   </div>
  </div>
