3838 6328
528 294 634 351 725

1093 300 1150 356 S.
1194 300 1541 362 BRUNONIS
1562 303 2712 364 CARTHUSIANORUMINSTITUTORIS
2749 306 2899 364 OPP.
2940 306 3120 363 PARS
3159 307 3203 363 l.

3637 316 3718 373 72b

527 412 666 477 mei,
705 409 859 481 juxta
908 412 1036 469 illud
1085 414 1402 487 Evangelii:
1441 436 1461 469 ι
1500 419 1576 474 llli
1621 428 1799 474 autem
1845 418 2093 489 profecti,
2125 422 2168 477 A
2198 420 2361 483 nium,
2392 420 2445 475 id
2472 430 2558 477 est
2583 437 2611 474 a
2648 421 2899 491 superbis
2943 420 3387 490 persuasionibus
3439 422 3719 492 Judteorum,

525 501 952 570 praedicaverunt
979 502 1319 572 ubique,etc.
1350 505 1542 575 (Marc.
1573 523 1685 572 χιιι,
1708 508 1821 578 20).
1857 528 1875 560 ι
1911 508 1975 561 Et
2001 523 2099 576 per

528 588 617 641 illa
644 603 788 654 ossa,
827 605 919 642 cor
965 607 1159 656 meum,
1192 592 1242 646 id
1275 603 1379 658 est,
1423 596 1669 651 doctrina
1714 597 2097 666 prophetarum

526 693 788 745 meorum,
821 695 939 748 qua:
964 693 1305 751 processerat
1343 684 1409 739 de
1442 687 1604 740 corde
1636 701 1775 749 meo,
1809 687 1860 739 id
1888 696 2006 749 est,
2032 686 2099 739 de

525 768 807 822 voluntate
859 784 999 835 mea,
1046 772 1187 840 quod
1234 788 1328 827 cor
1371 774 1518 842 prius
1565 782 1682 828 erat
1720 775 1910 828 durum
1948 774 2099 829 intel-

526 853 718 927 lectu"
749 857 946 925 factum
992 870 1068 914 est
1110 871 1357 931 tanquam
1413 880 1532 918 cera
1571 864 1877 935 liquescens,
1912 865 1963 920 id
1993 875 2095 932 est,

529 945 690 1000 molle
733 958 788 1002 et
841 951 1189 1020 perceptibile
1238 952 1543 1020 intellectu,
1598 956 1737 1010 sicut
1778 972 1900 1010 cera
1950 957 2098 1026 prius

533 1036 667 1092 dura
697 1039 914 1095 admoto
942 1042 1064 1113 igne
1094 1042 1153 1097 fit
1190 1043 1413 1113 liquida.
1461 1044 1566 1100 Cor
1593 1064 1764 1101 meum
1807 1048 1928 1103 dico
1976 1048 2086 1102 exi-

523 1133 675 1181 stens
703 1126 755 1181 in
787 1130 982 1194 medio,
1016 1128 1066 1184 id
1099 1140 1204 1196 est,
1238 1133 1290 1186 in
1341 1136 1729 1190 communitate
1754 1139 1944 1191 ventris
1973 1138 2095 1204 mei,

523 1216 695 1281 idest,
715 1219 953 1274 existens
1000 1224 1358 1279 communiter
1391 1226 1441 1279 in
1470 1227 1872 1298 discipulis,qui
1904 1230 2094 1285 dicun-

525 1306 735 1377 tur65
775 1319 963 1363 venter
994 1315 1245 1377 meus,'eo
1274 1316 1415 1384 quod
1449 1318 1557 1371 mei
1602 1319 1871 1374 retineant
1896 1336 2097 1376 memo-

522 1394 682 1461 riam,
705 1398 844 1453 sicut
874 1400 926 1454 in
959 1412 1147 1459 ventre
1180 1409 1439 1462 memoria
1469 1419 1551 1465 est
1580 1412 1835 1478 hominis,
1868 1430 1991 1468 cum
2040 1414 2095 1469 in

520 1498 712 1545 ventre
765 1493 834 1546 sit
860 1509 973 1548 eor.
1007 1495 1071 1550 Et
1116 1512 1212 1567 per
1236 1499 1348 1570 ipsa
1378 1518 1498 1555 ossa
1535 1503 1694 1557 virtus
1722 1521 1865 1569 mea,
1895 1521 2015 1574 quae
2043 1507 2094 1559 in

522 1588 711 1635 morte
730 1582 845 1638 visa
876 1594 959 1639 est
990 1586 1256 1655 impotens
1310 1600 1362 1645 et
1392 1590 1627 1662 fragilis;
1658 1596 1798 1648 aruit
1846 1606 2095 1667 tanquam

531 1677 685 1735 testa,
717 1672 769 1727 id
798 1683 882 1728 est
904 1686 1120 1731 ostensa
1143 1688 1225 1733 est
1253 1690 1441 1750 potens
1463 1692 1517 1737 ει
1542 1684 1717 1751 fortis,
1770 1688 1836 1741 ad
1876 1689 2093 1743 modum

2200 527 2269 566 ne
2296 512 2375 567 eis
2407 513 2781 579 consentiam;
2814 513 2906 581 qui
2959 512 3216 567 dicuntur
3261 515 3552 581 unicoraes,
3583 518 3626 572 id
3656 531 3723 576 est

2201 607 2414 661 unicam
2467 608 2775 678 superbiam
2838 610 3124 675 habentes,
3180 620 3235 665 et
3271 612 3598 669 excellentem
3633 634 3723 686 prta

2198 699 2410 754 caneris
2463 698 2714 754 omnibus
2767 716 2781 751 :
2840 698 2983 753 sicut
3023 700 3307 755 unicornis
3336 702 3540 756 unicum
3586 705 3720 761 habet

2198 804 2391 856 cornu,
2426 802 2479 845 et
2509 791 2646 846 bene
2674 806 2861 845 eorum
2886 790 3133 860 superbae
3162 793 3531 862 persuasiones
3556 812 3721 853 cornua

2199 879 2474 945 dicuntur,
2527 896 2625 949 per
2668 895 2803 950 quas
2852 896 2977 936 eum
3028 895 3344 951 expugnare
3387 883 3718 951 intendebant,

2199 967 2338 1023 sicut
2388 969 2640 1023 animalia
2682 979 2907 1024 cornuta
2963 970 3222 1024 cornibus
3252 982 3563 1042 expugnant.
3590 973 3723 1029 Facta

2199 1060 2464 1125 Oratione,
2488 1060 2723 1115 ostendit
2745 1061 3171 1115 resurrectionis
3217 1076 3328 1116 suae
3358 1062 3593 1126 fructum,
3622 1065 3685 1119 sic
3711 1084 3722 1118 :

2200 1148 2358 1206 Oravi
2390 1159 2447 1204 ut
2477 1164 2637 1204 eruas
2663 1165 2751 1205 me
2772 1159 2827 1204 et
2855 1150 3052 1206 salves.
3069 1150 3226 1218 Quod
3248 1152 3290 1205 si
3317 1152 3519 1217 feceris,
3541 1155 3725 1208 narrabo

2199 1255 2385 1293 nomen
2412 1249 2557 1292 tuum
2589 1239 2843 1308 fratribus
2878 1240 3033 1305 meis,
3066 1253 3122 1295 ut
3176 1241 3318 1295 idem
3345 1242 3396 1295 in
3420 1242 3675 1310 Evangelio
3710 1262 3722 1298 :

2203 1331 2765 1396 iPater,mauifestavi
2796 1348 2990 1389 nomen
3014 1342 3165 1387 tuum
3194 1334 3495 1389 hominibus
3517 1336 3723 1406 quosde-

2198 1426 2322 1481 disti
2344 1427 2798 1497 mihi(.loan.xvn,
2812 1426 2888 1498 6),
2901 1446 2919 1479 ι
2940 1428 2992 1483 id
3007 1436 3113 1493 est,
3129 1428 3271 1483 dabo
3285 1429 3519 1483 notitiam
3534 1430 3724 1483 nominis

2202 1519 2274 1572 tui
2297 1518 2570 1587 apostolis,
2585 1519 2824 1574 docendo
2836 1533 2929 1575 eos
2964 1528 3015 1574 te
3041 1521 3210 1573 Demn
3236 1534 3355 1574 esse
3377 1531 3425 1575 et
3445 1520 3713 1585 Dominum;

2197 1607 2285 1676 qui
2313 1616 2434 1661 sunt
2454 1606 2649 1665 fratres
2679 1608 2874 1671 mei,id
2919 1617 3003 1662 est
3035 1608 3348 1662 cohaeredes
3368 1618 3569 1662 mternze
3588 1610 3723 1662 benc-

2197 1700 2447 1755 dictionis
2470 1716 2699 1755 mecum.
2718 1699 2870 1756 Unde
2888 1698 3179 1769 Apostolus
3202 1717 3215 1752 :
3238 1718 3255 1749 ι
3282 1698 3522 1752 Haercdes
3545 1698 3722 1767 quidem

524 1766 681 1814 testae
742 1778 756 1815 :
806 1778 925 1831 quae
969 1780 1091 1819 cum
1142 1769 1293 1836 prius
1344 1772 1520 1827 mollis
1570 1775 1678 1841 sit,
1737 1774 1942 1847 fragilis
1988 1788 2089 1833 est.

2199 1793 2314 1857 Dei,
2332 1792 2639 1847 coltmredcs
2650 1802 2827 1847 autem
2849 1765 3051 1847 Christi
3094 1791 3276 1861 (Rom.
3291 1806 3407 1853 vut,
3426 1790 3527 1857 f7).
3540 1765 3632 1842 rVEt
3650 1804 3724 1856 per

527 1846 743 1911 Quanto
791 1866 921 1906 vero
966 1855 1137 1925 magis
1182 1860 1405 1926 aruerit,
1454 1872 1601 1918 tanto
1657 1846 1926 1922 robustior
1969 1869 2091 1924 erit.

524 1934 593 1989 Et
616 1951 714 2005 per
744 1939 846 1994 hoc
876 1945 1055 2012 arguit
1109 1948 1270 2001 virtus
1325 1967 1459 2017 mea,
1491 1954 1613 2022 quia
1639 1954 1818 2026 lingua
1856 1975 1992 2025 mea,
2042 1959 2094 2013 id

522 2035 624 2087 est,
655 2030 964 2097 prtedicatio
1005 2050 1267 2105 meorum,
1295 2040 1515 2096 adliwsit
1569 2044 1808 2113 faucibus
1850 2050 1996 2114 meis,
2042 2050 2095 2105 id

523 2125 607 2169 est
636 2122 938 2190 praeceptis,
968 2140 1086 2194 qua:
1132 2128 1196 2182 de
1222 2128 1468 2187 faucibus
1518 2135 1654 2189 meis
1691 2147 2091 2204 processerunt.

524 2204 677 2271 Quod
706 2220 789 2265 est
813 2212 994 2271 dicere
1017 2235 1029 2271 :
1050 2216 1166 2273 Non
1190 2224 1487 2277 secundum
1513 2226 1924 2283 adinventiones
1947 2245 2094 2296 suas,

523 2301 619 2354 sed
666 2309 962 2363 secundum
1017 2313 1161 2381 quod
1207 2329 1300 2369 eos
1329 2317 1506 2381 docui,
1555 2322 2001 2388 prmdicaverunt.
2031 2324 2097 2378 Et

523 2404 624 2459 per
651 2392 764 2462 ipsa
791 2413 910 2452 ossa
941 2400 1320 2470 deduxistime,
1354 2406 1404 2459 id
1460 2417 1560 2473 est,
1588 2410 1693 2462 mei
1718 2410 1999 2478 notitiam;
2040 2415 2096 2468 in

520 2483 781 2553 pulverem
832 2492 1036 2556 mortis,
1076 2492 1128 2547 id
1194 2504 1297 2561 est,
1342 2496 1394 2551 in
1438 2497 1684 2555 infideles
1710 2503 1822 2570 qui,
1863 2518 1985 2557 cum
2041 2504 2094 2559 in

522 2581 763 2649 peccatis
812 2585 1011 2640 mortui
1071 2598 1286 2656 essent,
1318 2592 1493 2661 pulvis
1514 2604 1693 2659 erant,
1739 2596 1791 2649 id
1821 2606 1922 2660 est,
1960 2597 2096 2652 aridi

522 2670 767 2727 doctrina
835 2684 890 2729 et
940 2676 1086 2733 leves
1138 2682 1206 2736 ad
1252 2682 1623 2752 impulsionem
1651 2687 1869 2755 diaboli,
1953 2689 2098 2744 sicut

521 2761 693 2831 pulvis
720 2764 903 2822 aridus
938 2776 1019 2822 est
1048 2779 1101 2824 et
1128 2785 1155 2824 a
1189 2783 1348 2827 vento
1380 2773 1537 2829 facile
1572 2779 1809 2834 mobilis.

594 2851 887 2923 Postquam
914 2860 1154 2914 ostendit
1181 2862 1415 2931 qualiter
1467 2883 1605 2937 aqua
1634 2869 1723 2934 sit,
1756 2870 1868 2924 vult
1909 2880 2094 2928 osten-

521 2941 648 2997 dere
668 2945 901 3014 qualiter
922 2949 1119 3018 e/l‘usas
1168 2952 1268 3007 fuit
1320 2954 1375 3009 in
1427 2965 1681 3026 mortem,
1729 2960 1809 3016 sic
1849 2963 2037 3018 dicens
2078 2978 2092 3018 :

519 3030 639 3086 Dixi
663 3033 786 3103 quia
811 3034 1014 3094 effusus
1026 3040 1246 3098 sum.Et
1267 3042 1369 3098 hoc
1388 3046 1545 3101 modo
1570 3047 1775 3104 scilicet
1802 3067 1813 3103 :
1834 3049 2094 3117 Quoniam

521 3119 972 3180 circumdederunt
1000 3146 1079 3185 me
1112 3148 1265 3187 canes
1295 3135 1479 3203 multi,
1525 3145 1654 3202 etc.,
1702 3156 1872 3209 usque
1922 3143 1988 3197 ad
2042 3154 2097 3198 tu

520 3224 719 3281 autem,
746 3215 985 3282 Domine,
1037 3238 1142 3277 non
1187 3235 1484 3282 mutantur.
1517 3229 1707 3285 Ethoc
1756 3240 1925 3287 totum
1955 3235 2097 3302 quod

521 3305 761 3376 agilitate
796 3312 1093 3380 prophetiae
1119 3317 1454 3385 praeteritum
1486 3320 1634 3386 dicit,
1674 3321 1911 3376 futurum
1941 3322 2099 3378 intel-

520 3395 790 3469 ligendum
836 3412 938 3457 est.
974 3403 1198 3461 Ostensa
1233 3411 1483 3477 passione
1527 3427 1627 3465 sua
1682 3415 1979 3468 revertitur
2030 3416 2097 3469 ad

522 3492 825 3546 orationem
865 3509 1055 3563 suam;
1117 3500 1243 3568 quia
1296 3502 1532 3558 breviter
1574 3515 1823 3560 oraverat
1871 3516 1930 3560 ut
1976 3523 2100 3576 pro-

520 3578 683 3637 lixius
731 3594 870 3650 oret,
928 3596 984 3641 et
1022 3604 1120 3644 nos
1160 3606 1320 3647 orare
1365 3595 1617 3660 instruat,
1653 3604 1708 3650 et
1758 3600 2098 3667 postmodum

522 3670 763 3728 fructum
802 3677 1070 3745 passionis
1121 3690 1177 3736 et
1211 3696 1321 3737 sua:
1360 3687 1779 3744 resurrectionis
1827 3691 2096 3744 ostendat.

528 3760 596 3817 Et
632 3763 735 3819 hoc
760 3765 839 3821 sic
870 3766 1039 3823 dicit:
1073 3769 1179 3840 Ipsi
1228 3787 1315 3827 me
1357 3774 1429 3828 ita
1461 3775 1875 3834 circumdabant
1917 3791 1973 3835 ct
2018 3780 2103 3834 fo-

520 3852 672 3908 dient
692 3865 747 3909 et
768 3858 1033 3926 putabunt
1055 3878 1139 3917 me
1171 3864 1511 3933 derelictum,
1540 3879 1595 3921 tu
1624 3880 1818 3936 autem,
1850 3870 2096 3939 Domine,

524 3959 589 3998 ne
619 3944 939 4017 elongaveris
964 3953 1221 4009 auxilium
1246 3965 1393 4010 tuum
1433 3975 1465 4011 a
1515 3976 1617 4025 me,
1651 3961 1705 4015 id
1731 3970 1941 4017 estnon
1974 3979 2100 4032 pro-

529 4034 835 4107 longaveris
892 4043 1151 4099 auxilium
1178 4050 1595 4106 resurrectionis
1648 4069 1818 4122 usque
1849 4055 1903 4108 in
1944 4070 2098 4110 com-

521 4141 742 4183 munem
771 4133 1249 4201 resurrectionem,
1274 4137 1367 4192 sed
1395 4148 1515 4209 post
1543 4149 1653 4196 tres
1681 4142 1798 4197 dies
1830 4145 2098 4199 resuscita

524 4234 633 4274 me.
658 4220 719 4274 Et
745 4221 898 4290 prius
929 4223 998 4277 ad
1027 4224 1374 4295 defensione»:
1405 4245 1576 4284 meam
1604 4232 1866 4300 conspice,
1898 4247 1966 4287 ne
2002 4248 2097 4288 cc-

521 4311 647 4365 dam
679 4310 733 4365 in
758 4313 1031 4383 passione.
1060 4316 1125 4371 Et
1151 4316 1263 4371 haec
1333 4319 1438 4373 duo
1492 4320 1570 4374 sic
1624 4324 1846 4391 exponit
1890 4323 2099 4391 singula

519 4403 747 4474 singulis
788 4408 1079 4466 reddendo.
1127 4410 1250 4466 Dixi
1283 4430 1295 4465 :
1325 4410 1408 4466 Ne
1458 4413 1783 4484 elangaveris
1840 4416 2100 4469 auxilium

522 4504 669 4551 tuum
702 4515 735 4551 a
762 4514 863 4564 me,
915 4500 966 4554 id
997 4511 1081 4557 est
1114 4520 1127 4556 :
1162 4501 1307 4558 Erue
1344 4522 1376 4557 a
1406 4504 1631 4574 framea,
1664 4504 1826 4572 Deus,
1867 4507 2100 4560 animam

520 4604 715 4654 meam,
739 4605 807 4646 ne
832 4592 1138 4648 detineatur
1163 4594 1216 4648 in
1261 4604 1456 4651 morte.
1489 4596 1556 4650 Et
1593 4597 1737 4652 istud
1793 4598 1935 4653 idem
1969 4597 2101 4652 dicit

522 4678 645 4736 aliis
682 4684 865 4738 verbis
896 4698 958 4738 ex
989 4687 1154 4741 nimia
1182 4686 1488 4755 affectione,
1544 4689 1749 4747 addens
1777 4692 1941 4747 etiam
1970 4708 2099 4747 cau-

524 4786 641 4827 sam
672 4773 790 4828 sic:
824 4773 892 4827 Et
924 4776 988 4829 de
1013 4793 1173 4831 manu
1198 4780 1369 4845 canis,
1420 4781 1472 4836 id
1520 4783 1691 4837 estde
1713 4792 1981 4852 potestate
2009 4784 2101 4838 Ju-

522 4864 663 4920 daici
710 4865 915 4935 populi,
972 4868 1417 4929 irrationabiliter
1479 4874 1817 4937 oblatrantis,
1888 4891 1957 4930 ne
2016 4893 2101 4931 me

522 4957 734 5027 possint
762 4956 1008 5014 detinere
1030 4958 1083 5013 in
1113 4969 1288 5016 morte
1316 4972 1376 5017 ut
1415 4965 1671 5035 cupiunt;
1720 4981 1850 5023 erue
1888 4968 2100 5021 unicam

524 5066 715 5115 meam,
739 5050 793 5104 id
828 5058 914 5105 est
938 5051 1176 5105 animam
1202 5067 1401 5120 meam,
1432 5059 1559 5125 quia
1590 5056 1747 5112 unica
1775 5066 1883 5124 est,
1909 5058 1963 5112 id
2018 5068 2104 5114 est

526 5142 819 5213 singularis
863 5141 1125 5199 bonitatis
1151 5158 1262 5213 pne
1301 5148 1553 5202 omnibus
1596 5146 1740 5202 aliis.
1779 5148 1845 5202 Et
1871 5149 2000 5214 dixi,
2032 5152 2102 5204 ad

526 5237 881 5306 defensionem
904 5252 1075 5290 meam
1103 5238 1363 5306 conspice,
1396 5238 1450 5293 id
1486 5248 1570 5295 est
1608 5239 1756 5293 salva
1802 5256 1883 5294 me
1908 5257 1973 5295 ea:
2014 5258 2103 5297 ore

526 5330 713 5395 leonis,
740 5330 793 5385 id
828 5341 910 5385 est
938 5329 1149 5385 Iudaici
1180 5330 1383 5399 populi,
1434 5346 1611 5386 meam
1637 5332 1984 5387 sanctitatem
2008 5334 2100 5388 de-

529 5438 721 5478 vorare
743 5423 1049 5493 cupientis,
1083 5430 1144 5478 ut
1187 5422 1326 5477 solet
1373 5422 1476 5488 leo,
1521 5438 1590 5477 ne
1628 5424 1716 5478 'eis
1771 5425 1981 5479 cedam.
2035 5425 2103 5480 Et

526 5514 656 5569 illud
689 5514 829 5569 idem
851 5528 917 5569 ex
947 5514 1112 5570 nimia
1159 5512 1445 5570 affectione
1496 5513 1618 5569 aliis
1668 5516 1847 5571 verbis
1885 5516 2098 5585 repetit,

528 5607 776 5663 addendo
802 5623 1020 5663 causam
1068 5608 1147 5663 sic
1197 5625 1212 5661 :
1237 5607 1307 5661 Et
1335 5607 1486 5663 salva
1519 5606 1871 5661 humilitatem
1899 5623 2096 5672 meam,

529 5699 584 5759 id
609 5710 689 5756 est
749 5715 866 5767 tne;
917 5698 1044 5772 quia
1074 5698 1293 5755 humilis
1328 5714 1484 5766 sum;
1538 5716 1568 5753 a
1594 5697 1835 5753 cornibus
1885 5698 2095 5752 unicor-

2196 1881 2313 1935 illos
2329 1880 2544 1946 fratres,
2563 1883 2615 1936 in
2644 1882 2815 1936 medio
2848 1881 3101 1935 Ecclesia-
3117 1897 3215 1951 per
3238 1896 3330 1935 eos
3348 1879 3725 1942 creditnrarJau-

2195 1972 2330 2026 dabo
2357 1983 2425 2038 te,
2479 1973 2531 2027 id
2560 1982 2645 2028 est
2675 1973 2867 2028 faciam
2923 1983 2973 2028 te
3001 1973 3214 2027 laudari
3244 1983 3301 2027 et
3326 1987 3483 2041 opere
3527 1980 3574 2025 et
3598 1971 3724 2024 devo-

2200 2066 2342 2121 tione
2380 2067 2446 2119 ah
2469 2066 2576 2120 illis
2613 2066 2703 2134 qui
2735 2080 2834 2135 per
2880 2080 2975 2120 eos
3004 2073 3132 2119 sunt
3158 2064 3433 2119 credituri.
3460 2061 3722 2118 Uudeidcin

2198 2157 2459 2212 Dominus
2491 2158 2544 2211 in
2573 2156 2902 2227 Evangelio:
2938 2173 2956 2207 ι
3018 2154 3228 2210 Luceat
3271 2155 3361 2209 lux
3383 2163 3551 2207 vestra
3578 2166 3721 2204 coram

2197 2249 2525 2312 hominibus,
2550 2258 2606 2302 ut
2632 2249 2850 2303 videant
2884 2262 3048 2318 opera
3077 2256 3263 2302 vestra
3294 2249 3457 2309 bona,
3484 2253 3534 2299 et
3563 2241 3724 2313 gloriﬁ-

2197 2348 2320 2393 cent
2350 2337 2565 2391 Patrem
2593 2345 2831 2391 vestrum
2862 2337 2953 2407 qui
2986 2337 3038 2390 in
3060 2335 3219 2391 emlis
3248 2343 3334 2390 est
3360 2333 3529 2405 (Matt.
3549 2330 3717 2399 v,l0).t

2267 2429 2420 2483 Facit
2465 2438 2642 2483 autem
2674 2430 3060 2498 apostropham
3092 2428 3159 2482 ad
3210 2428 3332 2482 illos
3373 2426 3461 2496 qui
3499 2422 3714 2479 credituri

2197 2529 2355 2585 sunt;
2387 2520 2610 2575 hortans
2643 2530 2701 2574 ut
2726 2519 2946 2574 laudent
2965 2534 3089 2574 eum
3112 2526 3168 2574 et
3194 2532 3357 2588 opere
3379 2526 3431 2572 et
3453 2515 3714 2577 affectione,

2198 2611 2275 2663 sic
2303 2625 2317 2663 :
2346 2609 2575 2676 Quando
2602 2610 2819 2678 quidem
2852 2610 2977 2679 quia
3006 2609 3391 2664 circumdahor
3410 2616 3462 2663 et
3480 2607 3629 2660 fodiar
3650 2618 3725 2673 pro

2196 2702 2377 2766 vobis;
2413 2717 2509 2770 per
2566 2703 2669 2757 hoc
2697 2702 2909 2772 pariam
2948 2717 3044 2757 vos
3094 2716 3257 2756 veros
3301 2700 3624 2754 laudatores:
3651 2710 3723 2749 vos

2197 2794 2286 2864 qui
2334 2795 2528 2848 timetis
2568 2793 2873 2858 Dominum,
2929 2793 2981 2848 id
3010 2802 3093 2848 est
3119 2794 3215 2863 qui
3248 2792 3409 2847 futuri
3430 2792 3550 2845 estis
3573 2789 3724 2841 timen-

2208 2890 2291 2937 tes
2318 2882 2509 2947 Deum,
2560 2882 2775 2935 laudate
2815 2898 2933 2936 eum
2964 2882 3149 2937 verbis
3176 2893 3232 2937 et
3263 2880 3524 2957 operibus.
3551 2878 3606 2932 Et
3643 2876 3722 2930 hoc

2198 2975 2358 3029 etiam
2370 2974 2608 3043 dicitper
2630 2983 2831 3043 partes,
2847 2973 2957 3030 sic:
2981 2973 3109 3028 Dico
3131 2973 3441 3044 omnes“
3464 2968 3543 3041 qui
3553 2967 3720 3028 timetis,

2201 3065 2408 3121 scilicet
2428 3066 2723 3119 universum
2737 3082 2908 3120 semen
2932 3065 3099 3120 Iacob
3120 3065 3327 3137 glori/ie
3338 3075 3418 3118 ate
3443 3079 3568 3127 eum,
3595 3059 3638 3113 id
3657 3064 3722 3111 est

2200 3173 2296 3213 vos
2307 3173 2495 3213 omnes
2508 3157 2599 3228 qui
2612 3158 2866 3213 credituri
2884 3158 3012 3213 estis
3033 3160 3099 3214 de
3121 3160 3328 3214 semine
3346 3156 3522 3220 Iacob,
3537 3154 3581 3207 id
3593 3149 3720 3206 estde

2198 3246 2422 3302 Iudaico
2434 3247 2645 3317 populo,
2664 3248 2753 3316 qui
2771 3247 3064 3302 luctatores
3076 3247 3231 3301 eritis
3244 3255 3428 3301 contra
3443 3243 3581 3307 vitia;
3613 3240 3721 3295 sicut

2201 3343 2562 3412 ipseluetatus
2577 3353 2659 3397 est
2686 3342 2841 3411 (Gen.
2859 3357 3031 3405 χχχιι,
3048 3340 3164 3410 24),
3191 3340 3476 3412 gloriosum
3498 3331 3721 3391 ostendite

2202 3448 2324 3487 cum
2366 3433 2521 3487 bonis
2552 3433 2805 3503 operibus
2864 3442 2919 3487 et
2954 3432 3334 3487 affectionibus
3356 3441 3409 3486 et
3459 3427 3633 3485 verbis.
3665 3421 3718 3475 Et

2202 3523 2380 3577 timeat
2419 3540 2537 3577 eum
2561 3535 2713 3579 casto
2742 3524 2934 3578 timore
2957 3540 3109 3577 omne
3136 3540 3312 3578 semen
3353 3519 3533 3581 Israel,
3582 3517 3627 3571 id
3658 3523 3721 3568 est

2202 3613 2275 3666 illi
2314 3613 2430 3681 qui,
2454 3627 2575 3667 cum
2609 3613 2719 3667 sint
2744 3613 2809 3667 de
2837 3613 3043 3667 semine
3081 3612 3201 3679 ejus
3243 3611 3428 3676 Jacob,
3459 3606 3605 3662 visuri
3626 3609 3721 3658 sunt

2200 3703 2369 3758 Deum
2404 3704 2457 3758 in
2486 3705 2965 3774 contemplatione,
2992 3704 3223 3773 ideoque
3252 3702 3457 3758 dicendi
3488 3694 3651 3753 Israel.
3673 3691 3719 3745 Et

2200 3793 2342 3847 bono
2371 3808 2469 3847 suo
2493 3792 2788 3848 laudabunt
2814 3802 2869 3849 et
2892 3793 3186 3859 timebunt,
3210 3795 3354 3849 sicut
3375 3806 3469 3860 ego
3493 3788 3615 3842 bono
3629 3795 3721 3838 meo

2201 3899 2321 3939 eum
2356 3884 2567 3939 laudavi
2597 3894 2653 3939 et
2689 3886 2861 3939 timui.
2896 3884 2961 3938 Et
3010 3900 3139 3941 vere
3179 3886 3321 3939 bono
3347 3896 3480 3936 meo.
3506 3874 3720 3943 ραοηίανη

2203 3977 2322 4031 ideo
2350 3992 2453 4029 non
2479 3977 2667 4045 sprevit
2700 3992 2859 4040 neque
2884 3976 3113 4044 despexit
3143 3973 3545 4045 deprecationem
3586 3975 3720 4018 meum

2144 4104 2152 4115 .
2200 4067 2441 4136 pauperis
2456 4066 2816 4135 factipropter
2837 4081 2952 4130 vos,
2982 4077 3041 4119 ut
3069 4066 3147 4119 ait
3170 4063 3483 4135 Apostolus:
3506 4056 3645 4113 «Cum
3659 4051 3721 4105 di-

2201 4174 2293 4213 ves
2309 4166 2472 4221 esset,
2489 4173 2690 4227 pauper
2712 4172 2811 4226 pro
2830 4157 2983 4212 nobis
3000 4156 3175 4211 factus
3189 4164 3294 4220 est,
3312 4165 3369 4208 ut
3395 4155 3443 4207 in
3460 4151 3543 4205 illo
3554 4145 3710 4201 divites

2200 4265 2443 4306 essemus
2497 4248 2578 4319 (Il
2594 4249 2936 4319 Cor.m,9).i
2987 4247 3139 4314 Quod
3168 4260 3252 4303 est
3283 4248 3458 4301 dicere
3482 4260 3493 4295 ε
3516 4238 3631 4305 Quia
3657 4244 3722 4285 me

2201 4351 2445 4396 orantem
2471 4342 2522 4395 in
2550 4341 2797 4410 passione
2822 4357 2927 4396 non
2941 4340 3208 4407 despexit,
3227 4351 3397 4407 neque
3411 4348 3500 4387 vos
3520 4328 3719 4426 imitato-

2136 4441 2177 4496 D
2206 4445 2293 4485 res
2309 4433 2411 4486 mei
2436 4431 2609 4487 factos
2637 4432 2915 4501 despiciet.
2941 4431 3092 4497 Quod
3119 4428 3486 4499 dicit,sprevit,
3513 4422 3717 4488 despexit.

2204 4537 2269 4576 ex
2287 4522 2449 4576 nimia
2471 4520 2753 4578 affectione
2776 4520 2923 4587 facit,
2940 4522 3022 4576 bis
3035 4523 3173 4576 idem
3188 4519 3413 4575 dicendo
3431 4504 3722 4599 aaquipolltillr

2207 4620 2306 4665 ter.
2336 4611 2447 4664 Nec
2477 4612 2661 4664 avertit
2693 4612 2878 4680 {aciem
2914 4628 3066 4665 suam
3114 4628 3145 4664 a
3173 4626 3278 4674 me,
3318 4608 3370 4662 id
3401 4613 3477 4660 est
3503 4614 3595 4655 non
3643 4596 3719 4680 luti

2205 4702 2379 4756 iratus
2407 4701 2537 4755 mihi
2567 4715 2598 4754 a
2634 4679 2985 4755 similitudine
3024 4701 3311 4764 iratorum,
3339 4696 3425 4767 qui
3465 4690 3633 4775 faciem
3667 4679 3720 4775 ab

2205 4792 2273 4846 iis
2296 4806 2433 4860 quos
2460 4790 2585 4846 odio
2628 4790 2832 4845 habent
2859 4797 3135 4852 avertunt,
3169 4788 3324 4857 quasi
3355 4785 3530 4839 dicat:
3561 4771 3717 4828 Dilexil

2205 4897 2309 4937 me.
2337 4880 2404 4934 Et
2440 4883 2563 4936 ideo
2593 4898 2710 4935 cum
2743 4880 3023 4934 clamarem
3058 4879 3125 4932 ad
3152 4895 3291 4943 eum,
3315 4885 3369 4930 et
3394 4883 3542 4941 Opere
3559 4873 3604 4918 et
3622 4872 3716 4911 ver-

2203 4973 2288 5028 bis
2317 4982 2373 5028 et
2400 4972 2706 5036 devotione,
2764 4970 3029 5025 exaudivit
3058 4986 3137 5023 me
3193 4977 3253 5021 ut
3295 4944 3718 5047 impetraremnﬂ'

2205 5066 2399 5122 ciendo
2451 5081 2537 5120 me
2567 5072 2907 5119 constantem
2935 5070 2990 5116 et
3031 5053 3490 5135 resurgereaquia
3512 5046 3716 5111 ευρεηυε

2205 5156 2516 5211 ostenderat
2545 5168 2603 5209 se
2630 5167 2940 5222 passurum,
2973 5163 3040 5205 ne
3065 5149 3268 5203 idcirco
3296 5145 3451 5199 Patre
3492 5134 3715 5225 minoruet

2208 5254 2318 5301 toto
2350 5214 2690 5308 crederetur,
2729 5241 2967 5297 ostendit
2992 5254 3051 5294 se
3078 5239 3157 5293 sic
3189 5214 3713 5319 aequalemqejsefd'x

2203 5298 2344 5403 quod
2364 5298 2598 5386 laudabo
2628 5298 2693 5395 te,
2717 5331 2770 5383 id
2802 5339 2885 5386 est
2901 5328 3093 5382 faciam
3117 5298 3322 5380 laudari
3353 5322 3403 5376 in
3423 5298 3715 5403 Ecclesia?

2204 5387 2309 5480 rion
2332 5425 2501 5480 solum
2529 5434 2582 5478 tu
2612 5422 2920 5478 laudaberis
2935 5418 3310 5489 personaliter,
3340 5411 3429 5466 sed
3454 5401 3577 5501 apud

2203 5524 2287 5569 est
2315 5523 2490 5568 tecum
2532 5513 2638 5567 erit
2665 5513 2782 5564 laus
2811 5486 2951 5565 mea—
2974 5525 3163 5578 magna
3198 5507 3251 5559 in
3286 5498 3527 5558 Ecclesia,
3558 5487 3602 5543 id
3649 5486 3715 5535 θεῖ

2203 5604 2441 5659 Ecclesia
2464 5602 2731 5657 laudando
2750 5611 2800 5655 te
2822 5597 3062 5654 laudabit
3082 5607 3139 5652 et
3159 5611 3261 5670 me.
3275 5612 3294 5645 ι
3326 5592 3431 5661 Ego
3448 5582 3574 5641 enim
3587 5582 3633 5628 et
3647 5579 3709 5631 tu.

2202 5696 2386 5761 Pater,
2412 5708 2575 5750 unum
2594 5689 2973 5760 sumus(Joan.
2991 5705 3045 5759 ι,
3066 5688 3177 5757 30).
3193 5708 3210 5740 ο
3235 5687 3299 5743 Ει
3319 5680 3436 5739 alibi
3454 5677 3500 5732 in
3515 5672 3710 5728 Ειίωιςῡ*
