3838 6328
113 331 192 386 725
1009 321 1372 380 EXPOSITIO
1409 321 1475 376 ΙΝ
1515 314 1848 375 PSALMUS.
1885 344 1957 354 —
1983 319 2178 376 PSAL.
2205 319 2340 377 XXI.

3202 322 3306 380 796

110 448 199 500 lio:
229 460 245 493 ι
274 439 369 508 Qui
399 454 499 494 non
531 436 854 493 bonuriﬁcat
887 436 1106 498 Filium,
1150 452 1253 490 non
1310 434 1633 491 bonoriticat
1659 442 1709 507 Α
1740 432 1841 488 hoc
1866 447 1898 486 a
1935 431 2182 488 tidelibus
2208 430 2493 501 accipitur,
2524 430 2737 500 signum
2766 438 2851 487 est
2870 444 3096 503 corpora
3120 444 3309 489 nostra

110 530 400 600 Patrem,qui
432 528 572 584 misit
594 528 740 582 illum
771 527 954 598 (Joan.
974 526 1183 593 ιιι,25).
1202 546 1220 578 ι
1243 526 1399 581 Etsic
1424 526 1633 580 scilicet

109 624 334 697 perveniet
376 621 441 675 ad
470 621 678 676 laudem
708 635 904 684 meam,
936 621 1059 689 quia
1090 634 1220 687 ergo
1260 618 1474 671 reddam
1514 625 1632 671 vota

107 731 210 767 mea.
229 712 368 778 Quod
390 721 473 765 est
500 712 680 765 dicere
711 727 725 764 :
768 710 902 779 Ego,
930 710 1022 780 qui
1059 709 1126 763 ab
1149 708 1304 763 initio
1334 707 1523 763 devovi
1552 707 1632 762 eis

107 806 156 859 ad
178 802 381 858 salutem
413 816 602 855 eorum
635 814 722 853 me
744 814 942 867 corpus
991 808 1046 852 et
1094 798 1411 867 sanguinem
1445 810 1629 849 meum

106 895 332 955 daturum,
372 892 585 944 reddam
612 898 663 944 et
693 888 780 944 hic
805 891 861 943 in
886 897 1160 958 conspectu
1179 887 1467 941 timentium
1490 902 1630 952 eum,

107 983 144 1037 id
165 991 235 1039 est
259 982 328 1035 ita
354 981 497 1051 quod
545 981 796 1035 timentes
824 995 948 1035 eum
994 979 1235 1043 Patrem,
1266 992 1299 1032 ο
1331 977 1630 1040 auditores,

106 1089 205 1143 pura
249 1072 346 1127 [ide
391 1071 727 1141 conspicient
777 1070 866 1125 illa
915 1078 1061 1135 vota,
1105 1068 1390 1123 credentes
1427 1066 1633 1122 scilicet

105 1169 399 1218 sacramenta
424 1161 698 1215 veraciter
718 1162 770 1215 iu
796 1175 995 1230 corpus
1025 1168 1080 1214 et
1114 1158 1431 1229 sanguinem
1452 1171 1630 1211 meum

105 1252 336 1307 translata.
359 1252 475 1306 Non
502 1253 826 1320 imaginaria
853 1261 1085 1315 tantum,
1122 1250 1419 1319 utquidam
1453 1248 1627 1303 lucre-

104 1346 169 1398 tici
182 1345 295 1399 falso
308 1354 580 1410 asserunt,
595 1344 723 1399 illud
736 1342 1007 1415 Evangelii
1022 1343 1339 1412 exponendo
1353 1353 1629 1407 perverse:

107 1436 225 1491 illoc
255 1435 478 1489 facitcin
521 1450 692 1490 meam
734 1433 1298 1490 commemorationem
1336 1429 1466 1496 (Luc
1494 1445 1629 1492 χχιι,

104 1527 184 1594 l9).
211 1547 224 1577 ι
249 1526 420 1581 Solam
446 1527 592 1580 enim
623 1528 865 1595 corporis
884 1525 1145 1580 Dominici
1165 1532 1327 1591 atque
1353 1521 1633 1590 sanguinis

104 1618 367 1671 memoriam
403 1618 456 1670 in
480 1618 839 1672 sacramentis
865 1616 970 1670 illis
994 1616 1197 1683 absque
1232 1612 1481 1667 realitate
1512 1626 1632 1666 esse

104 1708 373 1777 intelligunt,
405 1710 639 1764 Domino
675 1710 754 1764 eis
775 1708 1133 1763 inclamante:
1164 1725 1181 1758 ι
1209 1705 1320 1759 lloc
1337 1713 1421 1758 cst
1440 1717 1634 1773 corpus

1734 525 2018 593 mortalia,
2064 541 2163 596 per
2206 523 2415 581 Christi
2472 524 2776 592 passionem
2821 539 2943 581 esse
2980 526 3309 596 reparanda.

1732 615 1837 671 Per
1858 617 2137 688 sanguinis
2157 624 2338 671 autem
2364 615 2758 685 acceptionem,
2784 616 3085 671 animarum
3110 616 3306 672 intelli-

1732 707 1911 777 gimus
1937 706 2353 777 reparationem.
2385 704 2543 762 Circa
2580 707 2900 777 sanguinem
2948 721 3178 777 namque
3211 722 3311 776 po-

1732 799 1838 853 tius
1870 799 2051 852 anima
2071 805 2464 852 commoratur.
2505 796 2786 868 Siquidem
2831 797 3309 868 quamvisﬂjsacrao

1730 902 1974 948 mentum
2001 894 2103 949 boc
2130 892 2202 947 sit
2239 891 2295 946 in
2344 901 2530 963 partes
2558 893 2788 948 divisum
2814 934 2829 962 ,
2886 901 3057 949 totum
3083 852 3311 964 ﬂubique

1733 992 1914 1037 tamen
1975 990 2057 1037 est
2108 980 2656 1052 integrum,Andrea
2713 982 2957 1052 apostolo
3013 991 3251 1039 testante
3286 999 3305 1035 :

1737 1092 1755 1125 ‹
1794 1072 1959 1143 Cujus
1983 1087 2178 1128 carnes
2205 1086 2328 1127 cum
2356 1081 2612 1128 comesttc
2654 1073 2766 1128 sint
2788 1088 2819 1128 a
2856 1072 3072 1143 populo,
3100 1083 3152 1129 et
3178 1088 3309 1128 san-

1732 1164 1852 1233 guis
1881 1162 1998 1231 ejus
2021 1163 2093 1218 sit
2130 1162 2343 1218 bibitus
2377 1178 2391 1215 :
2419 1177 2587 1233 agnus
2618 1172 2796 1217 tamen
2829 1163 2921 1231 qui
2967 1164 3320 1219 sacriﬁcatus

1731 1262 1816 1308 est
1851 1253 2059 1323 integer
2096 1260 2405 1321 perseverat
2442 1260 2496 1306 et
2527 1252 2675 1306 vivit.
2725 1271 2743 1305 ι
2778 1250 3071 1321 Sequitur:

1806 1343 1971 1397 Edent
1987 1360 2258 1413 pauperes,
2295 1354 2404 1399 etc.
2434 1343 2588 1410 Quod
2621 1343 2701 1398 sic
2740 1344 3094 1398 continuatur
3125 1359 3143 1397 :
3173 1343 3307 1398 Dico

1732 1436 1857 1505 quia
1889 1436 2108 1489 reddam
2134 1444 2250 1489 vota
2276 1451 2388 1488 mea
2441 1436 2495 1488 in
2536 1444 2825 1503 conspectu.
2854 1434 3165 1487 timentium.
3201 1433 3311 1503 Ipsi

1735 1542 1863 1581 vero
1895 1526 2148 1581 timentes
2167 1540 2233 1582 eo
2258 1534 2575 1595 conspecto,
2604 1525 2749 1579 edent
2776 1524 2907 1578 illud
2935 1539 3185 1592 pauperes
3230 1524 3310 1579 ef-

1734 1617 1856 1672 fecti
1872 1617 2085 1687 spiritu,
2097 1616 2149 1670 id
2163 1624 2246 1671 est
2266 1630 2324 1671 se
2338 1616 2391 1670 in
2416 1615 2594 1670 anima
2620 1614 2983 1680 bumiliantes,
2999 1630 3103 1669 non
3119 1628 3313 1683 super-

1733 1711 1962 1765 bientes.
1986 1708 2061 1763 De
2081 1708 2277 1778 quibus
2303 1708 2356 1762 in
2380 1707 2669 1776 Evangelio
2692 1707 2951 1762 Dominus
2972 1708 3048 1761 ait
3083 1724 3095 1760 :
3121 1726 3138 1758 ‹
3159 1705 3310 1760 Beati

104 1813 255 1862 meum,
279 1799 420 1867 quod
474 1815 576 1869 pro
603 1798 755 1854 vobis
787 1797 1031 1853 tradetur
1062 1796 1273 1866 (Ιὺὶιιι).
1305 1816 1322 1848 ι
1360 1794 1427 1849 Et
1471 1793 1629 1864 paulo
1664 1791 1702 1849 Β
1732 1814 1997 1871 pauperes
2044 1798 2236 1867 spiritu
2291 1796 2661 1869 (Matt.trt,5).
2700 1797 2802 1851 »Εῐ
2827 1797 2950 1867 quia
2983 1813 3089 1852 non
3119 1795 3315 1851 suilicit

102 1896 219 1953 post:
245 1907 259 1937 ι
283 1886 473 1943 llicest
497 1889 719 1958 sanguis
734 1902 902 1951 meus,
922 1888 1010 1956 qui
1043 1902 1140 1955 pro
1199 1885 1353 1939 vobis
1380 1883 1635 1939 fundetur

104 1974 265 2046 (Ibid).
301 1994 319 2028 ι
369 1974 487 2030 Non
522 1977 691 2046 igitur
728 1976 844 2031 haec
866 1966 1114 2045 corporis
1140 1974 1222 2029 sui
1252 1984 1309 2027 et
1355 1972 1635 2044 sanguinis

103 2081 191 2121 esse
236 2069 803 2141 commemorationem
853 2066 937 2123 vel
960 2068 1171 2138 signum
1218 2065 1472 2119 asseruit.
1527 2064 1634 2118 Sed

107 2159 222 2215 «hoc
261 2170 338 2215 est
392 2175 597 2229 corpus
642 2175 851 2222 meum;
924 2178 942 2212 ι
1006 2167 1108 2214 ets
1154 2158 1245 2213 hic
1293 2167 1378 2212 est
1414 2154 1633 2225 sanguis

104 2266 248 2316 meus,
280 2271 297 2302 ι
347 2252 693 2321 apertissime
742 2260 967 2307 testatus
997 2259 1102 2306 est.
1153 2249 1321 2318 Hujus
1356 2263 1485 2304 vero
1511 2262 1633 2303 sen-

105 2343 241 2398 tentia:
264 2358 376 2413 qua:
403 2343 751 2415 subiungitur
783 2361 796 2397 :
830 2363 848 2396 ι
881 2342 991 2398 lloc
1019 2341 1178 2398 facite
1208 2342 1260 2395 in
1293 2356 1470 2396 meam
1484 2355 1634 2395 com-

104 2436 527 2501 memorationem,
567 2455 585 2487 ο
640 2436 906 2491 dubitatio
967 2435 1111 2489 nulla
1188 2434 1531 2504 relinquitur,
1586 2433 1630 2488 si

103 2523 290 2591 Apostoli
314 2525 593 2580 sententia
618 2524 884 2580 catltolice
909 2525 1306 2580 consideratur.
1338 2524 1428 2577 Ait
1448 2522 1591 2577 enim
1615 2540 1628 2576 :

106 2614 552 2685 «Quotiescunque
590 2616 986 2671 manducabitis
1033 2630 1226 2683 panem
1275 2614 1420 2668 hunc
1456 2622 1511 2667 et
1540 2628 1633 2668 ca-

103 2704 217 2759 licem
278 2708 472 2762 bibetis
507 2748 523 2770 ,
619 2716 848 2763 mortem
934 2706 1148 2762 Domini
1233 2704 1624 2760 annuntiabitis

104 2793 136 2861 u
166 2794 264 2849 Cor.
295 2813 348 2861 χ,
378 2796 534 2866 26).»

152 2887 225 2942 Est
252 2889 407 2958 igitur
433 2888 737 2944 Dominica:
766 2885 1033 2958 passionis
1066 2894 1466 2943 sacramentum
1504 2885 1625 2949 hoc,

105 2997 178 3035 non
219 2984 290 3036 sui
309 2985 481 3054 ipsius
539 2982 820 3036 memoria.
845 2981 986 3036 Nihil
1015 2982 1158 3036 enim
1190 2980 1269 3034 sui
1298 2979 1467 3049 ipsius
1510 2989 1632 3031 esse

103 3058 307 3126 memoria
339 3072 719 3143 potest.Panis
750 3081 928 3127 autem
956 3082 1007 3128 et
1038 3073 1218 3125 vinum
1245 3086 1351 3125 non
1370 3077 1629 3138 quantum

108 3163 153 3214 ad
171 3175 421 3231 naturam,
448 3158 843 3234 sed‘quantum
873 3165 939 3219 ad
969 3166 1203 3234 speciem
1243 3171 1297 3218 et
1327 3163 1571 3227 odorem,
1603 3177 1635 3217 a

104 3250 356 3309 Christiana
389 3257 629 3311 veritate
655 3255 928 3310 dicuntur.
962 3254 1037 3308 Illi
1083 3270 1316 3324 namque
1365 3254 1456 3323 qui
1515 3270 1637 3311 car-

104 3360 191 3398 nem
215 3349 260 3401 in
287 3358 440 3405 utero
464 3348 708 3418 Virginis
745 3357 1099 3418 assumptam,
1134 3349 1313 3403 Verbo
1361 3364 1460 3403 suo
1509 3363 1635 3418 per-

107 3438 315 3493 sonaliter
359 3451 416 3495 et
484 3439 834 3494 ineffabiliter
884 3439 1039 3493 unirc
1073 3438 1279 3508 potuit,
1326 3437 1415 3505 qui
1471 3438 1635 3490 etiam

105 3527 303 3582 mortalia
331 3543 569 3598 corpora
608 3538 794 3584 nostra
824 3527 1038 3597 imperii
1087 3527 1168 3581 sui
1200 3525 1443 3596 potentia
1473 3524 1636 3580 faciet

101 3612 405 3684 immortalia;
435 3619 598 3689 panis
628 3630 682 3672 et
710 3619 820 3671 vini
849 3618 1134 3672 materiam
1163 3617 1215 3671 in
1255 3617 1339 3671 sui
1390 3616 1634 3685 corporis

105 3715 143 3755 et
168 3710 423 3777 sanguinis
448 3719 705 3763 naturam
736 3710 1033 3766 transferre
1061 3708 1319 3780 possibile
1348 3709 1633 3779 est.Signa

101 3798 221 3851 etiam
244 3811 585 3855 sacramenta
610 3802 722 3856 baac
751 3811 806 3857 et
830 3802 1056 3872 mystica
1108 3801 1413 3857 rectissime
1436 3815 1635 3856 vocan-

102 3895 163 3941 tur
194 3906 205 3943 :
234 3906 331 3946 non
360 3893 443 3947 sui
477 3891 726 3946 videlicet
751 3892 921 3962 signa,
955 3891 1048 3946 sed
1080 3891 1268 3945 nostri.
1288 3890 1474 3960 Magna
1489 3890 1633 3943 enim

101 3976 137 4029 in
177 3981 242 4036 eis
284 3984 432 4053 signa
471 3993 532 4039 et
584 3984 807 4053 mystica
836 3983 1202 4039 continentur.
1234 3980 1366 4035 Nam
1406 3980 1633 4035 materia

101 4067 183 4138 illa,
205 4074 343 4142 panis
374 4075 590 4131 scilicet
616 4089 682 4129 ex
710 4089 813 4143 qua
844 4088 1042 4142 corpus
1089 4073 1427 4128 Dominicum
1475 4072 1634 4142 spiri-

101 4162 166 4215 tali
190 4164 555 4221 benedictione
584 4166 901 4231 coniicitur,
931 4180 995 4221 ex
1016 4165 1199 4237 granis
1220 4164 1467 4233 plurimis
1493 4164 1633 4219 mola

101 4257 288 4327 attritis,
342 4259 736 4329 conspersione
792 4274 946 4328 aqua)
1011 4257 1374 4327 coniungitur.
1438 4255 1633 4311 Vinum

100 4346 244 4411 etiam,
269 4350 410 4420 quod
466 4350 520 4403 in
568 4349 888 4420 sanguinem
941 4346 1287 4413 transfertur,
1344 4362 1411 4401 ex
1464 4347 1633 4401 acinis

102 4437 261 4503 multis,
299 4441 591 4497 torcularis
622 4450 715 4495 aut
744 4441 972 4511 alicujus
1000 4441 1250 4509 ponderis
1276 4439 1631 4510 impressione

96 4529 349 4586 Conﬁcitur.
397 4533 587 4589 Grana
637 4547 767 4588 vero
803 4542 859 4588 et
912 4532 1065 4587 acina
1113 4532 1380 4586 cultorum
1446 4532 1631 4585 labore

100 4627 378 4684 cooperante
409 4631 805 4692 procreantur;
860 4622 934 4675 ita
974 4629 1028 4676 et
1055 4636 1154 4676 nos
1210 4621 1628 4690 praedicatorum

99 4705 265 4763 cultura
296 4711 347 4766 in
377 4712 486 4767 ﬁde
513 4712 768 4777 recreati;
797 4720 985 4781 postea
1014 4725 1144 4765 vero
1164 4709 1388 4779 jeiuniis
1416 4720 1472 4764 et
1503 4708 1632 4776 vigi-

99 4791 160 4847 liis
196 4798 299 4869 67'
336 4803 512 4857 attriti
538 4818 701 4857 unum
732 4802 1052 4857 coniicimur
1106 4817 1337 4872 corpus,
1382 4800 1630 4855 videlicet

97 4882 274 4955 Christi,
323 4894 714 4964 conspersione
765 4894 1022 4964 baptismi
1075 4901 1433 4962 cooperante;
1485 4893 1629 4948 unde

97 4978 334 5043 Apostolus
397 5003 410 5038 :
474 5003 493 5035 ‹
553 4984 629 5038 Ita
683 4985 836 5039 multi
894 5000 1060 5039 unum
1110 4998 1309 5054 corpus
1341 4998 1529 5038 sumus
1571 4983 1627 5037 in

96 5066 266 5128 Christo
289 5076 466 5145 (Rom.
482 5093 578 5141 xu,
592 5077 669 5146 5).
683 5096 701 5127 ι
722 5077 883 5147 Signa
897 5078 1061 5133 etiam
1079 5077 1235 5131 nobis
1260 5084 1316 5129 et
1333 5075 1493 5129 arrba
1513 5074 1630 5128 hazc

97 5171 387 5220 sacramenta
409 5179 536 5222 sunt
558 5168 904 5223 beatitudinis
931 5177 1167 5231 aeternae,
1187 5182 1285 5237 per
1307 5181 1371 5221 ea
1399 5166 1442 5222 si
1467 5166 1629 5234 digne

96 5256 419 5319 acceperimus
483 5258 877 5327 adipiscendae;
926 5258 1068 5313 unde
1126 5272 1342 5327 quoque
1372 5256 1626 5311 viaticum

97 5335 317 5397 dicuntur.
365 5344 522 5414 Aqua
573 5362 701 5402 vero
754 5348 822 5401 ad
880 5349 982 5403 hoc
1006 5354 1410 5402 sacramentum
1458 5344 1625 5400 conﬁ-

96 5425 301 5487 Ciendum
328 5436 395 5489 ad
412 5437 635 5507 ﬁguram
667 5438 836 5492 nostri
858 5439 988 5493 vino
1011 5437 1384 5508 coniungitur.
1438 5436 1516 5491 Ita
1541 5444 1626 5492 et-

96 5521 206 5576 enim
229 5541 318 5582 nos
343 5530 410 5583 ad
439 5530 816 5601 modumaqua:
843 5530 1019 5585 ﬂuxus
1040 5530 1093 5584 in
1128 5538 1359 5584 mortem
1390 5528 1630 5584 deﬂuen-

100 5616 177 5675 ‘BS.
219 5620 473 5685 passionis
521 5623 811 5695 Dominica:
847 5622 1107 5693 mysterio
1144 5621 1432 5685 efﬁciente,
1470 5621 1627 5675 Chri-

99 5710 162 5756 ⁵ιο
200 5713 372 5777 gratia:
427 5716 710 5785 adoptione
733 5715 1072 5771 cooulamur.
1100 5712 1235 5768 Cum
1278 5727 1404 5767 vero
1427 5726 1631 5782 corpus

1736 1889 2038 1955 comedere,
2061 1887 2240 1942 addit:
2258 1885 2324 1940 Et
2351 1886 2750 1952 saturabuntur,
2766 1886 2817 1940 id
2834 1895 2915 1940 est
2932 1886 3310 1955 replebuntur,

1736 1996 1814 2044 re,
1846 1980 1898 2034 id
1924 1989 2006 2035 est
2043 1977 2345 2049 significato
2372 1987 2841 2035 sacramentorum
2860 1977 3070 2033 scilicet
3097 1976 3315 2031 unitate

1735 2069 1879 2134 fidei,
1920 2069 2034 2139 spei
2068 2079 2125 2125 et
2180 2067 2508 2134 dilectionis,
2552 2083 2671 2137 quae
2703 2082 2800 2138 per
2849 2075 3190 2123 sacramenta
3224 2068 3316 2119 de-

1735 2162 2041 2232 signantur,
2080 2175 2203 2215 cum
2229 2174 2298 2215 ex
2324 2159 2510 2215 multis
2530 2160 2712 2232 granis
2741 2168 2797 2215 et
2818 2158 3014 2223 acinis,
3066 2167 3125 2212 ut
3170 2158 3316 2213 dixi-

1735 2269 1876 2319 mus,
1902 2252 2345 2322 unumquodque,
2371 2266 2539 2306 unum
2560 2251 2691 2321 quid
2719 2249 3004 2306 eiliciatur.
3037 2250 3105 2304 Et
3133 2249 3234 2313 sic,
3260 2249 3316 2302 id

1735 2353 1818 2400 est
1836 2343 2048 2400 edendo
2085 2352 2142 2397 et
2193 2343 2514 2407 saturando,
2564 2341 2855 2395 laudabunt
2904 2341 3187 2395 Dominum
3238 2340 3315 2394 illi

1733 2438 1822 2506 qui
1847 2436 2116 2505 requirunt
2148 2450 2266 2488 eum
2296 2434 2389 2489 tali
2416 2432 2598 2499 laude,
2625 2448 2731 2488 non
2762 2443 2996 2488 terrena.
3022 2432 3176 2500 Quod
3222 2441 3317 2487 est-

1733 2526 1917 2580 dicere
1971 2541 1986 2578 :
2032 2523 2306 2579 Comestio
2356 2522 2449 2577 illa
2503 2532 2558 2577 et
2588 2524 2868 2587 saturatio,
2900 2522 3022 2577 laus
3054 2523 3145 2578 Dei
3185 2522 3319 2577 erit.

1735 2617 1866 2672 Dico
1891 2618 2036 2688 quod
2074 2618 2345 2687 requirunt
2371 2632 2512 2682 eum,
2536 2624 2590 2670 et
2614 2615 2757 2671 bono
2787 2631 2909 2671 suo.
2948 2615 3090 2669 Nam
3147 2615 3321 2669 vivent

1733 2710 1914 2775 corda,
1932 2709 1982 2764 id
1998 2717 2080 2765 est
2093 2709 2287 2763 anima:
2307 2724 2486 2762 eorum
2516 2708 2569 2761 in
2586 2707 2837 2762 surculum
2860 2707 3060 2771 swculi,
3086 2706 3137 2761 id
3155 2713 3237 2761 est
3262 2706 3318 2761 in

1732 2811 2012 2860 aeternum.
2044 2809 2102 2856 ut
2122 2799 2381 2855 Dominus
2406 2798 2462 2852 in
2490 2798 2819 2869 Evangelio:
2851 2818 2869 2849 ι
2892 2797 2994 2865 Qui
3022 2797 3319 2851 manducat

1734 2910 1840 2959 me,
1856 2895 1986 2948 vivit
2008 2903 2227 2964 propter
2243 2907 2327 2947 me
2344 2889 2526 2963 (Joan.
2540 2906 2618 2954 v1,
2630 2891 2740 2960 57).
2757 2889 2901 2944 »Νοη
2928 2888 3071 2958 quod
3087 2902 3317 2957 corpora

1733 2985 1787 3039 in
1825 2984 2006 3037 futuro
2039 2982 2091 3035 in
2123 2988 2387 3036 aeternum
2419 2993 2525 3034 non
2547 2979 2752 3044 vivant,
2778 2978 2870 3034 sed
2891 2993 2921 3033 a
2955 2986 3109 3048 parte
3142 2986 3315 3032 totum

1737 3080 2003 3147 designat.
2029 3076 2163 3144 Quia
2191 3089 2319 3129 vero
2351 3073 2528 3127 anima
2565 3072 2745 3143 potius
2799 3073 2852 3127 in
2883 3072 3047 3127 corde
3070 3071 3314 3127 domina-

1745 3178 1854 3233 tur,
1884 3167 2049 3223 corda
2081 3166 2230 3236 ponit
2252 3179 2349 3234 pm
2376 3164 2681 3219 animabus.
2706 3163 2933 3220 Ostensa
2962 3163 3317 3220 conversione

1737 3257 2047 3313 Judrcorum
2096 3256 2186 3311 ubi
2213 3256 2351 3310 dixit
2384 3272 2397 3309 :
2435 3253 2637 3309 Timent
2663 3271 2781 3309 eum
2809 3271 2960 3309 omne
2988 3272 3163 3309 semen
3226 3254 3317 3308 Is-

1737 3352 1867 3418 rael,
1887 3350 2271 3414 etc.,ostendit
2293 3357 2349 3404 et
2372 3348 2613 3420 gentium
2636 3345 3045 3401 conversionem
3076 3346 3176 3413 sic,
3199 3361 3309 3401 non

1737 3443 2075 3498 solummodo
2102 3457 2273 3496 semen
2290 3438 2483 3503 Israel,
2500 3447 2556 3495 et
2575 3436 2743 3493 Iacob
2765 3437 3031 3492 timebunt
3056 3451 3201 3502 eum,
3220 3438 3322 3492 sed

1737 3536 1965 3590 uniuersi
1988 3534 2116 3603 ﬁnes
2145 3544 2319 3596 terrae,
2353 3532 2405 3587 id
2434 3541 2518 3588 est
2564 3530 2748 3586 multae
2778 3538 2968 3600 gentes
2995 3529 3062 3584 de
3101 3529 3315 3582 univer-

1736 3626 1813 3682 sis
1854 3625 2054 3679 ﬁnibus
2087 3634 2244 3679 terrae
2287 3622 2707 3678 rcminiscentur
2755 3620 3001 3685 Domini,
3054 3634 3213 3689 quem
3260 3619 3313 3674 in

1735 3717 1904 3771 Adam
1927 3723 2386 3786 cognoverunt,ct
2408 3723 2592 3783 postea
2623 3728 2720 3784 per
2747 3712 3067 3784 originalem
3099 3710 3313 3781 culpant

1735 3818 1789 3863 et
1823 3806 2188 3862 inﬁdelitatem
2221 3805 2476 3861 oblivioni
2500 3804 2859 3859 tradiderunt.
2887 3802 2953 3857 Et
2980 3802 3061 3858 sic
3102 3818 3314 3857 conver.

1736 3905 1911 3951 tentur
1930 3898 1998 3950 ad
2024 3893 2302 3948 Dominum
2333 3893 2436 3947 ﬁde
2465 3901 2519 3947 et
2542 3892 2883 3961 poenitentia.
2932 3890 2999 3945 Et
3028 3898 3149 3960 post
3190 3891 3310 3943 uni-

1734 4002 1896 4042 uersa:
1944 3985 2168 4055 familia:
2206 3984 2460 4055 gentium,
2518 3983 2570 4036 id
2601 3991 2686 4036 est
2726 3981 2881 4036 multi
2929 3981 2995 4035 de
3045 3981 3313 4035 universis

1737 4077 1955 4131 familiis
2007 4076 2281 4147 gentium;
2329 4076 2397 4129 de
2422 4072 2689 4128 nobilibus
2720 4072 2929 4127 scilicet
2965 4081 3019 4126 et
3059 4071 3313 4127 innobili-

1736 4168 1857 4233 bus,
1881 4166 2174 4221 adorabunt
2202 4163 2508 4228 Dominum,
2540 4162 2593 4217 id
2619 4170 2700 4217 est
2729 4161 3129 4218 venerabuntur
3190 4158 3312 4211 lau-

1736 4257 1802 4312 de
1830 4266 1885 4312 et
1907 4272 2093 4326 opere,
2116 4253 2559 4324 secognoscendo
2584 4261 2885 4307 creaturam
2905 4290 2920 4316 ,
2948 4250 3095 4307 illum
3127 4258 3309 4303 autem

1736 4364 1855 4405 esse
1875 4348 2209 4403 Creatorem.
2244 4347 2373 4401 Dico
2410 4343 2704 4397 adorabunt
2752 4340 3038 4396 existendo
3089 4341 3153 4393 in
3182 4355 3319 4392 con-

1734 4448 1910 4509 spectu
1936 4439 2069 4507 ejus,
2104 4436 2154 4490 id
2182 4444 2266 4489 est
2292 4448 2506 4503 semper
2532 4432 2600 4486 de
2630 4446 2695 4487 eo
2726 4440 3074 4499 conspectum
3103 4430 3311 4483 baben-

1734 4537 1833 4592 tes,
1863 4537 1916 4582 et
1941 4540 2212 4595 nunquam
2243 4529 2652 4594 postponentes.
2694 4519 2793 4576 Vel
2843 4517 3136 4573 adorabunt
3191 4533 3310 4571 eum

1730 4620 1785 4673 in
1811 4627 2083 4686 conspectu
2119 4616 2255 4685 ejus,
2294 4615 2346 4669 id
2375 4622 2458 4669 est
2500 4613 2553 4667 in
2596 4612 2776 4665 anima
2812 4624 2973 4681 quam
3022 4609 3135 4679 ipse
3163 4607 3313 4663 solus

1730 4706 1993 4775 conspicit
2024 4719 2039 4758 :
2070 4711 2126 4759 et
2182 4703 2226 4758 si
2280 4715 2495 4772 semper
2541 4701 2594 4755 in
2640 4698 2893 4770 operibus
2929 4697 3158 4753 adorare
3207 4713 3331 4751 ne-.

1729 4804 1951 4867 queunt.
1985 4794 2052 4849 Et
2098 4792 2291 4848 merito
2332 4789 2659 4855 adorabunt,
2686 4788 2932 4859 quoniam
2974 4786 3186 4847 Domini
3231 4794 3308 4840 est

1730 4903 1986 4959 regnum:
2016 4885 2266 4955 gentium,
2298 4882 2504 4939 scilicet
2533 4881 2678 4951 quod
2728 4882 2880 4952 prius
2919 4889 3043 4934 erat
3078 4878 3303 4934 diaboli.

1729 4980 1797 5036 Et
1846 4985 1966 5049 post
1986 4977 2127 5031 idem
2155 4976 2283 5042 ipse,
2311 4975 2363 5029 id
2384 4982 2466 5029 est
2493 4972 2766 5037 Dominus,
2800 4970 3157 5026 dominabitur
3181 4987 3311 5039 gen-

1730 5070 1885 5134 tium,
1924 5083 2030 5123 non
2081 5065 2348 5130 diabolus,
2386 5064 2479 5133 qui
2537 5064 2685 5133 prius
2716 5062 3112 5117 dominabatur.
3175 5061 3327 5116 Dico-

1728 5163 1870 5233 quod
1895 5168 2277 5217 convertentur
2303 5168 2359 5212 et
2379 5155 2701 5211 adorabunt.
2728 5154 2792 5208 Et
2822 5154 2901 5208 sic
2953 5152 3304 5211 manducaue-

1730 5264 1873 5319 runt,
1897 5254 1947 5308 id
1974 5262 2055 5308 est
2085 5249 2503 5311 manducabunt,
2537 5255 2662 5302 vota
2702 5260 2821 5301 mea
2842 5243 3162 5309 scilicet,,et
3178 5250 3301 5311 post

1728 5346 2096 5411 adoraverunt,
2128 5346 2178 5401 id
2206 5354 2291 5401 est
2310 5346 2631 5401 adorabunt.

1799 5437 1913 5491 Hoc
1942 5452 2073 5491 vero
2104 5436 2243 5492 idem
2265 5445 2349 5492 est
2370 5451 2492 5491 cum
2520 5436 2622 5490 hoc
2650 5430 2797 5501 quod
2840 5425 3095 5497 superius
3138 5425 3299 5491 dixit,

1728 5529 2131 5584 saturabuntur.
2168 5526 2320 5593 Quod
2382 5534 2466 5581 est
2513 5525 2714 5586 dicere,
2752 5519 3072 5581 adorabunt,
3125 5516 3179 5572 id
3214 5523 3300 5570 est

1725 5622 2129 5676 venerabuntur
2162 5636 2176 5674 :
2215 5618 2402 5687 repleti
2432 5630 2490 5669 re
2517 5611 2867 5677 sacramenti,
2896 5609 2948 5664 id
2977 5616 3061 5663 est
3091 5607 3305 5662 unitate

1730 5712 1875 5779 fidei,
1905 5719 1957 5764 et
1990 5710 2125 5781 spei,
2151 5706 2553 5771 etdilectimtis,
2586 5719 2705 5774 qua:
2744 5717 2842 5774 per
2890 5704 3305 5761 sacramentum
