3838 6328
537 298 641 354 727

1100 301 1158 358 Β.
1197 267 1544 362 BDUNONIS
1574 307 2216 368 CARTHUSIANORUM
2244 314 2729 375 lNSTlTUTORlS
2769 317 2919 375 OPP.
2952 319 3134 378 PARS
3173 325 3211 380 Ι.
3637 331 3722 389 ’ΠΒ

534 419 595 464 ut
628 411 865 467 diximus
892 454 908 479 ,
940 415 1272 486 designatur.
1315 416 1443 473 Dico
1490 422 1892 478 manducabunt
1931 433 1985 478 et
2014 427 2107 479 ad-
2140 431 2180 488 Α
2215 429 2473 487 reﬁcitur.
2531 435 2803 506 Baptisms
2851 455 3068 510 quoque
3139 449 3451 495 caelerorum
3505 452 3724 500 honora

533 504 766 557 orabunt
780 520 954 558 omnes
977 507 1192 576 pingues
1220 518 1392 574 terrae,
1411 509 1462 564 id
1477 519 1559 566 est
1573 527 1761 567 omnes
1774 516 1951 571 omnis
1965 517 2105 571 modi

533 593 728 648 divites
771 595 822 648 in
873 599 1127 664 terrenis,
1167 614 1271 654 non
1319 601 1656 658 solummodo
1710 609 1994 674 pauperes.
2049 609 2105 663 Si

535 684 680 736 etiim
710 686 808 739 soli
859 703 1124 756 pauperes
1177 692 1454 744 adoraturi
1513 702 1569 748 et
1613 695 1854 751 salvandi
1885 709 2061 753 essent
2089 741 2104 767 ,

533 788 642 828 non
675 778 864 846 utique
891 778 1090 835 Paulus
1134 785 1408 851 apostolus
1437 787 1502 840 ad
1554 788 1928 843 instruendum
1979 806 2105 856 eos,

531 863 628 918 disi
647 859 850 934 ipulum
874 883 1030 922 suum
1061 871 1140 925 sic
1162 874 1474 930 admoneret
1499 893 1512 929 :
1543 893 1560 927 ι
1590 875 1831 946 Ρηιξρίρθ
1853 879 2108 935 divitibus

531 949 689 1023 hujus
719 953 919 1018 seculi,
948 972 1053 1012 non
1078 961 1311 1029 superbe
1336 978 1528 1032 sapere
1567 964 1619 1034 (Ι
1637 965 1771 1020 Tim.
1789 969 1985 1038 vt,l7).
2003 989 2020 1020 ι
2044 970 2108 1024 Ει

528 1040 813 1101 benedixit
829 1048 1044 1114 pingues
1058 1055 1228 1114 terrw,
1246 1067 1350 1105 non
1365 1054 1574 1121 spiritu.
1598 1054 1829 1124 Pingues
1846 1067 1898 1110 et
1915 1057 2106 1113 divites

527 1130 719 1198 Spiritu
737 1142 880 1198 sunt,
911 1136 1002 1203 qui
1025 1139 1092 1193 de
1122 1143 1352 1197 terrenis
1376 1145 1854 1213 superbiunt,etiu
1869 1150 1950 1204 eis
1971 1159 2028 1204 ut
2053 1153 2106 1205 in

475 1257 477 1260 -
529 1234 662 1274 vero
680 1222 822 1277 bono
843 1225 1114 1296 «spem
1142 1232 1654 1304 ponunt.Pauperes
1686 1247 1862 1291 autem
1895 1241 2104 1307 spiritu,

531 1309 624 1376 qui
677 1311 777 1366 etsi
831 1315 1062 1371 terrenis
1104 1319 1382 1376 abundant
1438 1339 1542 1377 non
1595 1325 1717 1379 inde
1761 1329 2105 1397 superbiunt,

476 1439 481 1462 ς
533 1413 710 1467 neque
737 1416 886 1471 Spem
935 1415 1178 1473 ponunt:
1213 1410 1304 1463 sed
1330 1410 1692 1482 indigentibus
1710 1428 1771 1467 ea
1805 1415 1950 1486 large
1999 1417 2107 1471 dis-

477 1491 483 1548 i
537 1490 801 1547 tribuunt.
835 1494 964 1549 Dico
983 1497 1124 1566 quod
1153 1500 1370 1568 pingues
1384 1501 2106 1561 adorabunt.0nmesautem

528 1584 618 1652 qui
642 1581 958 1641 descendunt
989 1589 1043 1642 in
1073 1600 1286 1656 terram,
1311 1591 1362 1645 id
1390 1599 1474 1646 est
1501 1591 1554 1645 in
1595 1603 1808 1647 terrena
1837 1596 2104 1653 desideria

531 1683 768 1741 tantum,
807 1679 1002 1734 cadent
1032 1681 1084 1736 in
1115 1691 1344 1737 mortem
1371 1682 1595 1739 scilicet.
1630 1684 1697 1739 Et
1739 1686 1826 1740 hic
1861 1697 1942 1742 est
1973 1705 2103 1743 cou-

528 1776 684 1822 staus
709 1768 762 1821 in
779 1783 1053 1834 conspectu
1075 1773 1221 1842 ejus;
1253 1775 1556 1845 cuicunque
1585 1792 1689 1830 non
1723 1778 1794 1832 sit
1817 1777 2102 1835 constans.
2139 1765 2180 1818 Β

528 1857 658 1912 Dico
683 1859 825 1927 quod
854 1861 929 1914 illi
958 1864 1178 1928 cadent;
1209 1874 1256 1918 et
1288 1866 1464 1918 anima
1498 1883 1634 1930 mea,
1654 1867 1704 1921 id
1730 1879 1811 1921 est
1835 1885 2100 1936 meorum,

529 1947 607 2002 illi
653 1949 981 2006 adluereudo
1005 1977 1018 1993 -
1042 1953 1188 2006 vivet.
1253 1954 1387 2018 Quia
1437 1953 1746 2010 Judaeorum
1779 1966 1832 2010 et
1863 1960 2100 2026 gentium

527 2045 938 2099 conversionem
963 2045 1296 2110 ostenderat,
1328 2064 1395 2102 ne
1419 2058 1735 2117 putaremus
1760 2051 1899 2118 quod
1925 2052 2102 2105 inuno

525 2141 675 2186 statu
710 2144 916 2190 tantum
939 2149 1120 2192 essent
1153 2157 1167 2192 :
1221 2139 1321 2195 hoc
1372 2142 1611 2195 ostendit
1642 2143 1722 2196 sic
1775 2159 1868 2211 per
1903 2145 2102 2200 multas

525 2225 906 2290 generationes
934 2228 1072 2284 banc
1099 2231 1507 2286 conversionem
1537 2231 1774 2286 futuram
1827 2249 1998 2304 usque
2047 2237 2098 2289 in

526 2312 689 2367 ﬁnem
715 2318 899 2372 mundi
940 2319 1005 2373 de
1035 2322 1384 2388 generatione
1430 2325 1482 2377 iu
1514 2327 1940 2393 generationem.
1976 2328 2102 2383 Dico

525 2403 669 2470 quod
692 2405 868 2458 anima
895 2422 1139 2462 meorum
1169 2411 1296 2464 vivet
1335 2412 1436 2466 illi.
1469 2413 1534 2466 Et
1568 2429 1663 2481 per
1692 2415 1903 2470 illorum
1955 2433 2100 2472 meo-

522 2504 644 2545 rum
673 2491 1109 2561 praedicationem
1131 2538 1143 2561 ,
1175 2515 1346 2552 semen
1370 2516 1541 2555 meum
1563 2504 1745 2556 serviet
1771 2505 1908 2573 ipsi,
1939 2506 1990 2566 id
2017 2517 2101 2561 est

524 2579 619 2634 lilii
675 2596 864 2637 eorum
893 2585 1198 2644 imitatores
1234 2591 1490 2648 bonitatis
1511 2608 1721 2658 eorum,
1741 2611 1836 2665 per
1860 2597 2098 2666 ipsorum

525 2672 968 2742 praedicationem
1027 2681 1268 2736 servient
1297 2681 1421 2750 ipsi,
1454 2695 1510 2739 ut
1541 2685 1746 2740 vivant.
1800 2689 1865 2742 Et
1904 2690 2098 2743 iterum

522 2777 620 2833 per
645 2764 773 2819 illud
795 2780 979 2822 semen
1005 2773 1406 2827 annuntiabilur
1433 2774 1658 2830 Domino
1681 2781 1946 2848 generatio
1972 2796 2099 2834 ven-

524 2864 667 2911 tura.
700 2856 830 2924 Quae
853 2863 1237 2931 compendiosa
1287 2868 1465 2921 oratio
1511 2868 1588 2922 sic
1647 2870 1968 2926 resolvitur:
1997 2873 2100 2927 Per

522 2947 987 3004 annuntiationem
1054 2953 1454 3023 praedicationis
1513 2957 1655 3012 illius
1707 2961 1932 3015 seminis
1965 2976 2096 3016 cou-

524 3042 769 3089 vertetur
816 3036 885 3090 ad
939 3037 1226 3095 Dominum
1253 3041 1358 3096 alia
1388 3046 1665 3113 generatio
1697 3057 1923 3102 ventura
1973 3059 2098 3118 post

527 3123 655 3177 illud
691 3140 897 3181 semen.
931 3128 1002 3183 Et
1052 3132 1272 3198 quidam
1325 3133 1392 3187 de
1429 3135 1520 3190 illa
1563 3139 1912 3204 generatione
1974 3138 2102 3194 facti

527 3216 659 3279 caeli,
694 3219 746 3272 id
777 3229 861 3275 est
907 3223 1272 3292 complutores
1327 3235 1380 3281 et
1413 3229 1797 3296 praedicatores
1847 3231 2099 3295 aliorum,

520 3311 1330 3386 aniiuiitiabunljustitiamejus,
1347 3318 1400 3372 id
1413 3319 1650 3388 estiusta
1673 3334 1939 3392 praecepta
1954 3323 2101 3392 ejus:

525 3397 615 3451 alii
655 3401 848 3469 populo
873 3405 964 3472 qui
995 3416 1116 3474 post
1141 3423 1235 3462 eos
1283 3424 1546 3478 nascetur,
1568 3429 1720 3482 quem
1752 3415 1873 3482 fecit
1911 3415 2098 3468 Domi-

525 3500 644 3550 nus,
673 3487 726 3541 id
752 3497 838 3544 est
873 3506 1030 3560 quem
1065 3494 1324 3562 disposuit
1345 3497 1464 3564 .jam
1490 3514 1612 3555 esse
1637 3503 1978 3558 salvandum.

963 3583 1029 3636 ΙΝ
1067 3584 1394 3640 PSALMUM
1436 3589 1598 3644 ΧΧΙΙ.

594 3665 812 3722 Titulus
839 3670 1082 3739 vigesimi
1120 3676 1364 3730 secundi.
1399 3674 1644 3734 Psalmus
1682 3681 1875 3747 Dauid,
1917 3685 1967 3738 id
2016 3696 2099 3740 est

523 3755 791 3826 ﬁdelium,
830 3762 898 3814 de
930 3762 1126 3830 quibus
1175 3768 1517 3823 enuntiatum
1574 3781 1658 3825 est
1709 3774 1762 3827 in
1827 3775 2095 3844 superiori

522 3846 733 3916 psalmo
787 3853 930 3918 quod
961 3853 1219 3908 credituri
1269 3869 1453 3913 essent
1481 3869 1534 3914 et
1573 3862 1870 3918 adoraturi.
1913 3867 1981 3920 Et
2029 3867 2098 3920 ad

433 3967 438 3973 ι
519 3940 934 3998 instructionem
968 3959 1346 4002 successorum
1369 3953 1607 4008 ostendit
1630 3955 1888 4008 beneﬁcia
1940 3957 2039 4010 sibi
2067 3973 2096 4010 a

523 4031 637 4087 Deo
673 4034 887 4102 collata,
921 4045 978 4088 ut
1004 4045 1060 4091 et
1089 4037 1187 4106 ipsi
1221 4039 1287 4092 ad
1315 4042 1431 4097 haec
1457 4043 1593 4098 bene
1639 4046 1865 4100 vivendo
1914 4047 2094 4101 nitan-

525 4133 635 4178 tur.
666 4123 860 4181 Postea
889 4141 1019 4182 vero
1042 4131 1424 4199 apostropham
1455 4131 1737 4188 faciuntad
1767 4135 1958 4201 Deum,
1981 4152 2098 4206 gra-

521 4215 724 4270 tiarum
769 4217 1042 4272 actionem
1093 4227 1322 4288 agentes
1372 4223 1441 4277 de
1489 4223 1770 4280 beneﬁciis
1801 4226 2094 4296 impensis,

515 4305 660 4361 unde
696 4308 880 4364 dicunt
909 4325 923 4362 :

2211 519 2620 581 l'umlamentum
2659 539 2740 584 est
2767 540 2822 584 et
2850 532 3087 584 initium.
3113 531 3177 584 Et
3203 546 3308 584 non
3345 531 3508 585 solum
3534 534 3724 588 colloca-

2215 613 2304 677 vit,
2362 617 2626 685 educavit,
2669 631 2722 676 et
2763 624 3048 689 convertit;
3093 625 3187 679 sed
3236 623 3398 677 etiam
3436 625 3627 678 deduxit
3673 628 3726 681 de

2211 704 2411 761 virtute
2445 709 2498 764 in
2554 712 2836 778 virtutem,
2878 715 2942 769 de
2966 717 3104 770 bona
3137 716 3449 784 operatione
3471 715 3530 767 ad
3563 716 3726 769 bonam

2208 802 2598 864 operationem.
2634 802 2729 858 Vel
2759 806 2973 860 deduxit
3001 821 3068 860 ne
3105 805 3352 860 deliciam
3383 821 3467 859 me
3502 807 3727 859 constitu-

2210 897 2320 940 tum
2355 905 2516 960 super
2548 897 2796 950 semitam
2828 896 3078 966 justiiiw,
3137 898 3188 952 id
3220 907 3304 952 est
3341 911 3496 965 super
3540 898 3732 950 virtutes

2208 988 2264 1035 et
2300 997 2466 1052 opera
2500 986 2640 1040 bona
2661 1003 2780 1058 quae
2803 997 2929 1043 sunt
2961 998 3126 1044 arctae
3149 989 3245 1042 vis:
3258 990 3323 1043 ad
3355 989 3526 1041 titam.
3548 987 3730 1042 Etbene

2208 1073 2362 1139 ponit
2388 1085 2562 1145 super.
2605 1077 2740 1132 Nam
2769 1095 2890 1133 cum
2916 1080 2968 1134 in
2992 1081 3290 1150 primiseis
3319 1079 3548 1135 diiliciles
3602 1080 3733 1133 nimis

2209 1175 2388 1230 erant,
2418 1179 2547 1223 tunc
2601 1173 2793 1226 subtus
2839 1189 2962 1227 esse
3021 1175 3123 1227 dici
3171 1181 3447 1243 poterant,
3489 1171 3534 1224 id
3579 1179 3648 1223 est
3679 1171 3731 1224 ab

2207 1257 2470 1310 exercitio
2537 1274 2725 1314 eorum
2777 1259 3353 1340 eorpora!i:er_a21igi
3417 1269 3468 1312 et
3523 1261 3730 1331 deprimi.

2208 1343 2340 1398 Cum
2374 1362 2502 1402 vero
2524 1348 2637 1417 jam
2671 1352 2722 1405 in
2749 1368 2848 1406 usu
2885 1353 3176 1418 habentur,
3203 1362 3260 1408 et
3289 1369 3393 1407 non
3430 1353 3554 1406 adeo
3584 1350 3731 1405 dilbci-

2206 1435 2288 1490 les
2309 1449 2464 1504 sunt;
2525 1451 2652 1497 tunc
2681 1443 2866 1500 ﬁdeles
2905 1460 3069 1515 super
3097 1461 3190 1500 eas
3236 1461 3359 1500 esse
3397 1445 3644 1522 dicuntur,
3687 1443 3726 1495 id

2208 1537 2291 1582 est
2322 1529 2374 1583 in
2397 1545 2494 1586 suo
2529 1531 2654 1600 jure
2681 1543 2960 1603 promptas
3015 1535 3237 1599 habere,
3291 1533 3544 1601 adiutrice
3582 1543 3728 1587 tamen

2207 1620 2378 1688 gratia
2405 1632 2754 1690 cooperante.
2772 1623 2901 1679 Dico
2925 1626 3066 1695 quod
3091 1642 3170 1679 me
3193 1626 3408 1678 deduxit
3457 1625 3514 1678 Et
3539 1624 3627 1676 hoc
3647 1638 3730 1675 non

2207 1722 2426 1780 propter
2455 1714 2647 1769 nterita
2679 1729 2818 1779 mea,
2853 1716 2948 1770 sed
2981 1726 3193 1784 prepter
3226 1732 3411 1769 nomen
3465 1731 3604 1767 suum
3644 1728 3732 1765 tua-

2205 1799 2595 1868 gniﬁcaudum.
2625 1801 2691 1856 Et
2725 1817 2828 1856 non
2860 1804 3033 1858 solum
3070 1804 3313 1866 deduxit,
3360 1803 3451 1857 Sed
3482 1803 3636 1855 adhuc
3659 1803 3730 1852 de-

2205 1890 2373 1946 ducit.
2407 1892 2474 1946 Et
2510 1889 2760 1950 hocinde
2804 1913 2816 1947 :
2867 1894 3005 1949 Nam
3029 1912 3128 1966 ego
3165 1913 3268 1950 non
3294 1896 3480 1949 timebo
3512 1894 3654 1954 mala,
3690 1893 3728 1945 id

2205 1993 2287 2037 est
2318 1985 2562 2054 exempla
2586 1996 2638 2040 et
2679 1988 3059 2056 persuasiones
3104 1988 3468 2048 inimicorum,
3495 1987 3569 2039 Vel
3590 1987 3727 2038 tribu-

2206 2071 2436 2127 lat'ones
2462 2077 2528 2129 ab
2565 2077 2647 2131 eis
2675 2077 2871 2132 illatas.
2902 2079 2968 2132 Et
3017 2079 3063 2131 si
3105 2078 3436 2132 ambulavero
3477 2077 3603 2130 viam
3633 2077 3728 2128 vita:

2203 2161 2385 2231 hujus,
2417 2165 2468 2219 id
2518 2174 2600 2220 est
2658 2168 2905 2236 quamvis
2940 2184 3237 2222 converser
3277 2169 3332 2220 in
3388 2169 3548 2222 medio
3567 2168 3728 2219 umbrae

2206 2253 2417 2318 mortis,
2444 2253 2494 2308 id
2517 2264 2598 2310 est
2630 2257 2772 2310 inter
2795 2257 3030 2326 iniquos,
3058 2257 3150 2328 qui
3180 2268 3306 2311 sunt
3337 2257 3516 2310 uinbra
3549 2256 3724 2317 mortis,

2205 2343 2257 2396 id
2315 2352 2399 2397 est
2443 2343 2622 2414 frigidi
2653 2362 2682 2398 a
2743 2346 2923 2402 caiore
2957 2349 3131 2402 sancti
3160 2347 3414 2416 Spiritus,
3453 2355 3504 2400 et
3544 2344 3721 2400 obscuri

2203 2435 2257 2490 in
2308 2437 2607 2503 intellectu,
2642 2439 2784 2493 sicut
2833 2443 3022 2495 umbra
3054 2440 3250 2508 frigida
3283 2449 3366 2496 est
3407 2451 3460 2495 ct
3501 2440 3722 2501 obscura;

2203 2535 2256 2581 et
2283 2527 2418 2582 alios
2445 2528 2508 2582 ad
2541 2539 2766 2583 mortem
2794 2539 3074 2595 (sternam,
3097 2532 3364 2602 exemplis
3386 2541 3436 2586 et
3462 2530 3723 2600 persuasio-

2202 2618 2360 2673 nibus
2381 2619 2493 2673 suis
2524 2620 2637 2692 69
2663 2621 3010 2684 deducentes,
3040 2623 3181 2677 sicut
3220 2624 3409 2677 umbra
3432 2622 3608 2676 herbas
3637 2634 3730 2688 qute

2202 2709 2301 2763 sub
2324 2723 2380 2763 se
2403 2709 2490 2763 ditt
2521 2719 2644 2765 sunt
2659 2712 2942 2766 interimit.
2963 2713 3027 2766 Et
3049 2713 3170 2767 ideo
3188 2730 3292 2765 non
3309 2712 3490 2766 timebo
3511 2711 3725 2764 malisce-

2202 2813 2321 2852 rum
2350 2797 2490 2853 ﬂecti
2512 2840 2525 2863 ,
2554 2801 2802 2870 quoniam
2828 2811 2882 2854 tu
2899 2802 2988 2870 qui
3015 2802 3362 2870 omnipotens
3383 2810 3483 2866 est,
3506 2816 3672 2853 mecum
3685 2815 3727 2851 es

2203 2896 2257 2941 ut
2292 2889 2632 2944 corrobores.
2687 2890 2850 2957 Quasi
2901 2891 3050 2945 dicat
3091 2908 3104 2944 :
3155 2887 3270 2945 Non
3307 2908 3368 2946 ex
3404 2906 3485 2946 me
3509 2891 3591 2945 sed
3609 2905 3662 2942 ex
3687 2899 3724 2941 te

2201 2979 2463 3051 contingit
2486 2981 2753 3037 securitas
2789 2983 2910 3037 ista.
2940 2983 3156 3038 Diceret
3187 2983 3389 3053 aliquis
3432 3001 3445 3036 :
3497 2981 3595 3037 Cur
3623 2980 3728 3033 dicis

2129 3097 2175 3158 ς
2210 3080 2263 3126 te
2318 3087 2426 3125 non
2465 3073 2657 3128 timere
2688 3074 2865 3127 mala?
2895 3074 3100 3129 Saltem
3147 3075 3527 3130 tribulationes
3563 3074 3726 3137 times,

2207 3174 2326 3230 quze
2353 3161 2490 3215 mala
2517 3172 2672 3224 sunt;
2701 3164 2986 3232 respondet
3021 3181 3035 3217 :
3073 3163 3212 3217 Non.

2276 3250 2410 3304 Nam
2440 3252 2584 3320 virga
2619 3261 2731 3314 tua,
2767 3253 2818 3305 id
2864 3261 2947 3306 est
2985 3254 3160 3308 minor
3196 3254 3492 3319 tribulatio,
3526 3267 3629 3321 qua:
3664 3251 3727 3305 di-

2205 3339 2429 3408 sciplina
2459 3348 2546 3392 tua
2567 3349 2651 3393 est
2678 3355 2774 3409 per
2799 3355 2960 3410 quam
2990 3344 3215 3413 corrigis
3243 3355 3303 3398 et
3330 3347 3513 3410 doces;
3533 3355 3574 3396 el
3604 3343 3726 3396 bacu-

2204 3428 2285 3482 lus
2315 3440 2456 3493 tuus,
2499 3428 2549 3483 id
2593 3439 2675 3484 est
2715 3431 2887 3500 major
2935 3433 3230 3498 tribulatio,
3275 3449 3373 3498 per
3399 3448 3547 3503 quam
3573 3433 3726 3486 iterum

2203 3537 2290 3575 me
2337 3521 2654 3591 llagellaudo
2701 3523 2969 3592 castigas;
3021 3525 3134 3594 ipsa
3185 3539 3309 3594 qua:
3355 3525 3642 3579 viderentur
3663 3535 3730 3571 me

2201 3613 2542 3682 perturbare,
2593 3614 2770 3682 potius
2807 3631 2888 3668 me
2923 3616 3188 3668 consolata
3229 3626 3376 3681 sunt,
3417 3630 3531 3670 cum
3572 3628 3653 3683 per
3679 3624 3728 3664 ea

2202 3703 2492 3774 intelligam
2543 3721 2631 3760 me
2675 3721 2704 3759 a
2736 3706 2944 3761 delictis
2977 3708 3110 3761 meis
3158 3707 3397 3778 purgari,
3426 3715 3478 3761 et
3521 3717 3729 3760 coronam

2203 3810 2376 3850 meam
2414 3797 2749 3866 virtutesque
2802 3799 3154 3867 magniﬁcari,
3209 3809 3265 3852 et
3319 3815 3348 3853 a
3401 3797 3626 3867 superbia
3657 3810 3728 3847 ca-

2201 3889 2337 3952 veri,
2361 3887 2512 3956 juxta
2536 3889 2847 3958 Apostolum
2874 3909 2887 3944 :
2921 3911 2938 3942 ‹
2959 3890 3034 3944 Ne
3056 3885 3370 3961 magnitudo
3395 3890 3728 3946 revelationum

2201 3979 2419 4034 extollat
2467 3998 2552 4036 me
2584 3999 2596 4034 :
2632 3983 2788 4036 datus
2830 3993 2912 4036 est
2961 3985 3089 4036 mihi
3129 3985 3381 4038 stimulus
3425 3982 3590 4036 carnis
3627 3989 3731 4029 tum

2203 4071 2286 4141 (II
2317 4072 2438 4127 Cor.
2473 4089 2572 4139 xu,
2605 4075 2681 4142 7).
2728 4094 2747 4127 ι
2781 4075 2844 4128 Et
2881 4075 3002 4128 ideo
3047 4092 3127 4129 me
3158 4077 3428 4129 consolata
3463 4084 3599 4135 sunt;
3630 4067 3726 4138 quia

2203 4173 2255 4218 tu
2287 4165 2508 4230 parasti,
2555 4165 2606 4219 id
2653 4175 2736 4219 est
2778 4167 3014 4219 statuisti
3067 4167 3219 4230 mihi,
3261 4168 3511 4220 adversus
3551 4177 3626 4215 eos
3660 4162 3728 4224 qui

2199 4252 2452 4307 tribulam
2479 4271 2578 4320 me,
2607 4269 2672 4308 ne
2693 4269 2788 4322 per
2819 4255 3192 4309 tribulationes
3219 4255 3495 4318 deliciam;
3519 4263 3727 4306 mensam,

2200 4342 2251 4397 id
2284 4351 2365 4397 est
2397 4343 2641 4412 corporis
2677 4353 2730 4398 et
2758 4345 3036 4413 sanguinis
3064 4345 3138 4397 tui
3169 4345 3535 4404 relbctionem,
3563 4353 3663 4407 qua:
3688 4335 3726 4386 in

586 4401 846 4458 Dominus
895 4407 1024 4475 regit
1049 4423 1129 4462 me
1166 4409 1222 4461 in
1247 4406 1360 4461 loco
1385 4423 1616 4476 pascam,
1658 4409 1712 4462 id
1736 4417 1818 4462 est
1853 4409 1967 4479 ipse
2011 4420 2096 4466 est

2204 4433 2389 4489 altaris
2427 4450 2614 4489 mensa
2660 4435 2972 4505 suscipitur.
3015 4434 3250 4488 Mensam
3299 4437 3419 4490 dico
3455 4433 3657 4503 positam
3689 4425 3732 4478 in

516 4502 698 4548 rector
723 4512 898 4560 meus,
931 4515 996 4552 ne
1021 4501 1270 4553 oberrem
1297 4500 1349 4554 in
1379 4499 1678 4568 Scripturis
1705 4501 1901 4558 divinis
1923 4543 1936 4566 ,
1979 4518 2098 4572 quas

518 4594 645 4636 sunt
669 4584 818 4640 locus
845 4587 896 4641 iu
927 4591 1124 4658 quibus
1153 4601 1449 4661 pascuntur
1471 4592 1667 4645 anima:
1699 4593 1933 4648 ﬁdelium
1987 4595 2099 4649 dul-

519 4674 712 4729 cedine
743 4677 1003 4735 doctrinae
1035 4700 1050 4735 :
1105 4683 1172 4737 Et
1211 4685 1334 4753 quia
1369 4684 1528 4738 talem
1583 4684 1760 4738 habeo
1805 4695 2095 4753 rectorem,

519 4763 651 4818 nihil
669 4765 794 4818 milii
816 4767 979 4822 deerit
1006 4773 1060 4824 in
1091 4774 1204 4825 loco
1231 4790 1463 4838 pascam,
1493 4773 1544 4827 id
1582 4783 1666 4828 est
1703 4775 1884 4829 nullus
1935 4777 2096 4830 intel-

516 4855 695 4913 lectus
729 4860 858 4914 milii
882 4862 1056 4918 deerit
1080 4866 1132 4919 in
1165 4867 1289 4921 illlis
1345 4868 1670 4938 Scripturis,
1717 4873 1809 4940 qui
1857 4887 1942 4927 me
2010 4873 2095 4926 in-

518 4961 733 5007 struere
762 4953 980 5010 debeat.
1010 4957 1076 5011 Et
1103 4973 1226 5014 vere
1257 4962 1385 5015 nihil
1411 4963 1539 5015 mihi
1568 4964 1728 5017 deerit
1753 4966 1807 5018 in
1839 4963 1952 5018 loco
2001 4983 2098 5036 pa-

526 5059 690 5098 scua.
715 5043 850 5099 Nam
876 5047 946 5100 ibi
964 5065 1043 5102 me
1064 5050 1357 5115 collocavit,
1378 5054 1430 5107 id
1452 5063 1536 5108 est
1556 5054 1866 5123 frequenter
1881 5058 2098 5112 studere

517 5133 668 5192 fecit.
698 5136 766 5191 Et
792 5153 902 5192 non
934 5140 1109 5194 solum
1144 5143 1248 5196 hoc
1305 5144 1628 5200 beneﬁciqu
1664 5149 1795 5202 mihi
1823 5150 2051 5204 contulit
2079 5167 2093 5215 ;

517 5225 618 5282 sed
667 5227 834 5283 etiam
863 5231 1018 5300 prius
1038 5248 1196 5301 super
1229 5250 1420 5304 aquam
1462 5237 1783 5306 refectionis,
1821 5240 1872 5293 id
1903 5251 1986 5295 est
2013 5258 2100 5296 su-

515 5331 624 5388 per
643 5335 840 5390 aquam
875 5321 1218 5393 baptismatis
1244 5324 1526 5380 fundatum
1552 5330 1791 5382 educari!
1811 5333 1910 5394 me,
1936 5332 1986 5385 id
2014 5342 2100 5388 est

515 5412 777 5466 contrivit
837 5412 976 5470 lacte
1041 5416 1324 5480 doctrinae,
1375 5419 1605 5487 etprius
1633 5423 1867 5475 animam
1927 5441 2096 5479 meum

514 5509 767 5560 conuenit
798 5508 866 5562 de
904 5505 1222 5566 inﬁdelitate
1243 5512 1311 5567 ad
1340 5510 1522 5566 ﬁdem.
1546 5512 1736 5568 Merito
1758 5524 1940 5570 autem
1957 5532 2096 5586 aqua

517 5596 1011 5670 baptismatisaqua
1045 5603 1360 5660 refectionis
1383 5604 1627 5666 dicitur;
1661 5607 1787 5676 quia
1828 5623 1926 5678 per
1976 5627 2094 5666 eam

512 5690 734 5761 iustitia
756 5702 810 5749 et
834 5694 1146 5752 innocentia
1169 5707 1384 5765 nostra,
1410 5712 1531 5769 quae
1550 5696 1751 5755 defecit
1801 5700 1863 5756 in
1901 5701 2091 5766 Adam,

2201 4540 2474 4598 conspectu
2515 4546 2655 4594 meo,
2695 4544 2856 4598 quam
2897 4529 3171 4597 conspicio
3194 4543 3316 4584 esse
3347 4530 3546 4598 signum
3575 4520 3729 4576 mortis

2202 4629 2343 4673 tuac:
2376 4629 2431 4673 ut
2460 4629 2512 4673 et
2534 4635 2633 4689 ego
2659 4635 2758 4690 pro
2791 4629 2840 4674 te
2872 4621 3118 4674 tribulari
3148 4629 3200 4673 et
3226 4620 3363 4672 mori
3405 4633 3504 4671 non
3529 4614 3730 4706 timeam.

2200 4712 2266 4766 Et
2287 4712 2408 4778 quia
2439 4712 2584 4765 solus
2614 4722 2936 4782 conspectus
2967 4727 3072 4765 non
3117 4709 3409 4774 sufﬁceret,
3439 4705 3730 4772 impingam"

2199 4802 2254 4854 in
2297 4801 2408 4854 oleo
2449 4812 2602 4870 caput
2635 4818 2826 4866 meum,
2878 4802 2932 4855 id
2971 4810 3056 4856 est
3108 4802 3292 4855 mitem
3338 4799 3503 4854 fecisti
3534 4802 3727 4850 meum“

2199 4905 2398 4956 meam,
2435 4908 2541 4944 non
2589 4893 2842 4946 rebellem
2879 4893 2932 4946 in
2964 4892 3134 4960 gratia
3164 4893 3335 4945 sancti
3381 4889 3615 4959 Spiritus,
3635 4893 3732 4949 qua?

2199 4981 2376 5037 oleum
2418 4981 2637 5045 dicitur,
2691 4996 2756 5036 co
2802 4983 2944 5051 quod
2990 4995 3224 5035 mentem
3281 4981 3462 5034 mitem
3506 4966 3728 5070 faciat-noti

2200 5075 2535 5146 patiendum,
2563 5075 2701 5128 sicut
2722 5074 2897 5128 oleum
2930 5083 3088 5144 caput
3117 5073 3258 5143 quod
3301 5063 3730 5164 impingunt-nuti-

2200 5175 2312 5235 gat.
2344 5165 2546 5219 Elidco
2575 5164 2716 5218 calix
2745 5181 2909 5229 meus,
2943 5165 2992 5216 id
3024 5173 3107 5218 est
3144 5165 3318 5218 oleum
3354 5162 3476 5215 illud
3506 5157 3730 5211 inebrians

2199 5271 2305 5318 me,
2339 5269 2406 5309 ne
2443 5253 2818 5308 tribulatioues
2859 5254 3094 5322 graviter
3130 5253 3288 5306 nimis
3331 5249 3573 5308 sentiam,
3599 5253 3724 5313 quam

2198 5345 2482 5415 pru'clarus
2511 5353 2592 5400 est
2619 5347 2633 5398 !
2673 5345 2724 5398 id
2762 5353 2844 5399 est
2881 5345 3102 5398 multum
3139 5343 3426 5412 praiclarus
3448 5337 3566 5393 mihi
3593 5344 3726 5401 ερρυ-

2200 5443 2303 5489 ret.
2347 5434 2553 5488 Dicitur
2597 5443 2774 5487 autem
2826 5435 3025 5495 oleum,
3058 5433 3108 5486 id
3155 5443 3236 5486 est
3287 5431 3456 5502 gratia
3506 5425 3726 5484 calix,eo

2198 5524 2364 5594 quod,
2393 5531 2451 5577 ut
2481 5523 2682 5578 dictum
2711 5532 2815 5588 est,
2857 5523 3041 5577 ﬁdeles
3085 5523 3331 5585 inebriat,
3363 5537 3392 5574 a
3422 5510 3728 5612 similitudine

2199 5615 2383 5671 calicis
2413 5615 2543 5680 vini,
2580 5615 2670 5684 qui
2718 5615 2964 5670 bibentes
3006 5613 3257 5668 inebriat.
3309 5614 3371 5666 Et
3409 5624 3488 5664 me
3517 5606 3614 5675 jam
3641 5606 3722 5654 im-

2198 5707 2536 5780 pinguatum,
2567 5704 2949 5772 misericordia,
2977 5705 3030 5762 id
3057 5713 3142 5760 est
3169 5705 3338 5776 gratia
3368 5698 3722 5766 tua,sulmque—
