3862 6322
113 345 195 402 129

116 474 200 523 utr,
223 454 270 510 id
295 461 373 508 est
395 465 482 508 me
505 447 849 506 comitabitur
879 447 1112 502 omnibus
1137 447 1326 502 diebus
1345 445 1461 498 vita:
1481 456 1628 505 mete,
1664 445 1706 503 Α

115 560 160 604 ιιι
189 548 244 602 de
283 545 416 598 bono
443 541 710 611 provehar
742 540 796 592 in
829 538 1038 591 melius.
1067 538 1136 591 Et
1170 537 1303 590 adeo
1339 535 1624 600 subseque-

117 651 198 702 tur,
226 645 272 690 ut
295 649 383 704 per
402 647 518 686 eam
553 633 604 685 in
632 631 808 684 futuro
831 629 1106 682 inhabilem
1135 629 1189 680 in
1213 628 1365 680 domo
1401 622 1632 683 Domini,

117 736 156 787 in
187 727 409 798 paradiso
429 724 652 786 scilicet,
677 721 850 776 eundo
877 721 930 774 in
945 719 1318 790 longitudinem
1338 717 1560 780 dierum,
1581 713 1632 766 id

115 821 243 878 estin
264 815 628 872 aeternitatem.

528 903 595 957 IN
635 899 960 956 PSALMUM
999 899 1184 954 XXIII.

165 997 349 1055 'I‘itulus
375 994 606 1050 vicesimi
641 993 804 1046 tertii.
835 990 1078 1044 Psalmus
1111 989 1296 1055 David,
1319 990 1368 1044 id
1397 997 1476 1044 est
1501 989 1634 1044 Pro-

111 1096 273 1164 phetas,
293 1091 342 1141 in
367 1087 530 1156 prima
561 1083 863 1148 Sabbati,id
901 1091 978 1135 est
1009 1081 1214 1149 agentis
1244 1081 1298 1136 in
1321 1081 1636 1136 considera-

117 1181 230 1235 tione
252 1174 474 1229 victoriae
515 1171 740 1236 Christi,
788 1185 908 1239 quas
949 1170 1176 1240 contigit
1220 1170 1272 1224 in
1305 1170 1476 1238 prima
1503 1169 1637 1223 Sab-

115 1272 218 1332 hati.
260 1267 452 1322 scilicet
519 1263 572 1318 in
621 1263 708 1317 die
757 1260 1060 1325 Dominica,
1115 1276 1233 1329 quae
1300 1267 1639 1328 nuncupatur

114 1361 252 1434 prima
273 1356 501 1420 Sabbati,
540 1354 592 1410 id
637 1367 720 1410 est
750 1354 922 1423 prima
950 1363 1069 1424 post
1101 1353 1418 1408 Sabbatum.
1469 1351 1636 1406 Judaei

113 1455 228 1512 enim
253 1452 358 1505 dies
393 1450 461 1503 ita
493 1446 880 1515 computabant
907 1444 1081 1514 prima
1128 1444 1372 1507 Sabbati,
1404 1444 1637 1498 secunda

115 1543 313 1605 Sabbati,
338 1549 439 1596 etc.
473 1538 768 1606 Septimam
800 1551 926 1590 vero
947 1535 1088 1590 diem
1111 1535 1294 1588 dicunt
1321 1533 1636 1587 Sabbatum.

113 1635 397 1690 Adbortatur
450 1631 538 1684 hic
595 1627 862 1698 Propheta
921 1626 1142 1688 ﬁdeles,
1195 1634 1316 1694 post
1354 1625 1639 1679 adventum

113 1724 274 1781 Christi
300 1722 610 1782 existentes,
643 1727 700 1772 ut
732 1717 798 1772 ad
821 1717 1096 1771 Christum
1129 1731 1307 1782 regem
1337 1730 1493 1769 suum
1515 1729 1636 1766 cum

115 1812 344 1881 triumpho
369 1809 732 1877 recipiendum
765 1819 824 1859 se
861 1806 994 1859 bene
1027 1813 1352 1873 pra'parcnt;
1388 1804 1439 1856 in
1470 1804 1640 1856 virtu-

113 1906 231 1958 tibus
263 1914 313 1958 ει
339 1902 491 1958 bonis
533 1900 788 1969 operibus
836 1898 1005 1964 magis
1037 1897 1312 1965 magisque
1349 1895 1639 1949 crescendo

112 1997 288 2052 etvitia
336 1995 679 2054 removendo,
715 2006 743 2044 a
789 1990 1140 2043 similitudine
1188 1989 1396 2042 illorum
1446 1988 1536 2056 qui
1573 1986 1639 2039 ad

113 2101 258 2157 regem
282 2101 426 2140 suum
466 2097 590 2139 cum
643 2082 910 2150 triumpho
943 2081 1306 2149 recipiendum
1353 2095 1411 2132 se
1438 2093 1642 2146 prrepa-

113 2185 226 2239 rant,
245 2189 354 2228 cum
381 2173 629 2227 alicunde
655 2171 824 2224 victor
851 2169 1054 2223 redeat.
1082 2168 1378 2236 Portasque
1401 2165 1644 2220 civitatis

113 2269 288 2322 elevant
327 2275 378 2319 et
422 2264 675 2324 dilatant,
709 2271 766 2316 ut
809 2260 964 2314 facile
1005 2261 1182 2327 praeda
1223 2270 1272 2313 et
1307 2260 1644 2328 triumphau-

115 2362 220 2415 tium
237 2361 428 2415 chorus
448 2360 696 2412 introeat.
730 2356 978 2410 Christus
999 2357 1142 2409 enim
1171 2357 1342 2408 victor
1365 2352 1430 2406 ab
1458 2351 1644 2406 iuleris

113 2452 314 2512 rediens,
345 2465 566 2517 regnum
605 2449 748 2515 quod
774 2446 1017 2500 diabolus
1050 2452 1420 2513 usurpaverat,
1459 2441 1644 2496 Eccle-

113 2543 220 2596 siam
239 2542 452 2606 scilicet,
485 2540 736 2596 obtinuit.
763 2537 1008 2594 Ostendit
1041 2538 1202 2592 etiam
1233 2537 1495 2604 Propheta
1525 2551 1646 2604 qua:

112 2633 197 2686 sint
236 2632 476 2687 Ecclesia:
517 2632 779 2691 membra,
835 2645 902 2683 ne
936 2628 1160 2697 quilibet
1211 2628 1460 2697 indignus
1501 2627 1646 2682 istud

113 2723 524 2778 sibiattribueret.
553 2723 619 2776 Et
639 2721 741 2776 hoc
765 2722 844 2776 sic
870 2721 1000 2775 dicit
1025 2739 1037 2775 :

171 2815 358 2870 Domini
387 2815 585 2870 Christi
617 2824 688 2868 est
714 2825 879 2874 terra,
906 2814 956 2868 id
986 2824 1070 2868 est
1094 2813 1356 2878 Ecclesia,
1385 2813 1468 2866 cui
1495 2811 1648 2880 prius

114 2904 324 2959 diabolus
351 2905 758 2970 dominabatur;
790 2919 908 2972 quae
952 2903 1150 2957 dicitur
1187 2911 1350 2968 terra,
1402 2915 1468 2955 eo
1504 2899 1647 2968 quod

113 2997 292 3052 stabilis
315 2997 380 3050 sit
412 3006 466 3050 ει
502 2997 764 3050 bonorum
789 3011 1010 3061 operum
1042 2993 1212 3056 ferax,
1241 3002 1294 3048 et
1329 3009 1358 3046 a
1390 2991 1650 3061 prtedicaq

1673 1778 1712 1834 Β

974 329 1336 390 EXPOSITIO
1364 327 1433 384 IN
1468 321 1808 380 PSALMOS.
1837 353 1909 366 --
1948 323 2139 382 PSAL.
2180 323 2365 380 XXIII.

3204 319 3313 385 730

1738 451 1969 508 putaret,
2000 443 2193 511 qmerit
2221 443 2344 512 quis
2373 441 2629 497 dicendus
2653 441 2725 522 sit
2760 443 3028 513 habitans,
3057 457 3137 512 ut,
3164 458 3314 518 post-

1733 535 1948 588 modum
1999 535 2276 597 solvendo,
2327 549 2426 588 nos
2460 532 2673 588 ntellici
2706 535 3010 591 habitantes
3049 540 3312 607 nitamur,

1733 625 2051 680 exhortetur
2079 626 2158 678 sic
2185 641 2198 677 :
2227 623 2356 679 Dico
2388 623 2512 692 quia
2538 623 2844 678 habitantes
2872 625 2926 679 in
2957 640 3022 681 eo
3053 638 3178 682 sunt
3200 627 3314 683 Do-

1733 718 1883 772 mini.

1805 809 1864 863 Et
1895 809 2009 878 quis
2035 810 2274 862 ascendet
2296 811 2347 862 iu
2371 818 2591 862 montem
2613 807 2843 872 Domini,
2873 807 2924 861 id
2954 815 3036 862 est
3061 807 3111 860 in
3139 807 3316 862 Eccle-

1736 903 1890 962 siam,
1917 917 2036 972 qurc
2067 909 2150 954 est
2199 900 2446 956 sublimis
2481 900 2775 954 virtutibus
2821 915 2848 952 a
2887 899 3116 954 Domino
3142 899 3316 953 facta?

1735 994 1840 1047 Aut
1871 994 2046 1061 potius
2078 994 2215 1061 quis,
2246 1005 2526 1060 postquam
2557 991 2884 1058 ascenderit,
2918 991 3105 1050 stabit,
3146 991 3198 1044 id
3233 1002 3319 1046 est

1737 1085 1987 1139 habitabit
2017 1087 2070 1138 in
2098 1085 2209 1138 loco
2235 1095 2416 1138 sant-to
2447 1087 2582 1154 ejus,
2613 1083 2664 1138 id
2693 1092 2780 1137 est
2815 1083 2866 1136 in
2908 1083 3172 1146 Ecclesia,
3199 1095 3322 1151 qua:

1737 1185 1822 1232 est
1860 1177 2010 1230 locus
2058 1185 2279 1230 sanctus
2320 1176 2370 1228 in
2417 1190 2524 1244 quo
2571 1175 2684 1243 ipse
2724 1174 2863 1227 Deus
2891 1173 3140 1227 habitat?
3171 1172 3316 1226 Multi

1737 1283 1972 1336 namque
2001 1277 2121 1322 sunt
2159 1268 2531 1328 ascendentes,
2557 1267 2646 1334 qui
2673 1275 2856 1336 postea
2886 1265 3188 1322 deﬁciendo
3213 1280 3318 1320 non

1740 1367 1860 1414 sunt
1913 1358 2237 1413 habitantes.
2287 1357 2710 1426 Respondetur:
2756 1356 3016 1411 lnnocens
3080 1358 3322 1412 manibus

1739 1450 2012 1515 habitabit,
2031 1450 2079 1502 id
2125 1458 2204 1502 est
2238 1450 2482 1502 innocens
2520 1449 2776 1516 operibus
2799 1458 3054 1515 quantum
3095 1454 3160 1502 ad
3190 1465 3320 1517 pro-

1740 1543 1964 1596 ximum.
1997 1542 2063 1595 Et
2087 1541 2210 1610 quia
2233 1542 2333 1595 hoc
2358 1557 2460 1594 non
2490 1540 2782 1605 sufﬁceret,
2807 1541 2952 1594 addit
2984 1555 3002 1592 :
3030 1541 3094 1594 Et
3123 1541 3321 1596 mundo

1741 1637 1894 1689 corde
1939 1634 2198 1696 existens,
2251 1635 2301 1688 id
2353 1643 2436 1689 est
2490 1635 2688 1688 nollent
2728 1635 2934 1689 habens
2983 1633 3316 1688 imnmndam

1742 1727 2120 1796 cogitationem
2156 1727 2410 1780 adversus
2439 1725 2762 1795 proximum.
2789 1725 2854 1778 Et
2883 1726 2970 1793 qui
3002 1741 3102 1778 non
3125 1723 3323 1790 accepit

1740 1819 1794 1870 in
1844 1833 1976 1869 vano
2011 1817 2242 1870 animam
2287 1833 2460 1880 suam,
2493 1825 2751 1886 quantum
2802 1816 2868 1869 ad
2917 1831 2995 1880 se,
3028 1815 3078 1868 id
3114 1825 3196 1870 est
3227 1814 3317 1883 qui

1742 1920 1846 1958 non
1871 1905 2056 1958 habuit
2096 1905 2484 1975 acceptabilem
2517 1905 2752 1960 animam
2783 1919 2937 1959 suam
2980 1905 3030 1958 in
3059 1905 3321 1959 vanitate.

1741 1997 1892 2065 Quod
1919 2005 1997 2052 est
2029 1999 2208 2054 dicere
2243 1993 2256 2053 ἑ
2291 1998 2346 2052 Si
2390 1999 2569 2052 anima
2603 1997 2720 2064 ejus
2749 1997 2948 2065 aliquid
2978 1997 3236 2051 vanitatis
3259 2011 3326 2050 ex

1741 2087 2033 2155 fragilitate
2077 2088 2275 2150 carnis,
2309 2087 2392 2140 vel
2418 2104 2512 2157 per
2542 2087 2942 2158 suggestionem
2969 2087 3198 2156 impulsa
3229 2103 3327 2141 co-

1743 2178 1954 2245 gitavit,
1983 2178 2034 2230 in
2063 2178 2164 2232 hoc
2189 2193 2291 2230 non
2322 2178 2482 2232 fuitei
2511 2177 2864 2244 acceptabilis
2890 2186 2946 2228 ut
2977 2175 3327 2236 consentit-ct,

1745 2270 1838 2324 sed
1869 2270 2088 2323 omnino
2121 2269 2248 2323 illud
2307 2271 2523 2336 respuit.
2568 2270 2630 2324 Et
2658 2285 2762 2323 non
2812 2269 2989 2322 solum
3040 2267 3140 2320 fuit
3173 2269 3327 2319 inno-

1743 2379 1863 2416 cens
1892 2361 2133 2415 manibus
2189 2370 2236 2414 et
2285 2361 2480 2415 mundo
2522 2362 2696 2423 corde,
2747 2370 3008 2428 quantum
3042 2359 3108 2412 ad
3143 2358 3330 2426 proxi-

1746 2469 1914 2519 mum,
1941 2454 2034 2508 sed
2061 2469 2155 2508 nec
2176 2453 2374 2522 juravit
2405 2453 2457 2506 in
2481 2453 2601 2507 dolo
2625 2453 2864 2521 proximo
2894 2468 3008 2513 suo,
3044 2451 3096 2504 id
3127 2460 3332 2505 estnon

1748 2545 1975 2598 ﬁrmiter
2003 2545 2296 2612 promisit,-
2327 2545 2407 2597 sic
2440 2552 2496 2596 ut
2525 2558 2646 2596 eum
2675 2543 2965 2612 deciperet.
3003 2543 3069 2596 Et
3101 2559 3197 2612 per
3224 2542 3328 2596 hoc

1747 2648 1915 2703 genus
1965 2632 2274 2698 locutionis,
2312 2632 2521 2688 scilicet
2561 2647 2657 2700 per
2681 2633 2921 2686 dolosam
2979 2631 3329 2695 locutionem,

1749 2734 1983 2778 removet
2027 2723 2207 2777 omnia
2262 2738 2460 2792 genera
2515 2723 2668 2777 malae
2708 2722 2998 2776 locutionis
3048 2723 3100 2775 in
3146 2720 3334 2790 proxi-

1747 2830 1916 2869 mum.
1949 2816 2014 2868 Et
2034 2831 2100 2868 ne
2125 2824 2440 2884 putaremus
2461 2813 2603 2884 quod
2633 2815 2720 2868 hic
2745 2831 2840 2883 per
2860 2829 2918 2868 se
2944 2822 3110 2868 staret
3132 2815 3186 2866 in
3219 2812 3333 2866 loco

1747 2919 1928 2963 sancto
1987 2909 2216 2971 Domini,
2269 2909 2420 2964 addit
2463 2928 2476 2962 :
2525 2907 2626 2960 Hic
2673 2908 2762 2977 qui
2820 2907 2943 2960 talis
2975 2915 3078 2970 est,
3110 2907 3330 2974 accipiet

1750 3002 1891 3056 hanc
1925 3002 2326 3054 benedictionem
2379 3018 2411 3053 a
2456 2999 2700 3060 Domino,
2742 2999 2792 3052 id
2833 3008 2919 3053 est
2955 2999 3096 3052 hanc
3125 2997 3332 3050 exalta-

115 3088 288 3141 toribus
315 3087 545 3150 exculta,
579 3087 718 3144 sicut
743 3096 886 3140 terra
915 3085 1108 3140 stabile
1134 3085 1457 3138 elementum
1485 3091 1565 3137 est
1595 3093 1650 3137 et

1755 3091 1976 3153 tionem,
2017 3100 2073 3144 ut
2107 3100 2212 3146 stet
2257 3091 2310 3144 in
2339 3100 2520 3144 sancto
2555 3089 2668 3143 loco
2697 3089 2830 3159 ejus.
2861 3089 2927 3142 Et
2968 3089 3071 3142 hoc
3112 3103 3216 3142 non
3243 3102 3334 3140 so-

115 3175 260 3242 lem,
289 3186 341 3231 et
372 3191 402 3231 a
428 3176 728 3232 cultoribus
772 3176 988 3230 colitur.
1017 3177 1082 3229 Et
1129 3175 1215 3228 illa
1261 3184 1402 3228 terra
1433 3189 1536 3229 non
1566 3183 1648 3228 est

112 3280 268 3333 parva,
294 3267 383 3321 sed
433 3266 694 3336 plcuaria.
729 3266 794 3319 Et
839 3265 1103 3332 plenitudo
1138 3265 1250 3334 ejus
1277 3274 1436 3318 terrae
1473 3274 1557 3320 est
1583 3263 1652 3317 il-

113 3355 197 3411 lius
231 3357 454 3420 Domini,
486 3373 592 3410 non
636 3357 778 3426 quod
823 3366 950 3410 ante
995 3356 1160 3424 ipsius
1205 3370 1312 3410 non
1346 3362 1511 3409 esset.
1543 3352 1649 3408 Sed

113 3449 176 3502 tie
207 3449 353 3502 modo
402 3448 601 3503 dicitur
648 3447 811 3516 ipsius
851 3458 910 3502 ut
943 3447 1058 3512 ejus
1100 3446 1363 3500 volunlati
1411 3444 1648 3510 obediat,

113 3537 228 3604 quod
271 3539 413 3606 prius
457 3554 562 3592 non
605 3536 852 3592 faciebat.
892 3537 957 3592 Et
1007 3537 1142 3590 orbis
1173 3547 1456 3600 terrarum,
1487 3536 1535 3589 id
1571 3546 1653 3588 est

111 3625 321 3680 Ecclesia
347 3643 411 3680 ex
461 3627 713 3682 omnibus
759 3627 914 3682 terris
961 3627 1156 3692 electa,
1194 3635 1278 3680 est
1318 3625 1550 3678 Domini.
1590 3624 1656 3678 Et

112 3716 198 3771 hoc
219 3718 349 3773 idem
379 3725 462 3771 est
504 3717 644 3785 quod
673 3717 920 3787 superius
950 3716 1101 3779 dixit,
1135 3716 1344 3769 Domini
1375 3726 1448 3768 est
1472 3725 1610 3768 terra
1635 3730 1653 3776 ,-

109 3808 186 3862 sed
211 3823 272 3862 ex
295 3808 452 3862 nimia
499 3809 680 3861 laetitia
700 3797 943 3877 'repetit,
981 3816 1042 3862 ut
1085 3807 1333 3860 ostendat
1361 3805 1653 3874 perfectam

109 3911 230 3964 esse,
263 3913 360 3954 nec
405 3897 550 3953 vitiis
577 3898 872 3962 sordidam,
909 3913 937 3951 a
971 3897 1325 3952 similitudine
1357 3896 1432 3950 rei
1469 3905 1658 3950 rotun-

109 3987 194 4052 dae,
214 4005 327 4058 quae
359 3999 414 4043 et
442 3990 594 4044 orbis
623 3991 842 4051 dicitur,
872 4005 991 4058 qum
1018 3989 1309 4056 perfectior
1333 3999 1415 4042 est
1437 4004 1494 4045 re
1527 4004 1662 4057 qua-

109 4077 242 4132 drata
263 4077 344 4134 vel
373 4080 716 4148 triangulata,
752 4079 952 4132 mdlum
981 4079 1187 4134 scilicet
1225 4081 1427 4133 habens
1457 4080 1660 4149 princi-

107 4171 236 4238 pium
263 4181 316 4226 et
345 4173 528 4234 linem,
564 4171 656 4225 sed
699 4187 912 4239 semper
957 4171 1009 4224 in
1062 4186 1120 4224 se
1161 4179 1520 4240 retorquetur.
1555 4171 1662 4240 70

111 4260 274 4330 Neque
300 4271 520 4334 possunt
546 4263 594 4316 ei
621 4263 806 4316 sordes
835 4262 991 4316 facile
1013 4278 1042 4316 a
1086 4264 1310 4316 horrere.
1341 4261 1410 4315 Et
1436 4263 1660 4316 universi

107 4355 182 4420 qui
201 4355 431 4408 habitant
477 4355 533 4407 in
582 4370 662 4416 eo,
716 4355 921 4409 scilicet
950 4358 1099 4420 orbe,
1153 4354 1202 4408 id
1241 4363 1326 4408 est
1369 4355 1421 4408 in
1456 4357 1662 4408 unitate

109 4444 213 4499 ﬁdei
255 4455 307 4500 et
335 4445 641 4500 dilectionis
687 4443 802 4511 ejus
843 4447 993 4499 orbis
1027 4454 1153 4498 eunt
1182 4445 1414 4500 Domini.
1465 4447 1527 4500 Et
1563 4447 1663 4500 hoc
1695 4447 1737 4500 D

108 4534 232 4590 idem
256 4546 336 4593 est
380 4537 524 4606 quod
555 4537 642 4590 hic
666 4537 802 4589 dixit
843 4536 980 4590 orbis
1019 4546 1276 4591 terrarum
1312 4546 1395 4590 est
1435 4537 1664 4590 Domini.

113 4625 208 4680 Sed
233 4629 300 4682 ad
343 4627 447 4682 hoc
488 4627 609 4681 aliis
637 4627 814 4682 verbis
857 4628 1069 4696 repetit,
1111 4637 1190 4690 ut,
1236 4627 1359 4695 quia
1391 4626 1669 4681 indeﬁnite

111 4716 307 4772 dixerat
357 4719 522 4784 orbis,
560 4719 940 4772 nniversalitcr
985 4720 1148 4772 dicat.
1188 4717 1316 4773 Dico
1348 4719 1488 4787 quod
1521 4719 1668 4772 orbis

110 4818 181 4862 est
203 4809 433 4863 Domini.
466 4809 534 4863 Et
560 4810 682 4863 inde
709 4813 809 4866 hoc
830 4811 994 4864 videri
1033 4819 1228 4878 potest,
1256 4811 1378 4880 quia
1406 4813 1517 4878 ipse
1547 4811 1665 4878 fun-

110 4899 234 4954 davit
260 4917 380 4954 eum
414 4917 572 4965 super
602 4902 794 4964 maria,
821 4902 870 4954 id
899 4911 979 4955 est
1029 4903 1240 4956 ﬁrmum
1279 4902 1415 4956 adeo
1461 4901 1586 4955 fecit
1613 4911 1673 4956 ιιι

111 5007 202 5046 non
227 4994 464 5059 timeret,
497 4995 588 5050 sed
631 5004 998 5050 contemneret
1035 4995 1227 5057 maria,
1260 4994 1465 5049 scilicet
1503 5010 1672 5064 popu-

111 5083 178 5139 los
227 5102 447 5141 amaros
499 5087 599 5141 sibi
662 5085 714 5140 iu
775 5087 1230 5150 tribulationibus,
1299 5087 1442 5140 sicut
1499 5087 1668 5140 maria

111 5190 280 5231 amara
319 5188 465 5232 sunt.
493 5179 560 5231 Et
589 5178 748 5232 ctiam
784 5196 938 5246 super
959 5180 1175 5248 flumina
1196 5179 1507 5248 prteparavit
1531 5195 1673 5244 eum,

111 5265 156 5318 id
191 5277 272 5323 est
309 5269 525 5322 ﬁrmum
553 5278 608 5323 et
643 5269 914 5324 excelsum
947 5269 998 5322 in
1039 5271 1327 5325 virtutibus
1363 5271 1550 5324 statuit
1579 5287 1672 5324 su-

112 5370 200 5422 per
245 5359 542 5427 principes,
597 5365 657 5411 ut
719 5373 907 5411 eorum
963 5357 1334 5413 tribulationes
1376 5367 1673 5426 sperneret.

113 5442 378 5516 Principes
431 5461 563 5502 vero
612 5445 829 5500 ﬁuntiua
861 5447 1133 5510 dicuntur,
1179 5461 1244 5500 eo
1295 5447 1436 5515 quod
1487 5461 1675 5500 eorum

113 5546 230 5587 cura
257 5535 458 5590 deﬂuat
489 5536 540 5589 in
583 5535 794 5606 plebem
824 5536 1112 5598 subditam,
1141 5538 1281 5590 sicut
1315 5536 1368 5589 in
1407 5551 1556 5591 mare
1580 5538 1680 5590 llu-

115 5624 246 5678 mina
299 5626 621 5682 decurrunt.
670 5628 940 5695 Quoniam
993 5638 1170 5683 autem
1207 5628 1417 5684 dixerat
1457 5629 1678 5682 uniuersi

113 5718 193 5781 cui
230 5716 468 5774 habitant
498 5721 553 5773 in
581 5735 662 5783 eo,
725 5736 792 5776 ne
844 5719 1069 5791 quilibet
1113 5719 1276 5775 falsus
1328 5735 1387 5776 se
1435 5720 1680 5776 habitare

1754 3184 1860 3237 lum
1889 3183 2102 3249 accipiet
2135 3191 2354 3251 propter
2385 3181 2576 3236 merita
2601 3196 2716 3241 sua,
2747 3179 2838 3233 sed
2871 3179 3010 3234 hanc
3037 3180 3338 3232 misericor-

1752 3272 1892 3324 diam
1919 3271 2132 3338 accipiet
2160 3287 2191 3323 α
2228 3270 2332 3324 Deo
2355 3269 2600 3327 salutari,
2635 3268 2686 3322 id
2709 3276 2793 3322 est
2823 3266 3106 3321 Salvatore
3129 3281 3246 3320 suo.
3270 3266 3339 3320 Et

1754 3362 1949 3416 merito
1979 3361 2196 3429 accipiet
2226 3361 2366 3414 hanc
2399 3358 2814 3413 misericordiam
2847 3373 2878 3410 a
2905 3356 3032 3410 Deo.
3067 3354 3200 3410 Nam
3225 3356 3338 3410 haec

1753 3453 2030 3523 generatio
2075 3460 2152 3504 est
2203 3450 2466 3521 generatio
2503 3450 2848 3519 quterentium
2907 3448 3186 3501 Dominum
3214 3477 3253 3512 ,~
3289 3455 3339 3499 et

1754 3546 1876 3611 (pro
1904 3540 2132 3609 scilicet)
2171 3539 2516 3608 qurerentium
2545 3538 2751 3606 faciem,
2784 3537 2834 3592 id
2885 3545 2968 3591 est
3008 3537 3254 3591 notitiam
3285 3537 3340 3589 in

1759 3631 1956 3693 futuro,
1994 3630 2086 3684 Dei
2114 3630 2299 3694 Jacob,
2329 3629 2380 3683 id
2417 3637 2501 3682 est
2529 3628 2750 3681 fortium
2783 3627 3130 3682 luctatorum.
3174 3626 3339 3694 Quasi

1757 3723 1901 3776 dicat
1934 3735 1949 3773 :
1984 3720 2099 3774 Non
2130 3721 2198 3772 ad
2236 3720 2338 3774 hoc
2371 3719 2685 3773 innocentes
2715 3725 2839 3773 sunt
2865 3735 2876 3771 :
2901 3726 2954 3772 et
2989 3717 3118 3770 tales
3154 3717 3342 3786 quales

1758 3814 1982 3868 dixerim
2015 3821 2074 3866 ut
2107 3812 2249 3866 aliud
2280 3812 2582 3880 acquirunt,
2615 3811 2717 3864 nisi
2757 3809 3046 3878 gloriosam
3079 3809 3130 3862 in
3159 3808 3341 3862 futuro

1759 3906 2006 3960 notitiam
2052 3915 2217 3970 tuam,
2263 3919 2424 3972 quam
2463 3903 2550 3957 hic
2575 3903 2816 3970 plenarie
2857 3917 2961 3954 non
2990 3909 3216 3970 possunt
3243 3901 3344 3953 ha.

1759 3999 1910 4053 bere.
1962 3993 2116 4052 Unde
2159 3995 2444 4065 Apostolus
2485 4011 2498 4045 :
2545 4013 2563 4044 ι
2601 3994 2856 4047 Videmus
2896 4007 3038 4044 nunc
3083 4006 3183 4060 per
3221 4003 3342 4058 spe-

1760 4087 2102 4148 cttlum,tunc
2125 4096 2302 4140 autem
2331 4084 2468 4138 facie
2491 4083 2554 4136 ad
2589 4084 2779 4138 faciem
2809 4081 2856 4144 (1
2883 4079 3004 4134 Cor.
3035 4096 3154 4145 xui,
3182 4078 3290 4146 12).
3315 4095 3344 4130 ι

1760 4178 1827 4232 Ει
1857 4179 1994 4232 bene
2033 4178 2204 4246 ponit,
2242 4177 2524 4245 generatio,
2577 4191 2643 4228 ne
2696 4184 3010 4243 putaremus
3045 4188 3207 4223 unum
3249 4185 3341 4222 so-

1762 4268 1870 4322 lum
1903 4284 2041 4333 esse,
2078 4269 2204 4338 quia
2246 4267 2594 4338 singulariter
2635 4273 2894 4336 posuerat
2933 4265 3180 4316 innocens
3226 4278 3344 4314 ma-

1763 4360 1936 4413 uibus.

1835 4451 1948 4505 IIoc
1982 4451 2226 4519 exposito
2249 4450 2314 4503 ad
2365 4449 2774 4504 instructionem
2823 4454 3082 4504 nostram,
3115 4442 3352 4496 reverti—

1771 4545 1856 4589 tur
1899 4537 1965 4588 ad
2015 4535 2116 4588 hoc
2145 4535 2284 4602 quod
2331 4535 2603 4602 inceperat
2655 4533 2734 4586 sic
2765 4549 2778 4584 :
2811 4530 2932 4584 Dixi
2969 4548 2982 4582 :
3016 4528 3229 4582 Domini
3267 4537 3352 4582 est

1769 4636 1907 4680 terra
1937 4635 1984 4678 et
2017 4625 2173 4677 orbis.
2214 4623 2374 4691 Ergo,
2405 4638 2438 4676 ο
2466 4623 2746 4692 principes,
2770 4605 2932 4676 idest
2962 4620 3162 4685 ﬁdeles,
3194 4621 3358 4689 prius.

1770 4717 1975 4786 peccati
2023 4716 2188 4775 servi,
2236 4716 2394 4768 modo
2443 4729 2570 4768 vero
2617 4729 2714 4782 per
2752 4713 3036 4767 Dominum
3075 4713 3364 4781 principes.

1771 4817 1823 4861 et
1851 4807 2001 4860 libcri
2034 4806 2181 4873 facti,
2213 4805 2455 4867 attollite,
2490 4805 2542 4858 id
2565 4813 2644 4858 cst
2669 4804 2894 4868 elevate,
2928 4815 3104 4869 portas
3131 4806 3354 4857 vestras.

1773 4901 1840 4952 Et
1869 4908 2005 4966 past,
2041 4899 2089 4950 id
2115 4909 2196 4952 est
2223 4913 2316 4951 vos
2342 4897 2646 4964 emphatiee
2667 4896 2818 4960 dicti,
2857 4906 3020 4965 porta:
3051 4893 3354 4959 teternales,

1773 4991 1826 5044 id
1860 4999 1943 5044 est
1969 4991 2226 5044 habentes
2256 4990 2308 5042 in
2337 4989 2488 5043 vobis
2521 4989 2767 5055 virtutes,
2801 5005 2920 5058 qua:
2946 4995 3070 5040 sunt
3098 4977 3265 5056 pbrtae
3281 4987 3354 5038 ad

1774 5090 1996 5142 aeterna,
2038 5081 2307 5136 elevamini
2337 5082 2401 5134 dc
2424 5082 2565 5136 bono
2598 5083 2648 5135 iu
2679 5081 2890 5135 melius.
2918 5080 3011 5134 Vel
3032 5078 3112 5132 sic
3142 5095 3155 5131 :
3181 5075 3358 5129 Attol-

1776 5171 1882 5234 lite,
1909 5173 1958 5224 id
2004 5180 2087 5225 est
2117 5171 2324 5224 auferte
2365 5181 2542 5236 portas
2575 5181 2792 5234 vestras,
2831 5184 2936 5222 non
2977 5167 3096 5228 Dei,
3141 5167 3352 5218 scilicet

1776 5267 1905 5319 vitia
1945 5281 2064 5332 quae
2119 5275 2243 5319 sunt
2287 5275 2454 5335 portae
2483 5266 2699 5326 clausae,
2743 5278 2846 5316 non
2895 5258 3238 5312 admittentes
3273 5257 3360 5307 in--

1780 5359 1998 5412 troitum
2032 5357 2145 5411 Dei.
2181 5357 2330 5413 Unde
2354 5357 2580 5426 Sapiens
2606 5357 2717 5408 ait:
2756 5372 2773 5403 ι
2807 5353 2862 5410 In
2893 5348 3208 5404 malevolam
3243 5347 3354 5401 ani-
3413 5378 3428 5397 ρ

1779 5467 1924 5504 mam
1965 5466 2070 5503 non
2121 5450 2361 5503 introibit
2403 5449 2669 5516 sapientia
2703 5441 2854 5512 (Sap.
2888 5458 2924 5502 ι,
2955 5439 3032 5506 4).
3072 5457 3089 5488 ι
3142 5437 3210 5491 Et
3253 5436 3364 5490 illis

1781 5540 1996 5604 ablatis,
2015 5540 2305 5604 elevamini,
2343 5539 2395 5592 id
2427 5545 2510 5594 est
2542 5537 2769 5592 crescite
2806 5536 2858 5589 in
2897 5529 3160 5587 ﬁdelibus.
3193 5538 3360 5597 porta?

1781 5628 2072 5694 teternales,
2097 5628 2147 5681 id
2185 5635 2266 5681 est
2301 5627 2554 5690 virtutes,
2582 5634 2628 5678 et
2660 5623 2738 5677 sic
2773 5621 3002 5674 introibit
3037 5633 3146 5679 rex,
3179 5616 3361 5686 glorior

1781 5717 1959 5782 dator,
1992 5719 2044 5772 id
2096 5725 2178 5771 est
2206 5713 2480 5781 Christus,
2519 5723 2576 5770 ut
2615 5711 2755 5768 idem
2795 5708 2846 5762 in
2875 5707 3200 5771 Evaugetio:
3240 5723 3258 5755 ι
3298 5705 3358 5758 Et
