3862 6322
512 479 578 533 ad
605 493 727 532 eum
759 475 1063 538 veniemus,
1088 482 1143 527 et
1165 471 1498 527 mansionem
1522 466 1661 537 apud
1682 479 1804 518 eum
1832 457 2089 515 faciemus
2120 455 2165 513 Α
2198 457 2303 503 tem
2338 446 2557 506 habere,
2605 440 3022 505 confundentur,
3057 438 3181 508 quia
3235 445 3290 490 te
3332 451 3435 538 non
3477 438 3712 498 sustinent.

515 570 697 638 (Joan.
718 584 830 632 xw,
866 567 984 636 ‘25).
1025 586 1043 619 ι
1077 563 1190 629 Vel,
1218 579 1315 618 vos
1348 560 1604 633 principes
1637 556 2002 613 tenebrarum,
2036 546 2090 601 id

511 669 594 714 est
619 657 915 721 daemones,
947 655 1189 720 attollite,
1216 662 1322 708 etc.
1354 652 1471 706 Alia
1500 665 1604 704 non
1644 653 1936 705 mutantur,
1965 639 2090 708 quia

513 750 728 803 dixerat
774 748 877 818 71
906 745 1018 799 Rex
1048 744 1253 814 glorier,
1277 758 1345 798 ne
1395 748 1677 811 putaretur
1702 734 2092 804 qualiscunque

515 855 636 903 rex,
666 838 747 894 sic
772 854 894 893 eum
924 835 1270 905 magniﬁcare
1297 830 1531 887 intendit
1559 848 1572 881 :
1599 828 1730 882 Dico
1754 825 1861 878 Rex
1888 822 2088 892 gloriae.

516 931 588 986 Et
629 932 775 1000 quis,
808 929 860 983 id
903 938 985 984 est
1031 935 1287 997 quantus,
1318 936 1389 978 est
1437 922 1540 977 iste
1564 920 1672 974 Rex
1704 917 1931 989 gloriae?
1955 916 2092 970 Vere

518 1037 749 1093 magnus
793 1031 894 1075 est.
931 1019 1064 1074 Nam
1111 1018 1223 1087 ipse
1252 1027 1336 1071 est
1369 1013 1619 1067 Dominus
1650 1012 1703 1065 in
1733 1010 1915 1075 rebus,
1942 1005 2091 1076 fortis

520 1114 575 1168 in
638 1112 1008 1168 resuscitando
1068 1124 1282 1164 carnem
1325 1121 1521 1168 suam,
1580 1102 1672 1173 qui
1739 1102 1792 1153 in
1845 1099 2094 1168 passione

519 1204 804 1259 videbatur
852 1201 1131 1266 inﬁrmus,
1185 1206 1240 1253 et
1292 1206 1484 1268 potens
1523 1195 1614 1263 qui
1657 1192 1941 1247 videbatur
1987 1190 2092 1243 iiu-

521 1301 731 1362 potens.
756 1290 821 1346 Et
860 1304 984 1345 vere
1019 1288 1271 1341 Dominus
1300 1294 1383 1339 est
1415 1296 1614 1355 pofens.
1652 1292 1704 1337 et
1737 1283 1918 1336 hocin
1955 1296 2093 1348 prte-

520 1385 617 1450 lio,
675 1383 726 1438 id
791 1390 871 1436 est
911 1391 1129 1451 prepter
1174 1377 1414 1448 przelium
1463 1376 1604 1446 quod
1651 1375 1907 1429 obediens
1970 1371 2097 1425 fecit

521 1490 645 1529 cum
678 1472 911 1536 diabolo,
952 1480 1006 1524 et
1045 1470 1323 1540 praevaluit
1345 1469 1416 1535 ei,
1448 1467 1577 1522 fecit
1610 1482 1731 1521 eum
1763 1469 1902 1521 Deus
1938 1464 2095 1519 Pater

520 1564 690 1619 videri
717 1573 988 1633 potentem
1025 1562 1076 1614 in
1113 1561 1281 1629 ipsius
1308 1559 1643 1614 ascensione.
1676 1558 1830 1613 Unde
1865 1557 2095 1626 Aposto-

524 1654 605 1708 lus
635 1672 647 1707 :
683 1675 699 1704 ι
745 1652 973 1721 Propter
1001 1652 1145 1720 quod
1173 1661 1227 1705 et
1276 1650 1416 1704 Deus
1449 1648 1703 1703 exultavit
1751 1648 1919 1712 illum,
1989 1656 2091 1701 etc.

521 1743 743 1815 (Philip.
762 1760 825 1809 ll,
850 1744 957 1814 9).:
987 1742 1256 1812 Ergoquia
1280 1741 1430 1807 fortis
1458 1749 1505 1793 et
1540 1750 1717 1807 patens
1741 1746 1843 1802 est,
1876 1736 2096 1790 attollite

2192 539 2262 594 Et
2298 538 2423 607 quia
2476 536 2579 589 hoc
2628 534 2782 587 viden
2830 531 3092 593 futurum,
3145 527 3385 583 concedo
3431 542 3532 582 non
3558 528 3714 599 impre.

2192 630 2384 685 cando.
2438 624 2866 695 Con/nudantur,
2918 620 2971 675 id
3024 628 3108 675 est
3152 621 3498 684 erubescant,
3548 620 3593 673 in
3627 637 3718 678 con-

2196 718 2420 775 scientia
2451 733 2545 772 sua
2575 723 2626 769 et
2655 715 2707 769 in
2733 715 2834 768 hoc
2861 710 3061 765 mundo
3082 718 3134 764 et
3166 710 3219 764 in
3250 708 3452 775 futuro,
3476 726 3630 765 omnes
3652 714 3719 767 ini-

2193 828 2297 883 qua
2345 819 2556 879 agentes
2601 819 2936 875 supervacue,
2969 802 3096 871 quia
3133 800 3315 855 nullus
3360 800 3494 854 adeo
3532 801 3718 871 iniquus,

2194 901 2283 970 qui
2328 901 2382 954 in
2429 896 2757 954 conscientia
2802 908 2899 949 sua
2940 893 3005 947 de
3030 891 3313 962 iniquitate
3371 907 3464 946 sua
3507 908 3600 947 non
3628 908 3719 947 eru-

2194 994 2397 1047 beseat.
2460 992 2527 1045 Et
2570 992 2710 1045 hanc
2767 988 3175 1044 concessionem
3224 988 3345 1042 ideo
3402 986 3527 1041 facit
3562 998 3612 1041 ut
3648 989 3723 1043 ini-

2193 1099 2330 1153 quos
2379 1086 2445 1138 de
2511 1080 2887 1152 iniquitatibus
2942 1079 3053 1134 suis
3109 1079 3404 1133 deterreat.
3455 1077 3627 1132 Postea
3662 1097 3724 1135 re-

2195 1174 2423 1228 vertitur
2459 1172 2525 1225 ad
2572 1170 2868 1225 orationem
2911 1169 2990 1223 sic
3029 1186 3043 1223 :
3098 1166 3228 1221 Dico
3259 1181 3364 1219 non
3412 1167 3720 1222 erubescam:

2195 1278 2250 1321 et
2314 1274 2373 1318 ut
2450 1265 2552 1318 hoc
2606 1263 2676 1318 sit
2724 1261 3086 1317 :Demoustra
3152 1260 3281 1313 mihi
3335 1260 3444 1313 rius
3516 1268 3646 1319 tuas,
3687 1262 3726 1314 id

2197 1365 2280 1412 est
2352 1355 2439 1409 illa
2498 1362 2765 1424 praecepta
2828 1363 2917 1407 tua
2985 1366 3104 1420 quae
3142 1358 3269 1404 sunt
3321 1349 3422 1401 viae
3470 1363 3727 1404 communes

2197 1448 2449 1503 omnibus
2488 1445 2759 1501 salvandis
2792 1445 2856 1498 ad
2897 1444 3085 1507 vitam,
3115 1442 3232 1496 sine
3275 1455 3503 1509 quorum
3537 1442 3727 1508 comple-

2198 1541 2346 1593 tioue
2378 1553 2537 1592 nemo
2584 1536 2900 1591 salvabitur.
2954 1535 3068 1589 Non
3115 1535 3245 1588 dicit
3292 1534 3581 1585 demonstra
3619 1534 3727 1600 quod

2198 1629 2429 1699 ignoret,
2456 1643 2577 1682 cum
2605 1626 2854 1696 superius
2888 1625 3087 1680 dixerit
3112 1646 3125 1679 :
3158 1626 3226 1677 ad
3249 1634 3297 1678 te
3323 1624 3503 1685 levavi,
3533 1634 3623 1676 etc.
3649 1625 3730 1677 Sed

2202 1721 2523 1784 demonstra,
2550 1720 2601 1772 id
2637 1726 2722 1774 est
2767 1716 2853 1773 fac
2883 1715 3083 1771 habere
3120 1717 3171 1769 in
3224 1716 3504 1776 memoria,
3534 1724 3585 1767 ut
3615 1731 3730 1767 com-

520 1845 718 1902 pertas,
749 1844 854 1889 etc.
888 1806 959 1888 'Et
995 1806 1098 1889 hoc
1125 1806 1184 1887 uit
1212 1832 1459 1902 superius
1486 1806 1760 1899 exprimit.
1796 1829 1860 1882 Et
1883 1828 1999 1897 quis
2023 1836 2094 1880 est

2199 1811 2393 1880 pleam.
2430 1809 2498 1865 Et
2531 1811 2740 1865 semitas
2787 1819 2906 1863 tuas
2963 1808 3090 1862 doce
3128 1823 3229 1873 me,
3263 1806 3510 1860 similiter
3536 1816 3588 1858 ut
3612 1821 3730 1859 com-

520 1925 615 1976 iste
650 1924 763 1978 Rex
788 1924 1011 1994 gloriae?
1042 1923 1230 1978 eodem
1262 1922 1421 1976 modo
1455 1930 1512 1973 ut
1543 1917 1789 1989 superius
1818 1916 2096 1987 conjungi-

523 2024 611 2069 tur
644 2024 700 2071 et
745 2016 1055 2085 exponitur.
1106 2015 1212 2070 Sed
1259 2014 1401 2068 aliud
1433 2014 1519 2068 bic
1545 2011 1820 2080 quiddam,
1849 2018 1909 2063 ut
1936 2009 2095 2063 vehe-

520 2106 755 2160 mentius
794 2120 916 2160 eum
967 2105 1294 2176 magniﬁcet,
1326 2105 1405 2159 sic
1443 2104 1575 2159 dicit
1603 2120 1615 2156 :
1646 2102 1901 2155 Dominus
1928 2099 2094 2154 virtu-

518 2203 629 2246 tum
663 2209 1040 2264 supernarum.
1081 2195 1132 2249 id
1172 2204 1253 2249 est
1286 2195 1574 2264 spirituum
1614 2192 1938 2257 caelestium,
1988 2205 2093 2244 non

519 2283 797 2337 hominum
828 2294 1056 2351 tantum,
1081 2287 1187 2354 ipse
1208 2285 1415 2340 scilicet
1443 2298 1602 2354 quem
1634 2283 1721 2336 hic
1750 2282 1957 2351 accepi,
1986 2295 2094 2333 non

518 2372 679 2441 alius,
730 2374 781 2428 id
817 2384 901 2429 est
929 2375 1181 2429 Christus
1227 2382 1310 2429 est
1347 2374 1455 2428 Rex
1504 2374 1701 2444 gloriw.
1742 2372 1806 2426 Et
1831 2386 1955 2426 vere
1993 2369 2097 2425 Do-

522 2464 708 2519 minus
744 2473 828 2519 est
854 2466 1112 2519 virtutum
1142 2480 1522 2535 superuarum.
1568 2463 1720 2518 Unde
1759 2462 2048 2532 Apostolus
2078 2480 2091 2515 :

526 2572 547 2605 ‹
584 2553 640 2607 In
686 2555 901 2608 nomine
933 2554 1057 2609 Jesu
1087 2570 1246 2610 omne
1296 2571 1433 2622 genu
1480 2554 1728 2610 ﬂectatur
1768 2554 2095 2619 ccelestium,

519 2647 862 2699 terrestrium
888 2655 942 2700 et
965 2645 1296 2700 infernorum
1326 2646 1533 2717 (Ibid).
1567 2666 1585 2699 ι
1611 2645 1782 2713 Quam
1813 2661 1943 2701 vero
1967 2646 2099 2701 dicit

517 2735 619 2798 bis,
655 2734 898 2799 attollite,
950 2745 1004 2790 et
1044 2738 1161 2806 quis
1200 2748 1274 2791 est
1320 2740 1413 2793 iste
1444 2739 1555 2792 Rex
1587 2739 1790 2808 glorier,
1830 2740 1897 2794 ad
1926 2739 2096 2794 nostri

516 2823 647 2877 facit
672 2825 1104 2882 exhortationem
1127 2838 1181 2883 et
1207 2828 1404 2884 Christi
1438 2830 1953 2899 magniﬁcationem,
1983 2828 2097 2882 sive

515 2914 601 2969 bis
652 2915 786 2970 dicit
830 2917 933 2973 hoc
970 2929 1191 2988 propter
1217 2921 1485 2989 duplicem
1516 2922 1775 2977 Ecclesia:
1805 2922 2091 2992 parietem,

513 3006 726 3065 Iudaeos
753 3010 962 3066 scilicet
987 3021 1041 3066 et
1070 3021 1277 3082 gentes.

970 3145 1036 3200 IN
1076 3146 1402 3204 PSALMUM
1444 3147 1632 3204 XXIV.

585 3258 796 3316 Titulus
854 3259 1095 3316 vicesimi
1148 3262 1347 3330 quarti.
1413 3260 1654 3315 I’salmus
1697 3261 1887 3326 David,
1920 3262 1970 3315 id
2010 3270 2096 3316 est

513 3352 694 3409 minus
740 3351 1106 3423 perfectorum
1148 3353 1385 3408 ﬁdelium
1424 3356 1695 3410 orantium
1741 3363 1862 3424 post
1908 3354 2095 3409 relicta

513 3454 752 3515 peccata,
782 3453 842 3498 ut
870 3444 1010 3500 Deus
1051 3445 1212 3499 faciat
1247 3461 1342 3501 eos
1386 3461 1735 3516 perseverare
1782 3461 1849 3500 ne
1877 3446 2093 3512 cedant,

512 3548 568 3592 et
619 3553 687 3592 ne
746 3537 825 3591 sic
862 3536 1206 3592 erubescant.
1263 3538 1558 3594 Praetendit
1609 3539 1773 3594 etiam
1841 3539 2094 3594 meritum

512 3644 683 3698 quare
710 3629 903 3684 debeat
926 3632 1192 3685 exaudiri.
1218 3632 1349 3686 Orat
1377 3647 1592 3701 quoque
1623 3647 1689 3686 ne
1713 3632 1851 3685 Dens
1874 3633 1952 3686 eis
1978 3647 2097 3700 gra-

516 3718 646 3771 tiam
700 3719 985 3774 subtrahat
1032 3736 1128 3791 pro
1164 3721 1375 3776 delictis
1430 3731 1482 3776 et
1528 3722 1846 3791 ignorantiis
1885 3736 2092 3776 eorum.

514 3808 761 3864 Ostendit
801 3811 1021 3880 insuper
1062 3814 1128 3866 ad
1160 3812 1570 3867 instructionem
1613 3824 1850 3867 nostram
1901 3813 2093 3877 Deum,

514 3915 638 3956 cum
665 3901 837 3957 dulcis
878 3904 951 3958 sit
981 3904 1314 3971 miserando,
1350 3914 1557 3960 rectum
1585 3906 1745 3960 etiam
1776 3922 1898 3961 esse
1925 3906 2093 3960 malos

511 4001 655 4060 iuste
698 3992 989 4061 puniendo.
1033 3993 1097 4047 Et
1128 3994 1181 4047 in
1219 3995 1379 4063 ﬁnem
1416 4005 1554 4062 orat,
1578 4005 1631 4049 et
1658 4011 1758 4066 pro
1788 3996 2023 4051 inimicis
2041 4005 2096 4050 et

515 4096 614 4151 pro
639 4082 814 4138 bonis.
846 4083 995 4140 Unde
1020 4085 1152 4140 dicit
1181 4103 1194 4139 :

586 4176 667 4229 Ad
720 4188 790 4242 te,
859 4177 1099 4243 Domine,
1151 4179 1607 4248 amplexandum,
1656 4181 1818 4235 levavi
1862 4182 2093 4235 animam

515 4282 707 4332 meam,
736 4283 765 4319 a
813 4268 1045 4322 terrenis
1091 4270 1379 4325 desideriis
1413 4279 1742 4340 exemptam.
1790 4271 2093 4339 Levavique

513 4355 651 4409 bene
678 4358 972 4426 operando,
1000 4373 1033 4411 ο
1067 4359 1202 4412 Deus
1232 4377 1375 4413 meus
1401 4362 1626 4413 (Ireator
1656 4376 1829 4423 mens,
1862 4361 1947 4414 cui
1990 4375 2090 4413 non

515 4445 704 4500 aufero
731 4447 906 4502 locum
937 4449 1238 4504 divinitatis
1263 4450 1312 4503 in
1347 4464 1450 4503 me.
1484 4448 1547 4503 In
1572 4461 1618 4503 te
1640 4450 1868 4517 conﬁdo.
1904 4466 2008 4503 non
2039 4449 2089 4502 in

2198 1902 2413 1972 pleam;
2474 1901 2697 1957 semitas
2745 1907 2927 1963 vocat,
2980 1905 3247 1967 praecepta
3298 1896 3383 1949 illa
3416 1894 3601 1962 majora
3642 1912 3733 1962 quae

2195 1996 2350 2063 pauci
2391 1992 2684 2062 complent,
2726 1998 2865 2046 Sicut
2907 2004 3007 2060 per
3048 1989 3296 2043 semitam
3339 1988 3443 2057 72
3491 1988 3731 2056 pauciores

2196 2100 2357 2154 quam
2402 2099 2499 2153 per
2541 2084 2680 2136 viam
2712 2082 3054 2153 gradiuntur,
3101 2079 3310 2133 scilicet
3339 2079 3562 2131 vendere
3593 2080 3736 2131 omnia

2196 2186 2252 2231 et
2282 2179 2410 2229 dare
2444 2174 2786 2244 pauperibus,
2819 2180 2874 2226 et
2899 2181 3093 2225 caetera
3122 2170 3321 2223 similia
3348 2185 3468 2237 quae
3493 2167 3734 2236 perfectis-

2198 2268 2350 2323 simis
2399 2267 2531 2322 solis
2559 2265 2906 2320 conveniunt.
2938 2264 3006 2317 Et
3053 2279 3147 2332 per
3178 2261 3299 2316 illas
3326 2261 3442 2313 vias
3469 2269 3518 2313 et
3555 2261 3736 2313 semitas

2196 2358 2363 2427 dirige
2388 2374 2491 2421 me,
2513 2357 2651 2411 bene
2690 2356 2985 2425 operando.
3028 2355 3092 2408 Ει
3121 2354 3223 2408 hoc
3260 2354 3315 2406 in
3349 2352 3556 2405 veritate
3578 2361 3674 2409 tua,
3699 2350 3735 2401 id

2196 2459 2280 2504 est
2304 2450 2357 2503 in
2403 2447 2782 2503 conformitate
2807 2446 3006 2501 Christi
3038 2445 3294 2515 positam,
3342 2442 3434 2511 qui
3467 2452 3545 2496 Cal
3575 2442 3738 2494 veritas

2198 2555 2227 2594 a
2275 2551 2327 2594 te
2379 2540 2682 2610 egrediens,
2723 2546 2785 2592 ut
2837 2537 2976 2592 idem
3007 2536 3060 2589 in
3091 2534 3426 2605 Evangelia:
3461 2553 3477 2582 ι
3516 2533 3615 2601 Ego
3646 2549 3737 2585 sunt

2196 2630 2306 2694 via,
2330 2630 2531 2684 veritas
2556 2636 2610 2682 et
2638 2628 2746 2681 vita
2775 2626 2958 2696 (Joan.
2997 2640 3108 2690 xrv,
3136 2624 3214 2693 ﬁ).
3256 2643 3275 2676 ι
3309 2623 3554 2677 Christus
3578 2621 3738 2673 dicitur

2198 2722 2400 2776 veritas
2423 2720 2746 2790 emphatice,
2780 2734 2901 2773 eum
2934 2718 3001 2772 ab
3032 2731 3097 2772 eo
3134 2715 3313 2771 omnis
3343 2715 3541 2769 veritas
3584 2728 3739 2781 proce-

2199 2814 2313 2869 dat.
2352 2814 2415 2867 Et
2456 2824 2516 2868 ut
2556 2828 2651 2883 per
2683 2812 2798 2866 vias
2828 2819 2881 2864 et
2916 2810 3134 2864 semitas
3160 2808 3384 2878 dirigat,
3428 2807 3549 2858 doce
3585 2822 3671 2867 me,
3704 2805 3739 2856 id

2203 2913 2289 2958 est
2315 2904 2524 2958 instrue
2548 2904 2601 2957 in
2635 2902 2741 2957 illis
2769 2900 3103 2956 intellectum
3125 2914 3328 2959 meum,
3363 2913 3428 2952 ne
3460 2898 3509 2950 in
3529 2897 3603 2950 eis
3622 2897 3742 2949 abero

2197 3010 2333 3049 rem.
2358 2995 2421 3048 Et
2453 3004 2506 3048 tu
2542 3004 2732 3064 potens
2773 3008 2833 3048 es
2869 3000 2929 3045 ut
2957 2993 3061 3046 hoc
3091 2988 3281 3053 facias,
3311 2990 3437 3060 quia
3463 3000 3513 3041 tu
3539 3005 3588 3041 es
3615 2987 3742 3048 Deus,

2198 3087 2252 3141 id
2273 3096 2355 3142 est
2380 3086 2627 3150 Creator,
2658 3096 2713 3141 et
2744 3084 3016 3147 Salvator,
3040 3083 3091 3137 id
3119 3094 3204 3138 est
3234 3091 3511 3151 reparator
3537 3093 3689 3133 meus.

2119 3182 2165 3244 C
2269 3178 2333 3231 Et
2362 3178 2582 3247 dignum
2605 3186 2688 3232 est
2707 3187 2765 3231 ut
2790 3176 2891 3230 hoc
2916 3174 3100 3230 facias.
3123 3174 3259 3227 Nam
3282 3184 3331 3227 te
3352 3173 3593 3235 sustinui,
3620 3171 3662 3224 id
3676 3178 3742 3223 est

2197 3268 2464 3338 patienter
2512 3268 2864 3336 exspectavi;
2922 3266 3005 3320 vel
3057 3267 3329 3335 patienter
3382 3275 3637 3334 pneccpta
3678 3272 3743 3315 tua

2196 3358 2479 3427 complevi,
2504 3368 2612 3412 tota
2629 3360 2733 3421 die,
2760 3358 2811 3412 id
2838 3366 2922 3412 est
2945 3366 3060 3412 toto
3085 3364 3331 3426 tempore
3356 3371 3422 3409 ex
3459 3371 3562 3424 quo
3587 3354 3743 3422 incepi.

2196 3450 2328 3504 Cum
2357 3451 2506 3518 ponit
2536 3450 2639 3516 die,
2664 3465 2692 3503 a
2731 3461 2882 3518 parte
2908 3458 3077 3504 totum
3112 3437 3325 3516 tempus
3352 3448 3610 3516 designat.
3635 3446 3745 3507 Om,

2195 3544 2362 3609 dirige
2386 3584 2400 3605 ,
2429 3551 2483 3595 et
2534 3552 2591 3595 ut
2641 3542 2864 3611 dirigas,
2915 3549 2969 3594 tu
3008 3541 3099 3609 qui
3135 3540 3287 3593 visus
3316 3554 3378 3592 cs
3419 3554 3501 3591 me
3527 3535 3746 3590 oblivioni

2196 3636 2428 3695 dedisse.
2477 3650 2599 3687 cum
2645 3642 2772 3688 ante
2822 3633 3089 3702 baptisma
3124 3640 3174 3685 te
3212 3630 3513 3702 ignorando
3544 3629 3747 3698 peccari,

2198 3728 2527 3779 reminiscere
2563 3725 2960 3778 miserationum
2983 3734 3217 3787 tuarum,
3247 3723 3490 3784 Domine,
3516 3733 3562 3773 et
3584 3720 3751 3772 miseri-

2196 3816 2492 3869 cordiarum
2519 3824 2728 3868 tuarum
2752 3830 2870 3884 qua:
2908 3832 2939 3867 a
2966 3814 3160 3869 strculo
3188 3823 3310 3866 sunt
3335 3813 3390 3865 in
3427 3822 3499 3876 te,
3530 3811 3578 3864 id
3604 3819 3675 3862 est
3700 3808 3750 3859 ali

2194 3913 2417 3957 aiterno.
2438 3904 2589 3970 Quod
2620 3913 2706 3959 est
2727 3904 2904 3959 dicere
2931 3921 2944 3956 :
2973 3903 3347 3957 Reminiscere
3369 3911 3597 3970 quantas
3623 3899 3751 3950 mise-

2197 3993 2431 4047 rationes
2461 3992 2770 4047 hominibus
2797 3993 3103 4062 impendisti
3137 4007 3166 4045 a
3194 3991 3382 4045 mundi
3416 3988 3688 4059 principio,
3710 3996 3751 4038 οι

2195 4092 2450 4152 quantum
2489 4082 2540 4136 in
2581 4093 2772 4137 natura
2810 4084 2885 4139 sis
2913 4083 3248 4148 misericors,
3300 4092 3356 4136 et
3385 4082 3463 4137 sic
3492 4079 3593 4133 mei
3618 4079 3750 4131 mise-

2196 4191 2314 4229 rere
2341 4176 2482 4229 sicut
2512 4174 2739 4228 aliorum
2773 4175 3026 4229 misertus
3050 4190 3127 4229 es.
3163 4171 3536 4228 Misericordia
3564 4171 3751 4230 dicitur,

2194 4287 2312 4339 quae
2350 4272 2400 4323 in
2443 4271 2550 4323 Deo
2591 4279 2675 4322 est
2716 4269 3055 4323 naturaliter.
3088 4268 3469 4323 Miserationes
3505 4281 3646 4325 vero,
3677 4267 3750 4316 be-

2195 4361 2387 4413 neﬁcia
2421 4375 2537 4427 qure
2560 4374 2655 4427 per
2688 4359 3113 4413 misericordiam
3148 4358 3558 4427 impenduntur.
3581 4355 3750 4421 Quam-

2196 4451 2275 4504 vis
2316 4460 2492 4503 autem
2526 4449 2802 4517 pluraiiler
2840 4459 3003 4518 ponat
3050 4448 3561 4509 misericordiamm,
3585 4445 3634 4501 in
3670 4443 3755 4493 Ι)θο

514 4554 622 4604 me,
658 4540 783 4609 quia
842 4541 1020 4597 adhuc
1066 4543 1237 4612 magis
1277 4552 1332 4597 et
1387 4544 1556 4605 magis
1606 4544 1811 4597 levabo.
1862 4544 1927 4596 Et
1968 4542 2091 4611 quia
2128 4520 2170 4575 ί)
2200 4550 2376 4593 tamen
2430 4539 2655 4608 simplex
2707 4538 3052 4609 intelligenda
3107 4548 3190 4593 est
3241 4536 3646 4597 misericordia;
3681 4530 3755 4584 sed

513 4625 675 4681 levavi
717 4636 772 4683 et
814 4629 1042 4697 conﬁdo,
1090 4647 1195 4685 non
1243 4631 1567 4695 erubescam,
1618 4632 1669 4685 id
1720 4642 1931 4686 estnon
1965 4630 2096 4685 deﬁ-

514 4718 681 4783 ciam.
726 4729 783 4775 et
830 4722 907 4777 sic
940 4739 1043 4776 non
1079 4724 1399 4778 erubescam.
1427 4724 1815 4778 Ernbescerem
1847 4725 2014 4788 enim,
2051 4725 2095 4778 si

523 4809 830 4864 Jeﬁceretn.
862 4812 971 4866 Oro
1018 4828 1085 4866 ne
1127 4814 1465 4867 erubescam.
1504 4812 1686 4882 Neque
1736 4814 1991 4867 irrideant
2018 4830 2098 4867 me

520 4900 856 4956 deﬁcientem
903 4904 1106 4957 inimici
1145 4906 1265 4968 mei,
1319 4913 1371 4957 et
1412 4903 1652 4959 visibiles
1682 4913 1737 4957 et
1775 4904 2093 4969 invisibiles,

518 4991 567 5045 id
598 5000 681 5046 est
727 5008 831 5046 non
879 4993 1148 5063 gaudeant
1176 4993 1243 5047 de
1278 4992 1491 5047 defectu
1516 5006 1656 5056 meo,
1688 4993 1942 5062 quoniam
1966 5008 2099 5061 gau-

516 5082 706 5136 derent
744 5083 785 5137 si
818 5100 906 5138 me
936 5084 1277 5138 deﬁcientem
1324 5084 1593 5147 viderent,
1636 5099 1764 5153 rogo
1790 5100 1894 5138 non
1918 5085 2100 5138 erube-

516 5187 654 5224 scam
685 5188 844 5240 neque
883 5174 1151 5226 irrideant.
1204 5172 1273 5226 Et
1308 5173 1411 5228 hoc
1452 5173 1589 5226 bona
1634 5174 1825 5227 ﬁducia
1850 5188 1966 5228 oro.
2001 5171 2099 5226 Et-

514 5264 650 5317 enim
679 5265 906 5318 uuiuersi
938 5265 1028 5335 qui
1072 5264 1331 5317 sustinent
1377 5273 1446 5326 te,
1486 5264 1537 5317 id
1580 5274 1663 5317 est
1707 5265 1797 5334 qui
1826 5264 2100 5333 patienter

514 5366 830 5424 exspectant
863 5366 913 5411 te
959 5356 1345 5412 auxiliaturum
1377 5364 1431 5409 et
1460 5366 1947 5420 remuneraturum,
1991 5360 2094 5424 vel,

513 5448 605 5516 qui
629 5450 884 5502 sustinent
910 5458 978 5512 te,
1006 5447 1057 5500 id
1093 5455 1176 5500 est
1200 5447 1293 5515 qui
1328 5448 1593 5517 patienter
1622 5448 1803 5503 ferunt
1832 5460 2097 5519 praecepta

518 5549 632 5603 tua,
680 5539 1001 5609 complendo
1048 5552 1136 5603 ea,
1183 5553 1285 5590 non
1335 5540 1739 5609 confundentur,
1785 5544 1838 5596 id
1874 5551 1955 5597 est
1994 5560 2099 5599 non

520 5630 865 5686 erubescent.
917 5630 984 5683 Et
1031 5628 1155 5682 ideo
1185 5628 1308 5697 quia
1342 5636 1393 5683 te
1423 5632 1685 5698 sustineo,
1736 5649 1840 5689 non
1872 5634 2099 5690 confun-

519 5721 638 5787 dar,
670 5723 763 5775 sed
791 5721 973 5789 iniqua
996 5726 1204 5788 agentes
1239 5736 1572 5788 supervacue,
1614 5726 1666 5780 id
1695 5734 1781 5780 est
1808 5728 1924 5781 sine
1950 5727 2098 5780 utili-

528 5820 654 5875 tate,
686 5810 774 5878 qui
808 5810 862 5863 in
895 5808 1000 5863 illis
1033 5806 1231 5871 iniquis
1260 5824 1377 5864 oua:
1408 5824 1565 5875 aqum
1602 5829 1660 5871 se
1690 5824 1873 5871 nutant
1899 5816 2099 5871 utilita-

2197 4633 2490 4686 secundum
2547 4631 2742 4685 multos
2784 4630 3026 4695 eiii-ctus,
3062 4629 3346 4698 pluraliter
3394 4628 3545 4696 ponit
3586 4622 3756 4677 miseri.

2197 4725 2517 4777 cordiarum.
2560 4724 2688 4777 Dico
2721 4724 3050 4775 reminiscere
3088 4721 3486 4774 miserationum
3513 4729 3557 4772 et
3580 4714 3755 4769 miseri-

2197 4817 2515 4868 cordiarum.
2569 4815 2631 4869 Et
2664 4831 2729 4868 ne
2770 4814 2872 4868 situ
2922 4814 3174 4867 immunis
3203 4828 3231 4865 a
3267 4810 3653 4869 misericordia,
3682 4806 3757 4857 υοο

2198 4907 2363 4965 mine.
2397 4922 2460 4960 ne
2486 4907 2778 4960 memineris
2810 4914 2866 4958 ut
2888 4906 3078 4975 punias
3111 4904 3303 4957 delicta
3323 4903 3613 4971 juventutis
3637 4912 3757 4959 metr,

2200 4996 2250 5050 id
2303 5007 2387 5051 est
2432 5004 2651 5064 peccata
2680 4994 2933 5056 venialia.
2966 5009 3085 5062 qua?
3123 4989 3374 5047 commisi
3413 5001 3688 5060 postquam
3719 4988 3758 5037 in

2199 5086 2467 5154 baptismo
2494 5095 2730 5139 veterem
2764 5082 3034 5137 hominem
3062 5083 3332 5145 exuendo,
3360 5082 3574 5151 juvenis
3603 5080 3651 5132 in
3680 5076 3762 5129 ﬁde

2200 5177 2372 5232 factus
2397 5192 2535 5231 sum.
2569 5174 2635 5229 Et
2660 5175 2984 5243 ignorantias
3023 5188 3187 5234 meas,
3222 5172 3272 5224 id
3308 5182 3394 5226 est
3424 5178 3643 5240 peccata
3666 5180 3763 5233 num

2201 5269 2508 5338 ignoranter
2523 5275 2647 5319 ante
2670 5264 2993 5333 baptismum
3019 5262 3288 5315 commisi.
3319 5260 3412 5313 Vel
3442 5261 3520 5315 sic
3546 5276 3559 5311 :
3587 5256 3763 5310 Delicta

2190 5357 2504 5426 jurentmis,
2530 5357 2580 5409 id
2612 5363 2691 5408 est
2713 5352 3034 5407 temeritatis
3060 5366 3209 5403 mete.
3240 5349 3480 5403 Juvenes
3508 5348 3645 5403 enim
3673 5359 3764 5397 tua.

2200 5451 2283 5519 gis
2317 5460 2517 5504 temere
2554 5452 2779 5517 peccant
2810 5458 2972 5513 quam
3011 5457 3187 5503 senes,
3215 5440 3446 5509 ideoque
3465 5441 3764 5509 jurentutm

2199 5558 2297 5612 pro
2319 5542 2605 5595 temeritate
2627 5537 2796 5606 ponit.
2824 5535 2984 5601 Quasi
3013 5534 3156 5587 dicat
3186 5551 3199 5584 :
3230 5532 3422 5599 Magna
3457 5531 3644 5585 delicta
3667 5539 3765 5594 qua:

2204 5640 2406 5687 temere
2436 5644 2556 5700 ago,
2596 5644 2700 5682 non
2730 5626 3062 5688 necessario,
3102 5641 3164 5678 ne
3195 5625 3515 5677 memineris.
3552 5619 3621 5674 Et
3643 5621 3766 5687 igno-

2201 5725 2399 5777 rantias
2432 5738 2595 5783 meas,
2632 5719 2683 5772 id
2712 5727 2794 5773 est
2823 5716 3049 5771 venialia
3084 5731 3205 5783 qua:
3234 5716 3548 5783 ignoranter
3572 5727 3687 5782 ago.
3713 5708 3766 5762 Et

2204 5831 2310 5871 non
2353 5811 2772 5869 meminisccudo
2816 5810 3030 5865 delicta.
3091 5818 3350 5861 memento
3397 5808 3496 5860 mei
3529 5815 3584 5859 ut
3625 5802 3763 5857 mise-
