3862 6322
104 359 185 415 ’155
996 346 1356 404 EXPOSITIO
1382 346 1449 400 IN
1490 345 1819 401 PSALMOS.
1852 377 1921 386 —
1945 346 1986 399 P
2013 346 2137 400 'AL.
2178 346 2365 402 XXIV.

3203 354 3307 409 754

107 467 264 531 real-is,
289 464 378 533 qui
399 463 547 518 visus
573 478 631 516 es
655 461 851 516 oblitus
871 461 1150 525 essc,dum
1178 462 1408 515 inﬁdelis
1433 475 1630 523 essem,
1663 463 1710 521 Α
1740 458 1889 523 illud,
1940 458 2032 513 sed
2080 461 2257 529 potius
2312 475 2511 516 accuso
2570 461 3033 532 multipendcndo;
3075 466 3307 536 ideoque

105 574 167 625 tu,
203 573 232 612 ο
274 555 509 619 Domine,
538 554 629 624 qui
667 552 814 608 solus
853 561 1005 623 potes
1038 552 1116 606 sic
1146 552 1410 606 misereri.
1444 551 1507 605 Et
1534 552 1636 605 hoc

104 656 277 720 propter
299 646 577 699 bonitatem
600 655 765 710 tuam,
815 644 867 698 id
906 655 989 697 est
1017 642 1442 697 misericordiam
1473 656 1634 710 quam

105 734 385 793 naturaliter
433 734 603 788 habes
661 750 766 789 non
833 744 1051 805 propter
1097 737 1287 788 merita
1348 749 1464 787 mea
1519 743 1635 786 tan-

106 840 212 882 tum.
234 827 301 894 Et
329 841 431 879 non
475 841 664 895 parum
694 827 1023 893 miserearis,
1053 827 1146 880 sed
1178 827 1459 880 secundum
1485 827 1635 880 mise-

105 917 347 971 ricordiam
369 925 535 981 tuam,
570 917 622 971 id
660 926 742 971 est
771 916 837 970 ad
879 919 1093 972 modum
1125 918 1503 973 misericordiae
1532 930 1634 973 tute

103 1009 218 1063 sicut
251 1007 464 1062 multum
519 1023 580 1064 es
617 1008 945 1075 misericors,
1001 1010 1079 1064 sic
1118 1018 1173 1064 et
1220 1009 1447 1064 multum
1473 1009 1634 1063 mise-

104 1098 263 1154 rearis.

144 1188 394 1253 ﬂuoniam
418 1203 545 1243 vero
559 1190 658 1245 'Dei
681 1190 939 1245 bonitatis
969 1191 1294 1246 mentionem
1314 1190 1538 1257 fecerat,
1566 1205 1633 1245 ne

100 1276 292 1347 quilibet
317 1278 472 1331 nimis
506 1279 557 1332 in
604 1278 841 1334 bonitate
877 1281 967 1335 illa
996 1281 1272 1336 conﬁdens
1299 1281 1351 1334 in
1395 1282 1632 1350 peccatis

101 1377 452 1439 perseveraret.
497 1370 636 1424 Dicit
674 1372 838 1425 etiam
870 1387 991 1426 eum
1023 1380 1225 1426 rectum
1257 1387 1376 1425 esse
1409 1373 1477 1425 ad
1502 1372 1633 1425 ulci-

100 1462 324 1516 scendum
351 1470 567 1530 peccata
597 1465 1086 1531 perseverantium,
1120 1465 1216 1519 sic.
1251 1464 1379 1518 Dico
1426 1475 1633 1534 propter

100 1554 362 1616 bonitatem,
396 1562 450 1606 et
472 1569 596 1608 vere
619 1554 789 1608 dulcis
826 1565 909 1610 est
935 1554 1208 1619 Dominus,
1246 1555 1295 1607 id
1327 1564 1408 1609 est
1438 1556 1629 1619 bonus,

99 1658 138 1697 et
164 1654 324 1696 tamen
348 1652 537 1708 rectus,
554 1644 608 1697 id
628 1653 712 1697 est
730 1645 908 1712 justus
929 1646 995 1699 ad
1021 1644 1381 1699 ulciscendum
1401 1660 1416 1708 ;
1434 1653 1487 1696 et
1510 1644 1631 1697 inde

99 1736 181 1787 hoc
218 1740 382 1801 potest
427 1733 595 1787 videri
634 1735 776 1803 quod
832 1734 999 1787 dulcis
1038 1743 1122 1787 est
1160 1744 1204 1786 et
1256 1743 1444 1786 rectus.
1497 1732 1626 1786 Nam

1738 551 1948 603 veniam
1995 565 2225 604 mereor.
2260 549 2326 603 Et
2373 553 2499 620 quia
2535 552 2747 606 dixerat
2784 553 2883 607 sibi
2915 556 3136 609 multum
3185 573 3307 611 esse

1734 649 2016 708 peccatum
2059 655 2235 706 suum,
2285 649 2342 694 ut
2388 651 2442 695 et
2487 641 2589 696 hoc
2621 643 2774 697 nobis
2805 644 3061 708 insinuet,
3101 647 3308 701 scilicet

1736 732 2126 801 nmltipendere
2166 742 2465 802 peccatum,
2490 743 2570 788 .et
2614 735 2692 789 sic
2732 736 2942 789 veniam
2984 739 3307 804 promereri,

1734 821 2008 891 subjungit
2039 822 2193 876 :Dixi
2225 823 2446 877 multum
2491 834 2564 878 est
2597 842 2615 881 :
2646 833 2701 879 et
2743 826 2939 879 bontun
2973 834 3054 879 est
3081 826 3304 881 multum

1734 927 1874 967 esse.
1903 912 2037 965 Nam
2068 914 2152 966 cui
2184 913 2410 967 multum
2436 923 2538 978 est,
2568 915 2655 970 ille
2685 914 2847 969 Deum
2885 916 3054 970 timet.

1804 1002 1870 1056 Et
1906 1006 2022 1072 quis
2053 1014 2126 1058 est
2155 1005 2340 1069 homo,
2374 1005 2424 1059 id
2455 1015 2535 1060 est
2572 1022 2731 1075 quam
2774 1022 3002 1075 magnus
3048 1015 3102 1060 et
3140 1021 3303 1076 quam

1735 1092 1859 1148 felix
1894 1102 1976 1149 est
2010 1095 2169 1149 homo
2204 1095 2294 1164 qui
2324 1096 2466 1149 timet
2497 1095 2805 1158 Dominum,
2837 1104 2891 1149 et
2924 1096 3046 1150 inde
3076 1098 3178 1151 hoc
3204 1112 3304 1165 ap-

1734 1196 1907 1258 paret.
1938 1185 2073 1241 Nam
2109 1188 2292 1240 statuit
2320 1187 2368 1241 ei
2401 1188 2493 1255 qui
2527 1202 2649 1241 eum
2704 1188 2855 1241 timet
2895 1187 3091 1257 legem,
3134 1188 3184 1241 id
3223 1197 3310 1243 est

1736 1277 2065 1340 ﬁrmitatem,
2096 1292 2162 1330 ne
2186 1277 2399 1331 deﬁciat
2426 1279 2480 1331 in
2503 1279 2584 1330 via
2618 1278 2880 1331 bonorum
2912 1292 3121 1332 mOrum
3144 1295 3303 1347 quam

1732 1366 1901 1434 elegit.
1932 1364 2127 1433 Legem
2158 1364 2309 1435 ponit
2354 1381 2452 1434 pro
2500 1366 2787 1431 ﬁrmitate;
2823 1367 2945 1436 quia
2995 1367 3121 1422 illud
3160 1384 3302 1436 pra:-

1734 1466 1946 1524 ceptum
1974 1459 2118 1525 quod
2150 1456 2364 1509 ﬁrmum
2396 1466 2449 1510 et
2487 1458 2681 1513 stabile
2710 1469 2821 1523 est,
2874 1459 2955 1513 lex
3005 1460 3109 1513 dici
3141 1460 3299 1516 solet.

1732 1546 1800 1599 Et
1832 1562 1927 1615 per
1956 1546 2098 1599 illam
2137 1545 2308 1614 legem
2343 1547 2519 1597 anima
2550 1547 2663 1615 ejus
2702 1547 2768 1601 de
2816 1562 3043 1616 corpore
3077 1550 3298 1612 exiens,

1732 1636 2107 1700 demorabitur,
2146 1636 2197 1689 id
2236 1644 2319 1689 est
2355 1634 2620 1689 habitabit
2669 1637 2722 1689 in
2770 1638 2925 1691 bonis
2966 1638 3295 1692 coelestibus.

1731 1729 1799 1782 Et
1830 1730 1883 1783 in
1920 1728 2100 1782 futuro
2130 1745 2305 1781 semen
2345 1728 2458 1796 ejus
2503 1728 2827 1787 htereditabit
2865 1740 3085 1794 terram,
3129 1730 3178 1783 id
3215 1740 3302 1784 est

96 1834 272 1892 propter
308 1823 397 1876 hoc
420 1824 564 1878 dabit
594 1825 776 1893 legem,
804 1825 854 1879 id
887 1835 969 1879 est
998 1825 1295 1879 doctrinam
1327 1824 1628 1894 delinquen-
1660 1795 1703 1853 Β
1733 1821 1873 1874 bona
1903 1834 2066 1887 opera
2098 1834 2217 1887 qua:
2246 1818 2334 1871 hic
2374 1817 2732 1883 seminantur,
2761 1828 2917 1871 erunt
2942 1834 3101 1873 causa
3132 1834 3298 1887 quare

97 1917 206 1967 tilus
230 1914 405 1982 positis
431 1919 483 1967 in
508 1918 589 1968 cia
617 1931 850 1977 ωσι-ηπ),
893 1917 944 1969 id
976 1929 1058 1969 est
1080 1917 1515 1984 delinquentibus
1537 1932 1627 1969 ve-

97 2004 299 2059 nialiter.
334 2002 466 2057 Nam
508 2004 599 2074 qui
636 2005 993 2060 criminaliter
1031 2014 1273 2072 peccant,
1304 2016 1455 2059 extra
1484 2006 1627 2059 viam

96 2108 273 2147 morum
305 2102 442 2147 sunt.
473 2092 625 2159 Quod
653 2104 736 2149 est
765 2096 945 2149 dicere
973 2113 984 2146 :
1016 2094 1166 2148 Dabit
1198 2096 1275 2150 eis
1303 2095 1625 2160 doctrinam,

97 2200 149 2239 ne
172 2184 505 2239 criminaliter
533 2187 803 2255 peccando
831 2198 1069 2255 pereant,
1096 2199 1149 2242 et
1178 2188 1229 2241 in
1260 2189 1361 2242 hoc
1390 2189 1557 2243 dulcis
1579 2201 1627 2243 et

96 2285 235 2328 rectus
252 2289 366 2328 esse
393 2277 788 2345 comprobatur.
813 2277 942 2330 Nam
968 2279 1010 2331 si
1040 2287 1242 2332 tantum
1273 2278 1443 2332 dulcis
1461 2288 1625 2344 esset,

96 2366 324 2434 superfluo
354 2368 523 2437 legem
566 2368 740 2431 daret,
774 2385 893 2422 cum
923 2370 1101 2423 onmia
1141 2370 1486 2437 pet-cantibus
1513 2385 1631 2425 om-

95 2459 225 2513 nibus
244 2458 557 2513 dimissurus
585 2469 749 2514 esset.
783 2461 837 2514 Si
869 2478 996 2516 vero
1025 2470 1230 2515 tantum
1252 2462 1450 2530 justus,
1490 2478 1625 2516 nuu-

93 2566 226 2618 quam
274 2552 656 2607 misericordia:
696 2549 867 2623 legem
913 2554 1081 2611 daret.
1133 2555 1225 2607 sed
1272 2568 1460 2607 onmes
1484 2553 1628 2621 juste

93 2640 358 2693 damnaret.
398 2639 491 2695 Vel
529 2641 692 2711 legem
735 2649 889 2695 vocat
930 2641 1266 2710 disciplinam
1325 2642 1629 2695 tribulatio-

94 2746 215 2795 num,
248 2746 405 2799 quam
434 2736 501 2786 ad
531 2749 657 2787 suos
684 2734 1031 2801 corrigendos
1069 2743 1123 2786 et
1150 2733 1416 2788 docendos
1445 2733 1625 2789 infert.

96 2817 219 2872 Unde
249 2819 371 2873 alibi
404 2820 727 2876 Psalmista:
767 2841 787 2875 ι
821 2822 1112 2892 Disciplina
1147 2833 1234 2877 tua
1267 2826 1505 2878 correxit
1544 2840 1629 2880 me

92 2906 234 2972 (Psal.
269 2924 401 2971 xvn,
441 2910 555 2979 37),
587 2930 606 2962 ι
642 2912 811 2988 idest
846 2912 1112 2967 edocebit.
1152 2912 1216 2966 Et
1244 2913 1545 2981 injudicio,
1577 2915 1627 2969 id

90 3006 155 3051 est
175 2999 220 3052 in
241 2998 356 3069 lege
391 3001 479 3053 illa
512 3017 608 3070 per
636 3018 796 3072 quam
825 3004 996 3058 scient
1018 3004 1263 3073 judicare
1286 3006 1415 3074 quid
1439 3013 1628 3060 tenen-

90 3090 192 3142 dum
220 3091 288 3183 sit
330 3101 389 3146 et
418 3093 547 3161 quid
578 3093 908 3164 fugiendum,
952 3095 1177 3165 ideoque
1200 3095 1459 3165 judicium
1492 3098 1624 3152 dici-
1656 3126 1696 3183 ο

92 3190 196 3234 tur:
226 3181 422 3253 Diriget
462 3196 760 3243 mansuetos
793 3187 859 3241 de
888 3188 1027 3241 bono
1059 3189 1111 3242 in
1153 3188 1364 3253 melius,
1414 3206 1517 3244 non
1550 3206 1629 3245 re-

89 3273 244 3329 belles.
268 3275 333 3329 Et
356 3286 414 3329 ut
436 3276 572 3331 bene
586 3277 904 3345 dirigantur,
925 3280 1125 3333 docebit
1153 3282 1460 3350 specialiter
1483 3283 1627 3351 ipsos

89 3366 211 3418 mites
236 3367 340 3420 vias
359 3383 507 3432 suas,
536 3383 634 3437 per
650 3384 783 3437 quas
812 3371 878 3423 ad
907 3385 1026 3424 eum
1055 3373 1388 3441 pervenient.
1413 3374 1477 3427 Et
1502 3375 1624 3442 quia

88 3460 451 3527 possetqumri:
478 3476 598 3529 quae
615 3470 739 3515 sunt
768 3462 869 3516 illae
890 3463 1026 3517 vite?
1050 3464 1302 3532 exprimit
1326 3480 1339 3517 :
1360 3463 1626 3519 Universa:

86 3548 162 3599 ria:
184 3547 393 3602 Domini
432 3560 559 3604 sunt
588 3551 709 3606 hae:
752 3551 1116 3606 Misericordia
1157 3564 1203 3607 et
1236 3555 1439 3607 veritas.
1474 3554 1625 3609 Mise-

86 3638 280 3692 ricordia
308 3640 539 3703 scilicet,
567 3643 670 3711 73
699 3653 757 3696 ut
781 3642 863 3697 sui
891 3644 1255 3713 unusquisque
1284 3645 1623 3710 misereatur,

85 3744 137 3781 ne
154 3741 328 3799 peccet
359 3742 411 3786 et
445 3734 717 3801 peccando
743 3745 947 3803 pereat,
991 3745 1044 3789 et
1093 3746 1151 3788 ut
1178 3751 1275 3805 pro
1305 3736 1460 3790 malis
1485 3737 1623 3790 bona

82 3821 335 3875 retribuat.
392 3819 617 3889 Veritas,
664 3824 715 3878 id
753 3834 834 3879 est
873 3824 1078 3893 justitia
1136 3826 1365 3889 scilicet,
1397 3830 1623 3897 utquod

77 3910 252 3976 justum
283 3924 394 3977 est,
436 3913 602 3967 Deum
631 3931 793 3984 super
817 3918 997 3971 omnia
1026 3917 1230 3986 diligat,
1269 3927 1323 3972 et
1351 3934 1445 3986 pro
1470 3919 1625 3975 bonis

80 4000 195 4053 bona
227 4004 513 4057 retribuat.
543 4002 905 4057 Misericordia
932 4017 977 4059 et
999 4007 1188 4058 veritas
1215 4006 1333 4060 dico
1356 4008 1569 4060 inventa
1594 4024 1623 4061 a

81 4091 426 4157 requirentibus
478 4102 839 4146 testamentum
884 4094 1021 4163 ejus,
1060 4104 1106 4147 et
1145 4095 1440 4148 testimonia
1487 4096 1620 4164 ejus.

79 4182 205 4244 Quod
247 4192 329 4236 est
380 4185 606 4238 dicere:
646 4184 699 4238 Si
742 4184 863 4252 quis
910 4185 1230 4253 requirendo
1258 4194 1625 4254 perscrutetur

81 4284 244 4323 novam
280 4272 459 4342 legem
498 4282 554 4327 et
597 4284 856 4337 veterem,
888 4288 992 4327 non
1031 4274 1261 4328 inveniet
1294 4274 1473 4343 plures
1508 4275 1624 4328 vias

79 4358 192 4413 istis.
224 4360 290 4414 Et
318 4362 461 4415 bene
487 4370 721 4416 veterem
748 4362 914 4432 legem
940 4363 1230 4416 testimonia
1254 4363 1381 4417 dicit
1406 4362 1623 4433 plurali-

1730 1912 1781 1965 in
1819 1909 2000 1964 futuro
2028 1924 2224 1978 corpus
2253 1918 2305 1963 et
2338 1910 2515 1962 anima
2555 1911 2714 1963 simul
2749 1908 3153 1969 hcercditabunt
3182 1921 3292 1964 ter—

1729 2017 1845 2056 ram
1892 2000 2207 2054 viventium.
2262 1999 2481 2054 Semina
2523 2000 2773 2054 dicuntur
2801 2014 2967 2070 opera
3019 2002 3190 2063 bona,
3233 2016 3298 2055 eo

1730 2092 1871 2161 quod
1943 2106 2120 2146 causa:
2194 2102 2317 2145 sunt
2407 2093 2749 2160 prasmiorum
2793 2131 2809 2156 ,
2876 2093 3015 2145 sicut
3088 2093 3298 2146 semina

1729 2199 1907 2238 causa:
1959 2192 2083 2237 sunt
2139 2184 2418 2237 messium.
2464 2182 2597 2249 Quia
2648 2196 2776 2234 vero
2827 2182 3035 2234 dixerat
3066 2221 3079 2246 ,
3137 2183 3297 2234 statui

1729 2276 1930 2343 legem,
1968 2276 2225 2343 exprimit
2267 2276 2435 2344 ipsam
2482 2276 2648 2345 legem
2693 2275 2806 2328 sic:
2862 2274 2991 2326 Dico
3044 2273 3299 2327 Dominus

1728 2365 1912 2417 statuit
1951 2362 2109 2433 legem
2135 2401 2152 2428 ,
2184 2364 2235 2417 id
2271 2372 2359 2417 est
2397 2363 2654 2416 Dominus
2699 2372 2772 2415 est
2814 2362 3197 2429 ﬁrmamentum
3235 2363 3300 2415 ti-

1730 2455 1989 2507 mentibus
2024 2471 2174 2517 cum,
2208 2470 2275 2508 ne
2324 2454 2538 2508 cedant.
2580 2453 2647 2506 Et
2690 2454 2820 2522 ipsis
2868 2453 3094 2507 ﬁrmatis
3142 2460 3300 2506 testa—

1730 2554 1988 2607 mentum,
2029 2543 2081 2598 id
2116 2555 2199 2599 est
2226 2545 2512 2613 promissio
2545 2544 2690 2599 illius
2725 2545 2914 2598 datur:
2951 2545 3050 2599 hoc
3092 2544 3301 2599 scilicet

1731 2644 1782 2686 ut
1818 2636 2176 2704 manifestetur
2211 2636 2346 2702 illis,
2393 2637 2444 2689 in
2478 2636 2659 2691 futuro
2693 2647 2751 2690 ut
2784 2638 2924 2691 idem
2959 2638 3010 2691 in
3058 2637 3301 2706 Evange—

1730 2723 1837 2777 lio:
1892 2743 1909 2775 ι
1946 2724 2299 2780 Manifestabo
2352 2736 2406 2778 et
2456 2726 2718 2794 meipsum
2770 2726 2952 2796 (Joan.
3014 2741 3127 2789 x1v,
3179 2725 3296 2791 ‘21).

1729 2814 1871 2869 Nulli
1901 2818 2045 2870 enim
2079 2817 2130 2869 in
2163 2817 2411 2884 praesenti
2444 2816 2548 2870 hoc
2584 2826 2823 2885 tempore
2852 2817 2991 2870 Deus
3020 2817 3097 2870 sic
3127 2817 3297 2870 mani-

1732 2906 1977 2969 festatur,
2012 2917 2067 2960 ut
2100 2908 2151 2959 in
2184 2907 2367 2961 futuro
2402 2907 2831 2962 manifestandus
2859 2918 2960 2962 est.
2998 2907 3300 2961 Testamen-

1730 3005 1836 3048 tum
1871 2996 2019 3063 ponit
2045 3010 2143 3064 pro
2193 2996 2548 3064 promissione
2572 3036 2588 3059 ,
2626 3012 2691 3050 eo
2734 2996 2877 3065 quod
2916 3004 3297 3050 testamentum

1731 3086 2096 3141 Increditatem
2129 3088 2414 3157 promittit.
2450 3090 2514 3143 Et
2552 3090 2677 3158 quia
2715 3089 2970 3142 Dominus
2996 3089 3300 3156 ﬁrmamen-

1729 3187 1839 3230 tum
1871 3188 1944 3231 est
1973 3180 2292 3242 timentibus,
2324 3179 2461 3232 oculi
2488 3180 2619 3245 mei,
2651 3180 2701 3234 id
2730 3188 2811 3234 est
2835 3178 3148 3234 all'ectiones
3177 3179 3296 3247 qui-

1729 3264 1829 3321 bus
1865 3282 1986 3320 eum
2027 3267 2229 3334 aspicio
2256 3268 2321 3321 ad
2349 3268 2564 3321 modum
2594 3268 2875 3322 oculorum
2895 3307 2911 3332 ,
2945 3276 3070 3322 sunt
3097 3282 3297 3334 semper

1728 3360 1796 3412 ad
1834 3358 2134 3411 Dominum.
2175 3358 2325 3423 Quod
2358 3368 2440 3412 est
2468 3358 2678 3413 dicere:
2711 3359 2775 3412 Et
2808 3369 2866 3412 ut
2896 3373 3073 3412 meum
3107 3357 3289 3411 ﬁrma-

1729 3457 1969 3505 mentum
2010 3448 2110 3513 sit,
2150 3464 2426 3517 nunquam
2460 3450 2526 3502 ab
2563 3465 2628 3503 co
2667 3449 2875 3503 diverto
2917 3448 3102 3503 oculos
3147 3463 3176 3500 a
3222 3447 3295 3502 si-

1728 3540 2027 3613 militudine
2056 3539 2177 3594 boni
2205 3540 2343 3593 servi
2368 3580 2382 3604 ,
2422 3540 2577 3608 cujus
2603 3540 2743 3595 oculi
2776 3555 2990 3610 semper
3019 3541 3084 3593 ad
3114 3539 3296 3593 Domi-

1727 3648 1853 3686 num
1886 3647 2040 3685 suum
2073 3639 2233 3697 sunt,
2269 3640 2327 3685 ut
2368 3632 2530 3685 etiam
2567 3632 2630 3685 ad
2667 3642 2855 3685 nutum
2903 3631 3001 3701 ipsi
3051 3631 3297 3700 protinus

1725 3723 1961 3778 obediat.
1998 3722 2151 3777 Unde
2182 3723 2307 3776 alibi
2338 3723 2618 3777 Psalmista
2648 3740 2661 3775 :
2698 3741 2715 3773 ι
2751 3723 2904 3778 Sicut
2929 3722 3068 3777 oculi
3109 3736 3297 3776 servo-

1731 3828 1846 3867 rum
1880 3812 1933 3865 in
1973 3812 2221 3865 manibus
2268 3811 2608 3866 dominorum
2643 3811 2813 3882 (Paul.
2848 3826 3028 3876 cxx",
3059 3810 3135 3880 2).
3178 3829 3196 3862 ι
3234 3810 3300 3864 Et

1727 3902 1921 3956 merito
1962 3900 2100 3954 oculi
2139 3900 2238 3953 mei
2286 3909 2409 3953 sunt
2447 3900 2514 3952 ad
2558 3899 2876 3965 Dominum,
2908 3900 3156 3969 quoniam
3190 3899 3297 3967 ipse

1725 3992 1897 4046 evellet
1951 3991 2272 4061 quandoque
2324 3993 2388 4043 de
2441 3990 2628 4059 laqueo
2684 3991 2838 4059 pedes
2888 4006 3061 4053 meos,
3109 3989 3161 4042 id
3215 3996 3299 4042 est

1724 4101 1877 4140 eruet
1909 4086 1974 4140 de
2006 4085 2198 4154 laqueo
2225 4083 2571 4138 mortalitatis
2598 4093 2652 4135 et
2674 4079 3070 4150 possibilitatis,
3102 4077 3295 4145 quibus

1725 4179 1884 4235 modo
1914 4180 2260 4234 vehementer
2293 4176 2577 4246 impedior.
2608 4174 2761 4240 Quod
2791 4182 2968 4226 autem
3018 4169 3170 4240 ponit
3212 4186 3297 4238 pe-

1725 4270 1813 4324 des
1872 4286 2011 4323 meos
2048 4310 2063 4334 ,
2134 4284 2164 4323 a
2216 4268 2568 4322 similitudine
2624 4265 2758 4319 dicit
2808 4278 2991 4317 eorum
3042 4261 3132 4330 qui
3198 4276 3295 4329 per

1725 4359 1887 4428 pedes
1922 4362 2307 4430 illaqueantur.
2365 4357 2430 4410 Et
2471 4356 2595 4425 quia
2643 4353 2780 4409 oculi
2817 4354 2915 4405 mei
2961 4352 3026 4404 ad
3071 4360 3123 4403 te
3148 4364 3292 4403 sem-

80 4456 165 4511 ter,
185 4466 299 4504 cum
348 4467 379 4504 a
415 4452 599 4507 multis
647 4453 869 4507 testibus
893 4452 1156 4506 adventus
1192 4452 1414 4516 Christi,
1440 4469 1468 4505 a
1499 4468 1625 4521 pro-
1655 4458 1700 4512 D
1727 4467 1820 4522 per
1881 4460 2034 4511 sunt,
2074 4449 2267 4518 respice
2314 4449 2367 4501 in
2414 4464 2528 4511 me,
2567 4446 2618 4499 id
2657 4454 2742 4497 est
2785 4453 2901 4497 esto
2947 4441 3075 4494 mihi
3126 4442 3292 4494 bene-

77 4538 226 4605 phetis
276 4542 492 4596 scilicet
539 4542 844 4597 ministrata
892 4542 1068 4596 fuerit.
1115 4541 1259 4595 Nova
1306 4551 1484 4597 autem
1538 4544 1622 4597 lex

77 4630 400 4701 singulariter
443 4644 824 4689 testamentum
872 4646 1231 4703 nuncupatur,
1272 4651 1337 4691 eo
1383 4636 1525 4706 quod
1557 4641 1625 4692 ab

77 4736 165 4776 uno
198 4724 308 4778 solo
330 4736 473 4780 teste
496 4726 615 4781 vita:
641 4735 857 4780 internae
880 4727 1001 4780 data
1032 4728 1120 4792 sit,
1152 4727 1201 4780 id
1223 4736 1304 4782 est
1330 4744 1358 4781 a
1384 4729 1621 4783 Christo.

76 4814 287 4880 Apostoli
355 4819 575 4886 quidem
628 4828 682 4871 et
726 4819 907 4872 caeteri
957 4818 1203 4873 doctores
1258 4834 1361 4872 non
1412 4819 1626 4874 fuerunt

76 4903 189 4975 legis
232 4909 479 4970 datores,
529 4910 622 4962 sed
658 4909 1012 4976 expositores.
1059 4908 1291 4963 Ostenso
1335 4910 1435 4963 hoc
1483 4911 1625 4979 quod

76 4994 309 5052 Dominus
349 5000 525 5054 dulcis
554 5009 633 5054 est
680 5009 736 5054 et
767 5010 945 5054 rectus
976 5001 1043 5054 ad
1076 5002 1487 5056 instructionem
1531 5019 1625 5057 no-

75 5094 247 5153 stram;
289 5089 420 5157 quia
448 5098 700 5143 oraverat
743 5090 990 5157 superius
1022 5105 1086 5144 es
1128 5090 1262 5144 bona
1301 5092 1623 5145 conﬁdentia

74 5192 121 5229 se
144 5177 552 5247 impetraturum
575 5182 881 5245 annuntiat,
904 5193 962 5236 ut
987 5190 1037 5235 et
1069 5181 1200 5235 alios
1225 5182 1292 5236 ad
1316 5183 1621 5252 petendum,

74 5273 220 5337 gratia
251 5272 579 5341 impetrandi
609 5275 846 5342 instiget,
868 5276 965 5330 sic.
996 5273 1184 5340 Oravi;
1217 5276 1500 5329 secundum
1526 5278 1625 5329 mi-

73 5362 390 5415 sericordium
420 5372 587 5426 tuam,
622 5376 873 5417 memento
911 5369 1010 5417 mei
1042 5380 1060 5417 :
1088 5365 1228 5432 quod
1270 5380 1396 5417 vere
1438 5365 1620 5418 facies.

78 5444 190 5503 Vere
208 5452 577 5521 propitiaberis
603 5465 810 5520 peccato
856 5470 986 5516 meo,
1030 5462 1238 5522 propter
1269 5470 1455 5507 nomen
1476 5464 1623 5508 tuum

74 5542 526 5608 angmentandum.
573 5541 638 5595 Et
668 5542 885 5611 dignum
920 5550 1000 5596 est
1035 5551 1092 5595 ut
1125 5543 1453 5611 prapitieris.
1488 5541 1625 5595 Μαι-

74 5636 165 5681 tum
196 5642 267 5685 est
297 5632 462 5695 enim,
507 5631 559 5686 id
596 5641 680 5687 est
724 5633 946 5687 multum
976 5648 1097 5688 esse
1137 5649 1168 5688 a
1206 5648 1292 5688 me
1322 5640 1618 5703 reputatur.

75 5716 204 5783 Quod
239 5732 324 5778 est
375 5722 558 5778 dicere
590 5739 603 5775 :
635 5720 749 5778 Non
806 5738 1004 5779 excuso
1049 5738 1131 5777 me
1181 5722 1620 5793 parvipendendo

1725 4541 1898 4596 volus.
1926 4541 1970 4593 Α
1998 4537 2352 4593 similitudine
2390 4534 2601 4589 Domini
2648 4533 2852 4586 dictum
2901 4539 3015 4594 est,
3057 4530 3147 4599 qui
3178 4544 3292 4583 ser-

1725 4647 1851 4685 vum
1890 4644 2049 4698 quem
2088 4628 2263 4695 diligit
2299 4640 2442 4694 saepe
2488 4623 2722 4691 respicit.
2773 4622 2837 4676 Et
2873 4622 3009 4675 bene
3046 4619 3197 4690 ponit
3238 4620 3290 4672 in

1727 4736 1831 4776 me.
1872 4720 2034 4786 Quasi
2086 4718 2259 4771 dicat:
2310 4714 2426 4769 Non
2478 4714 2695 4768 horarie
2732 4727 2816 4765 me
2862 4711 3154 4780 respicias,
3200 4711 3293 4763 sed

1727 4815 1918 4883 respice
1944 4813 1997 4865 in
2026 4827 2106 4863 me
2137 4810 2345 4878 ﬁgendo
2376 4816 2651 4876 aspectum
2684 4819 2790 4858 non
2821 4802 2929 4856 cito
2968 4802 3291 4864 auferendo,

1725 4913 1780 4957 et
1824 4901 2116 4971 respiciens
2157 4900 2400 4952 miserere
2438 4897 2537 4949 mei
2588 4894 2928 4964 indulgendo.
2980 4893 3045 4947 Et
3075 4893 3291 4961 dignum

1725 5003 1828 5054 est,
1846 4994 1972 5062 quia
1986 5007 2085 5061 ego
2114 4990 2203 5059 qui
2235 4990 2335 5044 hoc
2358 5004 2477 5056 oro,
2499 4990 2684 5041 unicus
2707 5005 2824 5042 sum
2843 5000 2888 5040 et
2913 5005 3128 5058 pauper.
3153 4987 3293 5041 Pric-

1726 5094 1973 5155 posterus
2006 5083 2158 5136 ordo.
2199 5081 2351 5146 Quod
2387 5089 2472 5134 est
2504 5080 2717 5134 dicere:
2754 5078 2890 5145 Quia
2931 5093 3048 5132 sum
3094 5093 3293 5146 pauper

1725 5177 1948 5246 Spiritu,
1981 5190 2084 5228 non
2113 5173 2406 5243 superbus,
2437 5172 2490 5226 id
2528 5180 2611 5225 est
2639 5171 2926 5225 humilians
2962 5185 3046 5223 me
3084 5185 3210 5238 erga
3245 5176 3293 5223 te

1726 5270 1779 5323 in
1810 5269 2077 5323 omnibus.
2108 5266 2247 5333 Quid
2278 5280 2407 5321 vero
2444 5265 2516 5319 sit
2543 5279 2829 5333 pauperem
2860 5262 3051 5331 Spiritu
3083 5275 3201 5315 esse
3240 5262 3293 5314 in

1724 5359 1989 5427 psalmum
2020 5373 2109 5412 χλι
2137 5356 2245 5428 74
2271 5357 2474 5411 dictum
2503 5365 2606 5410 est.
2640 5355 2706 5408 Et
2753 5367 2921 5422 usque
2974 5352 3110 5405 adeo
3173 5366 3292 5405 sum

1722 5467 1941 5521 pauper,
1971 5449 2113 5519 quod
2154 5450 2318 5503 etiam
2353 5462 2471 5501 sum
2511 5446 2725 5510 unicus,
2759 5444 2811 5497 id
2849 5450 2934 5497 est
2970 5442 3021 5495 in
3066 5456 3294 5494 numero

1724 5542 1955 5597 ﬁliorum
1988 5539 2275 5603 Ecclesiae,
2310 5552 2430 5606 qua:
2474 5536 2628 5590 unica
2668 5542 2757 5587 tua
2803 5541 2919 5597 est,
2963 5531 3171 5586 scilicet
3219 5531 3291 5582 ita

1724 5634 1888 5688 chara
1916 5631 2059 5686 sicut
2086 5630 2273 5685 unicus
2303 5628 2446 5682 ﬁlius
2473 5627 2613 5696 patri
2644 5624 2994 5679 cbarissimus
3038 5629 3140 5676 est.
3178 5620 3287 5675 Un-

1724 5721 1790 5777 de
1820 5721 1873 5776 in
1916 5706 2153 5775 canticis
2191 5716 2522 5773 canticorum
2563 5729 2794 5785 sponsus
2825 5712 3073 5768 Christus
3103 5709 3290 5765 Eccle-
