3838 6328
566 323 672 380 753

1131 323 1190 380 3.
1231 322 1578 380 BRUNONIS
1615 321 2256 380 CARTHUSIANORUM
2296 320 2784 376 INSTITUTORIS
2821 319 2971 378 OPP.
3012 321 3187 379 PAPS
3219 321 3259 377 1.

3681 327 3766 385 756

563 434 661 491 site
685 446 925 503 sponsae:
960 459 979 485 ι
1007 431 1175 488 Unica
1192 433 1592 497 mea,columba
1614 449 1728 489 mea
1744 432 2129 506 (Cant.vi,8).t
2167 435 2210 490 A
2239 431 2470 486 ﬂdelium
2501 431 2832 488 cnllectionis
2870 449 3250 505 usquequaque
3278 439 3626 505 perfectorum
3661 458 3766 498 con-

565 526 632 581 Et
661 523 881 593 exponit
929 539 1024 592 per
1059 533 1240 594 partes
1271 527 1651 594 paupertatem
1676 539 1852 578 suam.

636 614 964 684 Exponenda
993 630 1206 684 quoque
1248 626 1559 685 perapartes
1587 615 1639 669 in
1669 617 1862 684 quibus
1892 617 1940 671 ei
1976 617 2136 672 mise-

563 718 751 764 realur
783 723 796 759 :
824 705 962 760 Vere
990 723 1103 759 sum
1128 724 1348 777 pauper,
1380 707 1430 760 iu
1456 708 1555 761 hoc
1584 707 1808 771 scilicet,
1837 707 2134 762 tribulatio-

563 813 656 852 πει
676 797 848 851 cordis
871 797 971 850 mei
993 796 1352 865 multiplicata:
1373 806 1493 851 sum
1517 838 1531 861 ,
1554 797 1606 850 id
1633 807 1714 851 est
1740 797 1936 852 multas
1963 797 2136 852 habeo

564 887 944 942 tribulationes
987 896 1044 942 et
1092 887 1301 942 dolores
1349 888 1402 941 in
1452 887 1615 943 corde
1665 889 1732 943 de
1777 889 2040 958 peccatis.
2073 889 2137 943 Et

561 977 684 1031 ideo
705 993 928 1030 eruente
957 980 1022 1030 de
1047 977 1435 1031 necessitatibus
1473 977 1622 1042 meis,
1662 978 1710 1030 id
1737 986 1821 1032 est
1857 979 1922 1032 de
1951 978 2135 1033 venia-

561 1065 722 1130 libus,
740 1082 861 1135 qua:
880 1081 945 1120 ex
960 1067 1140 1122 carnis
1153 1066 1443 1136 fragilitate
1463 1067 1773 1122 necessario
1788 1069 2130 1138 contingunt:

567 1177 589 1212 s
632 1159 972 1214 Sacriﬁcium
1025 1161 1168 1216 enim
1232 1161 1342 1215 Deo
1379 1201 1393 1225 ,
1454 1162 1676 1231 spiritus
1742 1163 2134 1221 contribulatus

563 1247 739 1318 (Psal.
771 1266 830 1312 L,
864 1249 972 1316 19).
1004 1269 1023 1302 ο
1061 1250 1124 1303 Et
1148 1268 1252 1305 non
1279 1251 1614 1306 solummodo
1636 1253 1701 1307 de
1726 1255 2136 1310 necessitatibus

563 1339 699 1394 meis
729 1353 888 1394 eruas
919 1335 1027 1405 me,
1076 1343 1170 1396 sed
1209 1341 1372 1395 etiam
1415 1343 1558 1407 ride,
1601 1344 1651 1396 id
1689 1347 1783 1397 est
1827 1337 2137 1400 misericor-

562 1431 706 1486 diter
732 1433 916 1502 aspice
940 1473 955 1497 ,
988 1434 1334 1488 humilitatem
1366 1452 1531 1488 meam
1561 1477 1574 1496 .
1617 1437 1667 1489 id
1698 1446 1781 1491 est
1815 1437 2134 1506 inquantum

561 1537 648 1578 me
691 1523 967 1578 humiliem
997 1540 1125 1595 erga
1170 1535 1251 1591 te;
1287 1536 1334 1578 et
1376 1525 1603 1580 laborem
1633 1543 1804 1579 meum
1833 1542 1992 1596 quem
2040 1529 2136 1582 ba-

466 1611 468 1613 ’
558 1614 662 1670 beo
700 1614 1015 1684 jejuiando,
1061 1619 1207 1672 omni
1259 1619 1419 1672 modo
1468 1635 1552 1671 me
1594 1634 1691 1688 pro
1739 1618 1948 1674 delictis
2001 1619 2136 1675 meis

559 1703 870 1776 aﬂligeudo.
905 1707 970 1760 Et
1017 1716 1238 1778 propter
1273 1709 1372 1763 bas
1397 1724 1623 1771 causas,
1653 1710 1852 1774 dimitte
1896 1711 2133 1764 universa

559 1796 752 1850 delicta
787 1814 934 1864 utea,
968 1813 1071 1851 non
1117 1797 1287 1852 solum
1316 1787 1543 1851 venialia
1563 1838 1577 1862 ,
1607 1798 1697 1852 sed
1728 1806 1782 1852 et
1809 1797 2131 1851 criminalia.

559 1887 852 1956 Po-tquam
884 1905 1010 1943 vero
1053 1889 1322 1944 dimiseris
1361 1901 1604 1958 peccata,
1653 1906 1720 1945 ne
1763 1891 2025 1952 recidam,
2057 1907 2135 1944 rc-

559 1980 699 2046 spice
720 1980 957 2034 inimicus
987 1998 1125 2035 meos
1157 1983 1244 2050 qui
1273 1982 1461 2036 volunt
1488 1997 1575 2036 me
1603 1983 1889 2046 devocare,
1923 1993 1979 2036 ιιι
2007 1983 2137 2038 inei-

561 2071 757 2127 iicaces
811 2072 999 2126 facias.
1055 2075 1382 2129 iit-necesse
1431 2075 1558 2128 mibi
1607 2085 1689 2129 cst
1741 2085 1797 2128 ut
1842 2075 2133 2141 resiiicias,

560 2167 807 2234 quoniam
835 2167 1166 2234 multiplicati
1189 2177 1328 2228 sunt,
1367 2168 1416 2220 id
1443 2177 1526 2222 est
1550 2166 1700 2220 multi
1729 2175 1873 2232 sunt,
1910 2166 2137 2234 ideoque

563 2254 892 2309 insuliiciens
923 2273 1039 2310 sum
1080 2257 1332 2311 resistere
1371 2258 1488 2310 sine
1525 2268 1576 2309 te
1628 2275 1641 2309 :
1690 2265 1740 2309 et
1777 2270 1880 2309 non
1923 2255 2135 2309 estillis

562 2343 700 2397 ratio
727 2332 994 2412 qua'mihi
1041 2345 1412 2408 init'nieeutur,
1451 2346 1543 2397 sed
1579 2345 1798 2398 oderunt
1843 2361 1922 2397 me
1959 2343 2135 2406 iniquo

564 2433 837 2496 odio,non
891 2435 1072 2500 bono,
1115 2437 1165 2489 id
1212 2445 1294 2490 est
1339 2437 1527 2489 odiuut
1583 2436 1632 2488 in
1686 2450 1768 2489 me
1806 2436 2135 2499 bonitatem,

561 2523 707 2592 quod
735 2522 918 2577 odium
957 2525 1200 2594 iniquum
1238 2537 1340 2580 est.
1379 2525 1490 2578 Non
1543 2526 1834 2590 malitiam,
1879 2529 2018 2594 quod
2050 2543 2135 2582 re-

563 2629 709 2672 Ctum
759 2617 940 2671 odium
982 2627 1147 2673 esset.
1197 2619 1347 2674 Unde
1379 2620 1708 2688 Augustinus
1749 2637 1762 2672 :
1815 2640 1831 2669 ι
1879 2618 2043 2674 Recte
2085 2621 2136 2674 in

566 2707 724 2760 malis
749 2707 964 2763 odimus
993 2709 1274 2763 malitiam.
1302 2729 1320 2761 ι
1351 2709 1476 2764 Dico
1501 2711 1694 2777 respice
1723 2713 1984 2775 inimicos,
2007 2729 2138 2780 quo-

565 2799 706 2852 niam
735 2799 1068 2868 multiplicati
1097 2811 1237 2865 situt,
1263 2811 1316 2856 et
1345 2801 1423 2856 sic
1459 2816 1563 2856 non
1593 2803 1928 2873 erubescam.
1959 2803 2140 2872 Neque

558 2885 762 2956 justum
793 2897 905 2952 est,
937 2890 1186 2959 quoniam
1235 2892 1437 2960 speravi
1484 2891 1536 2945 in
1573 2902 1651 2956 te,
1698 2907 1803 2946 non
1848 2891 1900 2946 in
1939 2909 2054 2956 me,
2089 2892 2140 2946 id

563 2987 647 3032 est
681 2979 915 3048 speravi,
949 2990 1002 3034 et
1025 2981 1203 3036 adlmc
1230 2997 1390 3050 spero
1418 2997 1515 3051 per
1544 2991 1595 3037 te
1623 2984 1738 3037 erui
1763 2992 1816 3038 et
1857 2985 2138 3040 custo'liri.

2235 523 2544 576 cedentium
2572 537 2638 575 ex
2664 525 2955 578 securitate
2980 525 3300 579 innocentiae
3329 534 3384 579 et
3403 525 3619 592 iustitia:
3637 546 3764 598 stite,

2237 622 2296 667 ut
2322 613 2460 666 Deus
2474 611 2676 681 judicet
2703 629 2795 668 eos
2818 613 2870 667 in
2901 613 3104 677 futuro,
3133 615 3426 670 secundum
3451 618 3586 684 quod
3607 632 3766 675 eorum

2239 705 2537 758 innocentia
2553 715 2603 759 et
2609 704 2628 773 j
2637 705 2816 758 ustitia
2831 715 3190 774 promeretur.
3208 705 3509 760 Ostundent
3531 709 3676 761 etiam
3693 727 3768 779 per

2235 806 2418 864 partes
2440 796 2868 850 iunoeentiamet
2891 797 3160 866 justitiam
3185 812 3335 850 suam
3353 838 3366 854 .
3393 807 3448 850 ct
3484 800 3768 864 promittunt

2237 902 2296 940 se
2317 887 2487 955 magis
2515 887 2566 940 in
2597 887 2680 940 his
2702 902 2823 941 esse
2863 887 3237 948 intendendus,
3263 898 3322 940 ut
3347 888 3521 942 minus
3539 890 3768 956 perfectos

2235 976 2302 1028 ad
2349 976 2461 1029 lucc
2489 976 2739 1045 exemplo
2764 992 2862 1030 suo
2898 978 3246 1030 vehementer
3295 977 3542 1030 invitent.
3573 975 3656 1031 Vel
3689 995 3766 1048 po-

2239 1074 2343 1119 test
2370 1065 2455 1119 ltic
2481 1065 2655 1119 oratio
2697 1080 2837 1128 esse,
2870 1076 2928 1119 ut
2961 1067 3099 1120 Deus
3127 1066 3334 1120 scilicet
3363 1081 3456 1119 eos
3479 1064 3692 1133 judicet,
3728 1070 3766 1121 id

2235 1165 2330 1211 est.
2349 1157 2620 1212 discernat
2649 1157 2698 1210 iu
2724 1157 2906 1211 futuro
2933 1174 2962 1211 a
2990 1172 3169 1213 massa
3202 1157 3561 1226 perditormn,
3592 1174 3651 1211 ne
3671 1175 3769 1224 qm

2238 1249 2366 1317 ipsis
2409 1249 2550 1302 misti
2584 1250 2724 1315 sint,
2767 1251 2908 1305 sicut
2938 1250 2989 1304 in
3023 1251 3124 1304 hoc
3151 1249 3352 1302 mundo
3395 1259 3540 1303 sunt.
3585 1248 3762 1304 Czetera

2237 1336 2304 1391 de
2333 1337 2628 1391 intentione
2669 1353 2773 1392 non
2804 1349 3110 1392 mutantur:
3143 1339 3284 1393 istud
3317 1353 3447 1392 vero
3472 1339 3549 1393 sic
3575 1338 3765 1408 incipit:

2237 1470 2244 1478 -
2310 1441 2415 1512 75
2438 1442 2472 1494 ,1
2479 1443 2631 1495 udica
2660 1459 2758 1506 me,
2789 1442 3026 1508 Domine,
3059 1444 3111 1497 in
3136 1443 3321 1497 futuro
3345 1445 3629 1498 secundum
3654 1448 3768 1509 «illud

2232 1533 2434 1602 justum
2467 1541 2567 1586 est.
2597 1531 2856 1596 Quoniam
2883 1549 2997 1601 ego,
3024 1531 3114 1600 qui
3145 1533 3247 1587 hoc
3282 1534 3543 1597 concedo,
3581 1533 3627 1583 in
3645 1534 3768 1586 iano-

2237 1617 2406 1670 centia
2457 1633 2568 1669 mea
2617 1616 2824 1685 positus
2870 1617 3132 1685 ingressus
3184 1633 3326 1680 sum,
3370 1617 3423 1670 id
3473 1626 3553 1670 est
3609 1619 3769 1670 incessi

2238 1709 2380 1762 viam
2415 1709 2793 1763 mandatorum
2825 1718 3060 1762 tuorum.
3119 1708 3270 1775 Quod
3303 1718 3386 1762 est
3419 1710 3629 1763 dicere:
3658 1710 3771 1776 Quo-

2238 1801 2382 1853 niam
2423 1800 2474 1852 in
2517 1800 2826 1855 innocentia
2871 1815 2988 1854 mea
3021 1801 3386 1870 perseveravi.
3423 1799 3514 1852 Vel
3547 1801 3618 1854 sic
3643 1810 3691 1854 ut
3715 1803 3772 1855 sit

2235 1891 2411 1944 oratio
2446 1907 2458 1943 :
2497 1891 2690 1944 Judica
2735 1905 2837 1955 me;
2871 1891 3018 1960 justo
3059 1891 3263 1959 judicio
3295 1900 3388 1944 ιιιο
3423 1892 3654 1944 discerne
3685 1907 3769 1954 me,

2239 1982 2486 2044 Domine,
2509 1982 2562 2034 in
2601 1981 2805 2045 futuro,
2843 1998 2872 2035 a
2912 1982 3138 2050 perditis
3176 1997 3300 2036 cum
3344 1981 3536 2049 quibus
3566 1983 3644 2035 hic
3667 1998 3770 2035 cou-

2235 2088 2443 2127 vcrsor.
2496 2072 2606 2127 Hoc
2653 2085 2832 2127 autem
2881 2073 3022 2142 quod
3068 2073 3318 2142 sequitur
3364 2074 3445 2140 (ut
3489 2074 3769 2138 Augustinus

2237 2163 2387 2229 dicit)
2447 2178 2551 2217 non
2581 2174 2662 2218 est
2694 2165 2944 2232 superbia
2976 2157 3131 2227 elati,
3156 2163 3248 2217 sed
3281 2162 3549 2216 confessio
3579 2179 3670 2216 non
3706 2165 3767 2216 iu-

2237 2252 2395 2321 grati.
2449 2253 2576 2306 Dico
2613 2252 2799 2322 judica
2845 2269 2943 2306 me.
2990 2253 3053 2306 Et
3085 2237 3318 2315 merito,
3351 2254 3588 2322 quoniam
3615 2269 3694 2320 ego
3713 2253 3770 2305 sic

2237 2357 2398 2397 orans
2425 2342 2476 2396 in
2504 2343 2795 2396 innocentia
2821 2360 2933 2396 mea
2964 2345 3226 2412 ingressus
3251 2360 3397 2406 sum,
3437 2343 3487 2397 id
3519 2354 3595 2396 est
3621 2358 3768 2412 perse-

2240 2435 2449 2500 veravi,
2477 2442 2530 2488 et
2569 2434 2744 2488 adhuc
2783 2433 3002 2498 iaciam,
3035 2434 3244 2489 scilicet
3281 2451 3388 2487 non
3427 2434 3706 2502 inﬁrmabor
3729 2435 3767 2486 in

2237 2527 2667 2596 perseverantia,
2698 2527 2750 2578 in
2775 2525 3002 2579 Domino
3024 2543 3238 2596 sperans
3269 2541 3379 2579 non
3409 2542 3502 2594 per
3530 2543 3608 2579 mc
3633 2529 3768 2582 solum

2238 2619 2616 2688 perseverandi
2668 2633 2816 2686 spem
2848 2618 3070 2671 habens.
3103 2617 3229 2680 Oro,
3271 2617 3494 2686 jndica,
3526 2627 3575 2671 et
3624 2627 3673 2669 ut
3693 2618 3770 2670 hoc

2233 2707 2493 2778 judicium
2523 2708 2662 2762 bona
2693 2723 2789 2776 spe
2823 2720 3164 2776 exspectem,
3198 2709 3287 2763 hic
3321 2710 3468 2779 prius
3501 2710 3648 2778 proba
3688 2725 3766 2760 uie.

2240 2798 2673 2868 Praeposteratio.
2728 2797 2910 2861 Tenta,
2960 2799 3010 2850 id
3038 2807 3120 2852 est
3169 2808 3438 2852 lentatum
3473 2815 3562 2867 per
3591 2798 3768 2851 tribula-

2242 2889 2415 2946 tiones
2442 2900 2495 2944 ct
2525 2888 2825 2944 ineliicaces
2872 2891 3263 2960 suggestiones,
3303 2908 3405 2953 me,
3443 2891 3566 2944 mibi
3601 2899 3648 2944 et
3678 2889 3769 2942 aliis

2242 2983 2543 3036 adlttcsuris
2591 2981 2835 3036 ostende.
2889 2982 2954 3035 Et
3004 2991 3125 3051 post
3171 2984 3338 3051 proba
3392 3000 3471 3036 me
3519 2984 3670 3035 idest
3717 2981 3769 3031 nil

564 3067 956 3124 Erubesccrem
993 3071 1178 3145 enim,
1223 3073 1267 3127 si
1313 3088 1418 3128 non
1453 3089 1672 3129 emeres
1714 3086 1769 3130 et
1814 3077 2134 3132 custodit-es.
2167 3099 2212 3161 ο
2243 3082 2438 3142 agente
2472 3071 2524 3124 in
2563 3086 2648 3125 me
2687 3070 3032 3125 tribulatione
3073 3071 3154 3126 vel
3195 3073 3541 3141 suggestione
3575 3069 3769 3139 qualibet

568 3160 633 3215 Et
695 3163 944 3230 quarnvis
991 3164 1132 3218 istud
1186 3151 1324 3220 idem
1369 3167 1615 3235 superius
1666 3167 1896 3235 dixerit,
1934 3171 2140 3224 scilicet

567 3268 672 3305 nan
722 3255 1052 3320 erubescam,
1102 3271 1207 3310 non
1250 3265 1429 3311 tamen
1469 3257 1800 3326 superﬂuum
1843 3260 2138 3330 judicatur,

566 3342 692 3412 quia
742 3358 848 3398 non
903 3344 1099 3399 suliieit
1144 3346 1193 3399 ei
1226 3337 1394 3416 'quod
1444 3348 1605 3401 nimis
1657 3349 1932 3404 desiderat
1974 3351 2140 3405 semel

567 3447 758 3493 orare,
789 3433 872 3488 vel
899 3435 1040 3502 quod
1067 3435 1199 3489 dicit
1228 3437 1442 3505 respice,
1483 3447 1660 3506 potest
1694 3455 1814 3493 esse
1839 3441 2015 3494 oratio
2045 3456 2142 3510 pro

569 3521 826 3576 ἱ.ιίιι;ἱείε.
867 3521 1130 3578 Jabetnur
1157 3525 1302 3578 enim
1344 3541 1440 3594 pro
1472 3526 1704 3580 inimicis
1723 3542 1760 3580 -ιι
1803 3529 2030 3582 Domino
2067 3531 2143 3585 sit:

570 3625 758 3665 Orare:
791 3611 986 3665 «Ora'e
1016 3628 1111 3679 pro
1141 3613 1589 3682 persequentibus
1610 3624 1662 3668 et
1689 3615 2144 3673 calumniantibus

569 3715 668 3754 vos
688 3700 841 3771 (Luc.
866 3717 938 3766 vr,
962 3701 1078 3770 28).
1100 3721 1116 3754 ι
1156 3703 1220 3756 Ει
1247 3703 1347 3758 hoc
1373 3704 1450 3758 sic
1474 3706 1781 3761 continuat:
1811 3708 1996 3775 Oravi,
2021 3725 2144 3764 erue

573 3807 685 3854 me,
725 3791 955 3846 dimitte.
991 3792 1057 3846 Et
1089 3809 1192 3846 non
1226 3793 1397 3848 solum
1430 3811 1526 3864 pro
1561 3812 1644 3851 me
1673 3813 1789 3862 oro,
1826 3799 1918 3853 sed
1964 3808 2018 3853 ct
2048 3815 2146 3870 pro

575 3881 846 3948 inimicis;
902 3885 1094 3952 respice
1139 3885 1560 3941 misericorditer
1605 3889 1842 3944 inimicos
1881 3908 2043 3955 meos,
2088 3901 2146 3946 ut

575 3983 866 4027 convertas
904 3988 1018 4028 eos.
1072 3975 1134 4028 Et
1179 3976 1396 4043 dignum
1432 3987 1515 4031 cst
1549 3987 1607 4032 ut
1649 3980 1751 4034 hoc
1789 3997 1959 4036 orem.
2005 3980 2147 4046 Quo.

577 4063 720 4117 niam
751 4061 1079 4132 multiplicati
1109 4075 1228 4117 sunt
1255 4105 1268 4128 ,
1323 4075 1372 4117 et
1402 4067 1520 4119 odio
1565 4068 1741 4137 iniqua
1782 4070 1999 4122 oderunt
2032 4086 2145 4136 me,

579 4154 632 4209 id
669 4163 754 4209 est
791 4155 917 4224 quia
945 4156 1096 4209 multi
1129 4164 1294 4219 sunt,
1323 4166 1377 4211 ει
1405 4171 1652 4224 maguum
1684 4158 1937 4211 damnum
1964 4169 2144 4226 esset,

577 4247 621 4300 si
658 4255 806 4300 tanta
843 4261 1019 4301 massa
1071 4247 1294 4316 p'riret.
1339 4248 1402 4300 Et
1451 4248 1676 4300 multum
1711 4249 1996 4316 perniciosi
2044 4251 2146 4305 sibi

580 4347 706 4392 sunt
731 4353 852 4392 cum
879 4339 1056 4408 iniquo
1092 4339 1210 4390 odio
1245 4339 1462 4392 oderunt
1493 4355 1588 4392 me.
1616 4339 1755 4408 Ergo
1788 4356 1882 4408 pro
1910 4341 2142 4396 inimicis

2243 3163 2508 3216 criminali
2538 3164 2820 3231 probatum
2848 3163 3092 3217 ostende.
3125 3165 3252 3218 Dico
3281 3174 3444 3217 tenta.
3475 3163 3562 3216 Sic
3583 3162 3768 3216 scilicet:

2245 3249 2368 3315 Ure,
2401 3252 2450 3305 id
2479 3253 2570 3306 ρει
2594 3253 2713 3322 igne
2747 3252 3014 3322 spirituali
3043 3255 3364 3308 omnimodo
3393 3268 3636 3307 ennsame
3659 3266 3769 3303 mm

2239 3358 2402 3397 areas.
2460 3342 2525 3395 Et
2565 3343 2786 3407 exponit
2833 3343 2885 3396 in
2925 3358 3030 3412 qua
3072 3343 3476 3412 signiﬁcatione
3519 3352 3664 3411 ponat
3703 3341 3768 3392 hic

2243 3449 2410 3496 renes,
2459 3441 2514 3486 et
2559 3433 2677 3503 (pro
2725 3434 2955 3503 scilicet)
3003 3451 3090 3487 cor
3139 3451 3339 3499 meum,
3387 3435 3440 3489 id
3481 3442 3560 3487 est
3601 3431 3770 3484 illicitos

2245 3535 2424 3578 motus
2463 3525 2644 3580 cordis
2669 3527 2794 3591 mei,
2833 3527 2924 3594 qui
2965 3541 3122 3580 renes
3162 3527 3442 3590 dicuntur,
3479 3541 3542 3580 eo
3579 3525 3698 3591 quod
3729 3521 3768 3573 in

2245 3615 2351 3670 illis
2398 3617 2732 3670 delectantur
2779 3619 2921 3670 sicut
2970 3619 3022 3670 in
3072 3617 3264 3672 illicito
3313 3633 3500 3671 renum
3536 3612 3767 3669 exercitio.

2245 3705 2380 3772 Quia
2410 3721 2537 3760 vero
2566 3720 2664 3777 pro
2693 3706 2804 3759 sola
2837 3706 3143 3760 innocentia
3175 3722 3336 3760 nemo
3367 3706 3668 3762 salvabitur,
3696 3701 3768 3751 «in

2246 3806 2538 3866 conspectu
2580 3793 2811 3866 namque
2841 3798 2930 3850 Dei
2971 3814 3072 3852 non
3107 3798 3498 3866 justilicabitur
3529 3794 3686 3848 omnis
3705 3792 3768 3841 vi-

2248 3903 2379 3941 vens
2403 3886 2576 3956 (Psal.
2605 3903 2771 3952 csLtt,
2800 3887 2853 3955 ‘2)
2887 3908 2904 3938 ι
2934 3903 2946 3939 :
2973 3898 3088 3940 erat
3117 3888 3280 3940 etiam
3313 3903 3373 3941 se
3395 3903 3488 3956 per
3515 3884 3771 3938 misericor-

2249 3980 2390 4034 diam
2421 3979 2639 4033 salvari.
2672 3979 2788 4032 Dixi
2821 3978 3008 4048 judira
3038 3994 3137 4042 me,
3173 3980 3423 4048 quoniam
3459 3995 3548 4046 ego
3582 3979 3627 4027 in
3653 3975 3770 4025 inuo-

2250 4071 2414 4122 centia
2439 4087 2551 4122 mea
2575 4070 2832 4138 ingressus
2862 4086 2996 4121 sum.
3029 4069 3092 4121 lit
3118 4084 3222 4120 nim
3249 4083 3350 4135 pro
3375 4068 3486 4122 sola
3511 4063 3766 4119 iuuat-entia

2250 4160 2447 4214 salvari
2484 4175 2600 4222 oro,
2642 4160 2736 4213 sed
2772 4169 2827 4212 et
2869 4161 2990 4213 ideo
3031 4161 3276 4228 quoniam
3335 4156 3668 4212 misericordia
3700 4163 3767 4202 lla

2251 4260 2368 4302 ante
2396 4250 2572 4304 oculos
2601 4266 2737 4304 meos
2766 4261 2860 4312 est,
2897 4251 3098 4305 scilicet
3142 4259 3269 4303 ante
3307 4249 3485 4303 cordis
3509 4245 3770 4300 considers-

2253 4342 2444 4395 tiones.
2475 4340 2638 4407 Quasi
2669 4342 2813 4394 dicat
2853 4359 2865 4394 :
2907 4341 3040 4406 Quia
3084 4341 3135 4393 in
3170 4339 3538 4393 misericordia
3571 4347 3646 4388 tua
3671 4347 3768 4385 cnn-

579 4431 657 4483 sic
697 4431 882 4494 oravi;
917 4439 970 4484 et
1007 4429 1272 4498 quidquid
1314 4431 1380 4484 de
1421 4429 1524 4483 illis
1566 4431 1666 4494 sit,
1711 4429 1900 4483 saltem
1947 4433 2148 4484 custodi
2182 4426 2225 4484 ἰ)
2256 4433 2380 4498 lido,
2420 4441 2468 4485 et
2503 4432 2623 4486 ideo
2660 4431 2854 4497 adhuc,
2897 4431 3019 4498 quia
3061 4429 3353 4498 contplacui
3391 4430 3443 4480 in
3481 4427 3694 4481 ueritate,
3729 4417 3767 4470 id

580 4521 808 4572 animum
854 4535 1017 4574 meum
1045 4561 1058 4584 ,
1091 4530 1206 4575 etc.
1233 4521 1355 4576 ΙΙωο
1399 4537 1504 4574 non
1553 4530 1849 4574 mutantur.
1900 4521 2015 4575 Dixi
2048 4540 2148 4575 non

584 4614 914 4673 erubescam,
960 4611 1080 4665 ideo
1121 4615 1244 4680 quia
1288 4614 1488 4680 speravi
1519 4614 1570 4665 in
1603 4623 1687 4665 te:
1719 4622 1771 4666 et
1817 4613 1938 4666 ideo
1977 4613 2151 4666 adhuc

585 4701 710 4767 quia
739 4701 1032 4753 innocentes
1073 4715 1118 4755 et
1146 4705 1299 4767 recti,
1335 4706 1383 4756 id
1415 4714 1498 4758 est
1531 4705 1662 4774 justi
1697 4706 1747 4758 in
1778 4706 2030 4774 aperibus
2059 4721 2154 4774 per

567 4807 675 4846 'me
705 4792 826 4845 facti
847 4794 995 4845 mulli
1020 4797 1346 4850 adha’serunl
1369 4798 1518 4858 mihi,
1537 4798 1658 4851 ideo
1680 4798 1804 4865 quia
1837 4797 2061 4850 sustinui
2084 4807 2148 4857 te,

587 4883 642 4937 id
660 4892 741 4936 est
754 4885 961 4950 speravi
979 4885 1029 4936 in
1047 4894 1119 4948 te,
1136 4895 1189 4938 ut
1212 4897 1265 4940 et
1280 4887 1527 4956 exemplo
1552 4902 1668 4940 meo
1683 4896 1984 4955 sperarent.
2004 4886 2154 4951 Quod

587 4981 674 5028 est
695 4972 906 5026 dicere:
933 4973 1066 5039 Quia
1101 4975 1297 5031 multus
1320 4979 1466 5031 ad-te
1503 4977 1881 5032 sustinendum
1912 4975 2157 5045 exemplo

592 5079 714 5120 meo
737 5065 1042 5133 provocavi,
1059 5081 1162 5118 non
1187 5065 1500 5130 deliciendo,
1530 5083 1635 5121 non
1655 5069 1988 5122 erubescam.
2009 5066 2085 5120 Ne
2105 5074 2160 5119 et

594 5155 695 5227 ipsi
719 5155 856 5210 forte
879 5155 1125 5225 exemplo
1143 5172 1262 5211 meo
1285 5157 1426 5211 malo
1451 5158 1788 5221 deficientes,
1815 5158 2157 5211 erubescant.

596 5247 730 5306 Orat
763 5263 978 5318 quoque
1008 5264 1104 5318 pro
1151 5249 1282 5317 ipsis
1324 5249 1698 5303 innocentibus
1742 5259 1796 5302 et
1845 5249 2006 5300 rectis
2033 5247 2112 5302 sic
2145 5265 2156 5300 :

599 5339 730 5393 Dico
755 5339 897 5408 quod
928 5339 1219 5393 innocentes
1249 5349 1298 5392 et
1322 5339 1443 5390 recti
1466 5338 1794 5391 adhaeserunt
1821 5337 1948 5390 mihi
1967 5377 1980 5399 ,
2010 5337 2058 5390 id
2083 5346 2164 5389 est

596 5429 844 5498 exetnpln
893 5445 1030 5484 meo.
1087 5430 1226 5500 Ergo
1273 5430 1410 5484 Deus
1460 5429 1618 5482 libera
1659 5429 1804 5495 ipsos
1836 5427 1948 5495 jam
1996 5426 2166 5480 factos

602 5519 774 5576 Israel
800 5536 864 5575 ex
885 5521 1120 5574 omnibus
1145 5520 1570 5574 tribulationibus
1596 5520 1724 5582 suis,
1754 5534 1818 5571 ne
1843 5519 2055 5572 cedant.

1065 5614 1130 5666 ΙΝ
1171 5612 1496 5669 ινεΑιειυιι
1548 5611 1710 5665 XXV.

679 5702 886 5758 Titulus
936 5704 1177 5772 vigesimi
1230 5705 1422 5774 quinti.
1454 5700 1696 5756 I'salnms
1746 5700 1938 5762 Dat-id,
1992 5699 2042 5752 id
2088 5708 2168 5754 est

2253 4539 2335 4582 est
2373 4529 2424 4581 in
2457 4527 2834 4580 conformttate
2870 4526 3117 4579 veritatis
3164 4533 3291 4589 tuac,
3323 4523 3443 4576 Filii
3477 4521 3547 4574 tui
3581 4516 3766 4571 scilicet,

2254 4627 2414 4688 prout
2457 4618 2609 4672 valeo
2654 4617 2861 4684 positus
2907 4625 2962 4670 ει
3011 4615 3062 4669 in
3107 4629 3271 4683 opere
3312 4624 3369 4666 et
3411 4613 3461 4664 in
3504 4605 3766 4661 virtutibus.

2259 4712 2490 4780 Exponit
2534 4717 2712 4762 autem
2763 4707 3127 4760 innocentiam
3176 4720 3328 4758 suam
3372 4717 3466 4770 per
3495 4706 3658 4768 partes
3684 4692 3764 4744 sic:

2258 4801 2396 4855 Vere
2429 4802 2691 4871 ingressus
2716 4816 2830 4851 sum
2862 4799 2914 4850 in
2945 4797 3258 4856 innocentia,
3288 4795 3414 4863 quia
3447 4808 3542 4844 non
3563 4787 3659 4841 sedi
3677 4796 3768 4871 cura

2258 4892 2476 4946 consilio
2507 4889 2772 4950 vanitatis,
2812 4889 2861 4941 id
2895 4896 2976 4940 est
3005 4885 3251 4955 quamvis
3285 4900 3409 4936 cum
3443 4881 3519 4933 eis
3548 4869 3767 4942 corporali

2257 4982 2542 5050 praesentia
2589 4971 2896 5038 converscr,
2939 4987 3114 5029 tamen
3165 4975 3218 5026 in
3257 4974 3435 5026 anima
3467 4986 3560 5021 non
3591 4964 3703 5025 sedi,
3731 4955 3770 5055 ill

2260 5079 2344 5124 est
2371 5067 2756 5122 consentieudo
2789 5082 2891 5118 non
2922 5065 3240 5117 immoratus
3275 5077 3392 5115 sum
3422 5075 3538 5111 cum
3574 5053 3664 5107 illis
3701 5053 3769 5114 qui

2262 5169 2385 5214 sunt
2431 5157 2715 5210 consilium
2749 5154 3021 5218 vanitatis,
3053 5152 3104 5205 id
3133 5161 3214 5204 est
3239 5147 3619 5204 concnrdautcs
3649 5133 3773 5192 simul

2264 5247 2317 5300 in
2357 5244 2594 5312 appetitu
2631 5251 2990 5300 terrenarum,
3033 5253 3152 5304 qua:
3191 5249 3325 5288 vana
3376 5242 3516 5285 sunt.
3567 5227 3674 5280 Dico
3695 5233 3772 5270 nun

2264 5334 2394 5397 sedi,
2426 5339 2480 5383 et
2509 5330 2684 5382 adimo
2715 5325 2992 5395 promitto,
3023 5325 3148 5392 quia
3179 5339 3279 5374 non
3327 5321 3542 5372 introibo
3570 5327 3652 5382 per
3676 5323 3776 5398 (tall‘

2267 5396 2482 5477 sensum
2519 5435 2635 5470 cum
2678 5419 2855 5485 iniqua
2889 5414 3201 5483 gerentibus,
3239 5409 3386 5464 falsis
3433 5405 3623 5460 scilicet
3651 5396 3773 5450 (lint-

2269 5514 2479 5570 stianis.
2519 5512 2587 5566 Et
2628 5509 2764 5562 bene
2819 5507 2969 5576 punit
3021 5503 3274 5566 introibo,
3327 5498 3548 5554 introire
3589 5491 3776 5550 natuth

2269 5606 2499 5660 dicimus
2527 5604 2581 5656 in
2607 5599 2822 5668 aliquod
2851 5597 3123 5652 occultum
3167 5594 3386 5646 intrare.
3435 5584 3608 5644 Otnnis
3634 5583 3776 5668 autem

2277 5699 2456 5767 iniqua
2511 5707 2704 5765 gerens
2758 5689 2960 5753 introit,
3011 5687 3062 5743 id
3089 5694 3173 5742 cst
3218 5685 3268 5739 in
3310 5697 3419 5738 rem
3460 5665 3770 5734 occultanda:
