3838 6328
116 379 186 434 737

113 492 250 545 intrat,
279 484 324 536 in
352 490 560 551 peccata
602 478 829 542 scilicet,
856 495 975 548 qua:
1012 479 1330 534 occultanda
1370 487 1517 541 sunt,
1548 483 1607 528 ut
1635 478 1680 536 Α

115 580 312 633 ῡοιιιίιιιιε
339 578 386 628 in
415 573 700 640 Evangelio
731 587 745 624 :
779 589 797 622 ‹
830 570 1020 626 Omnis
1045 573 1133 640 qui
1168 570 1306 624 male
1335 569 1469 638 agit,
1495 566 1610 621 odit

112 675 237 724 lucem
265 669 427 739 (Joau.
456 683 536 726 tu,
559 666 669 734 20).
708 686 724 716 ι
763 667 826 719 Et
854 681 959 718 non
997 671 1202 716 tantum
1231 679 1334 714 non
1360 661 1492 723 sedi,
1517 659 1609 712 sed

111 762 230 814 etiam
271 758 395 810 odivi
444 756 709 810 ecclesiam
768 755 1201 822 malignantium,
1250 753 1302 806 id
1350 761 1434 806 est
1484 751 1610 805 odio

114 848 229 902 habui
252 847 372 899 mala
402 861 561 913 opera
591 861 800 905 eorum,
828 861 934 898 non
961 854 1290 898 creaturam.
1533 841 1536 846 ’

160 940 210 994 Ει
233 955 322 992 non
350 937 514 990 solum
557 952 657 989 non
687 935 908 988 introibo
937 951 1051 986 cum
1086 935 1261 1002 iniqua
1291 932 1607 1002 gerentibus,

117 1029 226 1081 falsis
262 1027 450 1080 scilicet
483 1024 835 1088 Christianis;
876 1023 968 1076 sed
999 1032 1053 1076 et
1081 1039 1181 1074 non
1217 1011 1422 1087 sedebo,
1452 1023 1502 1074 id
1529 1031 1611 1075 est

110 1120 146 1170 in
165 1132 384 1170 consensu
421 1131 524 1168 non
566 1115 894 1168 immorabor
913 1130 1030 1166 cum
1065 1114 1256 1182 impiis,
1301 1113 1350 1166 id
1380 1121 1464 1166 est
1488 1127 1610 1166 cum

112 1207 320 1260 beretieis
349 1213 397 1258 et
430 1205 748 1258 idololatris.
787 1203 938 1271 Quod
968 1213 1048 1257 est
1080 1205 1260 1258 dicere
1289 1220 1301 1256 :
1338 1202 1453 1257 Non
1485 1219 1612 1258 corr-

109 1297 280 1348 sentiam
323 1295 616 1348 inﬁdelitati
654 1305 708 1348 et
742 1294 1028 1348 sententiis
1080 1308 1292 1348 eorum.
1343 1291 1448 1346 Sed
1479 1294 1612 1346 inter

109 1387 336 1436 innocentes
355 1389 690 1449 consistens,
743 1383 924 1436 larabo
975 1399 1160 1434 manus
1210 1397 1380 1445 meas,
1433 1381 1483 1435 id
1528 1390 1612 1435 est

109 1474 317 1526 mundabo
371 1475 510 1541 quod
566 1473 933 1526 nntndandum
988 1482 1072 1526 est
1135 1473 1187 1524 in
1238 1469 1612 1524 aﬂ‘ectionibus

110 1565 218 1628 meis,
248 1578 353 1631 quze
385 1578 576 1615 manus
614 1564 732 1616 ideo
776 1563 1050 1625 dicuntur,
1087 1563 1209 1631 quia
1240 1577 1334 1630 per
1368 1577 1460 1613 eas
1489 1576 1612 1614 son--

110 1654 252 1706 tentias
285 1654 611 1723 attingimus,
647 1654 785 1708 sicut
822 1655 1072 1708 manibus
1107 1651 1384 1722 corporeis
1421 1667 1612 1720 corpo-

110 1753 472 1798 reatractamus.
526 1745 840 1800 Innocentio
889 1761 982 1800 sua
1017 1761 1111 1814 per
1141 1762 1322 1815 partes
1367 1762 1607 1814 ostensa,

113 1837 246 1888 violens
269 1837 360 1890 hnc
398 1853 500 1890 non
533 1837 808 1901 sullicere,
845 1841 1114 1908 promittit
1144 1859 1358 1915 quoque
1388 1861 1446 1900 se
1476 1846 1611 1900 bene

110 1926 278 1991 operari,
305 1927 374 1979 sic
417 1943 430 1978 :
474 1927 606 1980 Dico
638 1928 824 1980 lavabo
854 1946 1039 1982 manus
1067 1948 1229 1998 meas,
1276 1943 1330 1988 et
1363 1935 1612 1989 manibus

112 2013 194 2067 lotis
215 2016 544 2077 circumdabo,
581 2017 632 2068 id
657 2027 740 2070 est
772 2019 927 2073 bonis
957 2022 1212 2090 operibus
1242 2034 1296 2077 et
1319 2024 1613 2079 virtutibus

111 2105 333 2167 adornabo,
365 2107 610 2172 Domine,
640 2108 806 2163 altare
849 2121 1016 2174 tuum,
1051 2113 1206 2166 ﬁdem
1245 2115 1476 2182 scilicet,
1517 2131 1611 2170 su-

111 2209 325 2263 perquam
355 2212 542 2251 omnes
577 2199 806 2254 virtutes
840 2200 1136 2257 fundantur
1195 2214 1248 2258 et
1276 2221 1439 2275 opera
1470 2206 1610 2262 bona

114 2282 184 2334 Deo
203 2285 567 2350 sacriﬁcantur,
599 2287 825 2358 ideoque
853 2293 1023 2346 altare
1050 2293 1270 2359 dicitur,
1299 2311 1420 2350 cum
1453 2311 1614 2364 super

113 2375 230 2428 altare
250 2379 523 2432 sacriﬁcari
557 2380 751 2433 soleat.
789 2379 940 2436 Unde
962 2385 1281 2453 Apostolus:
1304 2405 1322 2437 ‹
1353 2386 1480 2441 Sine
1509 2388 1614 2442 ﬁde

114 2479 221 2519 neruo
245 2467 456 2534 placebit
499 2469 614 2523 Deo
641 2470 828 2540 (llebr.
856 2489 932 2536 xl,
965 2474 1041 2542 6).
1081 2495 1099 2526 ι
1139 2475 1487 2532 Circumdabo
1515 2493 1615 2548 p0-

113 2554 225 2608 situm
249 2568 323 2612 est
347 2574 440 2628 pro
463 2561 758 2629 adornabo,
787 2578 817 2617 a
846 2564 1202 2622 similitudine
1231 2570 1442 2637 altaris,
1467 2573 1612 2641 quod

112 2657 194 2696 cum
219 2647 486 2702 adornatur
531 2650 712 2720 palliis
756 2653 870 2706 sive
920 2670 1052 2709 auro
1083 2657 1164 2711 vel
1195 2663 1438 2728 argento,
1472 2676 1614 2731 saepe

113 2733 418 2792 circumdatur.
472 2741 608 2794 Dico
648 2743 1003 2810 circumdabo,
1049 2756 1104 2801 et
1145 2749 1246 2804 hoc
1275 2751 1393 2806 ideo
1429 2764 1483 2806 ut
1516 2771 1614 2807 au-

113 2821 208 2874 diam
236 2844 382 2880 rorem
424 2829 605 2884 laudis
645 2841 776 2896 ture,
830 2835 880 2888 id
931 2847 1012 2889 est
1063 2849 1122 2891 ut
1167 2841 1459 2910 intelligam
1509 2860 1614 2914 qua

113 2923 202 2964 voce
239 2915 352 2969 velis
399 2916 635 2984 laudari,
689 2935 822 2974 voce
867 2924 1074 2978 scilicet
1117 2927 1268 2996 justi.
1332 2948 1350 2980 ι
1388 2930 1503 2985 Non
1533 2942 1638 2992 est,

113 3004 211 3054 enim
229 3008 444 3073 speciosa
476 3008 599 3063 laus
627 3011 681 3063 in
704 3026 798 3065 ore
822 3017 1121 3081 peccatoris
1153 3018 1341 3086 (Eccli.
1373 3036 1459 3074 xv.
1489 3021 1567 3089 9),
1591 3041 1608 3072 ι

113 3090 211 3205 liene
233 3099 421 3166 quidem
449 3103 560 3174 76
592 3105 740 3171 ponit
767 3106 1003 3171 audiam,
1035 3122 1132 3175 pro
1163 3111 1468 3180 intelligam.
1505 3114 1612 3165 An-
1641 3145 1687 3205 ο

116 3186 217 3242 ditus
235 3194 358 3245 enim
386 3196 584 3248 animm
629 3195 934 3251 intellectus
962 3209 1063 3260 est,
1101 3210 1152 3253 et
1181 3201 1344 3256 etiam
1376 3214 1428 3256 ut
1461 3198 1612 3258 enar-

114 3290 184 3327 rem
226 3279 327 3335 aliis
367 3285 636 3339 mirabilia
684 3296 797 3350 tua,
842 3288 893 3341 id
924 3299 1008 3342 est
1037 3303 1304 3360 praecepta
1355 3303 1409 3347 et
1454 3310 1614 3362 opera

116 3373 171 3419 tua
199 3385 294 3435 qua:
326 3386 446 3427 sunt
482 3376 919 3445 mirabilia,‘pr:n
947 3380 1108 3432 nimia
1146 3383 1229 3435 sui
1273 3384 1614 3437 excellentia.

113 3455 298 3525 Alioquin
318 3473 487 3518 autem
516 3466 747 3520 idoneus
774 3483 1031 3524 enarrare
1079 3488 1183 3524 non
1233 3487 1428 3527 essem.
1467 3473 1617 3540 Unde

113 3550 196 3602 alibi
218 3551 470 3611 Psalmista
493 3557 833 3613 :rPeccatori
864 3571 1042 3614 autem
1074 3561 1211 3614 dixit
1235 3564 1372 3618 Deus
1401 3581 1414 3616 :
1441 3565 1618 3630 Quare

115 3643 148 3688 tu
185 3654 376 3699 enarras
415 3646 658 3714 justitias
705 3649 901 3702 meas?
936 3647 1106 3716 (Psal.
1133 3667 1278 3717 χιιι,
1320 3654 1405 3720 16)
1440 3675 1458 3705 ι
1510 3663 1614 3710 etc.

113 3724 199 3782 Dico
227 3733 580 3800 circumdaho,
626 3737 769 3804 quod
811 3753 995 3791 revera
1031 3739 1245 3805 faciam,
1297 3757 1329 3795 ο
1361 3743 1614 3810 Domine;

113 3831 195 3870 nam
219 3837 302 3890 ego
324 3826 478 3880 dilexi
500 3828 739 3880 decorem
761 3827 947 3882 domus
978 3841 1102 3896 tum,
1136 3833 1184 3885 id
1213 3844 1293 3886 est
1324 3850 1407 3888 me
1441 3836 1640 3900 facere,

113 3909 272 3969 domum
317 3929 454 3973 tuam
504 3920 760 3974 decoram
807 3921 1112 3989 virtutibus,
1166 3934 1213 3978 et
1252 3926 1412 3980 dilexi
1446 3926 1619 3981 locum

112 4001 380 4064 habitationis
419 4011 606 4080 glorite
651 4022 778 4076 tute,
819 4013 870 4067 id
907 4016 1320 4072 est-desideravi
1369 4035 1453 4073 me
1484 4020 1619 4075 bene

111 4099 316 4158 operando
337 4100 508 4157 facere
536 4103 718 4166 talem,
743 4105 793 4157 in
817 4119 922 4172 quo
947 4113 1000 4158 tu
1027 4107 1310 4174 dignanter
1332 4109 1620 4164 habitando

111 4193 176 4246 Ρυτ
200 4185 312 4242 bona
346 4208 504 4261 opera
542 4209 660 4247 mea
696 4194 764 4248 ab
788 4194 907 4249 aliis
937 4196 1276 4266 gloriﬁceris,
1301 4198 1456 4266 juxta
1490 4199 1618 4253 illud

114 4269 360 4347 Evangelii:
388 4301 404 4334 ι
436 4282 670 4337 Videant
709 4296 1080 4354 cpera'vestra
1122 4288 1286 4354 bona,
1328 4299 1385 4344 ct
1418 4289 1620 4360 gloriﬁ-
1658 4314 1662 4318 ι

112 4375 198 4417 cent
215 4367 404 4425 Patrem
433 4385 671 4427 vestrum
706 4375 923 4445 (.lfattit.
956 4393 1008 4439 v,
1040 4378 1146 4448 16).
1186 4398 1203 4430 ι

955 364 1315 424 EXPOSITIO
1353 366 1420 422 IN
1450 362 1782 420 PSALMOS.
1815 392 1884 402 —-
1915 364 2107 417 PSAI..
2139 365 2336 419 χλιι-

3179 375 3283 427 758

1710 472 1829 526 ideo
1865 475 1989 542 quia
2021 475 2255 538 dextera,
2299 474 2350 527 id
2386 482 2468 528 est
2506 475 2588 528 illa
2621 475 2758 531 bona
2796 478 3058 548 operatio,
3098 497 3280 538 eorum

1713 563 2014 632 repleta-est
2056 565 2376 618 muneribus.
2408 565 2510 618 Per
2547 569 2847 633 dexteram,
2903 571 3115 638 quidem
3146 572 3282 626 bona

1711 669 1806 723 per
1853 655 2132 708 sinistram
2164 671 2314 718 vero,
2363 656 2502 708 mala
2553 657 2821 728 designari
2871 659 3280 716 usitatissimum

1711 754 1811 798 est.
1847 745 1996 810 Quod
2024 755 2108 800 cst
2137 747 2350 802 dicere:
2383 747 2506 800 Ideo
2532 749 2667 804 bene
2695 760 2990 818 operantur
3016 761 3069 804 ut
3101 751 3284 808 favore

1713 835 1915 903 populi,
1947 838 2280 906 terrenisque
2307 839 2602 893 commodis
2627 829 2958 910 repleantur.
2989 843 3065 895 De
3089 840 3285 911 quibus

1713 925 1765 978 in
1795 925 2084 994 Evangelio
2117 927 2374 981 Dominus
2408 929 2483 980 ait
2508 946 2520 981 :
2553 947 2568 978 ι
2596 929 2765 984 Amen
2783 930 2903 985 dico
2931 930 3107 995 vobis,
3136 947 3284 987 rece-

1713 1025 1903 1084 perunt
1942 1017 2243 1071 mercedem
2275 1033 2429 1072 suam
2465 1017 2678 1088 (Matth.
2711 1037 2788 1085 vt,
2818 1021 2926 1086 16).
2961 1041 2978 1071 ι
3017 1021 3128 1075 Viri
3165 1037 3287 1075 san-

1713 1107 1932 1176 guinem
1963 1117 2018 1162 et
2054 1109 2199 1178 impii
2251 1110 2389 1164 tales
2426 1120 2570 1172 sunt,
2606 1112 2834 1180 ideoque
2865 1115 3021 1184 digne
3055 1115 3284 1182 perden-

1715 1205 1818 1249 tur.
1846 1197 1956 1267 Ego
1983 1209 2156 1280 autem
2185 1199 2271 1253 hic
2293 1216 2458 1270 agens
2484 1201 2536 1253 in
2565 1202 2860 1256 innocentia
2887 1221 2998 1257 mea
3024 1207 3288 1274 ingressus

1713 1303 1848 1338 sum.
1888 1287 2030 1340 Istud
2070 1303 2195 1342 vero
2232 1304 2296 1342 ex
2339 1289 2622 1345 ail'cctione
2669 1292 2832 1345 nimia
2878 1295 3188 1362 repetitum,
3228 1304 3288 1348 ut

1713 1378 1962 1445 superius
1991 1380 2294 1452 exponitur.
2316 1381 2454 1449 Ergo
2481 1381 2605 1450 quia
2637 1382 2896 1450 ingressus
2927 1399 3063 1449 sum,
3095 1383 3289 1438 redime

1713 1485 1792 1520 tne
1823 1484 1851 1520 a
1883 1472 2138 1539 peccatis,
2187 1487 2283 1538 per
2331 1481 2556 1526 mortem
2605 1472 2811 1525 scilicet
2859 1489 3018 1541 quam
3072 1489 3169 1543 pro
3201 1489 3290 1528 me

1715 1574 1908 1627 passus
1947 1575 2027 1625 es,
2068 1572 2115 1614 et
2157 1563 2257 1632 mei
2305 1562 2564 1634 redempti
2599 1563 2842 1616 miserere
2887 1573 3086 1617 aeterna
3120 1564 3289 1633 gloria

1715 1649 2073 1706 beatiﬁcando
2107 1667 2210 1716 me,
2241 1662 2295 1705 ct
2319 1667 2421 1705 non
2452 1668 2552 1721 pro
2583 1652 2694 1707 sola
2720 1653 3027 1708 innocentia
3058 1654 3292 1709 redimas

1714 1749 1768 1793 et
1794 1741 2123 1804 miserearis,
2156 1743 2249 1795 sed
2279 1741 2398 1796 ideo
2427 1744 2626 1806 adhuc,
2658 1743 2780 1812 quia
2809 1761 2896 1812 pes
2928 1761 3090 1808 meus,
3129 1745 3179 1798 id
3208 1753 3292 1800 est

1714 1830 1927 1886 aii'ectio
1954 1848 2069 1886 mea
2103 1834 2264 1897 stetit,
2299 1833 2348 1886 id
2378 1842 2459 1887 est
2491 1837 2860 1906 perseveravit
2887 1836 2941 1888 in
2979 1836 3196 1900 directo,
3238 1835 3292 1890 id

1715 1931 1796 1976 est
1843 1923 1895 1975 in
1942 1924 2258 1992 operatione
2304 1924 2444 1978 bona
2487 1940 2607 1994 qua:
2647 1919 2869 1979 directa
2897 1933 2998 1993 est,
3047 1927 3294 1982 nondis-

1717 2022 1874 2068 torta.
1921 2013 2252 2070 Aﬁectiones
2288 2016 2451 2085 pedes
2490 2017 2765 2081 dicuntur,
2794 2032 2858 2070 eo
2891 2016 3032 2084 quod
3065 2032 3162 2085 per
3201 2031 3293 2072 eas

1714 2105 1998 2174 cogitando
2034 2104 2284 2175 graditur
2328 2106 2542 2160 animus
2576 2107 2718 2160 sicut
2757 2107 2990 2174 pedibus
3029 2107 3293 2161 movendo

1715 2193 1958 2264 graditur
1985 2209 2202 2263 corpus.
2231 2193 2360 2248 Dico
2385 2196 2524 2264 quod
2551 2212 2637 2265 pes
2662 2211 2806 2249 meus
2830 2196 2970 2249 stetit
2998 2196 3051 2248 in
3076 2195 3292 2261 directo,

1714 2291 1766 2336 et
1796 2281 1994 2346 adimo,
2023 2298 2052 2334 ο
2087 2281 2326 2346 Domine,
2353 2282 2674 2348 benedicam,
2708 2282 2758 2337 id
2788 2289 2871 2337 eSt
2897 2282 3211 2353 gloriﬁcaho
3239 2291 3296 2337 et

1715 2372 2070 2442 magniﬁcabo
2101 2381 2172 2431 te.
2209 2372 2341 2427 bene
2370 2374 2662 2441 operando,
2695 2375 2750 2427 in
2777 2373 3026 2438 ecclesiis,
3053 2372 3104 2426 id
3130 2381 3213 2427 est
3240 2372 3297 2426 in

1716 2474 2006 2534 conspectu
2037 2473 2399 2518 eonventuum
2431 2465 2698 2540 ﬁdelium,
2739 2475 2875 2538 utet
2910 2466 3006 2536 ipsi
3039 2474 3090 2520 te
3114 2479 3298 2520 exem-

1713 2555 1803 2624 plo
1844 2571 1966 2610 meo
2004 2545 2326 2626 gloriﬁcent,
2362 2565 2416 2610 et
2451 2558 2794 2627 magniﬁcent
2822 2558 2958 2612 bene
2999 2557 3294 2630 operando.

2171 2646 2237 2700 ΙΝ
2279 2646 2606 2702 PSALMUM
2648 2647 2841 2703 XXVI.

1788 2739 1999 2793 Titulus
2025 2737 2266 2791 vicesimi
2315 2741 2474 2792 sexti.
2517 2739 2756 2793 Psalmus
2789 2739 2954 2793 David
2993 2756 3297 2806 priusquam

1717 2830 1972 2883 finiretur.
2003 2831 2097 2884 llic
2124 2831 2385 2884 mittimur
2405 2831 2469 2882 ad
2498 2831 2772 2884 historiam
2799 2825 2864 2884 de
2888 2830 3074 2896 David,
3099 2832 3186 2898 qui
3214 2840 3318 2884 ter-

1717 2920 1813 2974 fuit
1843 2923 1899 2986 in
1933 2938 2116 2988 regum
2149 2923 2418 2975 intinctus.
2447 2921 2648 2985 Primo,
2681 2921 2732 2974 in
2757 2921 3029 2981 Bethleem
3057 2922 3107 2973 in
3138 2924 3298 2975 domo

1716 3013 1884 3080 patris
1917 3013 2028 3073 sui,
2077 3013 2216 3078 quod
2251 3011 2462 3080 signum
2495 3010 2593 3063 fuit
2638 3027 2666 3064 a
2695 3011 2803 3064 Deo
2827 3026 2947 3064 eum
2973 3026 3151 3079 regem
3187 3010 3299 3064 ele-

1717 3109 1861 3152 ctum
1890 3117 2026 3154 esse.
2055 3100 2322 3162 Secundo,
2343 3109 2478 3169 -post
2511 3085 2737 3152 mortem
2769 3099 2946 3153 Saulis
2979 3101 3029 3152 in
3055 3099 3292 3163 llebron,

1719 3200 1777 3242 ut
1808 3201 2059 3259 regnaret
2103 3208 2262 3260 super
2291 3192 2487 3244 tribum
2537 3189 2693 3244 Juda.
2755 3189 2938 3245 Tertio
2967 3191 3204 3259 quidem,
3239 3200 3296 3244 ut

1719 3295 1879 3347 super
1914 3297 2126 3334 omnem
2157 3281 2321 3337 Israel
2361 3292 2630 3350 regnaret.
2659 3279 2784 3335 Haec
2810 3290 2989 3334 autem
3017 3281 3194 3334 omnia
3227 3281 3297 3335 ad

1719 3372 1978 3426 Ecclesia:
2028 3374 2252 3440 ﬁguram
2299 3379 2710 3442 pra‘cesserunt.
2769 3373 3103 3441 lnunguntur
3147 3372 3296 3426 enim

1721 3463 1974 3517 Ecclesia}
2007 3463 2100 3516 lilii
2127 3465 2178 3518 in
2214 3465 2555 3532 baptismate,
2586 3461 2636 3516 in
2677 3463 2796 3518 oleo
2831 3471 3199 3530 sacrosancto,
3234 3472 3296 3518 ut

1717 3572 1816 3625 per
1861 3557 1962 3610 hoc
1999 3571 2092 3610 eos
2128 3573 2155 3609 a
2181 3557 2407 3610 Domino
2430 3555 2634 3610 electos
2681 3571 2800 3609 esse
2829 3556 3164 3626 designetur,
3203 3565 3290 3624 ut,

1719 3647 1808 3714 qui
1838 3645 1978 3700 servi
2032 3646 2226 3700 diaboli
2280 3646 2528 3710 fuerant,
2577 3646 2658 3698 sui
2700 3645 2868 3714 ipsius
2920 3662 3074 3718 reges
3115 3647 3294 3716 gratia

1720 3736 1948 3806 spiritali
1986 3737 2136 3790 ﬁant.
2183 3737 2432 3791 Secundo
2473 3751 2628 3802 vero,
2683 3736 2736 3789 in
2778 3736 3188 3792 confirmatione
3229 3737 3298 3793 ab

1720 3829 1988 3898 episcopis
2041 3809 2396 3897 inunguatur,
2441 3835 2497 3879 ιιι
2542 3827 2812 3896 copiosius
2845 3827 3078 3898 Spiritus
3125 3828 3299 3884 sancti

1720 3919 1950 3988 gratiam
2008 3918 2352 3987 accipiendo,
2400 3917 2480 3972 sui
2510 3919 2598 3987 qui
2641 3918 2751 3988 jam
2781 3917 2940 3984 Juda,
2994 3921 3046 3975 id
3076 3903 3155 3976 est
3190 3919 3300 3976 Deo

1723 4012 2049 4064 conﬁtentes
2076 4010 2252 4064 eﬁ'ecti
2286 4018 2430 4073 sunt,
2466 4010 2636 4078 magis
2667 4012 2946 4080 magisque
2982 4027 3136 4083 reges
3165 4013 3296 4068 sint.

1722 4099 1908 4154 Tertio
1939 4115 2152 4170 quoque
2195 4116 2224 4153 a
2253 4101 2363 4155 Deo
2395 4101 2449 4154 in
2490 4102 2669 4154 futuro
2710 4109 2914 4155 acterna
2961 4102 3300 4158 beatitudine

1722 4190 2066 4262 inungentur,
2096 4201 2155 4247 ut
2178 4191 2491 4246 omnimodo
2520 4191 2626 4255 sui,
2651 4193 2740 4261 qui
2769 4192 2933 4246 Israel
2963 4201 3090 4246 tunc
3115 4197 3296 4259 erunt,

1723 4283 1802 4337 sic
1831 4282 1944 4338 Deo
1979 4283 2272 4337 auxiliante
2321 4299 2475 4353 reges
2515 4284 2653 4346 sint,
2707 4291 2766 4336 ut
2811 4285 2986 4352 neque
3029 4283 3296 4351 visibiles,

1721 4390 1898 4444 neque
1949 4375 2246 4430 invisibiles
2294 4375 2480 4429 hostes
2520 4375 2855 4442 aliquatenus
2897 4373 2976 4427 eis
3010 4373 3298 4428 dominen—

159 4455 276 4520 Quia.
306 4477 425 4518 vero
471 4464 661 4529 dilexi,
704 4475 751 4518 et
813 4467 1169 4530 circumdabo,
1209 4479 1264 4522 et
1304 4469 1507 4534 lavabo,
1558 4461 1613 4524 et
1654 4479 1696 4534 ι)
1725 4477 1830 4521 tur.
1881 4465 2104 4520 Videtur
2160 4476 2337 4519 autem
2388 4467 2475 4519 hic
2537 4481 2700 4534 agerc
2759 4463 3003 4518 collectio
3038 4463 3294 4528 ﬁdelium,

113 4557 181 4596 Mn
203 4551 388 4616 sedebo,
427 4565 482 4609 et
515 4572 620 4608 non
659 4557 907 4609 introibo.
948 4557 1031 4610 Ne
1063 4559 1252 4626 perdas
1289 4576 1406 4612 cum
1448 4561 1619 4629 impiis

113 4632 147 4686 in
166 4636 332 4708 futuro,
360 4645 408 4698 id
435 4657 520 4701 est
544 4661 664 4700 cum
691 4648 981 4713 haereticis,
1007 4657 1062 4702 et
1095 4649 1418 4714 idololatris,
1453 4649 1619 4716 Deus,

113 4731 285 4811 animum
311 4754 494 4802 nteant,
536 4750 581 4792 et
617 4756 733 4792 cum
771 4741 898 4794 viris
928 4740 1252 4797 eﬂ'usoribus
1278 4744 1616 4811 sanguinum,

113 4809 220 4870 falsis
248 4824 438 4880 scilicet
462 4827 809 4893 Christianis,
841 4846 903 4883 ne
927 4831 1116 4900 perdas
1147 4832 1304 4886 vitam
1341 4809 1532 4895 meam,
1566 4831 1620 4886 id

112 4915 170 4957 est
196 4913 401 4969 animam
442 4934 564 4985 quae
607 4919 727 4973 ideo
773 4920 883 4973 vita
925 4920 1143 4985 dicitur,
1193 4922 1319 4990 quia
1367 4935 1618 4990 pentiam

113 4992 302 5055 Vivimus.
341 5002 446 5058 Viri
469 5009 784 5077 sanguinum
811 5010 1062 5065 dicuntur
1083 5011 1173 5081 qui
1201 5011 1342 5066 malo
1372 5011 1620 5080 exemplo

115 5095 150 5137 θι
175 5100 483 5156 persuasione
520 5102 729 5159 animas
760 5102 1098 5167 interimunt,
1129 5105 1271 5158 sicut
1306 5104 1378 5157 illi
1407 5103 1498 5173 qui
1529 5118 1618 5158 eo-

116 5189 197 5227 rum
229 5197 434 5251 quorum
483 5200 654 5244 totum
695 5190 974 5246 ell‘undunt
1023 5194 1337 5263 sanguinem
1386 5208 1617 5262 corpora

117 5269 246 5328 perire
267 5274 474 5331 farciunt.
539 5280 646 5346 Qui
696 5281 796 5334 viri
850 5283 1171 5350 sanguinum
1221 5291 1276 5336 et
1329 5283 1418 5352 qui
1469 5282 1617 5352 impii

118 5356 234 5444 (“sne
259 5369 557 5434 perdentur,
588 5380 641 5424 et
674 5386 802 5426 ecce
828 5387 1006 5428 causae
1031 5390 1044 5426 :
1074 5372 1140 5426 In
1181 5391 1402 5444 quorum
1445 5375 1618 5428 mani—

120 5443 184 5498 ius
207 5452 470 5523 iniquitates
494 5472 635 5524 sunt,
665 5463 713 5515 id
739 5472 822 5517 est
852 5463 902 5516 in
931 5443 1324 5519 all'ectidnibus.
1355 5466 1506 5532 Quod
1535 5476 1620 5520 est

121 5535 421 5604 dicerezEtsi
474 5567 575 5607 non
625 5569 839 5624 seraper
914 5557 1051 5611 male
1123 5559 1332 5626 operari
1387 5568 1615 5627 queunt,

123 5635 282 5717 seraper
301 5646 464 5694 tamen
493 5645 628 5699 male
655 5647 864 5715 operari
895 5647 1137 5716 cupiunt.
1163 5647 1226 5702 Et
1254 5649 1299 5702 si
1329 5649 1619 5717 aliquando

125 5708 221 5770 bene
253 5736 535 5799 operentur,
579 5751 680 5789 non
734 5737 1032 5791 intentione
1080 5738 1216 5791 bona
1274 5747 1470 5809 agunt,
1523 5737 1616 5792 sed

1722 4573 1842 4626 qua:
1876 4558 1929 4612 in
1960 4557 2286 4627 praecedenti
2331 4557 2544 4625 psalmo
2594 4557 2768 4610 locuta
2799 4564 2882 4611 est
2931 4555 2998 4610 de
3024 4556 3306 4612 beneﬁciis

1722 4639 1822 4704 sibi
1848 4649 1961 4718 jam
1997 4667 2025 4703 a
2054 4650 2162 4704 Deo
2190 4649 2355 4713 datis,
2387 4661 2676 4718 antequam
2704 4649 2770 4702 ad
2802 4658 3058 4702 aeternam
3088 4651 3287 4705 unctio-

1722 4758 1844 4796 nem
1878 4741 2207 4814 pervenerit,
2247 4749 2300 4794 et
2345 4741 2447 4794 hoc
2493 4741 2558 4793 ad
2603 4741 3007 4794 instructionem
3047 4741 3304 4805 aliorum,

1722 4833 1828 4903 ’17
1869 4843 1928 4887 ιιι
1976 4833 2068 4902 qui
2113 4833 2298 4886 eadem
2348 4831 2486 4885 bona
2525 4817 2763 4896 habent,
2807 4845 2837 4885 a
2864 4830 2973 4885 Deo
3011 4845 3068 4885 se
3101 4832 3303 4886 habere

1721 4925 1934 4988 sciant;
1969 4932 2024 4979 et
2059 4923 2148 4992 qui
2188 4922 2422 4976 nomium
2446 4923 2666 4989 habent,
2695 4923 2760 4976 ad
2789 4922 3091 4977 habendum
3122 4925 3306 4978 muni-

1722 5013 1882 5066 modo
1913 5012 2188 5066 festinent.
2218 5009 2465 5066 Ostendit
2502 5010 2666 5064 etiam
2700 5025 2758 5064 se
2797 5011 3106 5065 unctionem
3153 5012 3302 5065 illam

1721 5103 2032 5158 omnimodo
2068 5112 2411 5172 exspectare,
2459 5116 2556 5171 pro
2604 5115 2708 5170 qua
2761 5102 3104 5172 adipiscenda
3152 5111 3306 5176 ora},

1720 5203 1780 5247 ιιι
1801 5204 1854 5250 et
1874 5211 1973 5250 nos
1999 5205 2053 5248 et
2075 5210 2192 5248 eam
2217 5202 2554 5263 exspectare,
2577 5204 2625 5247 et
2655 5209 2751 5262 pro
2771 5208 2832 5247 ea
2860 5193 3089 5246 instruat
3113 5209 3302 5248 orare.

1722 5286 1874 5352 Quod
1913 5286 1991 5341 sic
2028 5286 2079 5339 in
2121 5285 2277 5339 titulo
2305 5285 2544 5340 breviter
2573 5284 2878 5338 denotatur.
2923 5281 3167 5337 Psalmus
3195 5283 3302 5339 iste

1722 5377 2097 5431 attribuendus
2119 5384 2199 5429 est
2229 5375 2413 5437 David,
2444 5375 2496 5430 id
2520 5385 2601 5428 est
2629 5373 2880 5428 Ecclesia:
2906 5374 3305 5442 perfectissime

1721 5467 1899 5537 agenti
1929 5467 1997 5522 de
2029 5468 2304 5522 beneﬁciis
2333 5481 2361 5520 a
2395 5467 2504 5520 Deo
2537 5465 2789 5533 acceptis.
2825 5463 3142 5555 Priusquam
3169 5465 3298 5519 lini-

1723 5569 1895 5621 retur,
1923 5558 1973 5612 id
1999 5568 2080 5613 est
2107 5557 2194 5611 illa
2220 5557 2613 5627 perfectissima
2647 5557 2904 5611 unctione
2935 5573 2964 5610 a
2990 5557 3100 5611 Deo
3131 5557 3182 5611 in
3212 5571 3296 5611 re-

1721 5661 1840 5716 gem
1871 5659 2180 5716 ungeretur.
2215 5647 2438 5700 λειω-ιω
2465 5660 2594 5699 vero
2617 5646 2912 5711 beatitudo,
2941 5645 3122 5702 unctio
3150 5637 3310 5702 recte.

1722 5737 1940 5803 dicitur,
1964 5754 2056 5808 per
2079 5753 2237 5806 quam
2263 5742 2329 5795 ab
2350 5737 2496 5793 omni
2523 5739 2973 5806 corruptibilitate
2996 5739 3299 5803 sanabitur,
