3862 6322
509 379 611 438 739

1072 371 1130 427 S.
1174 374 1520 432 BRUNONIS
1555 371 2194 431 CARTIIUSIANORUM
2227 372 2711 433 INSTITUTORIS
2751 376 2899 433 OPP.
2941 378 3120 435 PARS
3157 380 3198 435 1.
3620 388 3702 445 ΠΟ

505 497 648 550 sicut
681 489 937 544 unctione
964 486 1094 556 πετί
1124 488 1304 541 sanari
1343 487 1537 543 solent.
1584 487 1683 541 llic
1719 496 1899 541 autem
1925 486 2069 556 psal-
2102 502 2148 557 Α
2178 486 2422 555 cognitus
2447 502 2563 539 smn
2590 487 2641 559 (I
2669 486 2790 542 Cor.
2838 506 2952 556 xm,
2988 491 3094 561 12).
3124 512 3142 543 ι
3182 492 3247 547 Et
3279 494 3502 550 videndo
3538 515 3687 558 vomu.

505 602 625 639 mus
662 584 740 637 sic
772 580 934 633 habet
963 578 1325 648 principium:

578 674 833 728 Dominus
857 669 1172 722 illuminalio
1223 687 1355 735 mea,
1401 668 1706 739 emphatice
1736 669 1937 723 dictum
1977 678 2077 723 est.

509 765 662 833 Quod
711 771 796 818 est
850 762 1030 815 dicere
1059 776 1074 814 :
1104 759 1360 814 Dominus
1412 760 1732 814 illuminavit
1785 776 1869 814 me
1898 761 1998 814 ﬁde
2027 762 2078 815 in

510 861 798 930 baptismo,
861 864 908 909 et
937 854 1080 908 salus
1126 871 1263 918 mea,
1295 865 1347 908 et
1386 854 1487 908 hoc
1517 869 1729 923 quoque
1757 854 2078 923 emphatice,

509 949 562 1003 id
590 958 673 1003 est
713 949 825 1017 ipse
870 944 1097 999 salvavit
1145 957 1230 996 me
1263 958 1289 995 a
1316 944 1572 1012 peccatis.
1602 943 1669 997 Et
1698 958 1815 997 cmn
1841 942 2081 1011 hmcjam

2182 585 2338 629 tatem
2369 579 2595 642 visitem,
2624 579 2675 633 id
2710 589 2793 634 est
2829 581 3041 635 videam
3080 584 3326 652 templum
3371 585 3503 655 ejus,
3542 592 3706 649 scilicet

2184 666 2443 722 Dominici
2471 685 2665 739 corpus
2706 672 2964 738 hominis,
2999 675 3139 743 quod
3180 675 3281 729 fuit
3309 677 3556 745 templum
3600 682 3707 741 divi-

2184 758 2389 813 nitatis.
2451 760 2603 815 Unde
2634 762 2772 815 idem
2823 763 2874 816 in
2927 764 3259 834 Evangelia:
3310 782 3330 816 ι
3361 766 3554 823 Solvite
3597 780 3705 829 tem-

2183 850 2327 919 plum
2362 853 2484 917 hoc,
2519 862 2574 907 et
2596 863 2715 923 post
2746 864 2854 909 tres
2878 856 2992 911 dies
3015 858 3267 913 excitabo
3312 858 3440 913 illud
3468 860 3626 930 (Joan.
3654 882 3703 932 ιι,

2188 941 2292 1009 19).
2328 961 2346 994 ι
2387 943 2517 996 Dico
2545 945 2688 1012 quod
2717 945 2829 999 haec
2855 947 3136 1015 requiram.
3173 948 3243 1001 Et
3273 948 3388 1003 haec
3429 961 3508 1004 est
3558 951 3710 1012 ﬁducia

2188 1032 2368 1084 talium
2398 1032 2808 1099 beneficiorum,
2852 1050 2971 1104 quae
3002 1036 3132 1090 mihi
3166 1036 3276 1104 jam
3308 1038 3595 1108 impendit:

2257 1124 2521 1187 Quoniam
2547 1125 2823 1179 abscondit
2863 1143 2943 1179 me
2995 1128 3051 1180 in
3089 1127 3427 1181 tabernaculo
3450 1146 3559 1195 suo,
3587 1132 3628 1186 id
3649 1143 3712 1188 est

2186 1215 2363 1283 posuit
2393 1215 2501 1284 78
2531 1231 2616 1270 me
2642 1215 2754 1284 jam
2781 1218 3150 1270 inabscondito
3176 1218 3502 1273 tabernaculi
3527 1222 3611 1286 sui,
3632 1204 3712 1279 sci-

2185 1303 2309 1357 licet
2331 1304 2381 1356 in
2412 1306 2513 1358 ﬁde
2537 1313 2591 1357 et
2619 1320 2714 1374 spe
2745 1305 3122 1371 beatitudinis,
3168 1322 3331 1376 quam
3363 1323 3459 1377 per
3488 1307 3711 1366 Christum

2185 1394 2471 1447 habiturus
2525 1410 2665 1460 sum,
2718 1396 2809 1464 qui
2879 1396 2981 1450 fuit
3012 1397 3422 1452 tabernaculum
3460 1398 3567 1454 Dei.
3613 1401 3712 1469 Qua:

2186 1483 2461 1538 beatitudo
2506 1499 2535 1536 a
2569 1485 2724 1539 nobis
2778 1495 2860 1540 est
2905 1487 3223 1541 abscondita
3279 1504 3469 1542 nunc:
3519 1494 3707 1560 quando-

2186 1588 2288 1643 que
2318 1574 2535 1645 quidem
2584 1576 2914 1644 apparitura.
2974 1576 3129 1632 Unde
3162 1580 3494 1645 Apostolus:
3542 1598 3558 1631 ι
3590 1581 3713 1637 Fides

509 1040 855 1111 impenderit,
902 1054 1051 1108 quem
1083 1035 1401 1089 invisibilem
1437 1038 1645 1090 hostem
1688 1036 1874 1089 timebo
1916 1044 1973 1089 ut
2000 1052 2083 1089 me

508 1131 773 1201 superet?
808 1128 1021 1182 Nullum
1047 1127 1274 1191 scilicet,
1308 1138 1362 1181 et
1390 1127 1644 1180 Dominus
1685 1139 1946 1195 protector
1968 1129 2084 1181 vitae

508 1235 655 1281 metu,
686 1216 826 1285 quod
877 1222 961 1268 est
1008 1212 1231 1267 dicere:
1263 1212 1388 1265 Mihi
1429 1212 1520 1281 qui
1552 1223 1799 1267 mortuus
1843 1227 1990 1265 cram
2031 1211 2081 1263 in

508 1310 678 1363 Adam
708 1304 1043 1374 originaliter
1072 1304 1126 1358 in
1155 1304 1357 1368 anima,
1390 1305 1627 1359 restituit
1668 1306 1856 1369 vitam,
1888 1315 1941 1357 et
1972 1305 2084 1372 ipse

505 1415 587 1460 cst
614 1411 867 1472 protector
902 1400 1045 1454 illius
1111 1399 1245 1464 vitm,
1295 1414 1362 1454 ne
1393 1400 1665 1469 peccando
1722 1398 2083 1453 criminaliter

506 1511 622 1548 eam
663 1482 900 1562 perdam.
952 1491 1093 1561 Ergo
1119 1509 1149 1543 a
1175 1508 1276 1561 quo
1320 1491 1517 1546 visibili
1550 1492 1705 1546 hoste
1745 1499 2084 1560 expugnatus

504 1581 797 1650 trepidabo,
853 1582 976 1633 dum
1027 1579 1100 1633 illi
1154 1579 1245 1648 qui
1302 1589 1540 1633 nocentes
1608 1579 1743 1633 mihi
1810 1578 2085 1631 voluntate

505 1673 626 1744 (etsi
671 1682 793 1727 actu
840 1671 1134 1742 nequeant)
1192 1688 1349 1737 super
1396 1688 1478 1725 me
1524 1672 1841 1733 existentes,
1896 1669 1947 1723 id
2003 1677 2086 1725 est
2185 1673 2267 1718 est
2320 1664 2714 1732 sperandarum
2766 1666 3069 1721 substantia
3113 1682 3323 1734 rerum,
3385 1681 3712 1740 argumentum

503 1765 813 1834 superiores
862 1771 916 1817 et
969 1762 1243 1832 digniores
1294 1776 1379 1816 me
1425 1774 1687 1832 quantum
1752 1765 1816 1816 ad
1863 1778 2082 1832 corpus,
2186 1770 2292 1808 non
2338 1756 2718 1825 apparentium
2771 1755 2958 1827 (Hebr.
2988 1773 3049 1820 tt.
3082 1758 3155 1829 l).
3194 1777 3212 1811 ι
3242 1759 3309 1813 Et
3334 1759 3460 1813 alibi
3503 1761 3562 1815 de
3583 1763 3715 1815 beati-

507 1858 836 1925 appropianl:
876 1856 926 1910 id
954 1865 1037 1911 est
1059 1870 1117 1910 se
1149 1863 1474 1925 prmparam,
1508 1865 1559 1907 ιιι
1589 1855 1765 1929 edunt,
1795 1854 1847 1908 id
1872 1863 1953 1908 est
1982 1854 2079 1907 tri-
2118 1838 2159 1892 Β
2188 1847 2372 1899 tudine
2395 1848 2474 1901 sic
2503 1848 2629 1901 dicit
2660 1866 2671 1901 :
2711 1866 2729 1897 ι
2763 1846 2886 1901 Vita
2937 1858 3122 1904 nostra
3168 1849 3485 1905 abscondita
3524 1861 3595 1906 est
3617 1869 3713 1907 cum

501 1945 864 1999 hulationibus
885 1953 1209 2000 consumant
1234 1962 1415 1998 carnes
1441 1961 1581 1998 ineas
1609 1946 1632 1996 ?
1672 1944 1715 1997 Λ
1742 1944 1887 1997 nullo
1916 1944 2081 2015 trcpi-
2181 1936 2397 1990 Christo
2430 1938 2481 1989 in
2513 1936 2623 1991 Deo
2648 1936 2782 2007 (Col.
2815 1953 2900 2002 ιιι,
2925 1938 3002 2009 5).
3041 1958 3059 1991 ι
3094 1940 3159 1993 Ει
3188 1955 3295 1996 non
3329 1941 3502 1995 solum
3529 1943 3715 1996 absc0n-

502 2039 661 2103 dabo,
694 2039 945 2092 subaudi.
992 2037 1110 2102 Vel,
1139 2038 1296 2091 edant
1320 2054 1505 2091 carnes
1552 2054 1714 2101 nicas,
1744 2038 1821 2091 sic
1856 2037 2081 2105 cxponi-
2183 2028 2303 2094 dit;
2346 2029 2438 2085 Sed
2487 2030 2650 2083 ﬁliam
2683 2045 2768 2084 me
2806 2031 3040 2099 positum
3072 2032 3127 2084 in
3167 2032 3473 2085 abscondito
3519 2032 3714 2086 taberna-

514 2137 600 2181 tur
636 2144 650 2182 :
690 2128 1034 2198 Appropiant,
1085 2128 1323 2197 inquam,
1356 2128 1422 2183 ad
1456 2128 1600 2183 hunc
1650 2127 1921 2193 effectum,
1957 2128 2081 2184 licet
2182 2122 2288 2175 culi
2310 2124 2410 2186 sui,
2442 2125 2661 2192 protexit
2686 2124 2738 2177 in
2767 2124 2850 2177 die
2881 2124 3161 2188 malorum,
3193 2126 3243 2180 id
3290 2136 3375 2179 est
3406 2127 3458 2180 in
3504 2127 3592 2181 hoc
3614 2137 3714 2181 teut-

504 2235 611 2273 non
649 2219 1000 2285 intenderinl,
1030 2220 1307 2273 deventuri
1340 2227 1416 2284 ut,
1465 2219 1898 2274 tribulationibus
1946 2219 2079 2274 mihi
2182 2227 2312 2281 Ροτθ
2360 2214 2413 2267 in
2467 2229 2576 2282 quo
2624 2214 2806 2268 omnia
2853 2215 2993 2269 milia
3045 2215 3343 2280 abundant.
3391 2216 3614 2270 defendit
3647 2219 3709 2270 διιὶ

502 2311 691 2376 illatis,
716 2312 869 2365 edant
916 2326 1098 2363 carnes
1145 2328 1307 2376 meas,
1362 2311 1415 2365 id
1467 2319 1548 2365 est
1577 2320 1898 2366 consumant
1941 2320 1994 2366 et
2014 2312 2079 2366 ad
2181 2302 2355 2372 gratia
2383 2319 2451 2359 ne
2479 2305 2747 2360 CCderem.
2805 2303 2959 2360 Unde
2990 2305 3283 2376 Apostolus
3314 2325 3327 2360 ε
3365 2324 3385 2358 ι
3420 2307 3716 2362 lietlintenlcs

500 2401 729 2454 nihilum
793 2399 1037 2469 redigant
1100 2399 1346 2453 carnales
1405 2399 1711 2455 voluntates
1775 2415 1943 2462 meas,
1985 2415 2074 2466 ne,
2183 2401 2419 2463 tempus,
2475 2396 2731 2464 quoniam
2779 2396 2894 2451 dics
2946 2396 3068 2449 mali
3104 2407 3230 2450 sunt
3256 2394 3473 2466 (Ep/tes.
3498 2412 3545 2460 ι’,
3574 2395 3709 2466 16).»

500 2500 627 2555 dum
660 2498 947 2554 tribulatus
1009 2497 1184 2562 fuero,
1221 2497 1383 2553 liceat
1428 2497 1508 2552 eis
1565 2497 1617 2552 in
1672 2513 1757 2552 me
1815 2497 2073 2567 quidlibet

2182 2484 2247 2538 Et
2288 2500 2391 2539 non
2437 2486 2609 2540 solum
2664 2486 2936 2541 abscondit
2967 2496 3013 2541 et
3043 2488 3291 2557 protexit,
3342 2489 3435 2543 sed
3468 2488 3615 2541 etiam
3651 2502 3715 2542 me

502 2580 738 2645 cllicere.
776 2590 929 2645 Unde
971 2598 1026 2642 et
1077 2588 1130 2642 in
1175 2589 1442 2657 superiori
1485 2588 1693 2657 psalmo
1748 2588 1827 2642 sic
1859 2588 2073 2643 oravit:

2183 2576 2415 2645 positum
2480 2579 2532 2630 in
2589 2588 2759 2646 petra,
2786 2578 2837 2632 id
2866 2588 2950 2631 est
2982 2578 3033 2631 in
3078 2579 3297 2633 Christo
3334 2580 3427 2647 qui
3465 2578 3637 2631 ﬁrmus
3653 2586 3716 2631 est

507 2698 525 2729 ι
558 2678 662 2733 Ure
694 2692 851 2732 tenes
874 2692 1021 2732 meos
1052 2675 1226 2747 (Psal.
1270 2694 1398 2741 xxv,
1428 2678 1504 2747 2).
1541 2697 1558 2728 ι
1595 2678 1793 2748 Etjure
1838 2694 1941 2731 non
1968 2688 2073 2733 tre-

2181 2676 2240 2719 ut
2278 2676 2426 2735 petra
2468 2682 2483 2726 ;
2534 2668 2639 2732 vel,
2699 2669 2752 2720 in
2800 2678 2968 2735 petra,
3012 2667 3061 2721 id
3112 2676 3196 2722 est
3241 2668 3296 2721 in
3353 2668 3634 2722 constantia
3676 2674 3717 2721 et

499 2769 715 2835 pidabo’
748 2768 848 2821 hoc
903 2768 1275 2831 considerans,
1318 2768 1384 2822 dc
1430 2767 1665 2822 inimicis
1720 2769 1929 2823 spilicc;
1990 2769 2078 2838 qui
2184 2755 2521 2821 fOI‘llHltiiIIC,
2566 2757 2859 2811 exaltatum
2912 2758 2963 2810 ill
3013 2757 3323 2811 Vil‘iUlibUS.
3384 2758 3452 2811 ΕΙ.
3502 2756 3715 2826 exprimit

500 2857 755 2910 tribulam
803 2856 906 2910 'me.
940 2856 1040 2925 Ipsi
1072 2857 1162 2925 qui
1185 2872 1286 2927 per
1313 2857 1414 2910 hoc
1441 2858 1693 2911 videntur
1722 2858 1843 2911 aliis
1883 2867 2076 2927 poten-
2180 2851 2398 2919 quando
2436 2851 2754 2904 exaltatum.
2787 2850 2916 2905 Dico
2958 2850 3227 2904 exultavit.
3262 2850 3328 2903 Et
3357 2850 3471 2919 (pro
3526 2850 3716 2917 scilicet)

505 2957 584 3002 tes
606 2957 667 3001 et
690 2947 914 3011 excelsi,
953 2957 1007 3002 et
1037 2948 1089 3001 in
1133 2948 1376 3001 dominio
1408 2948 1567 3013 lirmi,
1621 2948 1799 3017 potius
1850 2964 1946 3018 per
1977 2950 2078 3002 hoc
2182 2956 2325 2993 nunc
2352 2942 2401 2993 in
2435 2950 2673 3010 tempore
2693 2942 3107 3010 persecutionis,
3141 2957 3264 2996 cum
3293 2940 3510 2995 omnino
3532 2941 3716 3009 deprcs-

497 3038 751 3105 iit/innati
773 3048 913 3103 sunt,
949 3038 997 3091 id
1025 3047 1108 3092 est
1133 3039 1229 3093 visi
1264 3048 1388 3094 sunt
1446 3039 1578 3093 mihi
1627 3039 1740 3107 jam
1784 3040 1982 3094 inﬁrmi
2025 3048 2073 3094 el

2181 3045 2273 3084 sus
2310 3031 2533 3095 videor;
2575 3031 2826 3083 exultavit
2868 3040 3022 3100 caput
3071 3047 3264 3095 meum,
3299 3031 3352 3085 id
3405 3040 3485 3084 est
3512 3039 3711 3083 mentem

499 3129 700 3182 tniscri.
728 3127 815 3193 Et,
845 3112 1035 3198 utpltts
1061 3130 1257 3194 dicam,
1280 3130 1392 3200 jam
1412 3131 1707 3185 ceciderunt
1737 3132 1891 3196 mihi,
1923 3132 1973 3185 id
1997 3138 2079 3185 est
2106 3173 2150 3200 τ,
2183 3134 2381 3185 meam.
2425 3122 2527 3174 etsi
2564 3136 2759 3190 corpus
2796 3122 3020 3189 deprimi
3056 3122 3325 3190 permisit.
3377 3138 3529 3189 super
3573 3122 3717 3174 inimi-

493 3215 605 3285 jam
642 3232 830 3271 casum
865 3234 1051 3271 eorum
1084 3218 1323 3272 futurum
1364 3221 1605 3287 prmvidi.
1638 3221 1868 3289 Exponit
1894 3230 2073 3274 autent

2183 3224 2269 3261 eos
2299 3226 2459 3264 meos.
2489 3210 2637 3277 Quod
2668 3220 2751 3264 est
2780 3212 2962 3265 dicere
2988 3227 3000 3265 :
3032 3212 3201 3281 Magis
3226 3212 3494 3267 exaltatus
3540 3229 3645 3267 smn
3675 3213 3714 3265 in

501 3308 774 3376 quomodo
836 3309 1173 3377 appt'opicnt.
1244 3309 1371 3364 Dico
1422 3327 1525 3364 ηοη
1588 3313 1877 3380 trepida/,0,
1948 3314 2070 3365 dum
2177 3300 2472 3356 virtutibus
2502 3311 2691 3356 contra
2724 3318 2841 3367 eos,
2873 3318 3033 3370 quam
3067 3304 3164 3372 ipsi
3213 3304 3266 3355 in
3318 3303 3716 3357 tribulationibus

498 3400 826 3468 appropiam.
860 3399 927 3453 Et
974 3415 1157 3453 verum
1182 3408 1283 3455 est,
1316 3400 1450 3455 Nam
1486 3403 1842 3457 “consistam
1891 3409 2075 3458 θάνεν-
2177 3394 2461 3446 adversum
2494 3409 2598 3447 me.
2629 3396 2875 3447 Ustensis
2926 3395 3203 3448 beneﬁciis
3261 3397 3433 3463 gratia
3496 3395 3581 3447 Dei
3611 3410 3715 3447 cou-

500 3504 722 3541 suntme
759 3498 957 3553 castra,
987 3488 1037 3542 id
1061 3499 1137 3542 est
1164 3491 1207 3544 si
1236 3501 1499 3560 apparent
1560 3492 1927 3549 multitudines
1972 3497 2072 3549 ιιο-
2176 3486 2343 3540 cessis
2377 3486 2496 3549 sibi,
2554 3502 2650 3555 per
2680 3502 2798 3556 qua:
2838 3485 3084 3539 liduciam
3137 3488 3301 3540 habet
3365 3487 3714 3540 beatitudinem

499 3578 685 3643 stium,
718 3586 775 3631 ut
806 3579 1078 3633 adversum
1105 3598 1181 3634 me
1207 3583 1642 3637 tribulationibus
1672 3598 1934 3654 pugnent,
1971 3604 2072 3642 non
2175 3578 2529 3647 adipiscendi,
2573 3578 2813 3632 ostendit
2843 3593 3058 3645 quoque
3107 3578 3301 3631 merita
3337 3579 3488 3632 liberi
3533 3575 3718 3631 arbitrii

502 3671 702 3723 timebit
730 3687 819 3723 cor
841 3688 1032 3737 meum,
1061 3673 1139 3726 sic
1166 3684 1222 3728 ut
1250 3676 1441 3729 timore
1482 3678 1689 3729 cedant.
1735 3679 1777 3730 A
1815 3679 2071 3732 similitu-
2175 3667 2255 3720 5ῖο
2284 3686 2296 3719 ³
2344 3666 2455 3720 Νοη
2483 3667 2655 3721 sulm"
2688 3668 2787 3720 “"0
2819 3668 3012 3720 ίίιιηίίίίι
3039 3683 3199 3736 διδοτο
3229 3684 3315 3721 me
3335 3669 3534 3722 habere
3563 3668 3707 3720 δείλη·

502 3762 626 3815 dine
659 3763 888 3816 hostium
926 3763 1127 3818 dictum
1158 3774 1262 3830 est,
1306 3768 1421 3835 qtti,
1460 3782 1581 3820 cmn
1614 3767 1794 3836 aliquo
1829 3770 2068 3837 praelium

2180 3757 2415 3811 tudinem
2460 3774 2620 3826 qttam
2659 3760 2953 3827 requiram,
3007 3760 3126 3812 ideo
3157 3760 3287 3829 quia
3331 3778 3413 3813 me
3461 3759 3720 3820 abscondit,

503 3850 640 3903 inire
696 3850 880 3917 velint,
933 3854 1085 3923 prius
1139 3855 1194 3908 in
1247 3864 1442 3908 terram
1492 3855 1610 3924 ejus
1656 3858 1944 3923 intrantes,
1998 3860 2070 3913 ibi
2174 3850 2395 3918 protexit
2443 3860 2489 3902 et
2516 3851 2787 3913 exultavit,
2820 3852 2914 3904 sed
2965 3844 3086 3903 ideo
3141 3852 3268 3920 quia
3325 3852 3555 3913 circuiri,
3585 3851 3630 3902 id
3654 3857 3719 3901 est

500 3952 677 3992 castra
705 3951 992 3996 metantur.
1021 3946 1150 4000 Dico
1176 3961 1279 3999 non
1305 3948 1505 4000 timebo
1545 3958 1723 4002 castra
1769 3952 2072 4004 consiste"-
2174 3955 2241 3993 ne
2280 3940 2600 3993 temerarius
2651 3949 2744 3992 aut
2781 3940 3038 3994 remissus
3060 3957 3233 3995 essent
3262 3942 3551 4011 diligenter
3600 3940 3720 3992 inrc-

501 4030 594 4083 tia.
626 4032 692 4084 Et
719 4034 908 4101 etiam,
931 4045 986 4087 ιιι
1018 4036 1137 4105 plus
1178 4038 1352 4092 dicam
1386 4053 1400 4090 :
1430 4037 1487 4092 Si
1524 4051 1766 4109 exsurgat
1795 4042 2069 4095 adversum
2173 4033 2382 4102 Stigavi,
2415 4033 2648 4097 qualiter
2669 4033 2767 4100 ipsi
2798 4032 3106 4086 sacriﬁcare
3134 4033 3413 4087 deberem.
3445 4033 3507 4085 Et
3531 4031 3710 4100 positus

499 4140 577 4175 me
607 4124 844 4193 prwlium
878 4128 1310 4194 tribulationum,
1356 4145 1463 4184 ιιοη
1516 4131 1689 4184 solum
1720 4133 1840 4188 dico
1870 4149 1975 4187 ηοη
2007 4134 2071 4187 li-
2172 4123 2226 4175 in
2252 4123 2585 4174 tabernaculo
2608 4122 2741 4191 ejus,
2768 4123 2816 4175 id
2841 4132 2921 4176 est
2946 4123 2998 4176 in
3032 4122 3137 4177 ﬁde
3164 4124 3376 4177 Christi
3407 4119 3710 4175 tabernaculi

500 4217 675 4280 tnebo,
704 4218 796 4271 sed
834 4219 997 4273 etiam
1038 4220 1091 4272 in
1119 4221 1215 4274 hoc
1263 4238 1376 4291 ego,
1420 4224 1509 4291 qui
1545 4223 1771 4278 forsitan
1824 4227 2070 4282 hostibus
2172 4213 2309 4282 ejus,
2337 4210 2600 4265 immolavi
2649 4213 2748 4281 ipsi
2798 4213 3023 4266 hostium
3072 4214 3490 4281 vociferationis,
3545 4212 3722 4266 Scilicet

498 4304 693 4359 timens
720 4307 962 4373 videbor,
991 4310 1229 4378 sperabo,
1276 4312 1327 4365 id
1360 4321 1446 4366 est
1483 4329 1578 4382 [ιρι-
1614 4315 1713 4369 hoc
1739 4318 1983 4385 pmqium
2016 4320 2067 4372 ίη
2172 4304 2403 4355 virtutes
2440 4310 2493 4354 et
2518 4304 2891 4371 Operationcm
2943 4303 3162 4369 bonam,
3218 4319 3341 4371 qua:
3382 4312 3505 4357 sunt
3560 4300 3720 4354 hostia:

497 4410 601 4463 ί]υο
632 4397 858 4451 \‘it‘iliter
897 4414 1073 4469 agam,
1130 4402 1347 4469 sperabo
1393 4419 1479 4458 me
1526 4404 1843 4474 adepturum
1901 4425 2066 4462 unum
2172 4398 2399 4451 multum
2449 4396 2745 4451 clamantes
2783 4397 2850 4451 ad
2899 4397 3210 4462 Dominum,
3258 4398 3418 4465 juxta
3450 4396 3575 4449 illud
3616 4393 3723 4446 Pto—

496 4487 659 4554 quid,
715 4489 859 4557 quod
912 4506 940 4543 a
1001 4490 1227 4545 Domino
1278 4502 1552 4561 exspecto.
1604 4497 1669 4549 Et
1714 4513 1838 4552 vere
1903 4517 2067 4555 unum
2098 4489 2354 4565 DSPerii

495 4578 626 4645 quid
655 4590 929 4648 exspecto,
964 4583 1219 4651 quoniant
1269 4601 1428 4637 unum
1472 4602 1583 4640 rem
1624 4590 1747 4657 petii
1785 4607 1815 4642 a
1846 4590 2066 4645 Domino

2248 4579 2360 4632 Nec
2394 4577 2591 4633 Christi
2622 4584 2855 4648 exempto
2880 4595 3094 4632 suavior
3114 4582 3215 4631 exit
3245 4578 3379 4630 odor

497 4678 553 4721 et
578 4684 741 4737 opere
769 4681 824 4724 et
852 4687 979 4727 voce
1001 4682 1055 4727 et
1079 4674 1389 4740 aﬁcctionc,
1424 4677 1634 4732 scilicet
1658 4691 1915 4733 arternam
1947 4683 2072 4736 bea-
2175 4674 2347 4739 Quam
2384 4692 2500 4728 cum
2547 4676 2700 4729 homo
2744 4685 3008 4728 castorum
3029 4672 3226 4743 profert
3252 4674 3503 4725 libamina
3525 4682 3719 4727 morum,

497 4760 800 4828 titudinem,
836 4773 891 4818 et
932 4767 1067 4818 Itane
1100 4768 1293 4821 merito
1337 4768 1460 4823 vita:
1516 4786 1649 4823 mea:
1699 4774 1977 4839 requiram.
2005 4774 2074 4828 Et
2244 4766 2315 4820 Et
2357 4768 2420 4821 de
2461 4769 2715 4821 virtutum
2743 4783 2955 4820 munere
2986 4782 3140 4819 δίτονα
3168 4765 3308 4818 “lal-

495 4856 750 4921 exprimit
794 4857 964 4925 ipsam
1022 4858 1412 4912 beatitudinem
1464 4875 1561 4927 per
1606 4871 1808 4928 partes,
1862 4864 2071 4917 scilicet
2242 4861 2374 4915 Cum
2404 4861 2534 4915 dicit
2574 4861 2800 4914 hostiam
2848 4857 3262 4926 vociferationis,
3321 4857 3466 4910 idem
3502 4863 3582 4910 est
3606 4868 3661 4907 ac
3684 4851 3720 4903 si

496 4945 610 4998 hinc
647 4948 904 5016 requiram
938 4958 991 5001 ut
1021 4950 1076 5001 in
1099 4949 1326 5003 habitem
1375 4951 1428 5001 in
1456 4950 1609 5002 domo
1641 4950 1869 5016 Domini,
1898 4953 1950 5007 id
1986 4964 2072 5010 est

494 5035 547 5089 in
591 5034 926 5091 Hierusalem
981 5038 1211 5103 cwlesti,
1264 5048 1320 5093 et
1362 5039 1464 5092 hoc
1511 5054 1614 5091 non
1665 5041 1901 5108 horarie,
1974 5047 2068 5109 sed

493 5129 732 5181 ontnibus
786 5130 965 5183 diebus
1011 5130 1130 5182 vita:
1179 5145 1331 5192 mete,
1361 5129 1411 5180 id
1444 5138 1526 5182 est
1556 5130 1607 5181 in
1632 5133 1931 5186 aeternitate
1962 5149 2065 5202 qua

496 5218 664 5271 utitur
697 5220 804 5271 vita
838 5236 977 5283 mea,
1006 5220 1256 5274 Christus
1283 5220 1508 5273 scilicet.
1546 5220 1697 5276 Unde
1724 5222 2012 5291 Apostolus
2049 5244 2063 5279 :

498 5324 515 5355 ι
548 5310 679 5360 Cum
711 5311 1024 5378 apparuerit
1047 5310 1295 5363 Christus
1343 5310 1448 5362 vita
1475 5319 1678 5375 vestra,
1722 5321 1849 5367 tunc
1883 5322 1938 5366 et
1971 5330 2067 5368 vos

494 5400 821 5465 apparebitis
844 5415 966 5453 cum
1001 5400 1115 5467 ipso
1140 5401 1191 5452 in
1232 5400 1399 5469 gloria
1425 5400 1559 5468 (Col.
1591 5418 1672 5466 ιιι,
1700 5402 1777 5472 4).
1816 5423 1833 5454 ι
1873 5404 1937 5457 Ει
1965 5405 2067 5461 hoc

494 5503 707 5556 quoque
730 5492 1013 5557 requirant,
1061 5498 1115 5540 ut
1162 5490 1216 5541 in
1259 5490 1412 5542 domo
1473 5491 1677 5544 Domini
1716 5496 2063 5560 constitutus,

497 5579 698 5630 videam
736 5579 971 5646 perfecte
997 5578 1311 5632 voluntatem
1341 5579 1547 5635 Domini
1574 5596 1591 5632 :
1623 5599 1780 5652 quam
1819 5586 1904 5641 hic
1937 5602 2062 5655 per-

502 5668 642 5722 fecte
691 5670 875 5721 videre
922 5682 1149 5735 nequeo.
1198 5669 1347 5724 Unde
1373 5672 1661 5738 Apostolus
1690 5695 1703 5727 ;
1742 5694 1760 5725 ι
1792 5676 1944 5731 Nunc
1974 5695 2065 5732 co-

495 5772 698 5829 gnosco
755 5772 821 5811 ex
877 5766 1052 5835 parte,
1090 5768 1214 5814 tunc
1265 5772 1443 5815 autem
1485 5780 1807 5837 cognoscam
1843 5770 1984 5824 sicut
2008 5780 2062 5824 et

2171 4952 2379 5007 diceret
2412 4972 2424 5005 :
2456 4952 2694 5007 Hostiam
2724 4950 2951 5005 multmn
3000 4949 3217 5018 dignam
3287 4948 3673 5016 iinpelratione,
3697 4957 3723 4993 ει

2170 5045 2526 5099 similitudine
2574 5045 2787 5098 illorum
2818 5045 2931 5111 qui,
2991 5058 3113 5097 cum
3153 5040 3382 5094 multum
3429 5040 3720 5094 vocifcrent,

2170 5133 2333 5186 citius
2362 5134 2651 5201 impetrare
2705 5133 2879 5187 solent
2933 5148 3095 5200 quam
3144 5130 3237 5199 qui
3282 5132 3510 5184 remisse
3558 5135 3719 5196 agunt.

2169 5221 2398 5275 Circuivi
2434 5224 2586 5289 dicit,
2624 5240 2651 5276 a
2691 5224 3045 5277 similitudine
3099 5222 3317 5275 illorum
3362 5224 3479 5290 qui,
3533 5216 3722 5289 quando

2168 5314 2370 5382 aliquid
2400 5316 2685 5385 diligenter
2717 5318 3065 5385 investigant,
3106 5318 3337 5370 multum
3390 5317 3621 5370 circuire
3646 5328 3719 5365 so-

2167 5405 2301 5461 lent.
2329 5405 2443 5461 Non
2469 5408 2641 5461 solum
2666 5424 2796 5463 vero
2825 5410 3037 5461 circuiri
3063 5418 3108 5461 et
3134 5409 3428 5472 immolavi,
3456 5408 3548 5461 sed
3572 5406 3723 5458 adhuc

2166 5499 2386 5551 cantabo
2422 5498 2665 5563 Domino,
2702 5500 2753 5553 id
2782 5510 2865 5554 est
2898 5500 3034 5553 bene
3083 5500 3148 5553 de
3178 5514 3244 5552 eo
3271 5501 3527 5568 Cogitatio
3553 5514 3568 5562 ;
3599 5492 3724 5564 quod

2166 5587 2242 5641 illi
2265 5588 2419 5643 dulce
2461 5590 2564 5643 erit
2592 5599 2649 5643 ut
2676 5592 2971 5644 canticum.
3014 5590 3078 5642 Et
3108 5605 3215 5642 non
3250 5591 3431 5643 solum
3487 5587 3719 5647 cantabo,

2165 5682 2259 5735 sed
2283 5691 2330 5734 et
2353 5680 2465 5750 jam
2486 5681 2745 5750 psalmum
2767 5683 2964 5748 dicunt,
2997 5683 3048 5736 id
3069 5692 3152 5737 est
3180 5686 3382 5737 bonum
3406 5699 3542 5753 opus
3566 5695 3721 5736 meum

2168 5772 2220 5826 in
2277 5772 2513 5827 evidenti
2564 5788 2783 5844 ponam,
2852 5784 2911 5829 ut
2963 5775 3098 5831 alios
3161 5777 3439 5830 attr.|tam
3491 5772 3720 5841 exemplo
