3838 6328
139 361 206 416 7H

966 350 1326 410 exrosmo
1361 349 1426 406 IN
1466 325 1804 408 PSALMOS.
1839 383 1900 394 —
1938 351 2129 408 PSAL.
2157 352 2345 408 xxvr.

3205 358 3312 415 742

138 474 384 538 meo.B-rne
407 470 617 541 quidem
650 470 825 539 ponit,
864 471 1060 534 dicam,
1115 469 1256 524 dicta
1294 482 1528 538 namque
1579 469 1630 522 in
1661 475 1708 532 Α
1802 467 1931 522 Post
1951 467 2339 538 apostropham
2397 468 2692 524 revertitur
2734 469 2800 524 ad
2848 471 3152 528 orationem
3177 474 3256 530 sic
3285 489 3305 528 ε-

135 565 311 620 evidenti
333 572 466 627 sunt,
491 563 844 632 cogitationes
871 572 1054 616 autem
1087 561 1139 615 in
1179 560 1414 616 occulto.

180 654 422 710 Beneﬁciis
462 661 622 722 atque
652 653 862 707 meritis
923 653 1121 722 quibus
1149 667 1207 706 se
1240 649 1628 706 beatitudinem

133 746 388 813 adepturum
415 742 634 796 confidit
675 742 930 804 ostensis,
987 751 1109 799 orat
1158 750 1218 795 ut
1266 751 1632 809 consequatur

131 833 510 889 siczDixiunam
548 831 696 901 petii,
743 842 798 886 et
850 834 1116 902 requiram
1163 841 1218 884 et
1259 841 1335 895 ιιι,
1386 831 1628 892 Domine,

130 924 271 978 exaudi
289 939 441 978 rorem
462 940 626 976 meam
651 941 753 994 qua
775 923 1017 988 clamavi,
1077 923 1128 978 id
1159 931 1241 976 est
1280 921 1516 976 clamore
1545 923 1630 992 egi

128 1034 202 1069 non
226 1016 420 1069 remisse
467 1015 531 1068 ad
565 1025 616 1070 te
665 1016 1107 1085 promerendum.
1139 1015 1204 1067 Et
1229 1029 1333 1068 nou
1377 1027 1472 1083 pro
1501 1013 1632 1069 solis

129 1106 282 1158 meritis
303 1105 567 1168 exaudias,
620 1105 717 1159 sed
769 1106 1013 1159 miserere
1044 1106 1144 1158 mei
1193 1114 1240 1158 et
1281 1106 1476 1158 exaudi
1527 1121 1630 1172 me,

127 1197 242 1250 idest
267 1196 675 1251 misericorditer
717 1196 935 1250 exaudi.
969 1195 1104 1250 Dico
1133 1194 1374 1248 clamavi.
1407 1195 1473 1248 Et
1504 1209 1631 1249 vere

125 1303 195 1341 vox
220 1302 314 1340 mea
337 1287 536 1342 clamor
582 1286 704 1341 fuit.
739 1286 870 1340 Nam
903 1286 1026 1339 dum
1076 1300 1210 1340 voce
1242 1299 1484 1353 agerem,
1518 1300 1626 1339 non

124 1377 225 1430 aliud
245 1363 287 1430 in
311 1376 465 1431 corde
494 1375 655 1431 habui
683 1392 697 1441 ;
727 1375 820 1430 sed
862 1376 954 1428 tibi
983 1375 1118 1428 dixit
1168 1365 1261 1428 cor
1287 1391 1458 1428 meum
1500 1375 1631 1432 illud

125 1469 223 1522 idem
250 1468 375 1540 quod
401 1478 456 1522 et
495 1483 580 1522 os.
633 1467 887 1536 Alioquin
928 1467 1072 1522 enim
1109 1482 1212 1520 vox
1257 1481 1375 1522 mea
1425 1467 1631 1523 clamor

123 1574 193 1613 non
213 1567 352 1622 esset,
377 1559 467 1614 sed
500 1559 752 1614 remissa.
780 1558 876 1612 Vel
919 1562 998 1614 sic
1034 1577 1046 1612 :
1103 1560 1236 1614 Dico
1291 1560 1534 1625 clamavi,
1573 1568 1630 1615 et

123 1665 194 1702 non
213 1663 306 1715 ore,
329 1649 416 1702 sed
453 1649 551 1702 tibi
581 1649 713 1702 dixit
747 1665 839 1702 eor
882 1665 1052 1702 meum
1083 1649 1246 1704 istud.
1291 1649 1353 1703 Et
1375 1650 1631 1720 exprimit

119 1738 418 1807 quidtlixerit:
443 1737 488 1792 Ο
519 1739 760 1805 Domine,
778 1741 1048 1810 exquisivi!
1073 1751 1120 1794 te
1141 1741 1300 1810 {acies
1321 1759 1456 1796 mea.
1475 1742 1628 1810 Quod

119 1829 378 1883 estdicere:
413 1828 708 1898 Diligenter
735 1839 787 1885 et
810 1845 972 1901 opere
1009 1841 1064 1886 et
1100 1832 1384 1888 affectione
1408 1835 1628 1902 quaesivi

123 1927 158 1970 ut
180 1933 304 1986 quem
333 1934 469 1973 nunc
503 1920 560 1973 in
586 1921 878 1991 aenigmate
935 1921 1116 1987 video,
1165 1921 1304 1978 facie
1341 1925 1408 1978 ad
1433 1923 1630 1978 faciem

120 2009 286 2062 rideam.
317 2009 376 2063 Et
405 2009 608 2076 adhuc,
639 2009 884 2080 Domine,
923 2011 1108 2080 facient
1160 2025 1306 2067 tuam
1333 2015 1620 2084 requiram,

118 2099 211 2152 bene
256 2100 526 2168 cogitando
588 2110 644 2156 et
693 2103 993 2171 operando.
1049 2103 1186 2172 Ergo
1228 2121 1290 2157 ne
1339 2098 1544 2158 avertas
1575 2105 1628 2159 in

119 2188 247 2245 futuro
301 2193 480 2258 {aciem
568 2201 713 2246 tuam
769 2210 803 2246 a
853 2210 967 2260 me,
1019 2195 1121 2249 etsi
1169 2194 1332 2249 modo
1405 2195 1626 2250 avertis.

119 2281 223 2346 Quod
255 2291 417 2338 autem
455 2283 610 2340 addit
661 2301 724 2340 ne
775 2285 1024 2350 declines,
1071 2286 1210 2340 idem
1251 2297 1335 2340 est
1375 2289 1520 2356 quod
1566 2302 1630 2340 ne

117 2383 262 2426 emtas
297 2374 499 2442 facient.
553 2371 660 2428 Sed
686 2375 808 2430 ideo
840 2377 1039 2443 repetit
1082 2385 1138 2429 ut
1170 2375 1334 2431 addat
1390 2375 1509 2430 sic:
1548 2373 1630 2430 Ne

121 2463 282 2517 declines
310 2465 514 2532 faciem,
550 2465 759 2520 scilicet
800 2468 854 2520 in
882 2467 986 2527 ira,
1016 2467 1069 2520 id
1097 2476 1177 2520 est
1210 2477 1430 2536 propter
1465 2466 1627 2532 iram,

115 2554 296 2620 qaamin
324 2570 403 2610 me
443 2556 516 2610 de
544 2557 785 2626 peccatis
831 2557 967 2611 meis
1017 2557 1242 2624 habeas,
1293 2557 1554 2626 quoniam
1596 2571 1628 2610 a

117 2643 217 2696 nullo
259 2644 563 2709 declinabis,
597 2646 703 2699 nisi
757 2645 842 2700 cui
919 2645 1094 2702 iratus
1143 2647 1444 2716 apparebis.
1477 2645 1630 2702 Unde

117 2729 330 2787 Psalmista
378 2735 507 2790 alibi
539 2751 554 2787 :
589 2752 607 2786 ι
639 2735 788 2790 Tunc
825 2735 1076 2805 loquetur
1120 2738 1186 2791 ad
1213 2752 1308 2791 eos
1338 2737 1390 2790 in
1425 2737 1501 2790 ira
1531 2753 1626 2792 sua

115 2820 234 2890 (f'tal.
264 2839 314 2888 ιι,
335 2825 406 2895 5).
436 2845 456 2877 ›
496 2826 632 2880 Dico
653 2841 715 2881 ne
737 2825 962 2881 declines
993 2842 1021 2880 a
1047 2841 1154 2892 me,
1182 2843 1328 2881 servo
1353 2836 1442 2881 tuo
1473 2827 1629 2882 scili-

114 2921 182 2973 cet,
207 2915 334 2981 quasi
361 2915 509 2970 dicat
542 2932 556 2967 :
590 2913 706 2968 Non
739 2924 825 2970 est
856 2915 1076 2986 dignum
1108 2923 1169 2969 ut
1199 2913 1458 2979 declines,
1494 2929 1620 2968 cum

115 3013 247 3055 servus
273 3012 384 3058 tuus
424 3006 559 3070 sim,
584 3005 639 3060 io
667 3004 922 3060 omnibus
952 3005 1045 3059 tibi
1077 3012 1236 3073 prout
1275 3003 1479 3073 possim
1503 3003 1628 3058 obe-

114 3091 233 3149 dicns.
255 3096 350 3152 Oro
376 3116 437 3154 ne
458 3098 717 3163 declines,
743 3099 852 3152 imo
875 3097 1088 3168 adjutor
1109 3097 1218 3168 79
1255 3113 1398 3150 meus
1427 3107 1534 3150 esto
1554 3098 1620 3152 ad

115 3185 210 3242 bene
233 3193 574 3260 operandam,
606 3204 662 3246 et
681 3191 761 3246 sic
783 3191 998 3262 adjutor
1052 3207 1114 3244 ne
1166 3189 1498 3259 derelinquas
1541 3205 1622 3244 me

113 3275 146 3327 in
167 3279 254 3334 solo
300 3281 460 3337 libero
525 3281 774 3346 arbitrio,
829 3283 956 3351 quia
1012 3295 1108 3350 per
1165 3295 1250 3334 me
1291 3278 1624 3334 insuliicicns

110 3380 261 3436 essem;
305 3373 398 3425 etsi
435 3371 736 3439 aliquando
778 3385 862 3424 me
885 3369 1184 3439 reliqueris,
1218 3379 1295 3434 ul,
1330 3385 1452 3422 cum
1482 3369 1625 3422 ceci-

112 3457 218 3524 dero,
243 3477 316 3517 me
359 3463 781 3516 insuﬂicientcm
844 3476 964 3516 esse
1023 3477 1128 3515 non
1179 3461 1441 3525 dubitem,
1484 3460 1656 3515 sicut-

112 3543 270 3602 Petrum
330 3561 378 3605 te
437 3560 737 3621 negantem
785 3550 1073 3621 reliquiSIi,
1129 3563 1196 3604 ne
1233 3559 1422 3618 postea
1473 3551 1525 3603 in
1564 3565 1624 3604 se

109 3636 351 3694 cmitilerct.
389 3641 622 3695 Dixerat
651 3641 796 3696 enim
843 3643 897 3696 in
947 3655 1006 3694 se
1051 3639 1410 3694 conﬁdendo:
1447 3656 1464 3688 ι
1506 3639 1623 3694 Etsi

107 3731 337 3791 omrtuerit
365 3747 448 3786 me
474 3731 618 3786 mori
651 3741 849 3797 tecum,
899 3746 1006 3785 non
1056 3739 1108 3784 te
1161 3731 1372 3799 negabo
1405 3727 1620 3798 (Matth.

108 3831 210 3883 mi,
252 3821 352 3892 55).
390 3841 407 3874 ι
447 3823 660 3878 Saltem
687 3839 748 3876 ne
776 3823 1034 3892 despicias
1061 3838 1162 3886 me,
1223 3821 1274 3876 id
1297 3830 1382 3876 est
1407 3836 1512 3874 non
1543 3821 1624 3876 sic

105 3910 398 3982 derelinquas,
435 3925 497 3968 ut
549 3923 672 3984 post
726 3930 829 3969 non
877 3914 1180 3981 auxilieris,
1230 3913 1374 3968 sicut
1425 3911 1622 3967 ludam

106 3998 346 4067 despexisti.
394 4007 458 4060 Et
491 4021 599 4059 non
633 4005 798 4059 debes
830 4005 1131 4074 despicere,
1183 4004 1309 4074 quia
1358 4004 1496 4058 Deus
1541 4018 1619 4069 es,

107 4085 140 4137 ili
174 4101 238 4144 est
278 4095 526 4159 Creator,
586 4094 840 4149 salutaris
910 4112 1078 4156 meus,
1131 4095 1182 4148 id
1221 4102 1306 4148 est
1353 4092 1620 4148 Salvator.

105 4174 221 4240 Quasi
245 4185 373 4238 dicat
406 4202 421 4237 :
454 4184 596 4251 Quia
628 4196 680 4240 te
703 4185 877 4240 solum
918 4185 1090 4242 habeo
1111 4187 1280 4241 Deum
1308 4193 1364 4240 et
1393 4185 1620 4240 Creato-

104 4280 199 4332 rem,
226 4279 270 4326 et
291 4291 510 4331 necesse
538 4286 621 4330 est
647 4287 703 4329 ut
730 4291 836 4330 non
863 4275 1209 4348 derelinquas
1241 4287 1299 4332 et
1331 4275 1620 4344 despicias,

105 4362 294 4442 quoniam
321 4377 468 4433 pater
495 4383 642 4420 meus
666 4377 710 4421 et
736 4377 1075 4442 matermea,
1120 4368 1291 4421 Adam
1335 4366 1542 4420 scilicet
1568 4377 1624 4422 et

1649 3146 1693 3208 C

1733 558 1885 623 Dico,
1917 558 2162 624 Domine,
2213 559 2340 628 quia
2388 574 2474 614 me
2501 562 2864 630 assumpsisti,
2892 573 2945 617 et
2976 577 3046 617 ne
3089 581 3305 621 assum-

1731 656 1854 716 ptus
1879 663 2064 702 rursus
2085 649 2352 716 debiliter,
2383 649 2622 717 Domine,
2645 653 2774 706 mihi
2805 653 2980 722 posito
3000 654 3054 706 in
3080 655 3158 708 tia
3187 667 3307 724 tua,

1733 739 1785 792 id
1831 749 1914 793 est
1956 740 2010 793 in
2043 739 2128 792 via
2158 742 2537 796 mandatorum
2592 753 2825 809 tuorum,
2858 745 2910 798 in
2941 747 3303 814 completione

1732 828 1960 896 scilicet,
1987 845 2106 900 qua:
2134 831 2220 884 via
2255 841 2339 885 est
2382 831 2449 886 ad
2493 833 2684 898 vitam,
2733 849 2866 902 pone
2887 833 3046 905 legem
3098 837 3304 900 viandi,

1732 919 1785 972 id
1811 931 1895 974 est
1924 920 2290 986 moderamen,
2327 935 2395 976 ne
2423 931 2572 977 retro
2631 935 2774 986 eam,
2829 938 2929 978 nec
2967 923 3069 980 dex
3097 940 3308 980 rursum

1732 1027 1832 1066 nec
1861 1013 2232 1068 sinistrorsum
2265 1030 2284 1078 ;
2321 1022 2467 1068 retro
2508 1014 2724 1083 quidem
2753 1015 2956 1071 dicitur
2992 1017 3091 1076 ire.
3118 1019 3207 1086 qui
3236 1031 3306 1072 ex

1734 1109 1850 1156 toto
1887 1103 2093 1158 deﬁcit.
2138 1103 2730 1170 Dextrorsum.autcm,
2781 1107 2872 1175 qui
2906 1107 3028 1160 dum
3063 1109 3224 1162 nimis
3253 1107 3308 1162 in

1733 1191 2024 1246 sanctitate
2077 1193 2305 1247 intendit
2363 1195 2948 1260 inodumcxcclleudo,
2994 1199 3059 1250 ad
3088 1198 3139 1250 id
3163 1199 3309 1266 quod

1733 1281 1995 1350 diSposuit
2019 1283 2284 1352 attingere
2322 1285 2532 1354 nequit,
2565 1295 2622 1339 ut
2654 1287 2881 1340 eremita
2907 1286 3145 1342 Joannes
3173 1303 3304 1359 par-

1732 1385 1851 1437 vus,
1886 1373 1976 1441 qui
2023 1373 2266 1443 angelice
2293 1375 2475 1430 vivere
2500 1377 2754 1431 tentando
2786 1377 3002 1432 defecit.
3053 1379 3116 1433 Et
3169 1381 3308 1434 bene

1732 1459 1875 1516 istud
1903 1461 2106 1516 dicitur
2133 1463 2476 1518 dextrorsum
2506 1465 2602 1520 ire.
2638 1465 2743 1521 Per
2766 1467 3014 1522 dextram
3068 1475 3306 1538 namque

1730 1551 1874 1605 bona
1928 1553 2107 1608 solent
2152 1555 2463 1625 designari;
2507 1557 2740 1613 virtutes
2791 1574 2920 1612 vero
2975 1559 3112 1613 bona
3159 1569 3306 1614 sunt.

1729 1641 1866 1697 Illud
1917 1654 2096 1698 autem
2162 1645 2261 1711 ire,
2302 1647 2486 1701 virtuti
2533 1648 2748 1702 videtur
2800 1649 3078 1704 accedere.
3120 1649 3308 1706 Nullus

1731 1735 1878 1789 enim
1925 1735 2150 1806 ignavus
2193 1737 2244 1790 in
2284 1737 2485 1792 virtute
2525 1737 2766 1808 qualibet
2805 1737 2940 1792 ultra
2975 1740 3190 1795 modum
3227 1741 3308 1794 in-

1663 1813 1705 1867 Β
1735 1826 1991 1882 tenditur.
2026 1829 2410 1883 Sinistrorsnm
2459 1829 2676 1899 quidem
2712 1831 2789 1884 ire
2823 1829 3022 1885 dicitur
3064 1831 3155 1900 qui
3201 1832 3303 1886 etsi

1733 1938 1838 1976 non
1905 1937 1968 1976 ex
2019 1929 2152 1985 toto,
2190 1919 2352 1974 nimis
2393 1927 2574 1974 tamen
2621 1919 2675 1973 in
2731 1920 2933 1976 virtute
2989 1921 3302 1977 remittitur.

1732 2014 1998 2080 Quoniam
2050 2027 2149 2082 per
2195 2011 2472 2066 sinistram
2525 2011 2656 2066 vitia
2702 2009 3094 2082 designantur;
3161 2015 3302 2069 mala

1731 2105 1874 2160 enim
1903 2113 2049 2158 sunt.
2083 2099 2219 2155 Mala
2259 2115 2388 2156 vero
2409 2115 2511 2169 per
2559 2100 2836 2155 sinistram
2865 2117 3007 2173 saepe
3032 2103 3303 2158 denotan-

1733 2205 1836 2250 tur.
1873 2193 2095 2246 Remitti
2133 2192 2350 2261 quidem
2399 2191 2454 2245 in
2498 2191 2696 2245 virtute
2748 2190 2930 2260 nimis,
2984 2193 3304 2248 vitiosarum

1731 2295 1831 2340 est.
1874 2283 2118 2354 Namque
2166 2297 2325 2336 nemo
2385 2290 2605 2337 sanctus
2638 2282 2690 2336 in
2741 2283 2941 2339 virtute
2987 2285 3303 2340 remittitur.

1731 2373 1906 2428 Nimis
1929 2373 2097 2443 igitur
2137 2371 2361 2437 remitti,
2395 2383 2540 2426 recte
2571 2372 2944 2428 sinistrorsum
2981 2375 3062 2430 ire
3083 2375 3302 2430 dicitur.

1729 2468 1868 2518 Ante
1904 2475 2086 2518 autem
2117 2464 2194 2516 ire
2219 2465 2271 2516 in
2305 2462 2388 2516 via
2415 2463 2507 2518 Dei
2533 2463 2750 2530 dicitur,
2783 2464 2875 2534 qui
2902 2479 3077 2536 neque
3113 2465 3306 2520 remit-

1732 2555 1890 2609 ternio
1921 2553 2108 2618 nimis,
2150 2567 2325 2622 neque
2371 2554 2588 2608 modum
2623 2554 2936 2609 excellcudo
2975 2555 3304 2620 deﬂectitur,

1731 2647 1825 2702 sed
1853 2661 2010 2716 aequo
2040 2645 2199 2698 modo
2229 2644 2324 2698 Dei
2358 2645 2496 2698 viam
2555 2645 2772 2700 incedit.
2808 2646 2905 2700 Via
2949 2646 3170 2714 quidem
3206 2645 3303 2700 Dci

1731 2741 1984 2794 dicuntur
2029 2736 2334 2792 communia
2395 2747 2686 2806 praecepta,
2733 2737 2852 2791 sine
2899 2738 3098 2807 quibus
3146 2753 3306 2792 nemo

1729 2830 2050 2893 salvabitnr,
2083 2838 2142 2882 ut
2190 2829 2242 2882 in
2306 2828 2572 2896 psalmum
2627 2843 2716 2881 xxi
2767 2827 3136 2898 exposuimus.
3175 2827 3306 2881 Dico

1729 2918 1888 2988 legem
1943 2935 2076 2989 pone
2128 2917 2180 2970 in
2211 2918 2396 2984 via,ct
2435 2932 2538 2970 non
2593 2917 2766 2972 solum
2820 2918 2941 2982 hoc,
2999 2917 3095 2972 sed
3139 2916 3304 2972 etiam

1729 3010 1896 3080 dirige
1936 3026 2034 3073 me,
2066 3008 2118 3064 id
2157 3015 2239 3062 est
2267 3008 2532 3064 direcmm
2580 3023 2664 3062 mc
2691 3007 2776 3062 fac
2813 3009 2868 3062 in
2909 3007 3098 3063 semita
3131 3016 3306 3066 recta.

1728 3099 1897 3154 Recta
1929 3115 2056 3154 vero
2087 3098 2299 3163 semita,
2353 3097 2644 3168 singularia
2705 3107 2972 3168 praecepta
3025 3098 3305 3166 dicuntur,

1725 3205 1846 3259 qua:
1894 3189 2084 3259 paucis
2142 3197 2478 3258 cetnpetunt,
2533 3197 2592 3243 ut
2641 3188 2694 3243 in
2743 3191 2991 3244 eumdem
3038 3187 3306 3260 psalmum

1726 3278 1930 3333 dictum
1955 3287 2058 3332 est.

1797 3371 1862 3425 Et
1907 3372 2006 3425 hoc
2029 3370 2171 3440 quod
2215 3385 2312 3425 oro
2357 3385 2490 3439 pone
2544 3369 2706 3440 legem
2760 3377 2807 3423 et
2851 3367 3041 3438 dirige,
3093 3376 3306 3438 propter

1725 3459 1965 3513 inimicos
2025 3477 2166 3514 meos
2213 3459 2375 3524 facio,
2422 3459 2514 3528 qui
2578 3474 2663 3514 me
2704 3459 2890 3514 volunt
2931 3457 3242 3524 deﬂectere,
3271 3473 3306 3514 a

1725 3551 1922 3620 quibus
1968 3550 2118 3618 eripe
2168 3566 2274 3618 me,
2315 3565 2381 3606 ne
2433 3550 2565 3604 mihi
2614 3549 2960 3619 praevaleant.
3007 3549 3074 3603 Et
3105 3549 3206 3612 sic,
3249 3547 3306 3603 id

1726 3648 1831 3705 est,
1887 3638 2191 3710 eripiendo,
2251 3657 2314 3694 ne
2362 3641 2648 3694 tradideris
2687 3657 2766 3693 me
2803 3640 2854 3693 in
2882 3640 3111 3706 animus,
3145 3639 3305 3692 idest

1726 3731 1780 3786 in
1809 3731 2133 3796 voluntates,
2168 3732 2531 3785 tribulantium
2575 3749 2671 3786 me.
2704 3731 2856 3799 Quod
2885 3741 2966 3786 est
2991 3731 3171 3787 dicere
3198 3750 3209 3784 :
3239 3731 3308 3786 Et

1727 3821 1772 3875 si
1817 3821 2065 3875 tribulari
2105 3835 2191 3876 me
2219 3821 2503 3892 permittas
2549 3824 2616 3878 ab
2655 3824 2760 3887 his,
2805 3839 2912 3878 non
2964 3831 3142 3878 tamen
3201 3823 3306 3879 hoc

1725 3914 1868 3984 quod
1901 3913 2088 3969 volunt
2116 3914 2264 3969 siuas
2305 3931 2397 3970 cos
2426 3915 2476 3970 in
2506 3932 2590 3970 me
2621 3919 2837 3986 penitus
2869 3918 3101 3985 edicere,
3148 3919 3300 3974 scili-

1725 4013 1814 4059 cet
1865 4014 1922 4058 ut
1973 4019 2060 4059 me
2090 4005 2397 4060 deﬂectunt.
2465 4005 2576 4061 Oro
2640 4023 2704 4060 ne
2759 4007 3066 4071 tradideris,
3117 4017 3172 4063 et
3201 4009 3307 4062 hoc

1725 4093 1858 4148 mihi
1888 4094 2154 4148 orandum
2207 4103 2313 4147 est.
2368 4092 2632 4159 Quoniam
2684 4097 3079 4150 insurrexerunt
3114 4096 3168 4148 in
3201 4112 3304 4160 me,

1729 4185 2058 4250 tribulando,
2086 4185 2449 4254 suggerendo,
2476 4195 2629 4241 testes
2659 4188 2844 4256 iniqui,
2879 4186 2931 4240 id
2961 4195 3044 4241 est
3091 4186 3164 4239 illi
3205 4187 3299 4256 qui

1724 4273 1909 4344 iniqua
1941 4283 2235 4340 testantur,
2261 4283 2317 4328 et
2341 4290 2507 4344 opere
2535 4275 2746 4342 scilicet
2785 4285 2840 4330 et
2888 4275 3092 4340 verbis,
3134 4276 3186 4330 id
3221 4283 3308 4330 est

1726 4366 2012 4420 mundanis
2044 4366 2318 4421 adhaerere
2349 4381 2619 4420 summum
2669 4367 2869 4420 bonum
2918 4380 3058 4420 esse.
3095 4365 3165 4420 Et
3193 4365 3303 4420 ini-

106 4441 197 4536 Eva,
221 4450 592 4524 dereJ'qtterttttl
617 4471 718 4520 me,
752 4455 806 4509 id
831 4441 914 4509 est
938 4455 1250 4524 deiecerunt
1275 4455 1328 4509 in
1361 4462 1618 4509 mortem.
1653 4481 1698 4536 ι)
1723 4458 1920 4528 quitus,
1954 4458 2005 4512 id
2029 4467 2132 4524 cst,
2173 4458 2276 4528 ipsi
2326 4460 2456 4513 dicti
2504 4474 2601 4530 per
2655 4460 2957 4530 emphasim
3014 4458 3302 4529 iniquitas,

104 4535 132 4585 Α
168 4539 491 4600 similitudine
529 4545 702 4617 patris
730 4555 784 4600 ct
824 4545 1047 4612 matris;
1082 4545 1174 4615 qui
1208 4561 1329 4600 cum
1362 4545 1622 4600 infantem

104 4632 325 4691 Parvulum
372 4637 802 4708 derelinquenth
841 4647 1142 4705 exponunt,
1190 4646 1454 4706 quantum
1488 4637 1625 4692 inse

103 4726 177 4780 est,
219 4722 540 4781 interimunt.
601 4726 768 4782 Fame
825 4742 1061 4796 namque
1105 4728 1332 4797 periret,
1369 4727 1475 4782 nisi
1520 4727 1624 4798 ipsi

103 4803 201 4861 alius
233 4822 589 4869 succurreret.
627 4816 718 4869 Sic
744 4825 798 4870 et
822 4815 992 4869 Adam
1021 4825 1076 4869 et
1101 4815 1218 4868 Eva’
1238 4815 1354 4884 qui,
1379 4815 1626 4884 exemplo

103 4908 171 4950 suo
207 4899 351 4969 bono,
404 4921 508 4960 nos
546 4905 861 4960 debuissent
887 4905 952 4960 ad
1002 4904 1110 4960 Deo
1153 4904 1510 4961 obediendum
1543 4905 1625 4960 itt-

104 4994 278 5055 struere,
313 5005 365 5050 et
389 4995 472 5051 sic
496 5011 679 5051 secum
715 4997 782 5050 ad
810 4997 975 5050 vitam
1031 4996 1269 5060 trahere,
1323 4997 1625 5052 deﬁciendo

102 5075 139 5129 in
162 5095 208 5134 se
264 5101 356 5140 nos
385 5088 660 5142 instruere
719 5088 1146 5156 dereliqueruut,
1179 5097 1235 5143 et
1264 5088 1344 5142 sic
1389 5087 1456 5142 ad
1483 5103 1628 5142 mor-

105 5175 178 5222 lem
199 5185 586 5240 pertraxerunt.
611 5177 743 5233 Dico
771 5175 916 5248 quod
945 5180 1044 5248 ipsi
1077 5195 1156 5233 me
1186 5178 1577 5250 dereliquerunt
1603 5195 1624 5244 ;

103 5255 306 5319 Dominus
332 5282 508 5323 autem
559 5270 836 5338 assumpsit
859 5286 962 5335 me,
993 5279 1050 5322 ut
1078 5270 1350 5324 inﬁrmum
1384 5269 1627 5326 sanctiﬁ-

105 5361 227 5417 taret,
255 5356 303 5411 id
329 5369 413 5413 est
441 5360 508 5413 ad
553 5361 1010 5416 immortalitatem
1052 5363 1370 5427 reduceret;
1403 5371 1458 5416 et
1486 5362 1628 5418 hanc

107 5450 436 5516 iposlropham
488 5451 555 5505 ad
603 5452 880 5508 auditores
925 5451 1074 5518 facit,
1129 5461 1188 5507 ut
1229 5453 1320 5522 qui
1365 5454 1627 5526 assumpti

104 5544 214 5598 sunt,
242 5555 337 5595 non
376 5543 483 5598 hoc
509 5545 633 5608 sibi,
661 5544 756 5600 sed
783 5543 1018 5600 Domino
1069 5545 1152 5600 sui
1181 5545 1434 5616 exemplo
1468 5548 1626 5602 attri-

105 5619 246 5690 lluant,
284 5645 335 5687 et
366 5651 474 5691 non
503 5640 766 5709 assumpti
815 5647 875 5694 ut
921 5648 1271 5695 assumantur
1314 5641 1628 5698 omnimodo

103 5716 379 5777 sustineant.

1725 4550 1940 4604 mentita
1960 4561 2057 4617 est,
2083 4561 2142 4605 ut
2168 4565 2256 4606 me
2279 4549 2612 4615 deflecteret,
2654 4550 2970 4607 afﬁrmando
3013 4551 3157 4607 bona
3184 4567 3306 4609 esse

1724 4655 1846 4711 qua:
1886 4641 2025 4696 mala
2084 4651 2232 4708 sunt,
2292 4642 2346 4696 id
2395 4652 2500 4707 est,
2553 4642 2726 4708 vitia;
2775 4641 2913 4698 mala
2963 4642 3126 4698 etiam
3177 4659 3302 4699 esse

1727 4745 1848 4800 qua:
1891 4729 2030 4783 bona
2072 4739 2216 4795 sunt,
2251 4730 2304 4784 id
2338 4740 2440 4794 est,
2472 4730 2722 4787 virtutes.
2767 4731 2897 4788 Dico
2933 4735 3150 4787 mentita
3196 4743 3294 4800 est,
3387 4744 3398 4748 '

1727 4835 1782 4879 et
1809 4825 1910 4879 hoc
1955 4838 2060 4878 non
2091 4823 2159 4878 ad
2210 4823 2612 4878 incommodum
2665 4839 2894 4890 meum;
2946 4825 3040 4879 sed
3088 4824 3212 4892 sibi,
3247 4825 3304 4880 id

1725 4925 1808 4970 est
1837 4915 1904 4968 ad
1956 4913 2362 4968 damnationem
2406 4914 2518 4984 80
2570 4929 2746 4969 suam.
2804 4934 2822 4966 ι
2855 4915 2928 4972 Os
2974 4917 3118 4971 enim
3157 4917 3303 4987 quod

1726 5005 2010 5066 mentitur.
2033 5005 2233 5059 occidit
2261 5004 2498 5058 animam
2532 5005 2684 5076 (Sap.
2707 5023 2747 5071 ι,
2778 5007 2887 5078 ii).
2926 5025 2945 5060 ι
2980 5007 3140 5063 Facta
3183 5022 3307 5061 ora-

1730 5096 1877 5151 tione
1951 5110 2020 5150 ne
2062 5095 2342 5150 videretur
2390 5111 2458 5150 ex
2512 5096 2807 5152 difﬁdentia
2854 5113 3082 5161 orasse;
3125 5113 3303 5152 enun-

1729 5187 1830 5243 tiat
1863 5203 1922 5243 se
1971 5187 2204 5243 ﬁrmiter
2257 5190 2503 5255 credere,
2553 5191 2696 5260 quod
2747 5191 2923 5246 oravit
2955 5191 3302 5258 adepturum,

1729 5280 1851 5335 sic:
1890 5278 2071 5344 Oravi,
2103 5295 2136 5336 ο
2181 5281 2476 5347 auditores,
2527 5297 2594 5336 ne
2639 5282 2784 5336 Deus
2823 5287 3036 5334 avertat
3083 5279 3302 5343 faciem,

1727 5373 1924 5426 ethoc
1973 5387 2078 5426 non
2127 5388 2196 5426 ex
2246 5374 2538 5428 difﬁdentia
2586 5375 2756 5429 oravi.
2821 5372 2955 5426 Nam
3013 5373 3170 5424 credo
3216 5387 3303 5426 me

1728 5464 1926 5530 videre,
1959 5465 2013 5518 id
2037 5475 2120 5520 est
2150 5465 2416 5531 visurum,
2447 5467 2583 5519 bona
2627 5464 2862 5529 Domini,
2899 5465 2950 5518 id
2980 5475 3066 5520 est
3110 5463 3301 5519 faciem

1729 5557 1845 5628 ejus
1869 5567 1923 5612 et
1953 5557 2307 5626 voluntatem,
2338 5574 2458 5629 qua:
2493 5567 2621 5613 sunt
2668 5573 2856 5612 revera
2903 5559 3064 5613 bona.
3103 5556 3171 5610 Et
3199 5556 3302 5610 hoc

1729 5647 1912 5700 nonin
1940 5648 2194 5717 praesenti
2218 5649 2350 5713 vita,
2375 5649 2468 5702 sed
2491 5650 2544 5702 in
2564 5658 2706 5702 terra
2728 5649 3027 5712 viventium,
3056 5647 3110 5702 id
3132 5657 3213 5701 cst
3241 5645 3298 5700 in

1729 5737 2006 5808 paradiso,
2037 5739 2124 5794 ubi
2157 5753 2319 5795 nemo
2348 5739 2452 5794 nisi
2496 5748 2760 5810 perpetuo
2797 5743 2982 5796 vivens
3030 5737 3298 5795 habitabit
