3862 6322
545 326 648 382 745

1109 326 1166 380 S.
1210 321 1552 380 BRUNONIS
1593 316 2229 378 CAR'l'llUSlA-NORUM
2269 317 2748 376 lNSTlTUTORlS
2783 317 2931 376 OPP.
2962 320 3140 376 PARS
3172 321 3211 376 Ι.
3640 325 3719 385 7M

545 442 706 510 Ergo,
757 438 987 505 auditor_,
1049 438 1154 492 mei
1199 438 1442 506 exemplo
1494 443 1732 503 exspecta
1806 431 2104 493 Dominum,
2138 433 2234 486 Aa
2267 433 2402 486 bona
2459 433 2754 486 intentione
2807 448 2948 494 mea,
2997 449 3099 502 qua
3163 443 3214 490 te
3275 435 3544 504 deprecor.
3586 437 3720 494 Etdl-

543 529 814 584 credendo
873 528 1019 581 illum
1073 526 1170 580 tibi
1223 528 1410 580 eadem
1455 526 1593 578 bona
1633 523 1904 576 daturum.
1958 517 2108 573 Unde

541 619 874 687 Apostolus:
932 637 949 668 ι
989 618 1162 672 Nolite
1218 619 1466 671 amittere
1520 614 1923 675 confidentiam,
1990 627 2111 680 qute

546 726 794 778 magnam
867 711 1026 761 habet
1075 709 1558 762 remunerationem
1611 704 1796 774 (llebr.
1839 720 1891 766 Χ,
1937 703 2044 772 ⁸55).
2083 721 2104 753 ι

543 802 674 854 Dico
717 809 952 862 exspecta
983 815 1000 860 ;
1027 808 1080 851 et
1113 799 1163 850 in
1206 798 1570 866 exspectando
1613 811 1716 848 non
1751 794 1828 848 sis
1855 795 2111 847 remissus

546 893 596 945 in
630 892 930 958 operibus;
980 890 1071 941 sed
1119 889 1341 940 viriliter
1387 904 1480 954 age
1523 885 1820 954 operando,
1883 884 2109 945 orando,

546 982 681 1036 bene
711 979 1014 1048 cogitando.
1047 975 1135 1037 Et,
1162 993 1282 1030 cum
1309 977 1536 1028 viriliter
1567 974 1762 1042 egeris,
1805 959 1908 1026 non
1933 985 2112 1026 cesses

545 1071 844 1144 praettedio,
865 1067 1293 1134 sedcoufortetur
1313 1067 1481 1119 inboc
1511 1082 1600 1117 cor
1623 1076 1789 1117 tuum.
1817 1082 1832 1112 ι
1855 1063 1986 1116 Nam
2020 1059 2110 1130 qui

550 1157 970 1230 perseveraverit
985 1171 1152 1224 usque
1168 1157 1215 1206 in
1233 1155 1410 1220 linem,
1429 1153 1815 1208 bicsalvuserit
1830 1152 2042 1213 (Matth.
2059 1166 2110 1213 x,

549 1249 669 1317 ἓξ).
703 1267 719 1298 ι
758 1247 821 1300 Ει
873 1245 917 1298 si
963 1245 1218 1298 Dominus
1259 1259 1460 1296 moram
1520 1243 1738 1306 fecerit,
1783 1243 2011 1303 sustine,
2062 1239 2114 1294 id

551 1347 631 1391 est
673 1336 942 1404 patienter
989 1341 1265 1400 exspecta,
1315 1332 1620 1395 Dominum,
1679 1345 1746 1384 ne
1789 1345 2110 1383 Inurmures.

997 1420 1062 1478 1N
1093 1421 1419 1476 PSAIJIUM
1461 1419 1670 1475 XXVII.

617 1513 827 1568 Titulus
880 1513 1124 1566 vicesimi
1173 1512 1430 1580 septimi.
1491 1507 1736 1564 Psalmus
1793 1512 1891 1576 ipsi
1946 1510 2114 1565 David

551 1605 946 1670 attrilmendus,
1007 1604 1056 1655 id
1105 1615 1186 1656 est
1230 1603 1471 1654 Christo.
1525 1599 1588 1653 Et
1619 1600 1753 1652 bene
1800 1600 1951 1668 ponit
2017 1599 2115 1667 ipsi

551 1696 738 1750 David.
771 1694 936 1762 Quasi
972 1694 1152 1746 dicat:
1186 1689 1299 1764 Non
1335 1690 1498 1742 David
1541 1689 1778 1758 loquenti
1824 1703 1920 1756 per
1948 1701 2115 1740 mem-

2211 537 2369 590 guum
2401 531 2566 576 estut
2613 524 2868 575 exaudias
2899 540 2911 576 :
2941 525 3065 576 dum
3123 526 3226 578 hoc
3271 536 3356 580 est
3407 528 3542 595 quod
3571 545 3648 582 ora
3673 533 3722 585 ad

2212 625 2258 666 te
2281 615 2651 678 obtinendum,
2699 631 2803 667 non
2851 616 3052 683 aliquid
3100 624 3394 681 terrenum,
3423 629 3494 680 et,
3517 619 3628 672 dum
3651 623 3726 676 hoc

2211 715 2294 758 est
2320 707 2458 774 quod
2486 721 2589 758 non
2615 707 2876 775 deprimo,
2905 708 2996 760 sed
3035 708 3249 772 extollo,
3293 709 3344 762 id
3381 718 3484 772 est,
3533 708 3727 766 iuteusas

2215 796 2354 848 facio
2378 812 2584 856 manus,
2617 797 2669 848 id
2697 805 2798 862 est,
2823 795 3159 861 allectioncs,
3211 813 3378 859 meas,
3420 799 3486 848 ad
3529 799 3728 866 templum

2212 897 2446 940 sanctum
2489 897 2636 940 tuum
2701 889 3160 941 constituendum.
3217 888 3370 954 Quod
3422 900 3503 942 est
3553 892 3729 945 dicere:

2215 975 2348 1028 Dum
2415 976 2480 1029 ad
2533 977 2632 1028 boc
2681 975 2788 1043 81
2829 973 3143 1030 alieetiones
3200 991 3336 1029 mea:
3383 977 3663 1036 intendunt.
3693 989 3733 1033 ut

2215 1067 2532 1120 constituam
2565 1067 2878 1130 Ecclesiam,
2927 1082 3044 1135 qua'.
3101 1067 3204 1120 erit
3255 1077 3493 1119 sanctum
3535 1068 3734 1135 templum

2215 1168 2386 1221 tuum,
2412 1159 2464 1212 in
2499 1174 2604 1226 quo
2629 1159 2862 1220 habites.
2905 1158 3052 1212 Unde
3083 1157 3411 1225 Apostolus:
3451 1175 3468 1207 ι
3503 1156 3733 1226 Templum

2217 1249 2311 1302 Dei
2389 1257 2636 1302 sanctum
2693 1257 2796 1310 est,
2848 1249 2988 1316 quod
3042 1249 3173 1302 estis
3219 1263 3316 1301 vos
3386 1247 3467 1316 (ΙΙ
3523 1245 3632 1300 Cor.
3676 1265 3732 1310 tu,

2218 1337 2328 1403 Π),
2361 1355 2378 1386 ι
2422 1336 2501 1389 vel
2550 1337 2668 1389 sic:
2722 1335 2860 1388 Dum
2905 1336 3120 1398 extollo,
3177 1335 3227 1389 id
3273 1345 3357 1388 est
3394 1334 3542 1388 elevo
3586 1351 3735 1390 manus

2218 1444 2366 1480 meas
2409 1428 2459 1479 in
2515 1442 2674 1480 cruce
2723 1429 2791 1480 ad
2815 1429 3061 1496 templum
3097 1437 3336 1480 sanctum
3389 1437 3534 1479 tuum
3575 1431 3737 1482 consti-

2220 1519 2494 1570 tuendum.
2525 1515 2730 1570 CiBlCHl
2773 1533 2878 1570 ηοω
2904 1527 3198 1569 ιιιιιιιιιιιιιν.

2287 1609 2420 1672 Quia
2453 1624 2578 1661 vero
2615 1610 2860 1670 dixerat,
2895 1609 3117 1674 exaudi,
3156 1605 3395 1661 ostendit
3428 1608 3565 1660 unde
3603 1621 3736 1661 exau-

2223 1699 2354 1764 diat,
2391 1698 2490 1753 sic.
2526 1699 2602 1753 De
2633 1699 2742 1753 hoc
2773 1697 2977 1752 scilicet
3007 1699 3225 1760 exaudi,
3272 1696 3357 1752 Ne
3397 1699 3571 1752 tradas
3609 1715 3675 1750 me
3701 1699 3740 1752 in

552 1787 646 1839 bra
675 1799 795 1848 sua,
839 1782 932 1836 sed
959 1781 1080 1849 ipsi,
1110 1781 1162 1833 id
1211 1763 1294 1832 est
1339 1778 1506 1831 David
1532 1777 1583 1829 in
1615 1776 1827 1845 propria
1891 1791 2119 1844 persona

2232 1800 2450 1844 mortem
2513 1788 2670 1843 simul
2723 1805 2840 1842 cmn
2894 1791 3284 1859 peccatoribus;
3339 1792 3739 1852 antonomastice,

553 1881 750 1952 agenti,
801 1875 856 1932 et
899 1888 1022 1930 orat
1072 1875 1158 1930 bic
1211 1873 1592 1944 prmtendeudo
1649 1873 1925 1936 meritum,
1958 1871 2010 1926 id
2039 1880 2123 1926 est

549 1969 751 2024 bonam
804 1966 1158 2020 intentionem
1212 1980 1387 2024 suam,
1433 1972 1492 2014 ut
1535 1962 1672 2014 Deus
1710 1960 1968 2013 exaudiat
1996 1975 2120 2013 eum

546 2069 799 2114 orantem
829 2058 896 2111 de
927 2055 1342 2108 resurrectione.
1370 2053 1598 2121 Agitque
1621 2051 1782 2103 etiam
1809 2051 2123 2104 concessive

555 2151 622 2204 de
651 2147 1008 2203 retributione
1053 2145 1418 2206 inimicorum,
1450 2142 1844 2210 annuntiatque
1893 2140 2120 2195 salutem

555 2253 798 2302 suorum,
826 2247 880 2289 et
905 2235 956 2288 in
987 2235 1089 2287 line
1112 2249 1207 2302 pro
1235 2233 1313 2285 eis
1341 2239 1479 2284 orat.

625 2330 705 2382 Ad
749 2339 815 2391 te,
863 2327 1098 2392 Domine,
1133 2323 1394 2387 Trinitas,
1422 2322 1769 2377 obtinendum
1817 2321 2044 2376 clamavi
2067 2331 2123 2379 et

558 2421 815 2485 clamabo,
850 2418 900 2472 id
939 2427 1022 2471 est
1064 2416 1200 2470 bona
1245 2413 1544 2468 intentione
1593 2429 1712 2482 qua:
1743 2413 1837 2466 tibi
1888 2425 1971 2468 est
2009 2413 2122 2468 cla-

561 2528 680 2566 mor
713 2495 976 2568 intonsus,
1015 2523 1187 2576 agam.
1233 2504 1348 2558 Non
1380 2503 1506 2558 dicit
1543 2505 1607 2557 ad
1649 2515 1701 2558 te
1745 2503 2121 2570 obtinendum,

561 2602 781 2670 quodin
819 2615 882 2654 eo
931 2597 1169 2669 plenaric
1223 2609 1437 2664 semper
1486 2593 1628 2648 Deus
1678 2608 1784 2648 non
1839 2593 2120 2660 existeret,

561 2692 654 2748 sed
705 2681 858 2744 idem
889 2697 972 2742 est
1025 2703 1088 2740 ac
1115 2685 1159 2739 si
1188 2685 1326 2738 dicat
1360 2703 1372 2738 :
1405 2683 1484 2737 Ad
1533 2684 1636 2737 hoc
1685 2683 1921 2736 clamabo
1949 2689 2008 2736 ut
2031 2683 2121 2752 qui

563 2783 853 2837 secundum
903 2777 1288 2831 mortalitatem
1347 2773 1441 2828 tibi
1495 2789 1613 2828 sum
1663 2789 1770 2828 non
1806 2771 2122 2839 conformis,

567 2883 674 2929 tua:
697 2871 1002 2926 conforiner
1033 2867 1425 2922 immortalitati
1458 2875 1512 2920 et
1541 2867 1992 2935 impassibilitati;
2027 2868 2125 2921 ob-

563 2965 761 3020 tineatn
787 2962 997 3016 scilicet
1047 2959 1511 3032 inmortalitatem
1550 2966 1603 3012 et
1637 2957 2124 3026 impussibilitatem

561 3055 852 3108 secundum
883 3051 1022 3120 quod
1047 3035 1207 3102 homo
1244 3064 1382 3102 sum.
1419 3048 1531 3109 Vel,
1569 3048 1804 3100 clamabo
1835 3049 1904 3099 ad
1940 3059 1988 3100 te
2023 3048 2125 3101 mi-

562 3142 889 3198 sericordem
930 3139 1243 3206 respiciens,
1274 3137 1424 3205 quasi
1449 3137 1653 3190 diceret
1684 3153 1696 3189 :
1735 3139 1787 3190 In
1814 3137 2122 3190 misericor-

562 3237 648 3289 dia
690 3244 776 3286 tua
814 3233 1109 3286 conlidens.
1140 3230 1276 3298 Ergo
1305 3229 1442 3280 Deus
1492 3243 1656 3291 meus,
1708 3244 1769 3280 ne
1810 3227 1964 3280 sileas
1993 3245 2022 3279 a
2048 3243 2128 3280 me

560 3325 862 3393 elongatus.
883 3320 1034 3386 Quod
1056 3330 1137 3372 est
1159 3319 1338 3372 dicere
1371 3335 1382 3370 :
1413 3317 1692 3386 [taSponde
1709 3317 1950 3385 petitioni
1976 3334 2126 3372 mezc.

564 3414 915 3485 ReSponderc
943 3409 1042 3464 Dei
1092 3419 1174 3463 est
1205 3409 1518 3478 petitionem
1553 3409 1835 3475 perlicere.
1874 3407 1936 3460 Et
1965 3407 2130 3461 babe-

567 3516 658 3561 tur
684 3507 737 3559 in
767 3506 870 3558 alia
915 3501 1262 3554 translatione
1309 3515 1371 3550 ne
1398 3498 1736 3549 obsurdescas
1790 3496 1936 3560 mihi,
1972 3497 2021 3549 id
2050 3504 2132 3550 est

566 3596 756 3650 nelias
789 3593 913 3646 mibi
939 3591 1150 3644 surdus.
1190 3587 1255 3642 Et
1291 3588 1391 3640 hoc
1423 3587 1562 3639 idem
1592 3596 1676 3638 est
1712 3585 1852 3652 quod
1881 3602 1942 3638 ne
1978 3587 2131 3638 sileas

567 3701 600 3737 a
633 3701 728 3735 me.
761 3681 825 3734 Et
867 3682 989 3748 quia
1022 3681 1226 3732 dixerat
1255 3695 1316 3730 ne
1344 3677 1519 3742 sileas,
1552 3691 1617 3729 ne
1642 3683 1958 3743 putaremus
1986 3675 2133 3744 quod

570 3789 690 3825 mox
725 3771 880 3824 vellet
911 3770 1219 3839 petitionem
1255 3783 1406 3821 suam
1435 3764 1713 3834 compleri,
1753 3764 2081 3818 determinat
2113 3781 2130 3820 :

573 3863 654 3918 Ne
697 3875 866 3915 taceas
898 3881 926 3914 a
958 3879 1036 3914 me
1066 3862 1344 3929 elongatus
1393 3858 1534 3921 dico,
1582 3856 1817 3923 quando,
1847 3856 1898 3908 id
1921 3864 2006 3909 est
2035 3856 2136 3908 ali-

569 3956 803 4024 quando.
859 3951 1011 4017 Quod
1045 3959 1126 4002 est
1170 3951 1391 4001 dicere:
1423 3945 1487 3998 Et
1518 3945 1560 3998 si
1601 3945 1760 3998 modo
1805 3955 1971 4008 taces,
2027 3959 2133 3998 non

571 4043 922 4114 perficiendo,
965 4053 1068 4092 non
1111 4048 1286 4090 tamen
1328 4047 1528 4098 taceas,
1561 4034 1686 4087 dum
1714 4049 1818 4086 non
1850 4036 2136 4087 tacendum

573 4139 696 4192 erit.
748 4134 913 4200 Quasi
966 4133 1150 4185 dicat:
1209 4127 1413 4182 Perﬁce
1457 4127 1508 4180 in
1543 4142 1627 4181 me
1671 4127 1962 4194 aliquando
1996 4128 2137 4194 quod

575 4222 959 4292 perliciendum
1007 4229 1108 4283 est,
1142 4228 1196 4270 ut
1229 4233 1312 4270 me
1366 4215 1723 4270 immortalem
1755 4227 1808 4269 et
1835 4215 2139 4286 impassibi-

571 4314 676 4372 lem
713 4313 899 4368 facias.
929 4309 1010 4364 Ne
1046 4321 1219 4362 taceas
1250 4319 1305 4362 et
1329 4323 1391 4361 ne
1419 4307 1573 4362 sileas
1621 4309 1764 4362 idem
1812 4317 1892 4362 est
1923 4323 2019 4376 pro
2045 4309 2140 4362 de-

2222 1881 2371 1948 quasi
2425 1881 2674 1934 diceret:
2715 1867 2837 1934 Non
2878 1895 2976 1933 oro
3015 1880 3232 1948 quidem
3272 1887 3330 1932 ut
3372 1894 3476 1932 non
3514 1880 3674 1931 tradas
3703 1880 3742 1932 in

2222 1983 2472 2034 mortem,
2511 1971 2601 2024 sed
2647 1986 2744 2024 oro
2773 1987 2836 2024 ne
2867 1971 3046 2024 tradas
3073 1969 3231 2023 simul
3253 1985 3369 2036 cum
3414 1968 3740 2036 peccatoribus,

2223 2063 2272 2115 id
2307 2069 2392 2116 est
2432 2061 2814 2116 consentiendo
2854 2062 3120 2116 desiderio
3159 2068 3530 2128 peccatorum,
3568 2058 3645 2124 qui
3681 2071 3744 2110 me

2222 2154 2406 2206 volunt
2453 2152 2695 2206 detinere
2741 2151 2795 2204 in
2851 2160 3050 2212 morte.
3104 2166 3172 2204 ne
3213 2163 3516 2215 resurgam.
3552 2147 3612 2199 Et
3648 2147 3744 2213 quia

2223 2241 2454 2295 obscure
2497 2241 2728 2302 dixerat,
2761 2239 3021 2308 exponit:
3063 2238 3192 2292 Dico
3228 2254 3290 2291 ne
3318 2236 3476 2291 simul
3509 2239 3667 2290 tradas
3685 2253 3746 2288 uie

2223 2345 2339 2380 cum
2376 2329 2762 2398 peccatoribus,
2811 2329 2950 2398 quod
2998 2336 3082 2381 est
3115 2342 3177 2382 ac
3218 2327 3262 2382 si
3291 2328 3566 2382 dicerem:
3595 2327 3676 2386 Et.
3707 2325 3746 2378 id

2223 2427 2305 2470 est
2328 2417 2553 2480 scilicet,
2577 2434 2638 2470 ne
2652 2417 2838 2485 perdas
2856 2434 2951 2480 me,
2980 2417 3030 2470 id
3059 2425 3142 2470 est
3160 2417 3406 2471 destruas
3429 2431 3490 2470 es
3511 2425 3628 2479 toto,
3647 2417 3747 2482 quin

2225 2522 2523 2576 resurgam.
2555 2506 2686 2560 Cum
2720 2508 3069 2576 operantibus
3095 2507 3462 2577 iniquitatem,
3483 2507 3534 2561 id
3556 2517 3626 2560 est
3651 2521 3750 2562 con-

2225 2598 2503 2651 sentiendo
2531 2595 2757 2659 Judaeis,
2794 2597 3142 2665 operantibus
3173 2605 3400 2651 mortem
3435 2611 3628 2658 meam,
3659 2609 3752 2664 qua:

2226 2687 2523 2756 emphatice
2546 2688 2742 2740 dicitur
2763 2687 3037 2756 iniquitas,
3063 2696 3321 2756 quantum
3342 2688 3410 2740 ad
3428 2702 3539 2741 cos.
3557 2687 3753 2754 Quiope-

2229 2785 2412 2831 rantes
2433 2776 2790 2846 iniquitatem,
2821 2777 3104 2844 loquuntur
3119 2792 3323 2843 pacem,
3340 2776 3389 2828 id
3409 2786 3511 2840 est,
3529 2776 3667 2830 verba
3683 2791 3753 2843 pa-

2227 2865 2377 2921 cifica
2398 2884 2510 2920 cum
2528 2867 2856 2935 ineproximo
2877 2882 2991 2930 suo,
3016 2865 3080 2920 de
3098 2881 3283 2920 eorum
3305 2868 3648 2936 generejuxta
3665 2880 3754 2918 car-

2228 2973 2348 3010 nem
2381 2965 2536 3020 nato,
2570 2957 2848 3011 dicentes:
2881 2975 2900 3007 ι
2946 2956 3221 3027 Magister,
3253 2961 3457 3011 scimus
3486 2959 3598 3026 quia
3625 2971 3755 3010 verax

2228 3061 2306 3112 es,
2335 3067 2352 3096 ι
2375 3058 2480 3100 etc.
2503 3046 2713 3117 (Matth.
2730 3063 2865 3112 ΠΗ,
2885 3046 2990 3114 16.)
3007 3049 3135 3102 Dico
3154 3047 3754 3116 quodloquunturpacem.

2230 3135 2375 3190 Mala
2411 3146 2617 3198 autem,
2657 3135 2706 3187 id
2747 3144 2856 3201 est,
2897 3135 3048 3190 mala:
3076 3137 3437 3203 cogitationes
3465 3136 3528 3190 de
3564 3150 3638 3188 me
3661 3144 3759 3188 sant

2229 3229 2282 3280 in
2330 3227 2568 3280 cordibus
2606 3243 2803 3279 eorum.
2844 3227 2956 3281 iloe
3000 3237 3180 3282 autem
3225 3227 3360 3282 dicit
3399 3228 3466 3280 ad
3503 3241 3758 3296 exaggera-

2231 3318 2429 3370 tionem
2478 3315 2686 3369 scilicet
2730 3330 2949 3379 eorurn,
2995 3325 3053 3368 ut
3088 3325 3270 3384 postea
3314 3318 3618 3370 concessive
3663 3325 3760 3385 agat

2232 3409 2295 3459 de
2324 3421 2509 3459 eorum
2543 3407 2905 3468 damnatione,
2932 3407 3040 3460 sic:
3063 3405 3188 3460 Dico
3214 3405 3497 3474 loquuntur
3521 3423 3698 3472 pacem,
3721 3414 3762 3457 ct

2233 3498 2371 3549 mala
2409 3507 2534 3549 sunt
2561 3497 2613 3549 iu
2643 3498 2900 3549 cordibus.
2935 3497 3076 3566 Ergo
3104 3498 3173 3550 da
3203 3497 3308 3549 illis
3333 3498 3614 3549 secundum
3639 3513 3764 3566 apem

2235 3587 2497 3654 ipsorum,
2529 3587 2580 3640 id
2617 3596 2718 3646 est,
2754 3587 2990 3640 retribue
3017 3588 3446 3650 damnationem,
3487 3604 3635 3657 quam
3661 3601 3762 3656 pro-

2236 3687 2513 3730 merentur
2545 3691 2708 3744 opera
2757 3693 2969 3742 eorum;
3009 3693 3153 3731 mors
3196 3693 3315 3731 mea
3357 3679 3596 3739 scilicet,
3635 3691 3764 3746 quam

2236 3765 2337 3819 etsi
2371 3781 2473 3818 non
2512 3776 2658 3830 actu,
2691 3767 2916 3819 consilio
2955 3775 3130 3819 tamen
3169 3775 3223 3818 et
3268 3768 3451 3820 verbis
3490 3777 3764 3834 operantur.

2237 3854 2314 3910 Ne
2352 3871 2478 3908 vero
2511 3866 2829 3924 putarentur
2865 3871 3023 3925 opera
3059 3857 3204 3926 justa
3251 3858 3332 3910 vel
3378 3873 3444 3910 ex
3487 3859 3765 3916 temeritate,

2239 3947 2317 3999 sic
2353 3946 2694 3999 determinat.
2727 3945 2810 4009 Et,
2844 3945 2896 3999 id
2931 3955 3012 3999 est
3043 3947 3274 4008 scilicet,
3301 3949 3370 3998 da
3397 3946 3504 3999 illis
3525 3947 3767 3999 secundum

2240 4038 2518 4106 nequitiam
2549 4036 2964 4090 adinrentionum
2996 4037 3243 4106 ipsorum,
3282 4037 3334 4091 id
3371 4047 3486 4101 est,
3516 4037 3769 4091 scentulum

2239 4129 2379 4198 quod
2407 4139 2818 4198 promeruerunt
2845 4144 3072 4197 nequam
3098 4130 3343 4193 consilia,
3373 4146 3496 4198 quae
3519 4130 3767 4183 adiuvi-aue-

2243 4228 2368 4273 runt
2415 4220 2480 4273 de
2524 4228 2697 4271 morte
2737 4233 2876 4273 mea.
2923 4220 2985 4272 Et
3031 4236 3134 4272 non
3175 4221 3350 4272 solum
3394 4221 3492 4274 des
3530 4220 3771 4273 secundum

2243 4328 2397 4383 Opera
2429 4324 2533 4362 non
2588 4309 2835 4362 manibus
2866 4311 3026 4371 facta,
3059 4311 3151 4364 sed
3185 4312 3352 4364 tribue
3388 4311 3496 4363 illis
3533 4311 3773 4363 secundum

573 4404 952 4460 terminatione
973 4400 1280 4468 repetitum.
1309 4397 1397 4451 Vel
1427 4399 1506 4452 sic
1541 4416 1554 4450 :
1589 4393 1670 4450 Ne
1705 4408 1879 4450 taceas
1902 4397 2135 4465 quando,
2173 4411 2215 4464 ι)
2243 4418 2396 4470 opera
2427 4416 2676 4454 manuum
2710 4401 2974 4470 ipsorum,
3004 4401 3054 4454 id
3083 4410 3184 4464 est,
3216 4403 3518 4455 secundum
3551 4403 3643 4454 hoc
3663 4399 3774 4468 quod

575 4494 628 4548 id
658 4491 942 4559 estaliquo
965 4488 1288 4556 modo,quin
1321 4502 1404 4540 me
1437 4501 1692 4556 meosque
1724 4485 1892 4540 facias
1917 4486 2139 4540 immor-

577 4583 734 4637 tales.
765 4581 873 4634 Oro
905 4595 966 4630 ne
998 4588 1200 4652 taceas.
1241 4576 1374 4630 Nam
1427 4579 1470 4631 si
1519 4578 1767 4639 tacueris,
1826 4593 1930 4631 non
1971 4585 2140 4630 solum

579 4687 684 4726 non
743 4667 1065 4723 immortalis
1097 4682 1214 4730 cro,
1244 4669 1335 4721 sed
1391 4667 1744 4728 assimilabor,
1771 4667 1823 4719 id
1845 4676 1928 4720 est
1952 4667 2144 4720 simil's

581 4764 731 4826 (iam,
789 4760 1216 4814 descendentibus
1267 4761 1320 4812 in
1366 4759 1561 4822 lacum,
1607 4757 1658 4811 id
1717 4767 1801 4811 est
1829 4757 1880 4810 in
1923 4757 2144 4826 profun-

573 4853 807 4905 ditatem
834 4850 1040 4916 mortis,
1074 4865 1177 4903 non
1228 4847 1612 4902 resnrrecturis
1636 4861 1805 4915 usque
1828 4848 1876 4900 in
1905 4861 2146 4900 eorumn-

573 4958 704 4996 kncm
735 4941 1212 4994 resurrectionem.
1243 4938 1442 4992 Lacum
1493 4937 1720 4990 dicimus
1771 4937 1976 4990 foveam
2022 4951 2146 5004 pro-

575 5032 980 5095 fundissimam,
1005 5031 1232 5099 ideoque
1257 5031 1345 5084 hic
1367 5043 1463 5098 pro
1505 5027 1866 5097 profunditate
1907 5026 2142 5094 ponitur.

585 5123 637 5176 in
686 5123 791 5176 alia
845 5122 1199 5176 translatione
1247 5123 1478 5174 habetur
1511 5136 1610 5172 :ne
1654 5119 1785 5186 forte
1831 5127 2030 5171 tacente
2074 5127 2143 5184 te,

570 5229 852 5282 comparer
881 5213 1306 5266 descendentibus
1334 5211 1386 5262 in
1414 5211 1604 5261 lacum.
1639 5208 1754 5262 Dixi
1786 5208 2041 5271 clamabo,
2066 5208 2149 5261 in-

577 5305 825 5356 !entione
852 5303 1084 5356 scilicet.
1131 5301 1196 5352 Et
1239 5300 1400 5353 etiam
1438 5297 1695 5359 clamabo,
1733 5312 1863 5352 voce
1895 5297 2148 5366 depreca-

575 5393 766 5456 tionis,
799 5393 850 5446 id
889 5400 973 5446 est
1013 5406 1145 5444 voce
1189 5388 1503 5441 elcmentari
1549 5401 1577 5438 a
1608 5388 1983 5456 deprecatione
2028 5403 2148 5442 mea

575 5481 917 5550 procedenti,
946 5479 1150 5533 scilicet
1177 5477 1245 5529 ab
1277 5476 1572 5529 intentione
1596 5477 1791 5535 cordis.
1832 5492 1949 5546 quae
1976 5486 2026 5532 te
2053 5481 2148 5531 de-

576 5578 833 5637 precatur
856 5569 1094 5622 'intense.
1121 5567 1207 5630 Et,
1241 5574 1316 5626 tu,
1342 5563 1530 5616 exaudi
1561 5579 1728 5617 vocem
1772 5565 2148 5633 deprecationis

594 5675 740 5725 metu,
771 5659 822 5714 id
849 5669 930 5714 est
954 5656 1099 5720 audi,
1130 5666 1188 5710 ut
1210 5657 1511 5723 impetrem,
1549 5670 1734 5709 vocem
1763 5671 1880 5725 qua:
1904 5658 2146 5725 procedit

2244 4493 2297 4545 in
2331 4493 2578 4546 manibus
2603 4503 2982 4558 exercuerunt,
3011 4491 3350 4562 ﬂagellando,
3381 4504 3430 4546 et
3471 4493 3621 4562 quasi
3649 4493 3776 4544 latro-

2245 4599 2363 4637 nem
2411 4599 2496 4637 me
2537 4584 2840 4637 tractando.
2887 4584 2953 4636 Et
2997 4585 3122 4652 quia
3164 4583 3379 4636 dixerat
3415 4576 3486 4638 da
3531 4596 3577 4637 et
3617 4583 3775 4640 tribue,

2244 4673 2463 4743 exponit
2491 4673 2617 4742 quid
2648 4681 2767 4726 orat
2797 4673 2932 4737 dari,
2963 4673 3073 4726 sic:
3102 4672 3229 4726 Dico
3257 4674 3324 4725 da
3351 4684 3402 4726 et
3437 4675 3642 4726 tribue:
3665 4669 3774 4725 scili-

2245 4773 2329 4818 cet
2367 4763 2530 4817 redde
2567 4763 2952 4816 retributionem
2988 4763 3227 4827 illorum,
3271 4764 3325 4817 id
3370 4774 3496 4828 est,
3539 4763 3778 4834 pragmium

2246 4853 2614 4909 retributionis
2657 4870 2836 4906 eorum
2872 4856 3017 4920 ipsis.
3064 4854 3461 4908 Retribuernnt
3505 4858 3644 4910 enim
3675 4852 3778 4906 mihi

2247 4945 2384 4999 mala
2413 4961 2509 5014 pro
2525 4946 2699 4999 bonis.
2732 4945 2930 5000 Versus
2958 4956 3137 5000 autem
3168 4948 3258 5016 qui
3289 4963 3454 5016 supra
3485 4957 3591 5011 est,
3616 4947 3782 5002 scilicet

2246 5033 2502 5101 quoniam
2525 5049 2627 5096 non
2655 5032 3040 5097 intellexerunt,
3073 5036 3150 5088 sic
3189 5036 3778 5104 praEposteratelcgitur:

2249 5122 2378 5175 Dico
2405 5120 2560 5173 redde
2590 5122 2995 5185 retributionem,
3023 5125 3164 5191 quod
3197 5138 3322 5177 vere
3355 5123 3561 5189 facies;
3591 5126 3783 5177 destrues

2249 5209 2385 5272 illos,
2413 5219 2464 5263 et
2487 5211 2573 5264 hic
2599 5213 2664 5264 de
2687 5220 2827 5263 terra
2857 5226 2975 5276 sua,
2999 5221 3052 5265 et
3079 5213 3130 5265 in
3161 5211 3348 5266 futuro
3377 5215 3447 5268 de
3474 5223 3612 5269 terra
3639 5215 3786 5264 viven-

2251 5300 2404 5361 tium,
2437 5313 2597 5366 quam
2625 5315 2682 5352 se
2713 5299 2914 5353 habere
2941 5311 3290 5368 praesumunt.
3318 5302 3388 5354 Et
3417 5311 3542 5372 post
3571 5318 3659 5354 nou
3679 5298 3788 5350 trdi-

2249 5387 2430 5454 ﬁcabis
2449 5405 2536 5442 eos
2563 5405 2659 5442 nec
2683 5391 2732 5442 in
2763 5391 2883 5454 hac,
2919 5405 3018 5444 nec
3064 5389 3116 5442 in
3150 5391 3270 5454 illa;
3311 5401 3365 5446 et
3399 5393 3468 5448 de
3499 5393 3584 5448 his
3605 5389 3787 5446 causis:

2253 5476 2510 5541 Quoniam
2549 5494 2649 5530 non
2676 5479 3038 5532 intellexerunt
3063 5495 3219 5546 opera
3249 5481 3490 5546 Domini,
3515 5483 3564 5534 id
3590 5489 3680 5540 est,
3705 5491 3790 5528 no-

2253 5568 2466 5620 luerunt
2522 5570 2820 5639 intelligere
2863 5585 2959 5638 per
3007 5585 3168 5638 opera
3217 5587 3316 5626 sua
3366 5588 3490 5625 eum
3539 5571 3791 5624 Dominum

2252 5671 2371 5710 esse
2407 5658 2458 5711 in
2497 5659 2678 5724 rebus,
2719 5658 2924 5714 scilicet
2969 5673 3066 5729 per
3095 5658 3332 5729 gloriosa
3380 5658 3661 5721 miracula,
3690 5666 3796 5722 qui:
