3862 6322
94 391 164 451 ’1ιὸ

95 513 235 560 coram
273 493 348 549 eis
389 498 646 560 operatus
688 495 790 543 est.
830 483 1018 538 Nullus
1061 482 1206 536 enim
1241 479 1378 533 alius
1418 491 1616 532 caecum
1650 478 1688 536 Α

96 604 236 652 natum
280 581 631 643 illuminavit,
674 577 1094 649 quatriduauum
1141 569 1509 627 resuscitavit.
1556 567 1623 622 Et

99 699 173 740 non
195 676 544 733 intellexerunt
569 673 626 726 in
649 686 805 741 opera
833 680 1080 722 manuum
1109 665 1223 735 ejus
1241 705 1255 730 ,
1299 663 1492 732 idest,
1529 675 1626 730 per

97 764 504 830 excellentissima
533 774 697 832 Opera
742 774 864 813 eum
899 756 1185 812 Dominum
1229 767 1381 817 esse,
1421 751 1626 806 scilicet

96 878 168 937 per
188 860 276 912 hoc
322 854 462 925 quod
511 851 873 906 innocentiam
915 862 1010 918 per
1043 848 1214 899 Adam
1257 844 1622 937 ablatam-re-

96 930 250 1008 stituit.
279 945 564 999 Peccatum
608 937 872 1010 originale
911 935 1207 998 destruxit,
1252 930 1627 988 immortalita-

98 1055 178 1097 tem
213 1034 398 1091 mundo
446 1031 741 1102 reparavit,
793 1037 848 1082 et
893 1039 1090 1083 cmtera
1137 1040 1256 1096 quae
1307 1023 1628 1079 mirabiliter

95 1139 304 1204 operatus
337 1135 450 1192 est,
496 1139 618 1195 qua:
665 1123 920 1194 dicuntur
970 1135 1134 1188 opera
1182 1133 1434 1172 manuum
1474 1116 1626 1186 ejus,

96 1240 144 1278 eo
161 1219 281 1292 quod
311 1233 416 1288 prae
445 1214 659 1270 caneris
682 1213 901 1284 egregia
932 1220 1078 1266 sunt.
1109 1209 1276 1280 Magis
1301 1207 1442 1262 enim
1471 1220 1628 1276 egre-

94 1314 159 1384 gia
183 1317 294 1363 sunt
318 1317 478 1374 opera
505 1318 627 1374 qua:
656 1302 906 1356 manibus
939 1308 1286 1363 exercentur,
1319 1313 1480 1367 quam
1511 1309 1631 1366 quae

95 1397 428 1458 instrumentis
455 1396 580 1450 aliis
610 1403 868 1465 aguntur.

146 1488 386 1556 Quoniam
436 1493 616 1539 autem
647 1484 889 1548 dixerat,
944 1482 1136 1536 exaudi
1171 1497 1340 1535 vocem
1368 1479 1632 1535 orationis

95 1597 227 1643 tacte,
260 1587 382 1642 etc.,
412 1593 479 1630 ne
517 1576 836 1630 crederetur
877 1589 941 1628 ex
976 1571 1270 1626 dillidentia
1312 1587 1519 1634 orasse,
1553 1572 1632 1625 in-

93 1668 276 1728 nuendo
315 1681 370 1720 se
411 1665 843 1730 exaudiendum,
894 1664 1076 1718 laudat
1122 1663 1288 1715 Deum
1331 1663 1484 1732 quasi
1519 1660 1631 1728 jam

96 1759 379 1823 exaudierit,
411 1757 490 1812 sic
525 1776 538 1810 :
572 1756 712 1822 Oro,
762 1756 998 1810 exaudi:
1031 1764 1086 1810 et
1127 1757 1243 1823 jam
1289 1757 1418 1810 mihi
1448 1755 1634 1809 videor

943 369 1305 429 EXPOSITIO
1334 366 1400 423 IN
1441 364 1780 422 PSALMOS.
1809 393 1878 402 —
1899 361 2092 417 PSAL.
2139 360 2382 416 XXVIII.

3201 373 3302 428 ἳιεί

2140 469 2205 523 IN
2255 468 2586 528 PSALSIUM
2626 468 2860 525 XXVIII.

1797 562 2008 616 Titulus
2045 562 2292 632 vigesimi
2330 563 2526 618 octavi.
2557 561 2802 616 Psalmus
2853 565 3054 632 David,
3101 568 3152 622 id
3191 571 3311 641 est',

1726 652 2063 723 prophetaein
2078 655 2520 707 consummatione
2534 654 2861 706 tabernaculi
2874 658 3104 724 agentis,
3127 661 3177 714 id
3204 671 3312 730 est,

1729 745 1783 799 in
1829 744 2266 800 consideratione
2315 743 2801 800 consummationis
2854 746 3218 818 tabernaculi,
3259 749 3314 808 id

1728 846 1810 892 est
1839 835 2136 890 Ecclesiae:
2175 850 2294 905 quae
2352 834 2762 890 tabernaculum
2803 835 3022 903 dicitur,
3062 854 3127 893 eo
3169 841 3316 910 quod

1729 927 1785 983 in
1820 941 1884 980 ea
1912 926 2099 982 ﬁdeles
2151 927 2474 991 existentes,
2523 929 2631 982 Deo
2669 928 2905 982 militant
2951 941 3145 984 contra
3181 931 3316 987 vitia

1728 1018 2049 1088 pugnando,
2089 1017 2154 1072 ad
2188 1018 2405 1072 modum
2445 1017 2674 1074 militum
2721 1020 2774 1074 in
2813 1019 3175 1077 tabernaculis
3208 1023 3314 1078 nii-

1730 1107 2022 1162 litantium.
2065 1107 2278 1165 Titulus
2317 1110 2420 1165 iste
2448 1110 2604 1181 juxta
2640 1111 3046 1169 similitudinem
3076 1114 3319 1172 historias

1731 1200 1942 1271 positus
1964 1215 2084 1257 esse
2119 1201 2350 1256 videtur.
2394 1202 2614 1273 Legitur
2652 1203 2796 1258 enim
2847 1219 2969 1259 cum
3006 1205 3178 1262 David
3209 1207 3318 1263 Do‘

1734 1290 1863 1343 mini
1901 1291 2308 1346 tabernaculum
2343 1302 2806 1358 consummasset,
2850 1295 3106 1364 pupulum
3138 1297 3309 1353 lsrael

1734 1382 1805 1437 ibi
1835 1382 2063 1452 plurima
2081 1384 2344 1438 sacriﬁcia
2369 1385 2651 1440 obtulisse.
2681 1385 3113 1442 Tabernaculum
3135 1401 3318 1446 autem

1734 1473 1874 1527 istud
1909 1475 2287 1544 prtl‘ligttrabat
2310 1473 2627 1540 Ecclesium,
2654 1491 2682 1529 a
2715 1475 2952 1542 Christo,
2977 1491 3106 1534 vero
3126 1478 3320 1546 David,

1734 1579 1796 1618 ex
1837 1576 2067 1632 utroque
2111 1564 2307 1634 populo
2339 1567 2821 1621 consummandam
2857 1568 2912 1622 in
2943 1569 3234 1626 virtutibus
3261 1579 3321 1628 et

1734 1657 1991 1726 Operihus
2036 1657 2229 1712 bonis:
2278 1672 2442 1726 quam
2487 1660 3012 1713 consummationem
3057 1663 3318 1732 praphcta

1737 1749 2066 1818 praevidens,
2106 1749 2427 1803 adhortatur
2458 1765 2554 1804 eos
2583 1751 2672 1819 qui
2706 1751 2758 1804 in
2797 1751 3178 1820 tabernaculo,
3211 1755 3322 1809 sci-

92 1822 378 1911 exauditus:
415 1859 471 1906 et
511 1849 857 1914 benedictus,
899 1847 948 1900 id
977 1858 1090 1911 est,
1128 1822 1397 1903 exaltatus
1429 1847 1499 1901 sit
1533 1846 1635 1899 Do-
1667 1822 1710 1882 Β
1741 1841 1865 1895 licet
1901 1842 1951 1894 in
1999 1841 2240 1896 Ecclesia
2270 1853 2397 1898 sunt.
2423 1842 2612 1908 futuri,
2647 1853 2705 1896 ut
2734 1857 2855 1898 cum
2901 1859 2932 1897 a
2961 1845 3178 1899 Christo
3208 1846 3326 1902 fuc—

94 1945 262 2006 minus,
294 1951 345 1996 et
372 1957 400 1995 a
442 1955 528 1995 me
559 1949 615 1993 et
644 1954 672 1991 a
705 1937 962 1992 membris
990 1938 1144 1992 meis.
1177 1937 1438 2002 Quoniam
1473 1953 1636 1990 exau-

93 2035 225 2097 dit-it,
259 2031 306 2085 id
343 2039 456 2095 est,
494 2044 607 2100 pra:
645 2027 810 2082 nimia
850 2029 1178 2102 cerlitudiue
1227 2044 1389 2097 quam
1435 2028 1636 2091 habeo,

91 2123 184 2192 jam
207 2121 412 2175 videtur
440 2119 729 2176 exaudisse
769 2135 941 2171 vocem
980 2119 1359 2188 deprecationis
1387 2134 1513 2170 mere
1532 2158 1546 2182 ,
1590 2116 1641 2170 id

95 2224 180 2279 est,
212 2214 581 2283 procedentem
612 2230 641 2267 a
671 2215 810 2267 bona
836 2211 1135 2264 intentione
1157 2226 1296 2264 mea.
1322 2210 1386 2262 Et
1409 2209 1643 2263 ostendit

94 2308 213 2361 unde
245 2306 553 2360 exaudivit:
587 2305 666 2360 sic
698 2306 764 2360 de
805 2306 905 2358 hoc
938 2302 1146 2357 scilicet
1182 2303 1476 2365 exaudivit,
1518 2301 1643 2370 quia

95 2397 321 2451 Dominus
352 2397 454 2450 erit
493 2397 710 2466 adjutor
744 2412 888 2448 meus
921 2401 977 2447 ut
1017 2393 1332 2458 resuscitet,
1360 2402 1415 2446 et
1445 2402 1644 2461 protec-

95 2505 166 2546 tor
184 2509 348 2550 meus,
384 2509 450 2546 ne
478 2491 666 2546 cedam
697 2491 750 2544 in
791 2489 1262 2554 tribulationibus;
1294 2487 1403 2558 82
1437 2495 1492 2541 et
1529 2502 1644 2540 me-

93 2585 198 2638 rito.
227 2582 349 2636 Nam
373 2584 427 2635 in
457 2583 590 2651 ipso,
624 2597 728 2636 non
758 2581 810 2635 in
847 2579 953 2635 alio
977 2580 1198 2649 speravit
1229 2595 1319 2631 cor
1346 2594 1516 2630 meum
1543 2592 1560 2630 ς
1593 2583 1648 2628 et

93 2674 195 2730 ideo
228 2674 436 2742 adjutus
465 2691 582 2728 sum
617 2673 685 2728 ab
715 2687 798 2727 eo.
829 2673 895 2726 Et
931 2673 1066 2726 bene
1099 2671 1252 2740 ponit
1286 2671 1509 2741 speravit
1555 2686 1646 2723 cor

94 2780 259 2817 meum.
300 2762 530 2833 Sperare
587 2778 822 2832 namque
869 2763 1034 2816 corde
1073 2770 1126 2816 et
1166 2770 1343 2815 mente
1396 2759 1644 2820 dicimur,

93 2870 197 2906 cum
241 2853 628 2909 rationabiliter
675 2861 730 2908 et
775 2867 894 2921 qua:
949 2852 1017 2906 ad
1061 2851 1287 2905 salutem
1344 2849 1644 2920 pertinent,

92 2959 372 3009 speramus.
406 2944 643 3013 Sperare
675 2957 805 2999 vero
839 2942 1211 3008 sensualitate,
1235 2956 1357 2996 cum
1389 2939 1499 2994 sola
1533 2954 1650 3008 quae

95 3036 288 3104 corpori
329 3036 507 3100 dulcia
544 3043 672 3091 sunt
715 3043 771 3090 et
809 3033 960 3088 utilia
1004 3048 1307 3102 speramus.
1351 3031 1484 3098 Quia
1521 3044 1649 3084 vero

1741 1929 1812 1984 rit
1834 1941 2289 1998 consummatum,
2322 1933 2640 2003 semetipsos
2668 1933 2733 1986 ad
2757 1933 3170 1989 sacriﬁcandqu
3194 1935 3324 1991 aliud

1743 2031 1904 2076 rant:
1947 2024 2195 2092 exemplo
2241 2024 2640 2094 apostolorum,
2683 2025 2775 2096 qui
2817 2027 3019 2081 arietes
3048 2029 3321 2096 dicuntur,

1741 2126 1807 2166 eo
1837 2115 1977 2181 quod
2002 2115 2243 2169 omnium
2289 2115 2523 2172 ﬁdelium
2563 2119 2726 2172 duces
2758 2127 2886 2173 sunt
2911 2160 2926 2184 ,
2956 2119 3096 2175 sicut
3127 2121 3329 2176 arietes

1743 2203 1910 2259 duces
1951 2213 2077 2259 sunt
2122 2207 2341 2262 ovium:
2377 2208 2461 2262 vel
2497 2209 2623 2278 quia
2661 2210 2767 2264 duo
2799 2208 2955 2264 fortia
2991 2227 3194 2266 cornua
3227 2214 3329 2268 ba-

1744 2295 1896 2363 bent,
1927 2297 1977 2350 id
2010 2308 2114 2364 est,
2147 2299 2253 2352 duo
2279 2300 2624 2355 Testamenta
2649 2341 2663 2366 ,
2695 2303 2895 2357 auxilio
2917 2320 3147 2372 quorum
3175 2321 3330 2360 erro-

1747 2401 1834 2441 res
1855 2389 2094 2442 onmimu
2122 2391 2405 2458 repellunt.
2447 2392 2588 2446 sicut
2617 2395 2815 2449 arietes
2836 2395 3047 2450 duobus
3072 2399 3332 2453 cornibus

1747 2479 2016 2532 obstantia
2059 2481 2354 2550 depellunt.
2395 2481 2647 2539 Ostendit
2686 2501 2903 2557 quoque
2947 2487 3182 2556 qualiter
3229 2489 3332 2546 hoc

1748 2569 1816 2624 sit
1850 2571 2260 2626 tabernaculum
2293 2576 2800 2630 consummandam.

1819 2660 2014 2728 A/Terte
2028 2660 2271 2727 Domino,
2287 2679 2319 2718 ο
2333 2664 2566 2734 adoptivi
2583 2664 2674 2718 ﬁlii
2695 2665 2786 2718 Dei
2805 2664 2998 2732 futuri;
3023 2664 3210 2721 afferte
3238 2682 3332 2724 vos

1751 2746 1898 2818 ips'os
1920 2749 1984 2801 ad
2016 2750 2430 2806 sacriﬁcandum
2455 2751 2595 2820 ﬁlios
2618 2755 2875 2820 arietant,
2918 2756 2969 2809 id
3006 2765 3120 2822 est,
3155 2757 3332 2812 imita-

1752 2848 1896 2894 tores
1949 2842 2335 2910 apostolorum.
2394 2843 2546 2910 Quod
2592 2853 2675 2898 est
2737 2846 2918 2900 dicere
2945 2864 2958 2900 ε
2989 2848 3193 2904 Oﬁcrte
3235 2866 3332 2905 vos

1753 2931 1898 3002 ipsos
1937 2932 2191 2998 Domino,
2225 2942 2283 2986 ut
2330 2934 2560 3003 apostoli
2601 2934 2865 2990 fecerunt.
2913 2938 3050 2992 Vere
3091 2938 3186 2993 ﬁlii
3234 2935 3332 2996 Del

1755 3020 1938 3075 ﬁdeles
1965 3022 2237 3086 dicuntur,
2272 3021 2322 3076 id
2346 3032 2448 3088 est,
2476 3023 2543 3078 ab
2575 3038 2638 3078 eo
2675 3024 2982 3092 specialiter
3005 3029 3330 3097 regenerati.

93 3126 288 3180 dixerat
311 3125 526 3196 adjutus
555 3142 690 3192 sum,
710 3123 929 3193 exponit
962 3123 1145 3193 inquo
1172 3123 1244 3176 sit
1267 3120 1500 3188 adjutus,
1528 3121 1644 3172 sic:
1677 3163 1718 3218 Ο
1760 3113 1908 3218 [inde
1931 3113 2538 3218 'Joannesevangclista
2573 3132 2586 3170 :
2625 3136 2644 3167 ‹
2680 3118 2835 3171 Dedit
2886 3117 2965 3171 cis
3005 3127 3330 3187 potestatem

95 3217 212 3272 Dico
235 3218 450 3287 adjutus
473 3234 624 3282 sum;
653 3225 706 3270 et
731 3216 858 3285 quia
895 3230 981 3270 me
1011 3214 1234 3282 adjuvit,
1266 3213 1499 3282 reﬂoruit
1527 3227 1648 3264 caro

94 3323 228 3370 mea,
267 3307 318 3362 id
347 3316 456 3373 est,
506 3305 782 3360 rellorebit
817 3319 948 3359 caro
987 3318 1135 3366 mea;
1169 3303 1338 3372 gloria
1373 3314 1650 3354 resurrec-

92 3398 266 3460 tionis,
297 3413 414 3467 qua:
445 3396 636 3452 ﬂorida
664 3395 772 3449 fuit
810 3395 982 3465 gloria
1019 3393 1351 3467 Nativitatis,
1383 3407 1505 3446 cum
1538 3391 1654 3445 sine

89 3489 516 3559 concupiscentia
546 3488 612 3543 de
638 3486 856 3558 Virgine
882 3494 1009 3539 nata
1040 3449 1318 3539 est..Unde
1345 3499 1441 3553 per
1464 3482 1654 3536 Isaiam

87 3579 318 3632 dicitur:
356 3596 374 3628 ι
409 3577 729 3648 Egredietur
767 3576 917 3645 virga
955 3575 1020 3630 de
1054 3574 1233 3627 radice
1257 3570 1436 3638 Jesse,
1475 3582 1528 3625 et
1562 3568 1657 3625 llos

85 3669 145 3722 de
173 3671 352 3725 radice
383 3671 499 3742 ejus
530 3670 785 3724 ascendet
810 3667 956 3739 (lsa.
987 3683 1035 3720 XI
1056 3709 1070 3731 ,
1104 3667 1212 3735 1).)
1246 3666 1308 3718 Et
1340 3666 1389 3719 iii
1415 3664 1657 3718 Canticis

85 3759 216 3812 idem
254 3775 486 3828 sponsus
520 3768 574 3812 et
605 3757 859 3813 Ecclesia‘.
905 3771 1114 3825 sponsa:
1153 3755 1283 3808 dicit
1315 3770 1328 3807 :
1370 3773 1390 3805 ¢
1424 3753 1533 3823 Ego
1564 3753 1660 3807 ﬁos

83 3853 251 3922 campi
304 3852 495 3924 (Cant.
539 3870 612 3918 it,
642 3853 721 3921 l).
755 3872 774 3904 ι
811 3851 876 3905 Et
914 3850 1038 3920 quia
1067 3848 1338 3903 rcﬁ-irebit
1371 3864 1491 3900 caro
1541 3861 1662 3915 qua:

83 3945 321 3997 marcida
373 3945 426 3997 in
463 3943 712 4013 passione
759 3941 1000 4005 videtur,
1041 3939 1324 4006 conﬁtebor
1365 3937 1439 4002 ei,
1484 3936 1535 3989 id
1578 3945 1663 3990 est

82 4033 310 4088 laudabo
345 4049 470 4088 eum
507 4035 562 4089 in
593 4035 726 4088 meis
763 4032 977 4086 luturis.
1017 4030 1098 4084 Ea:
1136 4030 1399 4083 voluntate
1431 4044 1576 4089 mea,
1611 4027 1664 4082 id

80 4133 158 4178 est
203 4126 506 4180 secundum
546 4125 875 4180 voluntatem
905 4137 1166 4176 meorum.
1204 4119 1428 4173 Scilicet
1457 4119 1662 4186 pariam

78 4215 123 4268 ei
152 4215 523 4280 confessores,
563 4217 654 4285 qui
692 4231 796 4269 non
821 4213 1001 4268 servili
1027 4213 1242 4273 timore,
1269 4217 1326 4262 ut
1350 4206 1538 4271 Judaei,
1573 4206 1665 4259 sed

79 4307 389 4362 voluntarie
427 4308 720 4362 laudabunt
746 4323 868 4361 eum
909 4304 1188 4358 allectione
1228 4305 1366 4356 houa
1393 4313 1446 4356 et
1472 4315 1667 4370 opera-

78 4398 242 4451 tione.
275 4398 414 4452 Dico
434 4399 576 4468 quod
607 4396 891 4464 conﬁtebor
915 4397 959 4449 ei
988 4397 1038 4447 in
1072 4395 1206 4447 meis
1236 4411 1250 4448 :
1295 4393 1546 4446 Dominus
1573 4408 1667 4444 au-

1756 3205 1894 3258 lilios
1931 3205 2025 3257 Dei
2075 3205 2192 3258 ﬁeri
2226 3204 2411 3276 (Joan,
2438 3223 2474 3274 I,
2508 3208 2644 3277 1'2):
2688 3227 2705 3259 ι
2751 3208 2842 3260 ﬁlii
2875 3208 3039 3262 etiam
3077 3209 3334 3264 dicuntur

1755 3293 2154 3364 apostolorum,
2195 3309 2259 3349 eo
2287 3297 2430 3365 quod
2461 3311 2647 3350 eorum
2683 3297 2926 3352 doctrina
2969 3298 3076 3352 Deo
3109 3315 3330 3369 regcne‘

1758 3397 1944 3440 rentur
1969 3425 1985 3451 ,
2015 3395 2068 3440 et
2099 3402 2287 3441 eorum
2321 3387 2622 3443 imitatores
2645 3405 2742 3459 pro
2766 3402 2923 3459 posse
2947 3405 3042 3444 suo
3077 3391 3332 3446 existant.

1759 3477 1911 3533 Unde
1939 3480 2244 3549 Apostolus.
2283 3499 2301 3532 ι
2339 3481 2514 3537 Filioli
2547 3484 2671 3548 mei,
2702 3499 2838 3552 quos
2877 3485 3067 3539 iterum
3093 3487 3335 3553 partui-in

1761 3567 1906 3640 (Cal.
1939 3587 2016 3636 η’,
2055 3573 2213 3642 19),›
2244 3583 2346 3628 etc.
2380 3573 2514 3640 Quia
2547 3589 2678 3629 vero
2708 3576 2788 3630 bis
2825 3576 2988 3640 dicit,
3017 3577 3218 3645 offerte,
3260 3577 3339 3634 sic

1761 3664 1916 3718 dicit:
1939 3665 2082 3726 Dico,
2103 3667 2283 3734 n/fertc
2307 3681 2396 3721 vos
2419 3668 2555 3735 filios
2573 3669 2791 3722 arietum
2817 3677 2908 3723 :ct
2939 3669 2989 3722 lll
3015 3669 3114 3722 hoc
3134 3685 3191 3723 se
3217 3670 3341 3724 licet

1761 3757 1880 3810 sitis
1917 3756 2008 3808 ﬁlii
2041 3757 2295 3811 arietum.
2339 3759 2534 3827 Afferte
2575 3759 2825 3828 Domino,
2869 3761 3011 3816 sicut
3052 3762 3152 3832 ipsi
3199 3762 3340 3818 lecc-i

1764 3857 1889 3900 runt
1924 3847 2175 3912 gloriam,
2212 3857 2269 3902 ut
2301 3849 2434 3902 bene
2463 3850 2571 3920 83
2603 3851 2854 3921 cogitetis
2885 3851 2951 3906 de
2983 3853 3217 3923 gloriosa
3256 3870 3324 3909 es-

1764 3939 1938 3992 sentia
1969 3939 2204 3993 deitatis.
2241 3939 2306 3994 Et
2348 3941 2532 4009 a/fcrte
2569 3943 2848 4007 honorem,
2894 3943 2946 3997 in
2976 3943 3077 3998 alia
3115 3945 3342 4000 transla~

1759 4017 1911 4084 tione
1942 4031 2173 4085 habetur
2204 4031 2509 4101 imperium;
2531 4035 2671 4102 quod
2697 4044 2778 4090 est
2807 4037 3026 4091 dicere:
3057 4035 3343 4108 lntelligite

1766 4136 1888 4175 eum
1919 4123 2212 4176 secundum
2248 4125 2640 4179 immanitatem
2673 4129 2740 4182 ab
2756 4129 3006 4183 omnibus
3029 4145 3147 4182 esse
3171 4130 3342 4184 hono-

1770 4215 2026 4280 randum,
2058 4223 2110 4269 et
2142 4231 2305 4284 super
2333 4210 2521 4270 omnia
2553 4227 2878 4286 potestatem
2918 4219 3118 4274 habere
3159 4229 3212 4274 et
3243 4219 3344 4273 im-

1767 4305 2000 4375 perium.
2043 4305 2190 4361 Unde
2223 4307 2364 4360 idem
2409 4308 2460 4362 in
2502 4307 2836 4378 Evangelio:
2875 4328 2894 4362 t
2933 4309 3064 4364 Data
3095 4321 3178 4366 est
3211 4311 3344 4366 mihi

1767 4398 1943 4451 omnis
1958 4407 2196 4466 potestas
2215 4399 2266 4452 iu
2291 4399 2493 4454 cmloet
2516 4399 2568 4454 in
2594 4409 2734 4452 terra
2754 4401 2964 4468 (Matth.
2991 4415 3180 4468 xxvttt,
3199 4402 3340 4475 l8).i

79 4497 182 4542 tem
221 4491 329 4543 erit
351 4489 610 4558 fortitudo
632 4488 793 4557 plebis
822 4505 952 4552 sure,
993 4488 1044 4540 id
1067 4494 1172 4552 est,
1214 4486 1470 4539 Dominus
1503 4485 1664 4539 faciet
1691 4495 1739 4553 ι)
1771 4490 1832 4543 Et
1867 4490 2195 4560 Apostolus:
2232 4511 2250 4542 ‹
2291 4491 2516 4546 Donavit
2553 4491 2622 4544 illi
2658 4508 2850 4546 nomen
2891 4495 3030 4558 quod
3065 4504 3148 4548 est
3186 4507 3347 4564 super

75 4579 243 4634 fortes
274 4581 333 4634 in
357 4579 649 4634 virtutibus
671 4577 790 4632 illos
812 4575 1151 4632 conlessores
1175 4591 1310 4644 quos
1358 4577 1406 4631 ei
1429 4576 1658 4646 pariam,

73 4674 159 4740 qui
185 4683 359 4726 erunt
387 4672 539 4742 plebs
575 4672 715 4741 ejus.
749 4668 818 4722 Et
861 4669 962 4724 erit
985 4678 1264 4738 protector,
1295 4684 1360 4723 ne
1384 4667 1658 4734 deﬁciant,

70 4768 434 4819 salvationum
473 4764 667 4818 Christi
715 4781 817 4830 sui,
849 4763 903 4818 id
942 4771 1050 4828 est,
1090 4763 1466 4817 salvandornm
1505 4777 1536 4815 a
1577 4776 1662 4815 me

71 4853 294 4908 Christo
341 4869 477 4920 suo,
520 4854 611 4924 qui
655 4869 753 4924 per
801 4852 1100 4928 emphasim
1125 4853 1450 4907 salvationes
1477 4852 1665 4907 dicun-

70 4957 173 4999 tur.
209 4947 514 5001 Enuntiata
545 4945 719 5000 salute
747 4959 988 5008 suorum,
1012 4953 1132 4998 orat
1163 4959 1261 5013 pro
1285 4943 1364 4998 eis
1387 4944 1498 4999 sic:
1533 4943 1664 4998 Dico

67 5037 211 5102 quod
250 5036 378 5090 eris
405 5035 660 5104 fortitudo
700 5045 749 5089 et
786 5043 1078 5105 protector;
1119 5043 1174 5089 et
1213 5033 1288 5087 ita
1327 5034 1415 5088 sit.
1449 5032 1663 5090 Salvum

67 5127 151 5195 {ac
194 5127 455 5191 Domine,
492 5141 521 5179 a
556 5125 700 5182 vitiis
735 5125 982 5196 pupulum
1016 5135 1163 5179 tuum
1197 5123 1452 5178 futurum.
1477 5122 1546 5178 Et
1578 5124 1663 5176 be-

67 5220 217 5270 nedic
245 5219 561 5272 licereditati
611 5228 745 5280 ture,
784 5219 836 5272 id
875 5227 959 5274 est
991 5217 1165 5272 exalta
1201 5217 1489 5271 virtutibus
1518 5214 1664 5268 illum

64 5310 340 5377 Depulum
395 5325 556 5377 quem
588 5308 802 5363 excoles
831 5325 926 5378 per
959 5308 1338 5376 prtedicatores
1366 5315 1422 5360 ut
1475 5306 1669 5373 aliquis

67 5398 469 5453 hzereditatem
507 5398 733 5464 excolit,
774 5399 1002 5466 ideoque
1033 5397 1323 5451 haereditas
1361 5404 1450 5448 tua
1483 5397 1668 5449 dicen-

68 5498 174 5544 tur.
207 5489 283 5544 Et
318 5506 443 5560 rege
463 5506 550 5542 eos
581 5504 647 5544 ne
680 5489 952 5544 deﬁciant.
985 5487 1054 5542 Et
1095 5487 1278 5542 exfolle
1311 5487 1448 5552 illos,
1484 5487 1536 5541 id
1564 5498 1667 5554 est,

62 5580 250 5634 exalia
279 5581 358 5632 de
400 5580 540 5631 bono
576 5579 627 5632 in
662 5578 887 5632 melius:
918 5596 1077 5650 usque
1105 5580 1155 5631 in
1187 5588 1456 5645 retentum,
1483 5579 1536 5634 id
1567 5587 1664 5644 cst,

65 5668 119 5724 in
149 5669 538 5726 aeternitatem
563 5667 892 5724 deducturus
915 5684 1025 5723 eos.

267 5781 290 5800 /

324 5843 614 5903 Ριτηοι..
668 5841 846 5908 CLII.

1765 4595 1926 4636 omne
1972 4595 2167 4635 nomen
2207 4577 2382 4651 (Phil.
2424 4595 2493 4648 ιι,
2527 4581 2611 4650 9).
2657 4599 2676 4633 ι
2730 4581 2856 4636 Dico
2899 4584 3082 4651 a/Ierte
3123 4583 3348 4638 Domino

1764 4672 1988 4743 gloriam
2019 4682 2065 4725 et
2104 4675 2386 4736 honorem;
2432 4683 2487 4726 et
2525 4672 2627 4728 hoc
2656 4683 2919 4742 quantum
2973 4674 3025 4728 in
3070 4677 3225 4729 vobis
3267 4686 3352 4732 est

1765 4763 1902 4819 bene
1939 4765 2004 4818 de
2032 4779 2098 4818 co
2129 4764 2500 4835 intelligendo,
2531 4773 2586 4818 et
2609 4765 2772 4819 etiam
2796 4775 3060 4838 quantum
3097 4769 3162 4820 ad
3201 4769 3349 4829 illos;

1766 4855 1949 4924 aﬁ'erte
1995 4854 2214 4909 Domino
2257 4855 2480 4925 gloriam
2524 4857 2720 4910 nomini
2759 4857 2910 4927 ejus,
2951 4859 3002 4912 id
3039 4868 3146 4924 est,
3191 4858 3352 4913 facie

1767 4962 1890 5000 eum
1929 4947 1982 5002 in
2011 4949 2129 5003 aliis
2155 4949 2450 5018 gloriosum
2485 4949 2878 5020 magniﬁcaudo
2909 4966 3105 5006 nomen
3141 4951 3279 5020 ejus,
3299 4962 3353 5002 ct

1768 5032 1986 5088 adorata
2024 5033 2331 5098 Dominum,
2368 5034 2419 5086 id
2457 5043 2570 5100 est,
2608 5035 2945 5090 veneramini
2981 5035 3137 5089 bonis
3174 5036 3354 5104 operi-

1769 5125 1904 5190 bus;
1944 5125 1997 5178 in
2047 5125 2184 5177 atrio
2217 5135 2397 5178 sancto
2453 5125 2588 5194 ejus,
2623 5125 2674 5180 id
2702 5134 2806 5192 est,
2859 5127 2912 5178 in
2963 5125 3116 5180 vobis
3145 5124 3352 5179 cﬁ'cctis

1771 5216 1969 5270 atrium
2002 5225 2250 5271 sanctum
2283 5217 2417 5286 ejus,
2458 5217 2508 5272 id
2536 5228 2637 5280 est,
2678 5233 2788 5273 non
2819 5217 3059 5288 angustis
3083 5218 3135 5272 in
3166 5219 3349 5271 chari—

1773 5317 1900 5375 tate,
1933 5309 2024 5364 sed
2051 5309 2286 5364 dilatatis
2330 5310 2469 5364 sicut
2517 5311 2712 5364 atrium
2763 5307 2999 5378 amplum
3030 5319 3128 5364 est.
3163 5309 3218 5362 lu
3245 5308 3350 5362 alia

1775 5400 2126 5454 translatione
2162 5400 2388 5454 habetur
2411 5402 2463 5454 in
2491 5402 2613 5454 aula
2644 5411 2826 5454 sancta
2854 5403 2989 5470 ejus.
3019 5401 3168 5467 Quod
3207 5399 3351 5452 idem

1773 5490 1938 5544 estin
1977 5490 2276 5556 sententia,
2318 5490 2522 5544 scilicet
2561 5499 2619 5544 ut
2664 5490 2784 5544 sitis
2823 5491 3088 5544 habitatio
3129 5491 3246 5560 ejus
3296 5489 3351 5544 in

1774 5580 2039 5634 charitate
2079 5579 2432 5648 amplissimi,
2465 5581 2530 5633 ad
2573 5580 2788 5634 modum
2831 5579 3000 5647 aulae,
3039 5593 3158 5650 quae
3198 5579 3352 5636 habi-i

1776 5671 1908 5727 tatio
1934 5670 2263 5743 amplissima
2296 5682 2395 5726 est.
2426 5671 2556 5726 Dico
2598 5671 2782 5740 afferte
2820 5670 2963 5739 ﬁlios
3005 5673 3260 5740 arietum,
3295 5672 3352 5726 et

2955 5847 3035 5910 25
