3862 6322
521 289 646 366 im

1113 275 1170 340 ὃ.
1214 285 1557 364 BRUNONIS
1589 287 2230 344 CARTIIUSIANORUM
2272 289 2754 348 INSTITUTORIS
2791 291 2943 348 OPP.
2985 293 3164 350 PARS
3202 295 3243 350 Ι,
3652 308 3724 362 748

548 403 874 460 afferendum
904 409 1014 467 est;
1044 415 1165 453 nam
1187 399 1298 467 jam
1328 409 1408 456 est
1435 402 1840 458 tabernaculum
1866 418 2118 483 consum-
2144 408 2192 466 Α
2222 421 2352 460 vero
2379 416 2660 477 putaretur
2681 407 2799 463 illas
2828 408 2972 464 solas
2997 411 3190 464 cedros
3213 409 3546 482 confringere
3565 425 3610 468 et
3630 434 3726 473 (toni-

549 507 774 558 matum,
811 491 1036 561 ideoque
1063 489 1476 544 sacriﬁcandum
1503 500 1586 544 est
1615 491 1669 545 in
1702 507 1787 546 eo.

619 588 684 642 Et
717 585 954 640 ostendit
986 585 1256 654 quomodo
1293 585 1364 638 sit
1404 592 1870 650 consummatum,
1914 592 1968 639 et
1996 584 2125 655 quid

543 683 614 736 sit
646 681 772 734 illutl
819 676 1270 733 tabernaculum:
1325 677 1426 732 hoc
1469 677 1612 746 quod
1658 678 1894 730 futurum
1937 686 2021 732 est
2056 691 2124 732 ex

546 772 709 827 nimia
751 769 1074 825 certitudine
1107 768 1476 821 annuntiando
1507 767 1802 836 przelerite,
1835 767 1914 821 sic
1941 784 1953 820 :
1983 767 2124 821 Vere

545 863 871 919 aﬂ‘erendum
903 870 1006 916 est.
1045 859 1178 914 Nam
1235 876 1332 913 vox
1372 857 1615 923 Domini,
1655 859 1706 912 id
1737 868 1820 912 est
1859 858 2120 927 praedica-

546 956 619 1006 tio
648 952 791 1020 ejus,
827 966 923 1020 per
961 949 1345 1019 praedicatores
1383 947 1620 1000 intonuit
1649 965 1806 1017 super
1840 965 2034 1018 aquas,
2068 947 2120 1003 id

541 1055 638 1107 cst,
671 1043 738 1099 ad
779 1043 996 1096 modum
1040 1040 1296 1107 touitrui,
1340 1040 1481 1108 quod
1522 1049 1710 1108 aperte
1749 1051 1904 1092 sonat
1947 1040 2124 1093 omni-

540 1137 638 1190 bus
659 1145 712 1190 et
737 1135 1126 1195 comminatur;
1157 1140 1339 1200 aperte
1370 1129 1621 1200 gentibus
1648 1130 1849 1195 sonuit,
1879 1137 1933 1183 et
1964 1132 2119 1183 dam-

540 1229 812 1282 nationem
869 1241 972 1278 non
1023 1221 1466 1291 resipiscentibus
1519 1221 1846 1275 comminata
1890 1229 2010 1276 est:
2065 1229 2121 1276 et

539 1320 675 1373 bene
711 1318 861 1388 ponit
895 1333 1066 1385 super.
1103 1315 1237 1370 Nam
1269 1332 1373 1370 vox
1416 1316 1505 1369 illa
1537 1315 1605 1370 de
1637 1315 1903 1383 superiori
1937 1317 2118 1384 dispo-

537 1410 735 1462 sitione
774 1407 952 1460 Patris
999 1405 1288 1476 processit.
1333 1406 1534 1460 Gentes
1573 1405 1790 1475 quidem
1837 1422 1990 1476 aquae
2031 1406 2114 1460 di-

537 1506 753 1563 cuntur,
804 1510 870 1550 eo
899 1495 1041 1563 quod
1071 1494 1137 1548 ad
1183 1496 1404 1548 modum
1438 1509 1702 1564 aquarum
1739 1495 2112 1562 deﬂuentium,

533 1603 630 1660 per
661 1586 844 1644 illicita
875 1584 1143 1648 deﬂuunt;
1177 1593 1230 1637 et
1256 1584 1378 1653 quia
1410 1584 1624 1639 dixerat
1651 1601 1749 1638 vox
1772 1584 2008 1651 Domini,
2042 1599 2112 1641 ne

533 1683 942 1751 qualiscumque
981 1679 1247 1733 Dominus
1286 1677 1581 1745 videretur,
1603 1677 1960 1734 "commendat
1989 1691 2110 1734 eum

2229 496 2496 562 minuere,
2553 511 2674 566 quae
2724 500 2977 566 quamvis
3025 499 3219 554 Libani
3266 500 3411 569 sint,
3462 517 3558 558 non
3605 514 3730 566 tamet

2227 583 2555 641 adversariae
2594 595 2722 640 sunt
2749 588 3023 655 Ecclesiae,
3061 590 3303 646 ostendit
3332 606 3539 663 quoque
3570 610 3620 652 se
3654 599 3728 654 illa

2224 675 2550 732 intercidere
2573 692 2694 746 qua:
2731 687 2858 732 sunt
2895 679 3244 736 adversantes
3278 680 3538 748 ﬁdelibus,
3567 687 3634 740 sic.
3660 707 3670 742 :
3693 691 3734 746 E'

2224 778 2321 818 vox
2368 762 2580 817 Domini
2633 763 2756 819 dico
2799 765 3189 834 intercidentt's,
3244 767 3298 822 id
3347 776 3460 836 est,
3511 770 3734 832 dividenlit

2222 855 2490 923 flammam
2552 854 2718 924 ignis,
2765 853 2816 908 id
2861 864 2944 909 est
3003 864 3414 925 persecutores,
3463 858 3587 914 alios
3626 878 3719 919 assa

2222 948 2456 1011 mendo,
2498 955 2554 1000 et
2600 947 2734 1000 alios
2783 947 3156 1024 relinquendo.
3212 948 3314 1016 Qui
3369 950 3502 1006 bene
3541 953 3734 1012 dicuntur

2221 1036 2459 1103 ﬂamma,
2502 1053 2568 1094 eo
2617 1039 2760 1107 quod
2809 1039 3005 1112 ﬁdeles
3047 1041 3490 1096 tribulationibus
3538 1045 3734 1102 (Ιεινοιειιί

2219 1131 2287 1185 ad
2319 1131 2536 1185 modum
2578 1129 2812 1186 ﬂammae
2856 1132 2998 1200 ligna
3035 1135 3346 1189 devorantis
3395 1135 3460 1190 Et
3499 1137 3620 1192 bene
3653 1151 3736 1210 post

2217 1221 2487 1289 ﬂammam
2541 1221 2819 1292 sulijungit
2875 1225 3028 1293 ignis.
3089 1224 3224 1278 Nam
3280 1227 3422 1280 sicut
3467 1228 3654 1284 ﬂamma
3691 1237 3740 1287 ex’

2218 1309 2365 1378 igne,
2391 1311 2472 1363 sic
2503 1319 2557 1364 et
2579 1326 2765 1365 eorum
2802 1313 3114 1382 persecutio
3137 1316 3376 1384 procedit
3409 1331 3473 1370 ex
3505 1319 3648 1372 nimio
3673 1323 3735 1376 ira

2216 1408 2270 1454 et
2305 1399 2413 1454 odii
2442 1399 2677 1457 fervore.

2285 1491 2578 1561 Postquam
2599 1493 2842 1549 ostendit
2867 1510 3049 1550 vocem
3081 1497 3294 1552 Domini
3325 1499 3736 1572 intonuissestqiet

2214 1593 2436 1653 gentes,
2478 1599 2598 1653 qua:
2653 1598 2806 1653 aqum
2855 1585 3139 1655 dicuntur,
3193 1599 3247 1642 et
3302 1591 3487 1644 hocin
3523 1593 3678 1646 virtute
3705 1605 3739 1646 et

2217 1673 2636 1744 magniﬁcentia,
2673 1684 2728 1729 et
2768 1675 3102 1746 confregisse
3136 1681 3331 1733 cedrus
3370 1679 3577 1741 Libani,
3605 1692 3648 1736 et
3673 1699 3740 1738 eas

534 1775 652 1830 sic:
698 1773 763 1827 Et
806 1773 907 1826 iste
956 1771 1214 1825 Dominus
1247 1771 1488 1826 existens
1515 1770 1654 1825 Deus
1692 1771 2011 1840 majestatis,
2064 1770 2117 1826 id
2149 1769 2191 1824 Β
2217 1762 2602 1818 comminuisse
2637 1774 2889 1835 (utiquam
2919 1768 3160 1836 vitulum,
3190 1779 3245 1824 et
3276 1769 3601 1825 intercidisse
3623 1774 3737 1841 ﬂam-

532 1876 636 1932 est,
666 1862 1104 1933 omnipotentiae,
1137 1862 1369 1916 intonuit
1407 1878 1562 1930 super
1595 1878 1760 1932 aquas
1795 1861 2028 1915 multas:
2056 1871 2112 1916 et

529 1956 650 2010 ideo
681 1953 874 2024 repetit
904 1968 1060 2022 super
1088 1969 1277 2022 aquas,
1317 1961 1375 2005 ut
1403 1952 1526 2020 quia
1563 1951 1982 2005 iudeterminate
2017 1965 2111 2021 po-

530 2055 736 2112 suerat,
768 2042 930 2098 addat
960 2042 1170 2096 multas.
1207 2040 1324 2095 νοω
1355 2041 1566 2095 Domini
1603 2041 1723 2095 dico
1751 2040 2031 2110 operantis
2055 2041 2110 2094 in

529 2138 741 2200 uirtute,
771 2135 822 2187 id
852 2143 959 2198 est,
990 2133 1041 2186 in
1075 2131 1383 2186 constantia
1417 2146 1581 2200 quam
1611 2130 1759 2184 dedit
1793 2131 2108 2199 praedicato-

529 2227 702 2290 rilms,
743 2234 807 2281 ut
844 2239 1014 2294 neque
1053 2239 1198 2278 mors
1253 2238 1427 2292 neque
1477 2224 1586 2276 vita
1629 2231 1907 2292 separaret
1945 2237 2040 2277 eos
2079 2237 2109 2276 a

532 2318 799 2372 cliaritate
833 2314 1035 2368 Christi
1079 2313 1263 2384 (Rom.
1306 2329 1434 2378 vm,
1474 2313 1595 2382 '55).
1664 2313 1726 2366 Et
1769 2330 1868 2367 eoa:
1902 2313 2108 2366 Domini

527 2411 649 2464 dico
692 2407 967 2476 operantis
1011 2408 1061 2458 in
1115 2407 1501 2474 magniﬁcentia
1546 2405 1931 2460 miraculorum
1972 2422 2110 2474 prm-

527 2501 850 2554 dicatorum.
895 2497 1050 2553 Unde
1099 2499 1150 2550 in
1203 2497 1532 2567 Evangelio:
1569 2516 1587 2548 ι
1635 2497 1860 2552 Domino
1915 2513 2109 2568 εοοιιε-

527 2602 682 2646 rante
717 2600 771 2646 ει
799 2605 1106 2644 sermonem
1135 2591 1524 2655 cunﬁrmante,
1555 2591 1910 2658 sequentibus
1940 2592 2108 2661 signis

527 2684 730 2752 (Marc.
772 2699 888 2748 xvi,
925 2682 1056 2752 20);
1103 2701 1127 2733 -›
1165 2690 1220 2736 ει
1249 2683 1471 2750 exponit
1497 2681 1625 2750 quid
1653 2691 1908 2750 operatus
1941 2682 2012 2735 sit
2051 2682 2108 2736 in

523 2778 710 2832 uirtute
735 2783 780 2828 et
813 2773 1218 2844 magniﬁcentia,
1244 2773 1322 2827 sic
1347 2789 1362 2826 :
1387 2771 1456 2824 Et
1481 2789 1579 2825 voa:
1601 2771 1814 2824 Domini
1842 2771 1963 2824 dico
1985 2788 2108 2825 con-

522 2868 814 2938 fringentis,
841 2866 906 2920 de
935 2864 1074 2918 malo
1097 2863 1150 2917 in
1181 2863 1380 2917 bonum
1411 2865 1611 2925 cedros,
1642 2862 1693 2915 id
1717 2869 1822 2924 est,
1847 2862 2106 2916 sublimes

523 2961 578 3012 in
609 2957 884 3026 superbia,
907 2955 974 3009 ad
995 2955 1212 3009 modum
1239 2953 1386 3008 cedri
1415 2967 1533 3021 qua:
1556 2951 1806 3006 sublimis
1826 2950 1987 3005 arbor
2001 2959 2103 3005 est.

591 3050 724 3104 Cum
761 3047 894 3102 dixit
925 3047 1134 3111 cedros,
1174 3043 1492 3113 simpliciter
1523 3041 1775 3113 intelligit
1801 3057 1992 3097 omnes
2019 3056 2105 3096 su-

2210 1871 2350 1909 mam
2392 1856 2546 1926 ignis,
2591 1858 2840 1912 enuntiat
2885 1859 3075 1912 eadem
3123 1875 3252 1915 voce
3283 1862 3670 1916 concutiendum
3703 1873 3740 1920 ει

2211 1951 2661 2004 commovendum
2691 1952 2952 2005 desertum
2985 1951 3174 2018 Cades,
3223 1971 3324 2025 per
3348 1959 3489 2027 quod
3521 1956 3662 2015 Judzei
3692 1961 3739 2014 li-

2209 2049 2491 2109 gnrantur.
2517 2040 2726 2104 (latles,
2751 2040 2903 2111 juxta
2945 2043 3338 2114 Augusﬁnum,
3382 2057 3604 2099 sanctum
3645 2051 3740 2116 legis

2209 2128 2616 2198 interpretatur.
2656 2128 2762 2199 lpsi
2803 2146 2931 2186 vero
2969 2134 3230 2188 desertum
3284 2145 3412 2191 sunt
3453 2154 3484 2190 a
3519 2153 3603 2190 san
3630 2140 3742 2192 litate

2208 2219 2363 2290 legis,
2399 2221 2607 2274 scilicet
2647 2221 2939 2276 sanctitate
2978 2222 3111 2292 legis
3147 2236 3424 2290 carentes,
3466 2232 3520 2278 et
3553 2228 3741 2280 carnalia

2210 2325 2477 2381 praecepta
2507 2313 2846 2369 solummodo
2874 2315 3192 2372 retinentes.
3224 2317 3320 2373 Vel
3355 2319 3605 2373 desertum
3625 2335 3742 2373 sant:-

2209 2407 2374 2460 titatis
2401 2406 2529 2477 legis
2556 2415 2705 2472 sunt,
2735 2406 2786 2461 id
2811 2415 2917 2472 est,
2945 2408 3256 2465 deserentes
3285 2410 3421 2482 legis
3454 2411 3740 2466 sanctitatem

2208 2514 2368 2570 quam
2399 2499 2479 2553 eis
2527 2498 2784 2555 Dominus
2833 2502 3112 2572 proposuit
3149 2520 3164 2557 :
3208 2512 3264 2558 et
3304 2504 3407 2559 hoc
3443 2504 3573 2558 idem
3611 2515 3678 2558 est
3704 2505 3740 2558 in

2209 2589 2476 2644 sententia
2503 2587 2719 2643 diverse
2743 2589 3088 2660 explicatum.
3107 2591 3261 2648 Unde
3273 2593 3530 2649 Dominus
3549 2594 3742 2648 inEvan-

2208 2681 2382 2752 gelio:
2423 2700 2440 2732 ‹
2477 2680 2690 2734 lrritum
2723 2678 2931 2735 fecistis
2969 2683 3280 2737 mandatum
3311 2683 3404 2738 Dei
3433 2693 3634 2753 promer
3657 2693 3742 2738 tra-

2207 2772 2466 2826 ditionem
2509 2778 2740 2824 vestram
2776 2769 2999 2840 (Hattli.
3047 2787 3134 2836 xv,
3179 2772 3265 2842 6).
3303 2793 3320 2824 ι
3364 2773 3432 2828 Ει
3464 2775 3740 2844 Apustolus:

2212 2881 2231 2914 ι
2275 2862 2612 2917 Voluntatem
2649 2876 2804 2916 suam
2859 2855 3164 2932 quaerentes
3205 2873 3481 2931 statuere,
3533 2867 3634 2936 lege
3673 2867 3742 2920 Dei

2208 2968 2312 3007 non
2363 2961 2489 3008 sunt
2537 2950 2763 3018 subjecti
2804 2949 2991 3023 (Rom.
3043 2969 3107 3020 ι,
3140 2954 3227 3024 5).
3267 2973 3286 3006 ι
3331 2953 3506 3011 Gades
3545 2972 3742 3026 quoque,

2202 3040 2356 3111 juxta
2404 3043 2822 3114 Hieronymum,
2857 3044 3104 3097 comestio
3149 3045 3305 3098 tinem
3358 3045 3570 3100 dicitur.
3610 3044 3742 3100 λιιιιωί

518 3138 828 3207 perbientes
863 3145 1054 3191 contra
1085 3134 1254 3189 Deum
1288 3133 1677 3199 inobedientia,
1704 3141 1758 3187 et
1794 3148 1898 3187 non
1927 3135 2100 3186 solum
2129 3143 2171 3202 ε
2205 3150 2334 3189 vero
2360 3135 2632 3188 desertum
2657 3135 2975 3200 existentes,
3002 3137 3069 3188 ad
3094 3135 3312 3189 modum
3340 3135 3499 3190 tinem
3523 3152 3606 3205 per
3623 3152 3744 3205 pseu-

518 3247 718 3300 parvas
746 3231 940 3285 cedrus
971 3227 1308 3298 confringet,
1342 3226 1436 3281 scd
1467 3235 1521 3279 et
1542 3226 1727 3279 cedros
1759 3224 1947 3279 Libani
1978 3242 2102 3280 con-

515 3324 705 3392 fringet
736 3321 1021 3385 Dominus,
1057 3319 1107 3374 id
1137 3327 1241 3383 est,
1283 3317 1662 3388 superbientes
1689 3318 1756 3372 de
1787 3317 1964 3372 nitore
2000 3332 2098 3372 no-

515 3413 742 3466 bilitatis
773 3419 826 3465 et
849 3411 1187 3465 divitiarum.
1215 3408 1317 3474 Qui
1347 3409 1469 3462 ideo
1499 3408 1646 3464 cedri
1676 3407 1870 3463 Libani
1913 3409 2099 3465 dicun-

519 3518 622 3560 tur.
660 3506 899 3560 Libanus
947 3503 1089 3556 enim
1134 3504 1280 3554 nitor
1327 3501 1738 3570 interpretatur.
1778 3500 1910 3556 Dico
1953 3501 2098 3571 quod

516 3601 698 3655 redi-os
729 3597 1053 3668 confringet,
1084 3605 1138 3651 et
1175 3597 1352 3652 adhuc
1375 3596 1518 3652 aliud
1555 3594 1718 3651 iaciet
1757 3597 1898 3666 quod
1933 3598 2097 3653 mira-

514 3694 678 3748 bilius
701 3691 826 3754 erit,
856 3692 957 3744 hoc
986 3688 1217 3744 scilicet:
1248 3688 1428 3743 cedros
1456 3689 1836 3760 confringet,et
1855 3707 1943 3746 eas
1971 3706 2099 3746 con-

513 3787 717 3837 fractas
765 3781 1102 3844 comminuet,
1158 3781 1209 3834 id
1249 3789 1332 3835 est
1369 3781 1524 3835 valde
1550 3781 1863 3836 humiliabit
1910 3782 1964 3836 in
2007 3782 2098 3836 tri-

513 3872 904 3930 bulationibus.
927 3870 1031 3925 Eas
1051 3871 1169 3925 dico
1185 3871 1482 3926 existentes
1505 3881 1753 3942 tanquam
1777 3873 2099 3927 rituluntLi—

515 3963 666 4026 bam',
696 3961 747 4015 id
786 3969 900 4025 est,
944 3959 1300 4028 aceeptabiles
1333 3959 1441 4014 Deo
1468 3975 1570 4030 per
1606 3961 1752 4028 ipsas
1798 3961 2098 4018 tribulatio-

514 4071 636 4120 nes,
664 4054 803 4109 sicut
837 4052 1040 4117 vitulus
1072 4051 1261 4106 Libani
1307 4051 1661 4120 acceptabilis
1698 4061 1781 4106 est
1818 4049 1900 4106 ad'
1927 4055 2097 4109 sacri-

512 4145 816 4220 ﬁcandum,
838 4159 962 4198 cum
1003 4142 1394 4213 pinguissimus
1427 4142 1498 4196 sit
1527 4150 1749 4212 pr0pter
1801 4141 1944 4197 bona
1973 4158 2095 4212 pas-

509 4251 610 4290 cua
657 4235 866 4300 Libani,
901 4237 954 4288 in
985 4234 1182 4304 quibus
1225 4241 1412 4302 pastus
1463 4242 1567 4287 est.
1599 4231 1834 4304 Pingues
1861 4249 2095 4304 namque

510 4329 662 4384 vituli
703 4327 972 4384 sacriﬁcio
1013 4325 1228 4381 habiles
1263 4333 1436 4379 erant.
1473 4324 1599 4380 Dico
1633 4326 1942 4378 comminuet
1982 4342 2092 4392 eas,

511 4430 565 4475 et
595 4437 660 4475 ne
683 4418 977 4476 comminui
1002 4417 1252 4472 videatur
1271 4418 1350 4472 eis
1380 4417 1822 4488 ignominiosum,
1848 4418 2087 4484 dilectus,

2204 3226 2549 3296 doapostolos
2596 3225 2918 3280 innocentes
2951 3229 3268 3290 comedere,
3307 3227 3359 3279 id
3390 3237 3469 3280 est
3488 3268 3502 3292 ,
3527 3229 3616 3282 sibi
3647 3242 3745 3281 coa-

2203 3317 2423 3372 ﬁrmare
2471 3317 2811 3372 studuerunt.
2857 3315 2924 3370 Et
2970 3317 3036 3371 de
3064 3331 3254 3371 eorum
3305 3319 3651 3372 commotione
3693 3317 3742 3369 ad

2202 3409 2362 3464 fidem
2389 3409 2466 3462 sic
2491 3408 2624 3462 dicit
2647 3425 2659 3461 :
2691 3407 2815 3462 Dixi
2843 3392 2984 3476 quod
3012 3423 3110 3461 vox
3133 3407 3350 3461 Domini
3381 3409 3599 3462 intonuit
3623 3422 3744 3476 sum

2199 3522 2382 3575 aquas,
2417 3520 2514 3558 vox
2541 3503 2753 3557 Domini
2783 3505 2904 3556 dico
2925 3501 3268 3556 concutientis
3291 3517 3391 3572 per
3424 3501 3743 3572 pmitentiam

2199 3598 2488 3662 desertum,
2538 3605 2592 3650 et
2633 3595 2890 3658 exprimit
2935 3595 3080 3664 quod
3131 3595 3432 3649 desertum.
3485 3593 3578 3661 Et,
3608 3594 3650 3648 id
3681 3604 3746 3648 est

2199 3689 2428 3754 scilicet,
2453 3687 2783 3741 commovebit
2809 3685 3066 3740 Dominus
3097 3702 3192 3755 per
3223 3688 3589 3756 penitentiam
3607 3688 3745 3740 descr-

2199 3792 2311 3835 tum
2343 3780 2542 3842 Cades,
2589 3779 2640 3833 id
2691 3788 2773 3833 εει
2810 3777 3043 3832 Judaeos.
3077 3776 3118 3831 Α
3154 3777 3508 3833 similitudine
3542 3778 3742 3838 cultoris,

2198 3872 2288 3942 qui
2320 3881 2516 3926 terram
2551 3869 2792 3924 concutit
2826 3877 2882 3923 et
2912 3878 3219 3924 commovet
3248 3871 3468 3934 aratris,
3495 3879 3551 3924 ut
3585 3869 3743 3924 ferulis

2199 3964 2315 4018 fiat.
2342 3962 2408 4017 Et
2432 3978 2530 4017 vox
2545 3961 2752 4015 Domini
2767 3960 3115 4032 prteparantis
3137 3976 3312 4014 cereos
3327 3976 3392 4016 ex
3412 3962 3522 4031 ipso
3544 3962 3742 4022 deserto,

2209 4054 2265 4110 id
2293 4062 2395 4120 est,
2430 4053 2680 4107 facientis
2705 4053 2968 4122 quosdam
2993 4063 3205 4118 cervos,
3237 4052 3289 4106 id
3324 4062 3430 4119 est,
3467 4055 3742 4108 devoranlt‘s

2198 4161 2466 4201 venenum
2495 4144 2851 4214 serpentium,
2883 4154 2937 4198 et
2959 4157 3056 4212 per
3085 4143 3187 4197 hoc
3213 4132 3534 4214 praeparabit
3559 4157 3738 4208 cervas,

2196 4240 2320 4310 quia
2348 4237 2589 4292 reuelabit
2620 4237 2700 4292 eis
2727 4235 3020 4300 condensa,
3053 4234 3107 4289 id
3138 4244 3222 4290 est
3247 4237 3381 4290 obsc
3404 4240 3593 4290 .r'.tates
3616 4233 3736 4288 Scri-

2195 4339 2480 4400 pturarum
2509 4326 2972 4398 propheticarnm.
2994 4323 3114 4379 Dixi
3148 4323 3295 4394 quod
3325 4341 3426 4379 vos:
3453 4325 3641 4378 Domini
3674 4325 3740 4377 in-

2197 4419 2371 4476 tonuit
2393 4433 2552 4486 super
2566 4433 2750 4487 aquas,
2768 4424 2814 4469 et
2841 4413 3129 4484 confringet
3150 4423 3199 4469 et
3226 4416 3541 4468 comminuet
3562 4420 3740 4469 cedrus:

509 4511 964 4576 antonomastice,
1004 4510 1057 4564 id
1089 4519 1174 4565 est
1199 4510 1471 4572 Christus,
1503 4510 1570 4564 de
1599 4526 1706 4579 quo
1736 4526 1839 4565 vox
1866 4522 2090 4582 paterna
2125 4517 2169 4574 Β
2197 4521 2243 4567 et
2273 4509 2606 4566 commovebit
2637 4508 2899 4561 desertum
2927 4503 3119 4571 Gades,
3146 4513 3201 4559 et
3228 4522 3409 4560 omnes
3439 4505 3544 4569 isi,
3569 4505 3742 4560 scilicet

515 4603 621 4656 ait:
653 4619 670 4651 ι
707 4601 804 4655 llic
835 4611 918 4655 est
940 4600 1109 4654 Filius
1135 4617 1285 4656 meus
1315 4584 1544 4654 dilectus
1572 4600 1794 4668 (Matth.
1820 4618 1902 4667 ιιι,
1931 4603 2083 4672 Π);ι

510 4694 933 4759 comminuetur,
968 4693 1019 4746 id
1047 4701 1166 4754 est,
1206 4693 1258 4746 in
1301 4694 1742 4749 tribulationibus
1778 4695 2087 4751 humiliabi-

511 4799 620 4840 tur.
652 4785 720 4838 Et
753 4799 821 4839 ne
862 4783 1178 4838 crederetur
1222 4785 1518 4838 secundum
1557 4785 1793 4839 divinam
1838 4796 2088 4842 naturam

509 4874 827 4941 comminui,
857 4873 1184 4929 determinat
1205 4874 1284 4929 sic
1309 4891 1322 4926 :
1354 4873 1807 4938 Quemadmodum
1835 4876 1977 4944 ﬁlius
2005 4885 2090 4932 est

506 4966 863 5031 unicornium,
887 4963 938 5018 id
963 4971 1047 5018 est
1085 4963 1150 5018 ad
1173 4977 1297 5018 eum
1325 4964 1564 5028 modum,
1587 4966 1653 5016 ad
1681 4980 1841 5034 quem
1871 4967 2084 5021 modum

507 5069 590 5112 est
620 5055 1109 5119 ﬁliusJudazorum,
1136 5055 1226 5123 qui
1259 5055 1516 5108 dicuntur
1542 5055 2087 5128 unieornes,proptcr

507 5151 723 5202 unicam
751 5155 807 5201 et
854 5144 1184 5214 singularem
1213 5144 1522 5212 superbiam
1552 5160 1712 5212 quam
1744 5160 1854 5212 prie
1877 5149 2088 5203 caeteris

505 5240 836 5294 habuerunt.
872 5235 964 5292 γει
1000 5241 1220 5302 prOpter
1249 5232 1464 5286 unicam
1503 5233 1694 5303 legem.
1734 5233 1900 5289 Nulla:
1938 5252 2088 5291 nam-

507 5349 612 5400 que
641 5340 826 5398 gentes
850 5328 1023 5394 legem
1055 5333 1182 5377 tunc
1217 5323 1544 5377 habuerunt.
1578 5323 1713 5390 Quia
1745 5333 1924 5380 autem
1959 5328 2091 5382 dicit

508 5439 630 5477 eum
656 5422 821 5475 ﬁlium
853 5417 1198 5478 Juuzeorum,
1241 5415 1294 5468 id
1337 5420 1448 5476 est,
1481 5413 1546 5465 de
1593 5427 1779 5467 eorum
1828 5418 2090 5487 sanguine

509 5528 728 5576 uanam;
760 5512 825 5565 ad
853 5505 1401 5579 ipsiushmnilitatctn
1421 5503 1904 5560 commendandam
1935 5509 2084 5565 dicit.

511 5603 612 5667 Qui
646 5615 743 5655 nec
785 5602 949 5653 etiam
991 5597 1058 5648 de
1097 5609 1284 5647 eorum
1325 5581 1618 5665 sanguine,
1651 5610 1788 5664 quos
1833 5613 1891 5652 se
1920 5603 2089 5656 cruci-

511 5693 713 5748 ﬁxuros
747 5691 858 5763 84,
893 5695 1245 5758 cognoverat,
1290 5689 1437 5742 nasci
1485 5689 1804 5760 dedignatus
1851 5702 1953 5746 cst.
2012 5693 2086 5748 Ne

2201 4619 2374 4674 aquae,
2406 4600 2574 4664 cedri,
2609 4607 2664 4655 et
2688 4599 2962 4654 desertum
2994 4598 3048 4651 in
3078 4596 3268 4666 templo
3306 4598 3424 4667 ejus
3465 4597 3549 4653 cxi
3577 4605 3740 4657 tentes,

2199 4697 2250 4751 id
2288 4705 2374 4751 est
2425 4695 2668 4748 membra
2728 4689 3022 4752 Ecclesite,
3050 4703 3170 4757 quae
3212 4697 3298 4742 est
3346 4689 3590 4759 templum
3619 4690 3739 4751 eius,

2196 4789 2366 4841 dicent
2410 4785 2633 4855 gloriam
2675 4781 2761 4847 ei,
2794 4781 2846 4834 id
2875 4789 2984 4846 est,
3021 4779 3408 4850 gloriﬁcabunt
3455 4795 3572 4834 eum
3617 4780 3743 4832 tionis

2193 4867 2574 4936 affectionibus
2595 4884 2650 4930 et
2669 4873 2852 4928 verbis
2878 4882 2931 4926 et
2952 4871 3225 4942 cperibus,
3261 4880 3316 4925 et
3347 4887 3446 4942 per
3475 4873 3571 4926 huc
3596 4872 3743 4926 dicent

2195 4971 2448 5042 gloriam,
2471 4968 2595 5038 quia
2629 4965 2881 5020 Dominus
2913 4964 3061 5033 facit,
3089 4963 3140 5016 id
3167 4971 3250 5018 est
3270 4962 3435 5020 faciet
3460 4980 3552 5020 eos
3575 4961 3744 5018 inhabi-

2193 5073 2306 5115 tare
2359 5059 2640 5123 diluvium,
2678 5057 2729 5111 id
2761 5065 2843 5112 est
2882 5053 3230 5109 immobiliter
3257 5063 3464 5108 statuet
3486 5070 3576 5110 eos
3599 5055 3641 5108 in
3663 5065 3743 5120 spe

2194 5153 2567 5216 beatitudinis,
2593 5165 2710 5220 qua:
2733 5163 2828 5220 per
2853 5147 3120 5217 baptisma
3145 5145 3395 5202 ﬁdelibus
3416 5163 3446 5200 a
3472 5147 3577 5202 Deo
3595 5147 3740 5200 datur.

2194 5249 2347 5316 Quod
2370 5245 2627 5300 diluvium
2659 5242 2880 5306 dicitur,
2913 5258 2976 5295 eo
3009 5241 3152 5310 quod
3176 5240 3228 5292 in
3251 5254 3318 5294 eo
3346 5241 3527 5294 omnia
3554 5245 3742 5308 peccata

2194 5341 2496 5404 diluuntur,
2526 5337 2664 5392 sicut
2693 5335 2744 5390 in
2785 5333 2987 5389 diluvio
3017 5331 3194 5387 omnis
3217 5347 3348 5386 caro
3374 5333 3548 5386 deleta
3569 5340 3653 5386 est.
3684 5326 3743 5380 Et

2196 5447 2294 5502 per
2321 5429 2579 5484 diluvium
2619 5425 2842 5490 sedebit,
2875 5425 2929 5479 id
2962 5432 3048 5478 est
3081 5422 3351 5477 habitabit
3397 5421 3453 5477 in
3489 5423 3565 5477 eis
3595 5420 3744 5476 Domi-

2196 5538 2294 5576 nus
2337 5535 2455 5583 rex,
2502 5517 2554 5573 id
2590 5525 2704 5579 est,
2755 5525 2812 5569 ut
2858 5525 3011 5585 regat
3057 5514 3125 5569 de
3162 5513 3306 5569 bono
3361 5513 3418 5569 in
3459 5515 3657 5579 melius,
3697 5512 3746 5564 in

2195 5622 2485 5674 aeternum,
2553 5607 2604 5661 id
2654 5615 2736 5662 est
2789 5606 2876 5660 hic
2929 5615 2982 5659 et
3037 5605 3092 5659 in
3145 5604 3371 5671 futuro,
3428 5616 3483 5663 et
3523 5603 3746 5674 expr'mit

2192 5698 2460 5770 quomodo
2491 5705 2635 5768 reget
2663 5716 2674 5749 :
2712 5695 2829 5762 Hic,
2880 5695 3084 5752 scilicet
3131 5694 3389 5750 Dominus
3417 5699 3635 5750 rirtucm
3658 5710 3746 5760 po-
