3862 6322
122 353 205 411 ιιε

122 475 221 529 pina
245 470 331 509 suo
356 453 517 516 dabit,
552 451 603 507 id
634 458 715 507 est
752 448 1130 515 constantiam,
1174 466 1241 504 ne
1284 448 1555 516 deﬁciant,
1590 458 1646 505 et
1671 454 1719 514 Α

122 552 165 605 in
184 548 342 601 futuro
370 543 629 597 benedicet
654 540 847 610 populo
863 581 878 605 ,
908 540 958 594 id
980 547 1082 606 εει,
1105 539 1363 595 exaltabit
1391 540 1643 609 populum

122 652 283 694 suum:
329 635 381 687 in
415 649 542 702 pace
569 630 971 696 constituendo,
1019 644 1086 685 ne
1118 629 1348 700 amplius
1384 629 1439 685 in
1467 630 1647 700 aliquo

121 724 414 783 sollicitetur.

528 809 595 864 IN
632 808 962 866 PSALMUM
1004 809 1195 864 XXIX.

90 890 100 921 1
174 902 361 959 Titulus
389 901 628 957 vicesimi
657 902 808 957 noni.
843 901 1089 957 Psalmus
1126 901 1316 956 cantici
1353 900 1409 956 in
1437 902 1649 956 dedica-

119 997 234 1049 tione
265 995 441 1047 domus
468 992 658 1046 David.
697 992 907 1047 Titulus
938 993 1039 1048 iste
1062 993 1215 1063 juxta
1243 994 1649 1049 similitudinem

120 1085 325 1141 historiae
364 1084 572 1154 positus
628 1090 732 1138 est.
772 1082 1038 1151 Propheta
1083 1097 1315 1152 namque
1351 1082 1650 1151 praavidens

120 1177 423 1233 Salomonem
451 1173 619 1228 ﬁlium
669 1189 826 1228 suum
856 1174 1071 1227 domum
1102 1174 1210 1229 Deo
1239 1173 1649 1239 mdiﬁcaturum,

119 1277 161 1323 et
191 1275 359 1337 postea
387 1266 790 1328 dedicaturum,
829 1272 884 1319 et
927 1264 979 1317 in
1011 1264 1099 1317 illa
1144 1264 1479 1319 dedicatione
1514 1278 1652 1332 prte-

120 1358 416 1426 tigurandam
464 1370 587 1410 esse
633 1353 1022 1409 dedicationem
1069 1353 1312 1424 corporis
1354 1352 1554 1408 Christi
1597 1360 1654 1407 et

121 1447 372 1512 Ecclesiae;
398 1446 540 1516 quod
588 1454 878 1514 utrumque
905 1444 996 1499 Dei
1023 1445 1232 1510 domus,
1257 1443 1308 1498 id
1330 1451 1412 1500 est
1436 1443 1651 1498 habita-

121 1538 180 1590 tio
208 1546 300 1602 est,
334 1536 624 1590 introducit
662 1535 933 1589 Christum
976 1534 1379 1604 promittentem
1420 1547 1480 1589 se
1517 1534 1654 1588 bene

118 1637 459 1699 operaturum,
493 1634 552 1681 ut
588 1642 618 1680 a
652 1627 761 1681 Deo
792 1626 846 1679 iu
872 1625 1238 1680 rcsurectione
1268 1625 1567 1689 dedicetur,
1602 1623 1653 1677 id

120 1718 299 1781 est,ad
345 1715 804 1769 immortalitatem
842 1722 898 1769 et
932 1714 1158 1786 gloriam
1199 1722 1253 1769 et
1293 1714 1389 1768 Dei
1440 1714 1653 1768 laudem

120 1811 401 1872 destinetur,
432 1808 572 1862 sicut
602 1808 791 1862 domus
828 1806 1132 1861 Salomonis
1168 1806 1269 1860 fuit
1290 1806 1566 1871 dedicata,
1602 1805 1653 1860 id
1684 1807 1727 1866 Β

120 1907 187 1953 εει
234 1898 297 1952 ad
357 1899 457 1952 hoc
506 1904 565 1951 ut
605 1898 744 1952 Deus
805 1896 857 1950 in
899 1910 961 1950 ea
1005 1896 1317 1950 laudaretur
1362 1895 1653 1950 destinata.

120 1988 344 2042 Enuntiat
365 2002 579 2058 quoque
617 1988 783 2056 ipsam
824 1986 1218 2042 dedicationem
1246 1987 1657 2042 resurrectionis

120 2080 564 2144 suae,adhortaudo
586 2078 824 2134 membra
848 2079 913 2133 ad
937 2079 1071 2134 bene
1099 2078 1456 2148 operandum,
1474 2076 1582 2148 85
1605 2087 1659 2132 ει

121 2171 262 2225 Deum
298 2171 651 2237 laudandum,
699 2180 759 2225 ut
796 2170 896 2240 ipsi
933 2170 985 2223 in
1011 2169 1191 2224 futuro
1227 2170 1562 2234 dediceutur,
1605 2169 1659 2224 id

121 2272 204 2327 est,
242 2270 439 2315 remota
470 2260 816 2327 mortalitate,
845 2260 913 2314 ad
949 2259 1400 2315 immortalitatem
1428 2268 1484 2315 et
1524 2259 1661 2313 laeti-

122 2354 227 2405 tiam
259 2360 310 2406 et
348 2351 442 2407 Dei
492 2352 701 2405 laudem
749 2350 1107 2405 destinentur.
1159 2349 1406 2406 Ostendit
1448 2364 1661 2419 quoque

120 2445 448 2499 constantiam
474 2460 627 2500 suam
657 2444 848 2499 orandi
880 2458 977 2513 pro
1008 2443 1096 2497 illa
1127 2443 1486 2509 dedicatione,
1518 2450 1577 2496 ut
1608 2449 1663 2497 et

121 2551 202 2588 nos
225 2544 530 2589 constantes
562 2535 613 2588 in
646 2534 893 2589 oratione
921 2532 1106 2588 faciat.
1137 2533 1274 2600 Quia
1304 2541 1482 2589 autem
1513 2533 1663 2601 ponit

121 2625 164 2680 in
187 2627 324 2681 titulo
348 2627 555 2683 scilicet
599 2624 852 2679 Psalmus
881 2625 1091 2690 cantici,
1118 2626 1332 2693 quidam
1354 2639 1517 2679 uuam
1540 2640 1661 2694 par-

120 2725 248 2782 tem;
281 2717 496 2786 quidam
527 2730 657 2771 vero
679 2716 812 2770 duas
835 2728 955 2769 esse
986 2714 1192 2768 dicunt.
1222 2714 1354 2768 Cum
1394 2727 1498 2767 una
1538 2728 1663 2782 pars

120 2814 207 2869 est,
252 2806 328 2859 sic
375 2806 565 2860 titulus
630 2805 915 2874 exponitur
950 2817 965 2857 :
1000 2802 1283 2858 Tractatus
1341 2804 1441 2859 iste
1487 2803 1663 2859 dictus

123 2892 339 2949 Psalmus
370 2893 595 2959 cantici,
622 2908 686 2948 eo
721 2892 862 2963 quod
895 2892 944 2945 in
982 2907 1039 2946 se
1064 2893 1340 2947 contineat
1375 2892 1660 2961 psalmum,

122 2982 165 3035 id
204 2992 279 3039 est
322 2985 519 3038 bonam
549 2984 952 3053 operationem;
983 2991 1038 3037 et
1065 2984 1357 3046 canticum,
1391 2984 1441 3038 id
1471 2996 1551 3037 est
1596 2984 1663 3039 de

122 3073 241 3125 bono
273 3088 433 3142 opere
488 3072 896 3127 retributionem
933 3086 948 3125 :
1003 3071 1175 3126 factus
1210 3080 1293 3126 est
1330 3072 1382 3125 in
1411 3073 1661 3128 conside-

120 3164 300 3220 ratione
343 3164 693 3219 dedicationis
722 3165 912 3219 domus
956 3163 1151 3231 David,
1187 3164 1239 3218 id
1270 3172 1381 3230 est,
1422 3165 1663 3234 corporis
1692 3154 1732 3211 Ο

118 3255 294 3311 Christi
326 3256 411 3311 vel
465 3255 763 3310 Ecclesiae:
811 3258 952 3325 quod
1008 3266 1297 3325 utrumque
1338 3265 1423 3312 est
1473 3258 1662 3313 domus

120 3342 283 3412 David,
314 3345 368 3400 id
396 3356 480 3401 est
506 3345 731 3412 Christi,
758 3346 873 3400 veri
907 3345 1096 3401 David.
1132 3346 1189 3400 Si
1217 3354 1393 3401 autem
1420 3346 1665 3403 Psalnms

118 3438 291 3491 cantici
338 3438 458 3491 dua:
504 3444 687 3507 partes
729 3438 857 3502 sint,
888 3435 1134 3507 quamvis
1169 3436 1307 3491 idem
1339 3437 1411 3492 sit
1452 3438 1505 3491 iu
1537 3452 1663 3492 sen-

121 3529 262 3581 tentia
284 3568 298 3590 ,
325 3529 537 3583 diverse
576 3528 656 3582 sic
684 3528 971 3597 exponitur
998 3545 1012 3582 :
1056 3527 1161 3582 lste
1190 3528 1460 3598 psalmus,
1493 3527 1546 3583 id
1582 3537 1668 3584 est

119 3618 237 3671 bona
260 3619 521 3688 operatio,
562 3632 681 3689 qua:
724 3618 1033 3671 continetur
1072 3618 1125 3671 in
1154 3618 1255 3673 hoc
1299 3627 1553 3686 tractatu,
1585 3628 1668 3674 est

119 3722 259 3760 causa
292 3708 525 3773 cantici,
558 3708 608 3760 id
643 3715 746 3771 est,
777 3706 992 3760 ltetitizc.
1034 3706 1241 3761 Cantici
1273 3709 1393 3763 dico
1420 3710 1474 3763 in
1519 3709 1670 3763 dedi-

117 3799 308 3852 catione
358 3799 550 3853 domus
587 3797 755 3851 David
790 3796 956 3851 futuri
996 3797 1047 3851 in
1091 3798 1207 3868 ipsa
1244 3799 1421 3854 domo.
1454 3800 1551 3854 Vel
1592 3800 1667 3855 ita

118 3892 238 3941 utin
275 3890 545 3944 sententia
589 3889 661 3943 sit
688 3889 971 3942 diversitas
1002 3905 1014 3940 :
1051 3887 1295 3943 Psalmus
1334 3892 1463 3958 iste,
1506 3890 1558 3944 id
1590 3900 1672 3945 est

119 3991 391 4047 tractatus,
444 3990 528 4035 est
566 3978 834 4049 psalmus,
868 3978 918 4032 id
966 3988 1048 4033 est
1088 3988 1347 4035 tractatus
1379 3980 1572 4035 cantici
1616 3981 1668 4034 in

119 4073 434 4129 dedicatione
464 4074 653 4127 domus
682 4070 851 4125 David
879 4070 1064 4125 futuri.

176 4164 428 4221 Exaltabo
460 4176 529 4231 te,
562 4163 800 4229 Domine,
830 4162 881 4217 id
915 4172 1017 4230 est,
1051 4174 1103 4219 te
1132 4164 1299 4219 altum
1327 4174 1383 4221 et
1417 4181 1668 4237 maguum

118 4259 378 4329 reputabo,
404 4261 545 4313 bene
570 4256 635 4311 de
660 4260 717 4310 te
742 4254 1025 4325 cogitando
1053 4256 1120 4311 ad
1148 4258 1406 4312 honorem
1439 4266 1585 4312 tuum
1616 4266 1671 4312 et

118 4348 236 4405 bene
258 4348 535 4419 operando
564 4366 577 4402 :
612 4356 668 4403 et
691 4347 917 4413 merito;
949 4353 1194 4420 quoniam
1222 4360 1443 4420 propter
1467 4350 1669 4405 exalta-

117 4442 297 4496 tiouem
356 4442 648 4511 suscepisti,
704 4441 755 4495 id
793 4452 875 4499 est
912 4443 1195 4511 suscipies,
1234 4459 1315 4497 me
1352 4444 1417 4498 de
1456 4442 1668 4497 mortali

997 337 1355 397 EXPOSITIO
1391 337 1456 392 ΙΝ
1489 336 1830 396 ΡεΑιΜοε.
1857 336 2147 394 —PSAL.
2187 336 2373 393 XXIX.

3207 342 3314 399 750

1748 451 1801 504 in
1827 450 2020 515 lacum,
2053 450 2104 505 id
2130 460 2232 517 est,
2262 466 2292 504 a
2327 450 2599 506 consortio
2631 452 3069 512 descendentium
3100 456 3157 513 in
3182 473 3312 528 pro-

1745 540 2065 598 funditatem
2109 543 2387 598 vitiorum.
2431 533 2660 599 Ostensa
2706 546 2985 603 sanatione
3034 563 3162 617 sua,
3215 550 3313 605 ad-

1745 635 1993 690 hortatur
2032 635 2271 690 membra
2317 635 2384 691 ad
2417 635 2750 705 psallendum
2785 646 2840 691 et
2881 639 3108 695 Domino
3141 642 3313 696 conl‘t-
3410 642 3413 649 “

1746 727 1987 792 tendum,
2016 734 2077 781 ut
2105 737 2155 782 et
2190 727 2304 796 ipsa
2341 737 2531 783 sanata
2570 728 2819 784 laetentur
2850 743 2865 782 :
2898 729 3029 785 Dico
3058 733 3202 800 quod
3230 747 3319 788 sa-

1746 816 1897 871 navit
1931 831 2038 873 me.
2078 817 2221 888 Ergo
2249 827 2309 873 ut
2345 819 2631 886 sanemini,
2666 834 2699 874 ο
2730 819 2835 874 mei
2870 821 3042 876 sancti
3079 822 3171 876 ﬁlii
3201 823 3317 892 ejus

1747 905 2071 972 existentes,
2111 907 2319 976 psallite
2350 906 2592 971 Domino,
2631 908 2683 961 id
2710 915 2813 972 est,
2847 908 2984 964 bene
3019 910 3321 979 operamini

1749 996 1817 1050 ad
1852 996 2111 1052 honorem
2149 998 2377 1052 Domini.
2429 997 2497 1051 Et
2538 999 2854 1067 conﬁtemini
2890 1004 3156 1057 memoria:
3191 1019 3320 1057 san-

1748 1087 1944 1141 ctitatis
1970 1088 2106 1156 ejus,
2148 1088 2200 1142 id
2229 1097 2333 1154 est,
2361 1088 2574 1142 laudate
2610 1103 2733 1142 eum
2776 1104 2911 1145 voce
2952 1099 3007 1144 et
3041 1090 3325 1147 aﬂ'ectiouo

1751 1177 1818 1233 de
1840 1178 2099 1233 memoria
2124 1180 2430 1234 sanctitatis
2453 1179 2592 1249 ejus.
2618 1179 2768 1245 Quod
2794 1188 2880 1234 est
2901 1180 3081 1249 dicere
3127 1182 3191 1236 de
3219 1180 3347 1247 hoc,

1751 1268 1894 1335 quod
1929 1282 2137 1322 memor
2169 1270 2275 1323 erit
2317 1271 2689 1338 promissionis
2721 1286 2853 1337 suae,
2892 1280 2953 1325 ut
2981 1287 3077 1327 vos
3117 1272 3346 1327 scilicet.

1751 1371 1849 1426 per
1874 1371 1961 1413 me
1989 1358 2311 1424 sanctiﬁcet,
2347 1359 2438 1429 qui
2476 1361 2770 1429 per'Adam
2804 1371 3118 1430 peccatores
3146 1360 3326 1417 etiecti

1752 1446 1903 1502 estis.
1937 1448 2069 1502 Dico
2095 1447 2443 1516 conﬁtemini,
2471 1459 2526 1504 et
2551 1451 2652 1505 hoc
2677 1451 2873 1520 duplici
2910 1451 3128 1506 intuitu.
3179 1452 3326 1517 Quo-

1753 1535 1894 1589 niam
1920 1536 2022 1600 ira,
2049 1535 2100 1590 id
2126 1544 2230 1601 est,
2259 1536 2495 1591 vindicta
2519 1537 2598 1593 eis
2624 1553 2786 1608 quam
2812 1539 3121 1595 hominibus
3146 1541 3329 1595 intulit

1752 1632 1974 1694 propter
2003 1624 2195 1690 Adam,
2244 1626 2347 1681 erit
2396 1626 2452 1679 in
2480 1626 2857 1697 indignatione,
2890 1628 2944 1683 id
2974 1638 3055 1683 est
3088 1628 3144 1683 in
3174 1629 3323 1683 brevi

1757 1714 1960 1770 furore.
1993 1716 2052 1771 In
2087 1716 2190 1771 alia
2220 1716 2574 1772 translatione
2600 1718 2830 1774 habetur
2857 1720 2938 1773 ira
2962 1720 3075 1789 ejus
3104 1721 3171 1775 ad
3203 1736 3328 1775 mo-

1757 1813 2025 1868 mentum,
2059 1806 2203 1875 quod
2258 1806 2401 1861 idem
2432 1813 2519 1862 est
2573 1807 2627 1861 in
2680 1808 2946 1862 sententia
2976 1826 2989 1861 :
3024 1807 3326 1879 Indignatio

1755 1897 1900 1950 enim
1933 1905 2015 1951 εει
2040 1906 2452 1954 momentaneus
2487 1899 2657 1952 furor.
2694 1898 2762 1952 Et
2792 1899 2895 1953 vita
2923 1902 3020 1953 erit
3054 1900 3111 1954 in
3147 1900 3329 1954 mlun-

1756 1996 1862 2041 tate
1883 1987 2016 2057 ejus,
2041 1989 2183 2057 quod
2206 1997 2290 2044 est
2311 1990 2492 2045 dicere
2519 2006 2533 2043 :
2560 1991 2670 2045 Deo
2698 1990 2797 2060 ipsi
2825 1990 3031 2046 debetis
3057 1990 3327 2055 conﬁteri,

1756 2078 1884 2148 quia
1912 2094 2036 2134 cum
2069 2079 2213 2150 juste
2242 2095 2339 2136 vos
2369 2081 2627 2136 damnare
2669 2089 2878 2152 posset,
2922 2082 3137 2137 brevem
3175 2083 3330 2138 vobis

1757 2170 2052 2225 vindictam
2086 2171 2288 2239 intulit,
2321 2172 2526 2227 scilicet
2565 2173 2949 2228 mortalitatem
2981 2181 3038 2229 et
3063 2174 3333 2244 passibili-

1758 2267 1925 2315 tatem
1970 2275 2076 2315 nou
2119 2261 2208 2315 diu
2240 2264 2574 2317 duraturam.
2616 2264 2683 2317 Et
2718 2265 2845 2334 quia
2882 2265 2991 2320 vita
3024 2266 3239 2320 dabitur
3277 2266 3333 2320 iu

1758 2350 1942 2405 futuro
1971 2351 2024 2405 in
2047 2351 2311 2406 voluntate
2337 2353 2470 2423 ejus,
2501 2354 2552 2408 id
2580 2363 2681 2421 est,
2709 2370 2806 2425 per
2830 2356 3121 2425 gratuitam
3148 2357 3335 2410 volun-

1760 2449 1925 2497 tatem
1955 2442 2070 2510 ejus
2100 2483 2116 2509 ,
2157 2451 2213 2497 et
2247 2444 2365 2499 ideo
2402 2444 2575 2499 adhuc
2601 2446 2939 2515 conﬁtemini.
2969 2446 3231 2514 Quoniam
3262 2447 3334 2501 ad

1759 2550 2042 2603 vesperum,
2076 2534 2128 2589 id
2157 2542 2260 2602 εει,
2297 2537 2363 2590 ad
2396 2535 2566 2611 Adam
2595 2536 3008 2607 respicientibus
3038 2546 3098 2592 ut
3123 2538 3173 2592 ei
3204 2552 3355 2613 εστι-ι

1760 2622 2080 2693 formentur,
2130 2626 2486 2703 demorabitur
2522 2629 2696 2697 ﬂetus,
2741 2628 2793 2682 id
2842 2637 2952 2696 est,
3001 2638 3235 2684 aeternus
3282 2630 3357 2705 in.

1762 2713 1946 2769 futuro
1991 2716 2095 2770 erit
2120 2715 2305 2783 ﬂetus;
2338 2726 2384 2771 et
2408 2719 2476 2772 ad
2501 2721 2838 2785 matutinum,
2872 2721 2925 2775 id
2954 2728 3039 2776 est
3068 2737 3153 2777 me
3182 2721 3337 2775 Citri-

1763 2819 1927 2875 stum,
1974 2811 2386 2882 respicientibus
2427 2814 2783 2868 demorabitur
2820 2814 3001 2870 lwtitia
3044 2815 3335 2870 beatitudi-

1763 2900 1864 2954 nis.
1906 2899 2057 2967 Quod
2096 2910 2173 2955 cst
2213 2902 2394 2957 dicere
2428 2920 2440 2955 :
2484 2901 2856 2971 Conﬁtemini;
2913 2920 3036 2959 nam
3086 2908 3177 2977 qui
3222 2924 3330 2965 non

1763 2990 2110 3057 conﬁtentur,
2141 2993 2235 3046 sed
2272 2992 2340 3046 ad
2375 2993 2545 3047 Adam
2587 2994 2947 3062 respiciendo,
2987 2995 3085 3067 ipsi
3118 2998 3336 3054 confor-

1762 3091 2000 3147 mantur,
2048 3080 2269 3137 ﬂebunt.
2316 3082 2416 3150 Qui
2446 3097 2574 3137 vero
2617 3083 2686 3137 ad
2734 3097 2819 3137 me
2855 3084 3126 3141 Christum
3167 3090 3337 3159 respi-

1765 3170 1960 3241 ciendo
1994 3170 2231 3241 psallunt
2256 3179 2313 3226 et
2342 3171 2473 3225 mihi
2512 3170 2942 3237 conformantur,
2988 3173 3332 3232 laetabuntur.

1767 3261 1970 3332 Vesper
1998 3263 2133 3318 bene
2163 3262 2359 3317 dicitur
2384 3263 2574 3329 Adam,
2604 3263 2692 3333 qui
2722 3278 2751 3317 a
2778 3266 3049 3332 peccando
3071 3270 3335 3324 obscurus

1765 3350 1941 3407 factus
1977 3362 2080 3419 est,
2117 3360 2172 3406 et
2209 3366 2275 3406 ex
2316 3365 2382 3407 eo
2420 3366 2566 3407 mors
2613 3361 2794 3408 nostra
2827 3364 3011 3410 secuta
3058 3367 3162 3425 est,
3193 3360 3335 3414 sicut

1765 3456 2050 3512 vesperum
2090 3441 2339 3511 sequitur
2377 3457 2504 3506 nox,
2542 3444 2686 3512 quod
2718 3458 2874 3499 mane
2910 3447 3193 3505 obscurius
3230 3434 3351 3505 est.

1767 3532 2088 3586 Matutiuum
2119 3542 2298 3587 autem
2328 3532 2577 3588 Christus
2602 3541 2706 3597 εει,
2729 3535 2842 3606 86
2868 3538 3009 3605 quod
3042 3539 3093 3594 iu
3123 3556 3185 3595 eo
3214 3542 3337 3597 lidei

1768 3634 1969 3678 nostra:
1997 3623 2085 3678 lux
2123 3624 2445 3695 principium
2478 3625 2664 3681 habuit
2694 3644 2707 3679 :
2742 3636 2796 3682 ει
2830 3629 3010 3685 clarus
3050 3632 3099 3686 iu
3137 3637 3339 3690 sancti-

1769 3724 1880 3770 tate
1916 3714 2016 3769 fuit
2045 3716 2113 3769 ad
2150 3718 2366 3771 modum
2398 3732 2578 3797 mane,
2611 3720 2752 3788 quod
2776 3720 2978 3775 clarum
3016 3732 3119 3791 εει,
3150 3726 3198 3779 iu
3233 3744 3338 3797 quo

1770 3806 1861 3861 lux
1905 3806 2011 3861 diei
2059 3808 2265 3877 incipit.
2316 3807 2482 3863 Dixi:
2525 3810 2661 3877 Quia
2710 3813 2780 3866 ad
2826 3829 3093 3883 vesperum
3133 3818 3340 3875 scilicet

1769 3895 2180 3965 respicientibus
2204 3895 2560 3951 demorabitur
2579 3901 2753 3968 ﬂetus.

1843 3985 1955 4055 Ego
1979 3995 2154 4039 autem
2182 4000 2287 4041 non
2315 3988 2529 4057 respexi
2555 3990 2624 4043 ad
2653 4006 2939 4060 vesperum,
2971 3996 3064 4050 sed
3091 3997 3143 4051 in
3173 4000 3339 4054 abun-

1770 4079 1951 4133 dantia
1979 4095 2115 4144 mea,
2148 4079 2200 4134 id
2229 4088 2335 4145 est,
2378 4079 2710 4149 plenitudine
2743 4087 3049 4142 sanctitatis
3080 4104 3211 4144 mea:
3238 4107 3334 4161 po-

1769 4172 1923 4227 situs.
1957 4171 2099 4235 Dixi,
2142 4171 2195 4227 id
2228 4181 2330 4238 est,
2373 4188 2581 4227 mecum
2620 4176 2780 4229 statui
2810 4194 2822 4229 :
2855 4194 2957 4232 non
2998 4181 3239 4234 movebar
3266 4184 3335 4237 ab

1771 4263 1874 4318 hac
1896 4264 2217 4318 abundantia
2240 4265 2291 4317 in
2315 4274 2586 4318 (eternum.
2617 4266 2681 4320 Et
2708 4268 2813 4324 hoc
2841 4270 2959 4326 ideo
2985 4272 3115 4327 dicit
3157 4282 3212 4327 ut
3239 4291 3337 4330 nos

1773 4352 2003 4407 instruat
2033 4353 2276 4422 exemplo
2316 4354 2428 4419 sui;
2480 4368 2546 4409 ne
2594 4370 2623 4409 a
2673 4360 2961 4416 sanctitate
3002 4377 3337 4419 moveamur.

1773 4439 1914 4505 Dixi,
1946 4459 2047 4495 non
2087 4442 2325 4498 movebar
2351 4461 2370 4500 :
2400 4453 2455 4498 et
2492 4446 2592 4500 hoc
2629 4456 2802 4502 tamen
2834 4465 2937 4503 non
2975 4466 3070 4521 per
3102 4468 3207 4520 me,
3246 4434 3354 4509 sed

117 4530 344 4587 faciendo
394 4532 782 4597 immortalem,
835 4548 866 4587 a
914 4534 1263 4589 similitudine
1310 4533 1529 4598 medici,
1576 4533 1668 4602 qui
1697 4512 1747 4573 ί)
1775 4539 1850 4595 tu,
1881 4529 2123 4595 homine,
2153 4533 2438 4601 prwstitisti
2464 4534 2725 4605 virtutem,
2765 4536 2815 4591 id
2848 4512 3340 4602 est,'constatitiam

116 4636 296 4692 agrum
336 4624 565 4692 suscipit
602 4632 661 4677 ut
699 4625 966 4680 saniﬁcet.
1012 4626 1123 4679 Nec
1156 4625 1438 4689 delectasti,
1471 4626 1525 4680 id
1565 4632 1665 4691 est,

115 4720 382 4787 permittes
412 4716 669 4773 delectari
708 4718 946 4773 inimicos
984 4735 1122 4772 meos
1154 4718 1366 4773 Judteos
1400 4733 1555 4786 super
1590 4734 1671 4770 me

115 4823 165 4862 se
196 4811 512 4866 extollentes
541 4828 554 4863 :
588 4810 985 4867 delectarentur
1021 4810 1165 4865 enim
1206 4810 1250 4864 si
1297 4810 1571 4865 detinerer
1616 4810 1668 4863 in

116 4908 293 4953 morte.
329 4900 463 4955 Dico
506 4901 799 4970 suscipies;
838 4910 900 4954 ut
923 4909 1101 4955 autem
1133 4900 1416 4970 suscipiar,
1448 4900 1672 4955 Domine

114 4992 358 5056 omnium,
384 4990 528 5046 Deus
556 5006 708 5046 meus
732 4991 1067 5060 specialiter:
1094 4991 1162 5045 ad
1186 5002 1234 5045 te
1262 4990 1666 5046 misericordem

116 5083 395 5150 respiciens
417 5081 657 5148 clamavi,
683 5081 857 5156 idest,
883 5096 1014 5137 voce
1036 5082 1245 5137 intonsa
1269 5081 1448 5147 oravi;
1475 5092 1522 5134 et
1550 5081 1667 5136 ideo

115 5174 315 5237 sanasti,
360 5172 415 5227 id
444 5182 528 5226 est
563 5171 799 5238 sanabis,
839 5189 939 5226 me.
981 5169 1193 5226 Sanasti
1231 5170 1370 5225 idem
1410 5180 1493 5225 est
1526 5170 1670 5239 quod

115 5266 162 5311 et
184 5263 474 5330 suscepisti.
515 5261 581 5315 Et
610 5263 825 5331 exponit
863 5261 1133 5329 quomodo
1170 5259 1415 5325 sanabit;
1457 5260 1527 5313 ita
1567 5259 1671 5314 sei-

115 5349 228 5407 licet
248 5353 495 5408 sanabis:
515 5352 758 5418 Domine,
784 5352 1031 5418 eduxisli,
1061 5352 1113 5406 id
1140 5363 1242 5418 est,
1273 5352 1471 5407 educes
1499 5352 1561 5406 ab
1588 5353 1673 5406 in-

117 5441 246 5509 {emo
283 5445 518 5497 animam
544 5459 733 5507 meam,
765 5442 1015 5498 videlicet
1051 5459 1081 5497 a
1116 5442 1271 5498 locali
1313 5442 1544 5504 inferno,
1586 5457 1669 5496 re-

116 5531 344 5587 ducendo
389 5548 509 5588 eam
558 5532 625 5586 ad
660 5547 854 5603 corpus
900 5534 987 5587 die
1020 5533 1174 5587 tertia
1206 5575 1221 5600 ,
1276 5541 1331 5587 et
1373 5542 1434 5586 ut
1476 5533 1668 5602 dignus

116 5637 275 5678 essem
316 5624 384 5677 ad
427 5625 794 5679 deducendum
837 5625 901 5679 de
946 5624 1179 5680 inferno.
1223 5624 1449 5680 Salvasti
1483 5641 1563 5678 me
1602 5625 1669 5678 ab

117 5716 247 5769 omni
283 5725 530 5786 peccato.
573 5714 653 5770 Me
688 5716 806 5771 dico
838 5726 1143 5787 separatum
1176 5736 1207 5772 a
1246 5719 1665 5791 descendentibus

1772 4620 1947 4673 decori
1984 4638 2117 4685 meo,
2155 4622 2206 4676 id
2244 4630 2349 4688 est,
2380 4624 2719 4680 abundantiae
2752 4628 3056 4685 sanctitatis
3086 4646 3248 4694 meae;
3290 4618 3349 4688 in.

1774 4711 2051 4777 voluntate,
2094 4714 2144 4766 id
2186 4723 2271 4769 est
2312 4713 2367 4771 in
2413 4716 2585 4785 gratia
2641 4724 2748 4770 tua.
2795 4718 2861 4772 Et
2898 4722 3137 4776 ostendit
3176 4740 3339 4794 quam

1772 4802 2049 4870 virtutem,
2082 4805 2223 4860 hanc
2258 4804 2463 4861 scilicet
2496 4815 2556 4862 ut
2595 4822 2694 4861 nec
2732 4808 2784 4862 in
2826 4811 3176 4870 tribulatione
3204 4815 3345 4873 desi-

1773 4903 1913 4950 stam
1955 4896 2189 4952 clamare
2228 4898 2296 4952 ad
2338 4906 2415 4964 te,
2458 4900 2704 4968 quamvis
2753 4916 2838 4959 me
2884 4904 3127 4961 tribulari
3175 4907 3342 4963 siuas.

1774 4989 1903 5044 Dico
1942 4991 2081 5059 quod
2123 4991 2409 5061 praestitisti
2450 4993 2715 5059 virtutem,
2740 5002 2797 5049 et
2839 5010 3008 5065 usque
3031 4981 3163 5053 adeo
3201 5000 3342 5068 quod

1773 5083 2002 5136 avertisti
2030 5082 2219 5151 faciem
2250 5092 2396 5136 tuam
2428 5099 2461 5137 a
2490 5099 2588 5146 me,
2623 5084 2674 5138 id
2700 5090 2783 5138 est
2804 5085 3073 5142 videberis
3099 5097 3344 5143 avertere

1774 5182 2047 5242 aspectum
2084 5173 2469 5229 misericordia:
2501 5183 2604 5230 tum
2633 5190 2663 5230 a
2702 5164 2790 5231 me
2820 5176 2874 5231 in
2905 5178 3177 5246 passione,
3218 5194 3342 5248 pcr-

1773 5264 2037 5320 mittendo
2065 5280 2152 5321 tne
2189 5263 2383 5334 aiﬂigi;
2433 5273 2481 5320 et
2521 5264 2692 5335 factus
2733 5283 2851 5320 sum
2891 5269 3243 5327 conturbatus,
3287 5269 3342 5324 id

1778 5364 1883 5422 est,
1914 5364 2206 5425 spontanee
2239 5355 2603 5411 conturbabor
2629 5355 2682 5410 in
2709 5356 2887 5409 anima
2921 5358 3109 5411 timore
3138 5358 3349 5433 passing

1780 5448 1885 5512 nis,
1914 5456 1967 5503 et
2001 5459 2182 5503 tamen
2209 5463 2314 5502 non
2346 5462 2439 5504 ero
2472 5448 2750 5502 remissus.
2789 5446 2895 5501 Sed
2926 5449 2993 5502 ad
3028 5459 3095 5513 te,
3127 5449 3252 5501 Dom
3267 5450 3343 5503 ἠε

1778 5540 2183 5607 misericordim,
2232 5541 2523 5611 respiciens
2567 5540 2823 5604 clamabo,
2864 5540 2916 5594 id
2962 5550 3062 5605 est,
3111 5540 3341 5595 clamosa

1779 5630 2057 5686 aﬁ‘ectione
2085 5646 2272 5701 agam;
2326 5641 2380 5685 et
2415 5632 2479 5683 ad
2506 5639 2565 5699 te
2596 5628 2777 5695 Deum,
2818 5629 2872 5685 id
2896 5638 2999 5696 est,
3030 5630 3338 5685 Creatorem

1778 5738 1949 5777 meum
1991 5722 2286 5790 respiciens
2316 5720 2628 5790 deprecabor
2658 5733 2788 5775 voce
2828 5719 2908 5777 sic
2944 5721 3127 5777 dicens
3159 5736 3170 5772 :
3211 5716 3340 5784 Quae
