3862 6322
127 386 214 440 755

124 508 254 568 sunt,
285 496 501 567 ideoque
543 497 678 554 bene
709 499 862 555 addit
913 543 923 553 .

125 593 234 646 Dico
272 598 372 643 esto
420 589 545 641 mihi
586 599 864 659 protector
891 602 945 646 et
990 593 1180 649 domus
1216 594 1430 664 relugii,
1477 607 1533 651 ut
1579 598 1658 653 sic

121 681 292 736 saluum
318 694 394 732 me
414 678 580 747 facias
607 697 636 733 a
667 693 860 736 morte.
890 684 1062 738 Aliter
1085 685 1229 739 enim
1257 702 1362 740 non
1394 687 1654 744 salvarer.

124 772 238 827 Vere
257 767 410 822 debes
435 783 555 824 esse
581 781 856 839 protector
880 784 934 828 et
963 773 1247 845 refugium,
1276 779 1524 846 quoniam
1545 780 1657 849 [or-

120 861 261 916 titudo
288 875 394 912 mea
423 869 469 912 et
515 861 774 930 refugium
810 881 976 918 meatu
1018 881 1070 918 es
1099 877 1176 933 tu,
1222 869 1271 922 id
1303 878 1407 934 est,
1448 871 1575 939 quia
1604 881 1656 926 te

123 962 282 1018 reputo
309 949 695 1015 loriitndi:.cm,
735 955 786 1007 id
828 965 931 1018 est,
969 967 1331 1026 protectorem
1368 976 1566 1028 meum,
1600 971 1656 1017 et

123 1044 376 1112 refugium,
410 1043 458 1096 id
491 1056 575 1099 est
619 1049 990 1108 securitatem.
1051 1051 1117 1106 Et
1151 1054 1230 1109 sic
1261 1054 1313 1108 in
1347 1055 1447 1110 hac
1475 1065 1653 1113 tenta-

123 1139 244 1191 tione
270 1136 445 1192 mortis
474 1137 640 1193 debes
671 1155 792 1196 esse
830 1152 1104 1212 protector
1127 1155 1182 1200 et
1212 1145 1495 1218 refugium,
1525 1166 1655 1220 quo-

120 1228 238 1278 niam
280 1226 324 1278 iu
362 1225 480 1280 aliis
529 1231 918 1287 tentationibus
969 1233 1308 1289 inimicorum
1340 1237 1650 1303 visibilium,

117 1326 162 1370 et
188 1317 233 1368 iu
261 1316 544 1370 tentatione
576 1318 798 1385 diaboli,
826 1339 878 1377 es
905 1333 960 1375 tu
993 1324 1120 1377 mihi
1151 1340 1364 1393 semper
1400 1327 1651 1396 fortitudo

117 1415 156 1458 et
181 1405 434 1474 refugium.
473 1405 537 1460 Et
572 1409 694 1463 ideo
718 1412 940 1467 deducas
977 1433 1056 1468 me
1085 1415 1149 1470 de
1181 1419 1319 1471 bono
1349 1419 1400 1472 in
1430 1421 1646 1486 bonum,

117 1510 424 1563 perseverare
458 1497 572 1569 88
611 1498 874 1568 faciendo,
903 1516 950 1558 et
989 1523 1082 1575 per
1107 1508 1481 1564 deductionem
1518 1529 1649 1566 euu-

117 1585 218 1638 tries
250 1601 339 1649 me,
369 1585 419 1640 id
461 1599 574 1655 est,
606 1591 938 1650 confortabis
981 1611 1086 1660 me,
1124 1597 1328 1654 faciens
1375 1601 1650 1656 immorta-

117 1676 219 1740 lem,
249 1693 274 1730 a
299 1677 648 1736 similitudine
680 1685 906 1740 nutricis
938 1703 1057 1756 qua:
1087 1705 1310 1759 parvum
1359 1693 1551 1755 nutrit.
1590 1704 1649 1750 ut

117 1766 357 1822 fortisliat
384 1783 446 1822 ex
483 1771 664 1826 debili.
714 1774 948 1843 Exponit
995 1788 1174 1833 autem
1220 1785 1488 1848 quomodo
1516 1800 1648 1838 cnu—

1010 386 1370 446 EXPOSITIO
1400 389 1465 444 IN
1503 389 1838 449 PSALMOS.
1880 427 1942 437 -—
1986 397 2178 452 PSAL.
2222 397 2386 453 XXX.
2457 430 2461 434 -

980 501 1046 558 Et
1091 503 1146 558 iu
1187 505 1399 558 domum
1446 505 1654 577 refugii.
1685 515 1733 570 Α
1761 513 2079 584 contingunt
2105 531 2200 585 per
2227 517 2433 584 peccati
2466 517 2742 589 originalis
2774 528 3168 583 necessitatem.
3200 531 3337 586 Fra-

3231 417 3336 471 754

1758 602 1880 674 gilis
1907 605 2051 659 enim
2080 615 2183 670 est,
2209 622 2331 662 cum
2381 608 2537 677 plena
2586 610 2700 675 illa,
2728 626 2890 681 quam
2941 616 3156 672 haberet
3208 623 3336 691 (nisi

1756 690 1928 746 Adam
1985 697 2306 764 peccasset),
2342 697 2430 752 Dei
2480 700 2790 769 cognitione
2843 715 3044 758 careat.
3109 690 3338 780 Fragilis

1744 780 1920 835 .etiam
1957 792 2058 848 est,
2089 799 2213 838 cum
2246 785 2434 841 timeat
2465 799 2521 842 et
2566 789 2832 856 tristelur,
2881 801 2934 846 et
2979 805 3173 850 cuncta
3211 800 3336 854 talia

1756 873 1996 938 patiatur
2028 890 2040 926 :
2084 882 2139 926 ει
2175 890 2278 928 non
2322 875 2495 930 solum
2530 877 2631 932 hoc
2676 879 2951 935 habebunt
2979 893 3036 936 ut
3067 885 3339 943 exsultent

1755 969 1810 1015 et
1848 961 2095 1017 laetentur
2138 965 2188 1018 in
2227 968 2439 1032 futuro;
2484 968 2578 1023 sed
2624 969 2788 1025 etiam
2832 972 2886 1026 in
2930 973 3030 1030 hac
3076 975 3185 1030 vita
3231 995 3366 1042 nou,

1755 1052 2057 1107 conclusisti
2099 1072 2179 1108 me
2220 1057 2273 1109 in
2310 1058 2551 1112 manibus
2597 1059 2812 1127 inimici,
2844 1060 2896 1115 id
2929 1071 3034 1130 est,
3066 1080 3170 1119 non
3214 1075 3338 1137 per-

1754 1142 1935 1199 mittes
1964 1160 2113 1200 mcos
2139 1148 2384 1204 concludi
2425 1150 2477 1203 in
2517 1161 2786 1220 potestate
2821 1154 3043 1221 diaboli,
3079 1166 3137 1211 ut
3165 1161 3337 1228 possit

1753 1247 1847 1289 eos
1878 1235 2092 1292 irretire
2123 1255 2222 1308 per
2251 1243 2624 1310 suggestioncs
2663 1245 2973 1315 impiorum,
3005 1257 3061 1302 et
3107 1248 3160 1302 in
3207 1266 3336 1304 con-

1754 1325 2080 1384 l'ormitatem
2114 1347 2268 1387 suam
2301 1335 2598 1398 traducere,
2633 1352 2662 1390 a
2691 1337 3046 1394 similitudine
3069 1343 3210 1410 capti
3242 1343 3334 1412 qui

1752 1423 2229 1491 comprehenditur
2273 1427 2448 1496 prius,
2479 1438 2533 1481 et
2575 1427 2627 1482 in
2660 1445 2933 1485 carcerem
2965 1442 3150 1500 postea
3197 1450 3334 1488 ron-

1751 1511 2007 1569 cluditur.
2042 1515 2174 1570 Vere
2214 1533 2319 1572 non
2354 1520 2635 1588 permittes
2671 1523 2916 1577 concludi
2950 1541 2963 1576 :
3008 1522 3114 1578 Sed
3153 1528 3332 1594 potius

1750 1606 1982 1660 statuisti
2025 1607 2177 1676 pedes
2222 1625 2362 1664 meos
2394 1611 2447 1664 in
2497 1611 2610 1664 loco
2638 1613 2891 1681 spatioso,
2922 1615 2973 1668 id
3013 1626 3096 1669 est
3126 1628 3340 1674 statues

1749 1691 2059 1750 affectiones
2079 1713 2320 1753 meorum
2346 1699 2396 1752 in
2419 1701 2751 1770 spatiositate
2777 1702 2898 1758 lidci
2924 1713 2978 1759 et
3005 1705 3329 1771 dilectionis,

1748 1801 1776 1840 a
1813 1788 2165 1847 similitudine
2200 1792 2342 1847 illius
2375 1795 2490 1864 qui,
2525 1796 2590 1848 de
2637 1807 2866 1867 augusto
2911 1800 3150 1854 carceris
3197 1801 3329 1856 edu-

115 1856 234 1924 trict,
256 1858 360 1912 sic:
392 1859 610 1916 Scilicet
638 1868 885 1932 euutries;
913 1868 1116 1923 Educcs
1140 1871 1298 1925 mede
1329 1872 1513 1944 laqueo
1542 1881 1639 1929 hoc
1679 1858 1721 1918 Β
1751 1889 1892 1946 ειιιε,
1926 1883 1978 1937 in
2011 1883 2128 1940 loco
2171 1886 2408 1955 spatioso
2443 1889 2717 1943 statuitur.
2770 1890 3058 1945 Enuntiata
3103 1907 3325 1948 suormn

111 1965 237 2018 quem
262 1949 634 2007 absconderant
665 1957 812 2023 mihi,
854 1958 904 2012 id
931 1967 1036 2028 est,
1079 1960 1146 2015 de
1183 1963 1433 2031 prtesenti
1475 1975 1648 2021 morte

113 2053 248 2106 quam
274 2040 577 2098 abscondite
605 2054 794 2114 putant
819 2062 877 2103 se
901 2065 1232 2120 praeparasse
1261 2053 1415 2119 mihi,
1439 2070 1468 2107 a
1495 2056 1648 2110 simi-

113 2127 305 2182 litudine
348 2130 485 2186 illius
525 2135 617 2205 qui
667 2136 721 2190 in
754 2139 1072 2194 abseondito
1104 2140 1350 2212 laqueum
1387 2146 1554 2216 periit,
1589 2156 1648 2202 ut

109 2233 236 2273 avem
271 2222 347 2274 vel
385 2223 612 2280 bestiam
661 2227 994 2298 ignorantem
1035 2233 1288 2303 decipiat.
1340 2236 1404 2290 Et
1453 2240 1646 2294 merito

108 2313 282 2364 educes.
326 2313 454 2368 Nam
499 2316 568 2370 in
601 2333 788 2372 manus
836 2331 975 2386 tuas,
1011 2322 1060 2376 id
1105 2333 1188 2378 est
1236 2327 1290 2380 in
1348 2329 1643 2397 potentiam

110 2409 252 2462 luant,
277 2407 659 2461 commendabo
686 2410 926 2477 spiritum
957 2428 1148 2479 meum,
1177 2415 1228 2468 id
1257 2426 1364 2484 est,
1399 2420 1644 2474 commit-

109 2497 196 2542 tam
222 2492 441 2548 animam
483 2513 685 2564 meam,
731 2513 788 2555 ut
836 2518 932 2572 per
979 2515 1030 2558 te
1059 2508 1148 2576 qui
1194 2517 1384 2578 potens
1425 2526 1482 2564 rs
1523 2527 1640 2566 eam

110 2583 349 2652 recipiam,
382 2586 450 2639 ita
484 2592 624 2658 quod
655 2609 756 2647 non
790 2596 900 2650 sint
935 2598 1164 2666 amplius
1208 2601 1408 2656 inimici
1457 2613 1643 2673 poten-

109 2681 172 2726 tes
195 2689 300 2727 eant
329 2676 542 2734 auferre
565 2695 596 2735 a
618 2699 866 2753 corpore,
899 2688 1037 2743 sicut
1065 2707 1206 2746 nunc
1236 2703 1395 2747 sunt:
1429 2711 1458 2748 a
1491 2696 1641 2762 simi-

106 2763 293 2818 litudine
339 2769 478 2826 illius
517 2777 608 2844 qui
649 2777 850 2847 aliquid
897 2785 1271 2848 commendat,
1323 2796 1382 2841 ut
1425 2788 1641 2855 quando

105 2863 299 2920 voluerit
327 2865 450 2920 illud
481 2869 726 2937 recipiat;
760 2880 814 2925 et
842 2873 976 2926 bona
1009 2873 1200 2930 fiducia
1227 2881 1636 2947 commendabo;

103 2957 311 3022 quoniam
340 2967 392 3010 tu
426 2976 506 3024 es,
537 2960 588 3014 id
616 2971 698 3017 est
733 2971 784 3016 tu
814 2965 944 3031 eris,
979 2977 1239 3036 protector
1263 2988 1406 3026 meus
1433 2972 1484 3027 iu
1519 2989 1640 3044 pas-

103 3046 245 3110 sione,
271 3061 337 3101 ne
363 3048 631 3105 deliciam.

155 3136 378 3194 Ostendit
427 3158 556 3197 vero
599 3145 741 3214 quod
791 3149 1132 3204 commodum
1184 3153 1308 3208 inde
1357 3165 1633 3224 sequatur,

101 3227 161 3282 sic
183 3247 194 3281 :
219 3230 340 3286 Dico
363 3233 575 3300 educes,
601 3247 657 3290 et
690 3255 774 3293 me
801 3241 995 3296 educto
1026 3246 1286 3298 redemisti
1317 3264 1415 3312 me,
1447 3248 1497 3300 id
1526 3259 1632 3314 est,

101 3318 298 3376 redimes
330 3340 478 3380 meos
507 3341 535 3381 a
578 3338 774 3392 morte,
805 3347 837 3384 ο
865 3332 1082 3389 Domine
1109 3337 1348 3391 existens
1383 3337 1518 3391 Deus
1552 3356 1635 3392 ve-

101 3410 257 3475 ritatis,
297 3414 346 3467 id
387 3426 491 3480 est,
531 3419 688 3473 dator
727 3423 971 3478 veritatis
1009 3425 1215 3481 iaciens
1253 3443 1346 3482 eos
1381 3438 1632 3499 expetere

99 3513 199 3553 vera
225 3503 374 3558 bona.
411 3507 528 3570 Vel,
564 3508 702 3564 Deus
733 3514 988 3579 veritatis,
1035 3515 1084 3570 id
1127 3525 1211 3571 est
1264 3518 1405 3572 Deus
1449 3535 1629 3594 verus,

97 3591 167 3658 qui
194 3593 282 3648 hoc
315 3599 632 3665 promisisti,
664 3613 718 3656 et
747 3619 850 3657 non
879 3616 1032 3673 potes
1059 3623 1161 3661 non
1195 3609 1490 3678 complere.
1515 3591 1629 3666 Non

95 3684 210 3738 enim
258 3689 355 3742 mei
395 3701 568 3747 utorte
606 3711 722 3749 mea
758 3698 1170 3766 redimerentur,
1202 3703 1304 3758 nisi
1338 3703 1402 3758 de
1439 3704 1631 3775 laqueo

96 3773 176 3829 hoc
198 3779 466 3836 educerer.
497 3783 612 3836 Dixi
643 3787 786 3854 quod
825 3803 974 3843 meos
1005 3790 1257 3853 redimes,
1301 3773 1631 3862 quibusieris

93 3864 220 3919 dator
239 3871 498 3928 veritatis.
535 3875 876 3932 Observata-es
912 3889 1089 3936 autem
1116 3884 1412 3948 vanitatem,
1448 3887 1496 3940 id
1523 3895 1626 3951 εει,

91 3971 190 4016 cum
224 3977 429 4018 summa
465 3964 739 4034 diligentia
775 3968 1196 4038 complectentes
1227 3971 1364 4028 bona
1409 3977 1629 4030 smeula-

90 4052 169 4118 ria,
195 4070 304 4124 qua:
338 4070 476 4111 vana
506 4063 664 4119 sunt;
698 4064 752 4111 et
789 4058 890 4114 hoc
919 4075 1250 4130 supervacue,
1286 4063 1338 4118 id
1389 4076 1472 4120 est
1511 4066 1629 4122 sine

89 4144 294 4211 qualibet
336 4146 590 4211 utilitate,
633 4149 810 4214 odisti,
881 4150 934 4205 id
983 4162 1066 4206 est
1113 4154 1237 4208 odio
1280 4155 1525 4224 habebis,
1571 4168 1626 4214 et

89 4233 184 4288 ideo
214 4251 311 4291 non
344 4237 576 4294 redimes
618 4239 758 4304 illos,
790 4256 925 4311 quos
955 4244 1079 4298 odio
1105 4245 1349 4301 habebis.
1386 4247 1498 4318 Ego
1527 4267 1624 4304 au-

89 4336 168 4376 teut
203 4342 299 4381 non
326 4343 421 4382 ero
460 4328 552 4383 tibi
591 4330 738 4393 odio,
784 4331 834 4384 id
875 4341 978 4395 εει,
1025 4335 1125 4388 ιιιεί
1178 4352 1282 4389 non
1327 4347 1487 4393 erunt
1532 4341 1624 4395 tibi

87 4416 202 4470 odio.
227 4419 332 4488 Ego
359 4421 504 4474 enim
531 4421 584 4474 in
615 4421 836 4477 Domino
863 4427 1112 4493 sperabo,
1148 4428 1196 4480 id
1230 4438 1331 4493 est,
1359 4431 1461 4484 mei
1493 4433 1545 4486 in
1576 4444 1625 4489 te

89 4506 276 4565 Domino
300 4527 406 4566 non
433 4513 487 4566 in
518 4514 670 4568 vanis
697 4531 843 4585 spem
871 4527 1088 4587 ponent.
1114 4519 1178 4573 Et
1211 4522 1331 4576 ideo
1357 4523 1624 4578 easultabo

84 4599 364 4664 ειιατιαὺον,
400 4604 448 4657 id
487 4615 588 4663 est.
615 4608 960 4664 exsultabant
989 4611 1041 4665 in
1074 4611 1254 4668 futuro
1285 4615 1350 4669 de
1379 4618 1622 4686 corporis

87 4685 400 4745 beatitudine.
432 4693 714 4748 Exsultare
739 4711 974 4766 namque
1001 4702 1216 4770 proprie
1249 4685 1492 4774 corporis
1516 4715 1618 4772 est;

85 4783 392 4850 componitur
418 4785 562 4838 enim
591 4801 619 4839 a
646 4787 860 4842 saltare.
899 4790 961 4842 Et
992 4790 1318 4849 laetabuntur
1343 4797 1407 4850 de
1430 4798 1623 4852 animae

85 4868 402 4939 beatitudine,
430 4885 486 4929 et
515 4875 616 4930 hoc
642 4879 696 4930 in
728 4879 1087 4936 misericordia
1119 4893 1232 4950 tua,
1277 4901 1379 4940 non
1413 4887 1463 4941 in
1494 4889 1623 4945 solis

85 4961 258 5016 meritis
286 4965 416 5018 suis.
454 4965 518 5019 Et
548 4981 674 5021 vere
719 4969 1065 5025 exsultabant
1113 4973 1165 5026 in
1213 4990 1458 5043 corpore,
1493 4996 1620 5047 quo-

86 5047 196 5102 uiam
221 5053 485 5120 respexiin
507 5056 852 5112 humilitatem
882 5075 1068 5122 nteant,
1101 5061 1150 5114 id
1180 5073 1279 5124 est,
1310 5063 1617 5119 misericor-

82 5136 197 5191 diter
235 5143 624 5207 considerabis,
671 5155 730 5199 ut
776 5148 897 5201 inde
927 5165 1019 5202 eos
1055 5168 1212 5205 eruas
1245 5171 1338 5222 per
1367 5156 1620 5223 dcjea-tio-

86 5241 180 5279 netu
224 5233 463 5300 corporis
512 5249 774 5289 meorum.
827 5237 1117 5307 Subjacent
1165 5243 1307 5296 enim
1357 5247 1619 5316 angustiis

85 5317 318 5374 oitmibus.
352 5322 504 5390 Quod
535 5324 665 5380 dicit
697 5329 986 5396 respexisti,
1030 5345 1059 5384 a
1107 5332 1456 5391 similitudine
1499 5338 1618 5395 illo-

88 5421 178 5460 rum
204 5409 348 5480 dicit,
379 5415 469 5484 qui
495 5429 810 5486 oppressum
838 5420 1069 5492 benigne
1097 5425 1389 5494 respiciunt
1417 5438 1472 5482 ut
1503 5430 1619 5500 ejus

85 5495 423 5557 misereantur.
472 5504 542 5559 Et
584 5520 713 5560 vere
757 5507 1077 5566 laetabuntur
1125 5515 1176 5568 in
1228 5516 1430 5572 anima.
1483 5495 1618 5575 Nam

81 5587 281 5654 sulvasti,
315 5595 367 5648 id
391 5604 493 5660 est,
521 5595 753 5651 salvabis
779 5601 1009 5654 animam
1039 5620 1225 5666 meam,
1252 5605 1304 5659 id
1332 5616 1437 5671 εει,
1469 5624 1617 5664 meo-

81 5687 196 5746 rum,
224 5680 283 5736 de
311 5686 722 5756 necessitatibus,
755 5688 806 5745 id
837 5698 938 5758 cst,
977 5693 1041 5748 de
1079 5694 1457 5765 fragilitatibus
1496 5716 1614 5771 quae

1662 3202 1708 3267 C

1748 1973 1945 2037 salute,
1997 1975 2431 2045 apostmphatice
2475 1977 2640 2033 Deum
2688 1989 2807 2034 orat
2853 1991 2910 2035 ut
2950 1982 3004 2038 in
3057 1983 3136 2038 eis
3177 2000 3328 2040 com-

1747 2065 1892 2134 pleat
1920 2065 2063 2134 quod
2092 2065 2484 2132 etmntiaverat,
2512 2068 2591 2122 sic
2616 2069 2801 2125 dicens
2831 2088 2844 2124 :

1817 2155 2104 2210 Enuntiavi
2136 2157 2274 2225 quod
2304 2159 2406 2212 mei
2439 2160 2784 2215 exsultabant
2811 2171 2862 2217 et
2891 2163 3236 2229 lzetabuntur,
3267 2174 3323 2219 ει

1745 2253 1806 2298 ιιι
1837 2246 1937 2300 hoc
1981 2247 2071 2311 sit,
2098 2245 2343 2301 Miserere
2381 2250 2502 2314 ntei,
2539 2250 2588 2303 id
2626 2261 2730 2317 est,
2769 2268 3037 2318 meorum,
3083 2254 3320 2310 Domine.

1747 2335 1812 2388 Et
1843 2349 2061 2390 necesse
2090 2346 2172 2392 est
2198 2337 2298 2403 eis,
2326 2340 2573 2407 quoniam
2598 2342 2842 2406 tribulor,
2874 2343 2925 2397 id
2957 2353 3060 2410 cst,
3092 2346 3196 2399 mei
3229 2341 3324 2400 ti‘i-

1745 2426 2015 2480 bulantur.
2040 2427 2104 2482 Et
2131 2429 2354 2498 exponit
2382 2430 2553 2499 ipsam
2575 2433 2975 2490 tribulationem
3004 2452 3100 2507 per
3119 2445 3324 2506 patres.

1745 2516 1883 2572 Vere
1911 2519 2266 2586 tribulantur;
2301 2537 2424 2575 nam
2453 2524 2790 2580 conturbatus
2819 2537 2893 2581 est
2923 2529 2975 2582 in
3005 2529 3086 2582 ira
3141 2529 3326 2584 oculus

1742 2624 1910 2674 meus,
1937 2611 2115 2664 anima
2145 2627 2261 2664 mea
2304 2620 2351 2664 et
2384 2623 2554 2665 venter
2579 2631 2743 2680 meus,
2794 2616 2844 2669 id
2871 2627 2972 2681 εει,
3007 2617 3325 2673 debilitatus

1740 2709 1826 2756 est
1859 2700 1910 2753 in
1941 2701 2176 2754 vindicta
2209 2717 2369 2770 quam
2399 2705 2654 2773 accepisti
2687 2707 2752 2761 de
2787 2717 3009 2776 peccato
3039 2709 3166 2764 Adae
3197 2725 3324 2762 con-

1744 2789 1876 2842 tuitu
1906 2789 2130 2844 rationis
2162 2805 2424 2844 meorum.
2460 2790 2811 2848 Conturbattts
2847 2797 3064 2865 ponitur
3102 2813 3130 2850 a
3172 2797 3323 2851 simi-

1739 2878 1964 2934 litudine
1988 2879 2150 2943 oculi,
2185 2880 2415 2949 caligine
2445 2882 2524 2937 vel
2559 2883 2740 2952 aliquo
2771 2886 2957 2940 morbo
2987 2888 3317 2950 conturbati,

1739 2970 1828 3040 qui
1884 2969 2076 3024 debilis
2133 2978 2216 3023 est
2267 2971 2333 3023 ad
2385 2971 2691 3026 videndum.
2747 2974 2813 3028 Et
2864 2976 3181 3030 conturbata
3235 2987 3321 3031 εει

1738 3058 1915 3110 anima
1961 3072 2231 3124 ineorum,
2286 3059 2338 3114 id
2387 3069 2492 3126 est,
2533 3062 2809 3116 debilitata
2855 3074 2938 3118 est
2987 3065 3220 3120 vitalitas
3265 3077 3320 3121 et

1739 3147 2061 3202 sensualitas
2090 3164 2351 3215 meorum,
2382 3159 2435 3204 et
2467 3152 2774 3205 debilitatus
2801 3163 2884 3207 est
2915 3166 3104 3219 venter,
3134 3155 3182 3209 id
3213 3167 3313 3214 est.

1739 3258 1934 3311 corpus
1975 3243 2087 3313 89
2131 3259 2342 3307 eorum,
2386 3259 2415 3297 a
2462 3245 2690 3299 molliori
2738 3259 2889 3315 parte
2922 3257 3091 3302 totum
3121 3265 3319 3320 corpus

1737 3331 2005 3400 designat,
2052 3343 2110 3386 ut
2161 3333 2289 3386 illud
2339 3348 2451 3387 rem
2497 3334 2884 3390 debilissimam
2935 3353 3055 3394 esse
3103 3341 3312 3395 innuat.

1737 3423 1966 3491 Exponit
1999 3433 2177 3477 autem
2214 3426 2482 3494 quoutodo
2511 3427 2582 3480 sit
2615 3427 2792 3480 anima
2823 3431 3164 3494 conturbata,
3199 3433 3310 3487 sic;

1737 3516 1873 3570 Vere
1897 3516 2096 3580 anima,
2134 3516 2184 3570 id
2219 3528 2302 3571 est
2327 3515 2586 3584 vitalitas,
2615 3519 2888 3573 dehiitata
2920 3531 3021 3588 εει,
3051 3524 3309 3592 quoniam

1735 3607 1850 3676 ipsa
1872 3608 1973 3660 vita
1999 3624 2134 3670 mea,
2168 3608 2217 3660 id
2242 3617 2324 3662 εει
2352 3608 2588 3663 vitalitas
2615 3627 2878 3677 meorum,
2912 3613 3096 3681 defecit
3127 3615 3179 3666 in
3208 3615 3310 3666 do-

1733 3696 1859 3759 lore,
1895 3696 1945 3750 id
1974 3706 2078 3759 est,
2107 3696 2431 3754 defectibilis
2458 3699 2598 3756 facta
2631 3711 2713 3755 est
2753 3718 2846 3771 per
2873 3703 3133 3769 dolorem,
3167 3706 3310 3774 quod

1734 3802 1838 3840 non
1885 3786 2041 3841 fleret
2087 3789 2189 3841 nisi
2234 3788 2404 3843 Adam
2453 3801 2751 3859 peccasset.
2787 3793 2940 3860 Quod
2969 3803 3050 3848 est
3077 3795 3256 3850 dicere
3293 3814 3304 3847 :

1733 3876 1877 3934 Talis
1913 3889 2119 3933 natura:
2167 3880 2305 3934 facta
2343 3889 2426 3934 est
2467 3883 2609 3952 quod
2661 3900 2756 3952 per
2786 3885 3017 3954 aliquem
3067 3886 3305 3940 dolorem

1729 3979 1906 4039 potest
1947 3971 2195 4025 deiicere.
2250 3969 2311 4023 Et
2349 3973 2476 4025 anui
2505 3976 2602 4026 mei
2635 3985 2759 4028 sunt
2787 3975 3118 4030 defectibiles
3140 3978 3191 4028 iu
3221 3993 3308 4045 ge-

1729 4061 1978 4120 mitibus;
2020 4062 2149 4115 anni
2176 4071 2230 4116 et
2277 4062 2378 4116 vita
2417 4063 2506 4118 hic
2549 4064 2686 4117 idem
2728 4074 2828 4120 est.
2877 4065 3028 4132 Quod
3057 4077 3140 4120 est
3169 4083 3232 4119 ac
3261 4067 3305 4118 si

1729 4149 1872 4204 dicat
1905 4165 1919 4204 :
1949 4149 2062 4205 Non
2095 4160 2299 4205 tantum
2331 4151 2649 4207 defectibilis
2693 4154 2918 4208 dicenda
2949 4165 3033 4208 est
3068 4170 3132 4208 co
3162 4154 3302 4224 quod

1733 4257 1830 4311 per
1855 4243 2092 4298 dolorem
2124 4245 2230 4298 cito
2257 4244 2396 4298 liniri
2440 4255 2636 4315 potest,
2675 4249 2764 4302 sed
2812 4249 2929 4301 ideo
2955 4247 3117 4302 etiam
3155 4247 3300 4315 quia,

1729 4337 1852 4389 dum
1881 4337 2038 4390 durat
2061 4335 2116 4391 in
2147 4337 2353 4392 crebris
2374 4338 2659 4407 gemitibus
2685 4339 3070 4392 adversitatum
3101 4338 3303 4390 consti-

1731 4436 1863 4492 tuta,
1912 4427 2093 4482 deﬁcit
2140 4442 2172 4480 a
2221 4428 2552 4482 beatitudine
2599 4427 2814 4489 laetitiae,
2869 4441 3030 4495 quam
3082 4427 3304 4480 haberet

1727 4517 2017 4580 continue,
2073 4517 2118 4571 si
2178 4527 2578 4586 perseverasset
2634 4518 2937 4572 obedientia
2993 4518 3148 4581 Adae;
3204 4535 3302 4588 per

1727 4609 2085 4664 ostensionem
2133 4618 2312 4663 autem
2350 4609 2664 4665 defectionis
2709 4610 2985 4665 vitalitatis
3030 4611 3205 4664 innuit
3247 4622 3304 4666 et

1726 4715 1922 4769 corpus
1951 4701 2234 4766 defecisse,
2269 4701 2413 4770 quod
2441 4717 2470 4754 a
2503 4703 2766 4756 vitalitate
2795 4711 3091 4772 vegetatur.
3125 4704 3305 4758 lunuit
3367 4711 3374 4716 '

1725 4775 1941 4862 quoque
1983 4795 2386 4849 scnsualitatem
2420 4793 2702 4849 defecisse.
2740 4795 2869 4862 Qum
2914 4811 3039 4850 vere
3081 4796 3296 4850 defecit.

1726 4885 1900 4938 Minus
1923 4885 2064 4938 enim
2093 4886 2256 4938 etiam
2284 4887 2638 4955 corporaliter
2665 4887 2906 4942 videmus
2933 4896 2988 4942 ει
3015 4889 3299 4943 sentimus.

1728 4975 2014 5029 Sciendum
2043 4985 2124 5029 est
2160 4977 2394 5030 animam
2427 4987 2480 5030 ει
2523 4978 2928 5033 sensualitatem
2972 4987 3028 5032 et
3071 4979 3301 5032 vilalila-

1730 5076 1836 5119 tem
1871 5067 2008 5121 idem
2039 5081 2186 5131 esse;
2237 5068 2330 5121 sed
2358 5071 2650 5122 secundum
2683 5069 2891 5123 diversa
2921 5068 3093 5123 cilicia
3126 5070 3300 5122 diver-

1727 5159 1804 5214 sis
1843 5161 2146 5215 nominibus
2172 5172 2530 5230 nuncupatur.
2569 5163 2757 5216 Anima
2803 5171 2980 5216 autem
3008 5161 3122 5229 ejus
3147 5161 3295 5230 prin~

1727 5249 1899 5319 cipale
1931 5250 2243 5304 vocabulum
2291 5264 2392 5306 est.
2443 5252 2778 5308 Sensualitas
2823 5267 2949 5305 vero
2993 5251 3188 5306 dicitur
3230 5265 3296 5304 eo

1728 5340 1867 5410 quod
1891 5356 1984 5409 per
2006 5357 2264 5409 corporea
2290 5342 2644 5397 instrumenta
2669 5345 2908 5398 diversos
2929 5355 3121 5396 sensus
3141 5356 3296 5395 exer-

1726 5439 1863 5496 ceat,
1896 5441 1953 5484 ut
1979 5447 2074 5500 per
2104 5434 2288 5488 oculos
2320 5435 2481 5499 videt,
2514 5452 2612 5506 per
2639 5451 2796 5489 aures
2841 5435 3011 5488 audit.
3053 5435 3294 5490 Vitalitas

1723 5524 1938 5593 quidem
1985 5525 2181 5580 dicitur
2226 5543 2292 5580 eo
2339 5527 2480 5596 quod
2511 5543 2708 5598 corpus
2738 5529 3032 5595 vegetando
3061 5527 3187 5582 illud
3219 5529 3294 5581 vi-

1722 5629 1848 5667 vere
1897 5616 2076 5670 faciat.
2124 5617 2258 5670 Cum
2299 5626 2473 5672 autem
2522 5619 2719 5672 dicitur
2755 5617 2991 5673 vitalitas
3021 5627 3076 5673 et
3114 5619 3290 5672 anima

1724 5703 1976 5770 deiicere,
2003 5715 2054 5760 et
2084 5707 2257 5760 anima
2287 5714 2540 5775 perpetua
2580 5723 2696 5761 esse
2727 5708 2998 5772 videatur;
3050 5709 3186 5761 idem
3216 5721 3292 5759 εει
