3862 6322
10 5368 13 5493 ἶ

549 426 649 483 ’ἱ55

1115 417 1173 473 S.
1206 414 1552 473 BRUNONIS
1588 400 2230 469 CARTIIUSIANORUM
2263 392 2753 454 [NSTITUTORIS
2791 390 2943 450 ΟΡΡ.
2984 388 3163 446 PARS
3200 388 3242 443 ι.
3663 394 3738 449 755

526 554 613 597 'ac
640 541 686 596 si
718 538 863 593 dicat
896 553 910 588 :
942 532 1137 588 Deﬁcit
1168 508 1223 586 in
1267 528 1425 585 cilicii
1452 527 1534 583 sui
1564 524 1848 587 exercitio,
1897 535 2003 575 non
2034 532 2125 571 au-
2155 517 2201 570 Α
2229 521 2597 577 terrenorum,
2632 525 2753 580 quae
2779 509 2919 564 bene
2951 507 3209 562 dicuntur
3241 501 3515 569 circuitus,
3543 518 3603 560 eo
3630 513 3740 578 quod

547 644 655 691 tem
684 631 738 687 in
765 629 849 687 sui
876 626 1130 684 essentia.
1154 624 1292 678 Nam
1320 622 1365 677 si
1396 621 1512 690 ejus
1538 632 1604 672 ex
1631 625 1744 671 toto
1763 613 2124 685 penimeretnr

545 721 803 783 essentia,
840 733 945 772 non
975 723 1119 771 esset
1147 712 1334 783 utique
1363 718 1641 780 perpetua.

622 808 857 879 Exponit
901 808 1064 862 etiam
1119 802 1389 875 quomodo
1429 799 1500 855 sit
1530 796 1720 851 oculus
1750 792 2122 855 conturbatus,

534 892 633 958 sic
679 917 694 956 :
742 898 883 954 Vere
932 896 1271 951 conturbatus
1325 901 1401 945 est
1450 888 1668 950 oculus,
1719 880 1909 956 quiet
1952 883 2126 937 virtus

551 1005 798 1047 meorum
833 988 1049 1051 dicitur,
1076 992 1300 1056 propter
1328 980 1414 1035 sui
1444 979 1784 1050 dignitatem.
1808 975 1942 1029 Nam
1964 973 2127 1027 virtus

556 1099 696 1146 mea,
728 1081 780 1135 id
811 1086 895 1134 est
940 1077 1080 1132 ratio
1112 1088 1381 1135 meorum,
1413 1071 1687 1139 inﬁrmata
1718 1075 1793 1122 est
1818 1066 1872 1119 in
1900 1078 2125 1135 pauper-

553 1183 683 1238 tate,
716 1172 768 1227 id
800 1178 904 1234 est,
953 1168 1165 1223 laborat
1195 1166 1262 1218 ad
1308 1162 1528 1217 modum
1557 1158 1971 1223 inﬁrmantium,
2002 1169 2129 1226 pro-

551 1274 672 1334 pter
695 1259 1045 1331 indigentiam
1066 1255 1239 1327 plena:
1259 1250 1585 1325 cognitionis
1602 1249 1719 1305 Dei.
1736 1248 1799 1302 Et
1814 1248 1941 1317 quia
1955 1246 2130 1301 virtus

552 1354 826 1408 inﬁrmata
849 1357 953 1415 est,
987 1365 1105 1403 ossa
1144 1363 1260 1401 mea
1290 1343 1604 1400 conturbata
1634 1348 1775 1408 sunt,
1805 1340 1858 1395 id
1881 1347 1989 1404 est,
2012 1339 2127 1392 vir-

552 1452 693 1499 tutes
717 1455 960 1495 meorum
985 1438 1283 1494 debilitatae
1314 1443 1469 1500 sunt;
1496 1433 1752 1489 dicuntur
1774 1438 1957 1485 autem
1983 1445 2127 1494 ossa,

550 1540 775 1602 propter
810 1522 1183 1585 fortitudinem
1232 1542 1393 1598 quam
1430 1524 1654 1587 habent,
1692 1523 1761 1577 ad
1788 1521 2008 1576 modum
2036 1535 2129 1574 os-

551 1627 692 1680 sium
725 1641 846 1696 quae
882 1626 1108 1681 fortiora
1154 1634 1283 1680 sunt
1325 1637 1514 1678 carne.
1553 1621 1786 1678 Ostensa
1825 1633 1932 1673 una
1963 1632 2126 1673 causa

484 1785 491 1799 ‘
552 1730 725 1785 quare
749 1716 945 1773 debeat
972 1717 1241 1779 misereri,
1273 1716 1483 1770 scilicet
1505 1723 1726 1783 propter
1744 1726 1930 1766 eorum
1960 1709 2130 1763 tribu-

552 1806 814 1861 lationem
869 1824 885 1863 :
946 1806 1108 1860 aliam
1162 1804 1460 1874 subiungit,
1518 1802 1829 1873 passionem
1876 1799 2132 1854 videlicet

2224 617 2502 673 nunquam
2530 600 2689 655 ﬁrma
2719 607 2867 665 sunt,
2904 598 3000 653 sed
3032 606 3163 653 eunt
3196 596 3251 649 in
3274 594 3574 661 circuitum,
3599 596 3643 651 id
3663 611 3739 665 est,

2225 708 2442 765 semper
2465 691 2757 747 volvuntur
2782 688 3075 759 aliquando
3103 687 3156 742 in
3187 700 3467 757 prospera,
3500 685 3745 756 aliquando

2225 786 2279 842 in
2309 785 2555 840 adversa.
2585 782 2741 850 Quod
2782 790 2868 837 est
2903 780 3085 836 dicere
3128 796 3142 833 :
3181 777 3309 834 ldeo
3343 778 3647 847 reputabunt
3678 797 3745 837 me

2226 893 2479 954 tanquam
2519 897 2610 937 vas
2652 880 2948 951 perditum;
2990 877 3118 948 quia
3153 890 3277 931 cum
3314 875 3632 944 vituperatus
3654 891 3743 943 ero,

2227 991 2315 1031 me
2361 975 2630 1030 videbunt
2664 982 2848 1028 tacere
2872 970 3029 1041 quasi
3059 984 3232 1025 reum.
3266 967 3336 1022 Et
3364 967 3480 1021 ideo
3509 967 3744 1036 adhuéfa-

2228 1078 2341 1123 ctus
2360 1084 2475 1122 sum
2501 1076 2753 1137 tanquam
2776 1082 2864 1120 vas
2886 1063 3147 1134 perditum
3161 1078 3180 1127 ;
3211 1060 3340 1131 quia
3364 1057 3530 1115 Judaei
3556 1061 3744 1116 existen.

2230 1170 2313 1216 tes
2344 1159 2396 1214 in
2431 1175 2490 1213 eo
2522 1158 2749 1229 circuitu
2786 1170 2949 1226 quem
2990 1153 3138 1219 dixi;
3186 1152 3316 1207 dum
3360 1152 3679 1216 convenirent,
3709 1154 3748 1209 id

2238 1259 2324 1308 est
2351 1249 2478 1306 dum
2503 1247 2852 1312 convenient,
2898 1243 3209 1316 congregati
3234 1240 3585 1311 corporaliter
3603 1241 3748 1296 adver-

2228 1357 2343 1396 sum
2366 1354 2467 1403 me,
2496 1337 2549 1393 id
2573 1344 2676 1400 est,
2706 1345 2765 1390 ut
2785 1335 2919 1390 mihi
2944 1334 3255 1399 detrahant,
3279 1332 3382 1402 ipsi
3405 1330 3553 1385 simul
3573 1347 3750 1387 manca.

2230 1443 2329 1497 tes,
2366 1432 2421 1487 id
2449 1440 2554 1497 est,
2583 1430 2637 1485 in
2665 1429 2853 1485 eadem
2880 1426 3161 1483 voluntate
3190 1424 3386 1480 mortis
3409 1439 3543 1479 meae
3570 1440 3751 1481 concor‘

2230 1529 2324 1583 des
2361 1523 2623 1580 consiliati
2679 1532 2819 1587 sunt,
2861 1520 2915 1575 id
2960 1529 3041 1575 est
3078 1516 3526 1581 consiliabuntur,
3570 1517 3755 1585 accipere

2230 1617 2461 1670 animam
2484 1629 2675 1677 meam,
2707 1611 2760 1666 id
2782 1618 2889 1676 est,
2921 1608 3140 1664 auferre
3171 1608 3339 1660 vitam
3376 1619 3569 1670 meam,
3589 1620 3615 1657 a
3638 1606 3753 1659 simi-

2229 1707 2459 1762 litudine
2508 1704 2651 1759 illius
2673 1702 2766 1773 qui
2788 1701 2857 1758 ab
2885 1701 3133 1756 hostibus
3156 1698 3426 1767 accipitur
3450 1705 3507 1749 ut
3526 1697 3753 1765 perdatur.

2236 1797 2388 1866 Quod
2421 1805 2505 1851 est
2533 1810 2598 1850 ac
2628 1794 2672 1849 si
2701 1793 2910 1849 diceret
2937 1809 2951 1846 :
2981 1790 3116 1858 Quia
3142 1789 3407 1844 videbunt
3430 1802 3521 1841 eos
3540 1788 3600 1840 de
3621 1797 3758 1843 morte

550 1909 708 1951 9mm
748 1903 806 1950 ει
838 1893 1094 1963 iniuriam
1132 1910 1231 1964 pro
1265 1894 1345 1948 eis
1388 1893 1723 1963 Patiendﬂm.
1763 1906 1927 1961 quam
1966 1889 2129 1943 etiam
2164 1862 2207 1921 Β
2238 1907 2357 1948 mea
2382 1886 2685 1953 consiliari,
2709 1886 2895 1941 ethoc
2920 1883 2988 1939 ad
3015 1881 3267 1937 eﬂ‘ectum
3301 1879 3562 1935 deducere
3589 1894 3661 1932 me
3680 1896 3756 1933 non

553 1986 815 2041 ostendit.
852 1986 921 2040 Et
947 1986 1050 2041 hoc
1080 1986 1157 2039 sic
1193 1984 1325 2039 dicit
1362 2001 1375 2036 :
1413 1984 1546 2038 Dico
1575 1983 1836 2037 miserere
1866 1998 2129 2048 meorum,

554 2077 813 2146 quoniam
851 2074 1201 2130 tribulantur.
1240 2076 1307 2128 Et
1336 2074 1459 2129 ideo
1499 2073 1696 2137 adhuc,
1729 2074 1855 2144 quia
1891 2083 1950 2128 ut
1975 2083 2028 2128 tu
2054 2074 2133 2129 eis

554 2168 892 2233 miserearis,
932 2184 1089 2238 super
1124 2182 1299 2221 omnes
1337 2166 1584 2221 inimicos
1618 2183 1759 2220 meos
1799 2167 1973 2236 factus
2017 2182 2134 2220 sum

558 2262 917 2332 opprobrium,
950 2261 1002 2315 id
1038 2268 1145 2324 est,
1177 2258 1303 2313 fiam
1338 2259 1575 2315 inimicis
1614 2261 1749 2313 meis
1784 2259 2134 2329 opprobrium

559 2362 616 2406 et
653 2352 877 2418 derisio,
911 2352 1033 2422 plus
1067 2366 1231 2421 quam
1272 2350 1374 2421 ipsi
1420 2351 1586 2405 futuri
1618 2359 1746 2405 sunt
1782 2350 2136 2420 Opprnbrinm

542 2448 615 2493 ἐι
654 2439 857 2495 derisio
892 2439 1168 2509 gentibus,
1207 2452 1328 2491 cum
1361 2436 1430 2491 ab
1452 2438 1533 2491 eis
1558 2438 1758 2507 captivi
1789 2438 2059 2491 ducentur
2083 2442 2138 2489 et

562 2530 965 2601 dispergentnr.
1002 2529 1059 2583 In
1106 2529 1212 2583 alia
1248 2528 1605 2583 translatione
1660 2527 1895 2581 habetur
1928 2544 1942 2580 :
1984 2526 2138 2595 Apud

560 2639 743 2678 omnes
769 2623 1009 2677 inimicos
1037 2637 1200 2685 meos,
1232 2620 1284 2674 id
1318 2627 1423 2685 est,
1456 2619 1711 2674 omnibus
1742 2618 1978 2673 inimicis
2003 2617 2139 2672 meis

557 2714 687 2770 fiam
715 2713 1087 2783 opprobrium.
1125 2709 1193 2763 Et
1226 2710 1387 2763 etiam
1418 2709 1597 2763 vicinis
1632 2710 1780 2773 meis,
1816 2708 1866 2762 id
1896 2716 2001 2772 est,
2034 2707 2140 2762 illis

544 2806 656 2877 qui
694 2803 1086 2875 aliquantulum
1122 2802 1695 2872 appmpinquaverunt
1736 2809 1796 2854 nt
1824 2813 1909 2855 me
1943 2813 2144 2869 cogno-

559 2903 807 2962 scerent,
858 2896 1099 2951 nondum
1157 2901 1372 2948 tantum
1422 2900 1744 2956 noscentes,
1794 2891 1934 2944 sicut
1985 2888 2141 2943 multi

556 2989 781 3046 fuerunt
821 3004 882 3045 es
929 2989 1161 3051 Judaeis;
1204 2988 1378 3057 factus
1410 3002 1525 3041 sum
1559 2984 1911 3055 opprobrium,
1951 2981 2004 3036 id
2036 2988 2139 3048 est,

557 3082 1073 3138 verecundahuntnr
1107 3095 1165 3136 se
1197 3081 1406 3136 vicinos
1442 3094 1592 3134 meos
1632 3077 1834 3143 fuisse;
1877 3085 1925 3128 et
1957 3076 2138 3138 timor,

558 3176 616 3234 id
644 3188 750 3245 est,
780 3191 944 3231 causa
973 3175 1185 3229 timoris
1216 3173 1342 3227 ﬁam
1370 3173 1505 3226 notis
1531 3172 1683 3235 meis,
1708 3169 1760 3223 id
1788 3177 1892 3232 est,
1921 3175 2143 3236 aposto-

558 3271 653 3337 lis,
676 3286 744 3327 ne
763 3283 850 3324 me
874 3267 1123 3324 conﬁteri
1151 3265 1388 3319 audeant
1414 3264 1609 3317 timore
1640 3260 1853 3315 mortis.
1889 3259 2044 3314 Unde
2068 3257 2145 3311 le-

561 3365 709 3435 gitur
755 3380 768 3416 :
816 3381 834 3413 ι
866 3360 992 3415 Νοιί
1045 3358 1149 3411 mei
1192 3356 1350 3426 quasi
1392 3353 1553 3407 alieni
1596 3359 1944 3406 recesserunt
1989 3365 2016 3402 a
2058 3363 2145 3402 me

564 3453 689 3524 (Job
722 3469 778 3517 χ,
812 3451 901 3521 15)
931 3468 943 3502 :
978 3468 995 3501 ›
1062 3446 1183 3499 Dixi
1216 3444 1358 3513 quod
1400 3443 1581 3496 vicinis
1623 3440 1747 3493 ﬁam
1788 3439 2142 3508 opprobrium.

565 3545 636 3599 Et
668 3544 793 3607 ideo,
823 3541 926 3611 ipsi
950 3539 1139 3601 vicini,
1165 3537 1253 3606 qui
1280 3535 1520 3589 videbant
1546 3549 1626 3586 me
1650 3532 1817 3596 foras,
1843 3531 1894 3585 id
1921 3539 2025 3593 est,
2052 3532 2145 3599 qui

566 3633 827 3688 videbant
859 3642 944 3684 me
961 3627 1262 3698 secundum
1294 3624 1621 3679 forinsecam
1648 3631 1913 3683 naturam,
1941 3621 2149 3676 scilicet

568 3724 870 3779 secundum
913 3720 1333 3784 humanitatem,
1365 3731 1470 3787 qua
1513 3714 1724 3783 patiar;
1755 3722 1808 3768 et
1840 3729 1984 3768 nunc
2014 3727 2149 3767 con-

571 3816 877 3871 siderantes
909 3813 1207 3867 secundum
1255 3807 1615 3871 divinitatem,
1650 3806 1918 3875 fugerunt,
1958 3805 2011 3858 id
2041 3812 2143 3867 est,

571 3924 640 3964 ex
673 3914 784 3960 toto
807 3904 1063 3959 recedent
1089 3920 1120 3956 a
1151 3917 1253 3966 me,
1287 3900 1340 3955 id
1366 3910 1469 3964 est,
1501 3915 1528 3953 a
1560 3914 1653 3968 spe
1678 3912 1838 3966 quam
1866 3897 1917 3950 in
1944 3912 2030 3949 me
2056 3896 2152 3948 ha-

568 4000 788 4054 bebant.
836 3996 934 4051 Vel
979 3997 1098 4051 sic:
1135 3994 1239 4060 Qui
1278 3992 1542 4054 videbant,
1584 3991 1637 4044 id
1675 3999 1779 4053 est,
1817 3994 2152 4059 cognoscent

571 4089 969 4160 aliquantulum
994 4101 1100 4150 me,
1135 4084 1345 4155 fugient
1365 4099 1396 4135 a
1418 4097 1517 4144 me,
1544 4080 1687 4150 [oras
1718 4088 1929 4143 euntes,
1966 4078 2016 4131 id
2045 4085 2151 4140 est,

569 4182 651 4235 eis
679 4180 938 4235 cedentes
962 4177 1051 4247 qui
1081 4175 1215 4229 foris
1245 4181 1373 4229 sunt
1396 4187 1426 4227 a
1449 4171 1761 4241 cognitione
1786 4185 1927 4232 mea,
1952 4168 2153 4223 Judaeis

546 4272 549 4273 ⁷
580 4271 815 4326 scilicet.
853 4269 921 4323 Et
950 4284 1056 4322 non
1091 4268 1167 4320 ita
1196 4263 1406 4335 fugient
1432 4269 1493 4315 ut
1520 4269 1868 4315 revertantur
1890 4266 2033 4328 post,
2058 4255 2151 4311 sed

570 4360 819 4417 oblivioni
852 4360 1006 4414 datus
1038 4373 1176 4420 sum,
1209 4356 1261 4408 id
1290 4361 1374 4408 est
1405 4351 1597 4415 dabor,
1630 4359 1882 4419 tanquam
1914 4357 2153 4400 mortuus

573 4470 692 4508 sum
724 4472 754 4506 α
784 4454 964 4516 corde,
1006 4451 1057 4504 id
1082 4457 1188 4512 est,
1219 4442 1517 4500 secundum
1548 4442 1789 4495 animam
1814 4441 1867 4494 in
1894 4447 2150 4509 peccato;

2235 1984 2543 2046 resistente,
2570 1978 2902 2049 repntabnnt
2923 1989 3011 2029 me
3035 1973 3195 2044 quasi
3228 1988 3317 2026 vas
3353 1972 3622 2041 perditum.
3652 1970 3753 2027 Dixi.

2235 2073 2377 2146 quod
2420 2071 2857 2128 consiliabuntur
2905 2067 3145 2135 accipere
3184 2064 3420 2117 animam
3464 2077 3637 2114 meam.
3679 2060 3760 2129 Ego

2236 2177 2409 2221 autem
2436 2166 2493 2218 in
2523 2173 2571 2217 te
2593 2161 2815 2231 speravi,
2851 2158 2903 2213 id
2935 2165 3040 2222 est,
3076 2156 3130 2211 in
3166 2164 3219 2209 te
3264 2168 3419 2224 Spem
3458 2167 3655 2222 ponam,
3683 2150 3761 2205 Do-

2236 2259 2393 2311 mine.
2430 2255 2497 2309 Et
2532 2254 2664 2316 disi,
2697 2252 2749 2306 id
2777 2260 2862 2306 est
2891 2250 3093 2314 dicam,
3133 2257 3189 2302 et
3217 2244 3424 2307 verbis,
3458 2253 3510 2298 et
3543 2258 3700 2314 opere,
3722 2252 3762 2297 et

2238 2347 2548 2413 affectione,
2577 2361 2610 2399 ο
2637 2342 2888 2408 Domine,
2922 2341 3061 2410 eripe
3094 2354 3173 2393 me
3201 2337 3265 2391 de
3296 2352 3483 2400 manu,
3516 2334 3567 2388 id
3597 2346 3666 2389 est
3716 2336 3763 2389 de

2238 2447 2530 2510 potestate,
2547 2436 2876 2489 inimicorum
2893 2446 3126 2486 meorum
3148 2428 3478 2489 Judzeorum,
3496 2442 3559 2481 ne
3580 2427 3649 2480 eis
3667 2441 3762 2479 con-

2240 2529 2462 2585 former.
2503 2526 2571 2580 Et
2620 2527 2760 2594 eripe
2797 2540 2879 2578 me
2924 2540 2955 2576 a
3000 2519 3431 2593 persequentibus
3475 2533 3553 2570 me
3594 2514 3762 2569 induis.

2241 2619 2395 2687 Quod
2424 2628 2509 2673 est
2540 2617 2722 2671 dicere
2754 2632 2767 2668 :
2804 2612 2968 2682 Eripe
2999 2625 3087 2665 me
3124 2624 3153 2662 a
3193 2615 3462 2677 potestate
3490 2605 3762 2665 Judaaorum,

2242 2726 2310 2767 ne
2341 2710 2472 2763 mihi
2507 2706 2857 2777 praevaleant,
2891 2702 2984 2772 qui
3018 2708 3146 2755 sunt
3174 2696 3386 2752 inimici
3419 2695 3517 2749 mei
3545 2704 3597 2748 et
3625 2708 3766 2765 perse-

2243 2812 2496 2875 quentes.
2532 2798 2681 2853 Multi
2721 2809 2956 2864 namque
2985 2790 3193 2847 inimici
3227 2796 3380 2853 sunt,
3419 2787 3506 2857 qui
3545 2801 3642 2839 non
3677 2792 3767 2838 sunt

2245 2874 2660 2966 persequentes.
2711 2887 2946 2955 Ideoque
2999 2884 3139 2939 bene
3179 2879 3352 2943 addit,
3406 2895 3437 2930 a
3474 2874 3769 2945 persequenti-

2246 2986 2338 3040 bus
2366 3001 2466 3038 me.

2317 3078 2383 3132 Et
2428 3072 2711 3147 praemittit
2759 3081 2954 3126 causas
3009 3065 3075 3120 de
3117 3062 3317 3138 quibus
3358 3059 3634 3128 eripiatur,
3672 3054 3767 3108 sic:

2248 3170 2398 3229 Dico,
2434 3167 2611 3235 eripe;
2641 3172 2693 3218 et
2727 3162 2948 3230 dignum
2991 3165 3093 3211 est.
3134 3154 3269 3207 Nam
3301 3151 3443 3205 Deus
3481 3165 3619 3202 meus
3642 3156 3771 3206 ests;

2254 3270 2440 3329 reputo
2471 3269 2523 3311 te
2544 3256 2857 3311 Creatorem
2884 3264 3085 3303 meum.
3118 3246 3185 3299 Et
3212 3244 3338 3313 quia
3362 3252 3524 3295 sortes
3550 3254 3664 3292 mere
3682 3243 3771 3290 sunt

2249 3354 2303 3407 in
2332 3349 2573 3404 manibus
2605 3345 2733 3410 tuis,
2773 3343 2825 3397 id
2856 3350 2961 3406 cst,
3005 3337 3302 3393 electiones
3338 3347 3471 3387 meae
3500 3339 3616 3385 sunt
3641 3330 3683 3381 in
3706 3341 3772 3379 ro-

2252 3440 2554 3496 luntatihns
2585 3436 2713 3489 tuis.
2738 3433 2890 3500 Quod
2916 3439 2999 3485 est
3035 3429 3217 3483 dicere
3257 3444 3269 3479 :
3310 3424 3446 3491 Quia
3477 3418 3774 3476 solasvohm—

2253 3542 2397 3589 tates
2426 3539 2548 3584 tuas
2575 3526 2753 3597 eligo;
2784 3533 2949 3577 sortes
2982 3536 3082 3591 pro
3112 3514 3475 3574 electionibus
3501 3513 3655 3583 ponit,
3680 3508 3773 3577 quia

2252 3641 2350 3698 per
2370 3632 2536 3678 sortes
2559 3617 2852 3675 electiones
2877 3613 2991 3668 ﬁeri
3024 3611 3227 3673 solent;
3251 3607 3380 3677 quia
3404 3620 3531 3659 vero
3553 3619 3611 3657 ex
3630 3599 3775 3653 volun-

2254 3692 2459 3775 iatibus
2486 3728 2650 3785 opera
2688 3709 3011 3781 procedunt,
3050 3718 3244 3758 manus
3276 3702 3547 3753 dicuntur.
3581 3692 3775 3747 Manibus

2256 3811 2400 3866 enim
2427 3822 2592 3877 opera
2630 3809 2975 3859 exercentur.
3012 3796 3140 3857 Oro,
3194 3794 3356 3861 eripe.
3402 3790 3469 3844 Et
3510 3803 3605 3841 non
3643 3783 3775 3838 solum

2255 3905 2380 3966 hoc,
2406 3900 2499 3955 sed
2523 3898 2685 3953 etiam
2712 3895 2920 3948 illustra
2946 3890 3132 3958 facient
3163 3896 3331 3950 tuam,
3360 3883 3412 3937 id
3438 3890 3536 3944 est,
3564 3879 3776 3933 illustrem

2256 3992 2482 4049 ostende
2521 3999 2577 4043 et
2624 3987 2826 4040 claram
2866 3982 2953 4036 fac
2995 3977 3391 4048 benignitatem
3436 3983 3597 4026 tuam.
3628 3965 3777 4034 Respi-

2260 4085 2455 4141 ciendo
2498 4095 2663 4149 super
2698 4092 2785 4131 me
2820 4088 3028 4128 servum
3056 4080 3227 4131 tuum,
3262 4066 3314 4121 id
3353 4074 3460 4123 est.
3488 4060 3685 4116 omnino
3708 4054 3776 4109 tibi

2262 4144 2633 4232 obedientem.
2676 4167 2895 4221 Faciem
2927 4162 3079 4233 ponit
3102 4174 3201 4230 pro
3228 4156 3563 4224 benignitate,
3590 4166 3646 4204 eo
3674 4144 3779 4215 quod

2259 4268 2313 4322 in
2342 4264 2480 4319 facie
2509 4273 2651 4329 saepe
2680 4254 2985 4326 benignitas
3022 4250 3335 4306 denotatur.
3364 4245 3512 4299 Bene
3539 4242 3681 4297 etiam
3706 4250 3779 4305 po-

2260 4364 2360 4426 nit,
2396 4376 2551 4429 super
2584 4370 2788 4411 servum
2814 4363 2961 4406 tuum
2980 4390 2995 4415 ,
3025 4346 3182 4419 quasi
3212 4346 3356 4400 dicat
3385 4342 3555 4396 :Cum
3585 4349 3631 4392 tu
3658 4347 3778 4403 supe-

2263 4458 2377 4512 rior
2408 4454 2485 4508 sis
2517 4465 2605 4505 me
2636 4450 2875 4503 humano
2910 4458 3069 4498 servo
3101 4447 3216 4499 tuo,
3257 4431 3623 4491 condescende
3655 4424 3777 4485 mihi;

570 4550 716 4603 sicut
756 4563 841 4601 me
884 4552 1157 4599 mortuum
1204 4541 1256 4594 in
1299 4552 1530 4606 corpore
1570 4535 1849 4589 videbunt.
1885 4533 2037 4599 Quod
2070 4539 2154 4585 est
2185 4553 2234 4612 ι)
2266 4558 2320 4603 ει
2362 4562 2455 4617 per
2496 4545 2601 4597 hoc
2641 4538 3031 4609 benignitatem
3077 4541 3223 4586 luam
3269 4527 3534 4582 illustrem
3584 4516 3777 4577 ostende.

482 4694 499 4706 ,
574 4639 757 4693 dicere
791 4650 807 4689 :
845 4634 1123 4689 Putabunt
1156 4645 1242 4685 me
1287 4644 1385 4698 per
1422 4636 1646 4698 peccata
1684 4627 1737 4679 in
1775 4624 1955 4678 anima
2000 4637 2151 4677 mor-

578 4738 751 4794 tuum,
777 4728 1008 4798 ideoque
1034 4738 1141 4778 non
1169 4728 1625 4776 resurrecturum.

648 4819 715 4873 Et
744 4817 915 4886 factus
942 4831 1081 4880 sum,
1122 4813 1175 4867 id
1206 4821 1291 4866 est
1313 4807 1556 4872 fiam,eis
1575 4816 1826 4877 tanquam
1858 4821 1949 4858 vas
1973 4803 2152 4874 perdi-

602 4930 690 4966 um
708 4913 820 4986 90
836 4930 851 4979 ;
869 4911 1014 4983 quod
1026 4918 1109 4965 est
1124 4909 1341 4962 dicere:
1366 4903 1641 4957 Ponentes
1657 4901 1709 4954 in
1724 4914 1810 4954 me
1830 4900 1982 4970 prius
2003 4913 2155 4967 spem

582 5006 926 5070 salvationis,
951 5000 1279 5072 repntabunt
1309 5016 1393 5054 me
1427 4996 1493 5052 ad
1518 4993 1836 5049 salvandum
1861 5006 1957 5046 eos
1988 4992 2154 5045 inuti-

577 5101 707 5166 lem,
739 5100 880 5154 sicut
905 5116 994 5153 vas
1024 5097 1307 5165 perditum,
1342 5093 1396 5148 id
1430 5098 1514 5147 est
1542 5089 1801 5154 fractum,
1835 5087 1978 5159 quod
2032 5084 2154 5139 inu-

579 5194 669 5247 tile
696 5191 1009 5261 estaliquid
1046 5191 1097 5244 in
1139 5204 1199 5242 se
1243 5202 1462 5257 capere,
1498 5200 1620 5240 cum
1658 5184 1788 5239 illud
1821 5181 1964 5251 quod
1996 5181 2051 5234 in
2091 5194 2157 5234 eo

578 5288 819 5359 ponitur,
860 5286 986 5342 inde
1024 5284 1286 5340 citissime
1321 5279 1547 5335 dillluat.
1582 5278 1649 5331 Et
1675 5276 1795 5330 ideo
1830 5272 2158 5341 reputabunt

583 5398 668 5437 me
696 5398 785 5437 vas
816 5382 1099 5451 perditum,
1135 5376 1385 5447 quoniam
1423 5371 1625 5435 audivi,
1668 5369 1721 5423 id
1766 5375 1851 5424 est
1886 5367 2159 5437 patienter

582 5486 715 5541 (non
741 5471 1137 5543 respondendo)
1158 5468 1394 5531 audiam,
1422 5464 1857 5534 vituperationem
1876 5460 2161 5516 multorum

582 5566 1017 5621 commorantium
1044 5564 1097 5617 in
1132 5561 1377 5624 circuitu,
1408 5558 1461 5613 id
1499 5565 1604 5620 est,
1634 5571 1741 5610 non
1775 5556 1828 5610 in
1859 5554 1966 5609 mei
1996 5552 2161 5609 dilec-

583 5660 731 5713 tione
761 5668 817 5712 et
845 5657 1058 5720 notitia,
1094 5654 1189 5710 sed
1227 5654 1281 5713 in
1309 5651 1673 5723 elongatione,
1702 5650 1768 5704 ad
1800 5649 2022 5706 modum
2049 5646 2161 5703 cir-

585 5752 786 5813 cuitus,
815 5750 907 5819 qui
946 5749 1102 5818 longe
1135 5756 1218 5801 est
1252 5763 1280 5800 a
1320 5755 1519 5815 puncto
1550 5746 1693 5816 quod
1726 5745 1780 5799 in
1814 5743 1997 5799 medio
2049 5750 2153 5797 est.

588 5838 682 5896 Vel
732 5840 1166 5893 commorantium
1206 5838 1257 5892 in
1299 5840 1541 5903 circuitu,
1586 5837 1639 5894 id
1671 5848 1778 5901 est,
1822 5836 1878 5891 in
1916 5833 2161 5900 appetitu

2266 4615 2395 4702 Oro,
2429 4636 2660 4697 illustra,
2702 4632 2782 4685 sic
2814 4627 3022 4684 scilicet
3058 4645 3071 4678 :
3108 4621 3322 4676 Salvum
3355 4634 3437 4671 me
3469 4617 3553 4686 fac
3583 4629 3608 4666 a
3634 4615 3779 4664 morte.

2267 4734 2334 4789 Et
2366 4700 2549 4788 hocin
2580 4720 2943 4779 misericordia
2981 4728 3098 4780 tua,
3126 4712 3372 4774 Domine,
3411 4723 3480 4763 ne
3509 4700 3781 4772 confundat;

2268 4822 2409 4896 quod
2433 4825 2601 4881 esset,
2625 4815 2670 4869 si
2697 4813 2879 4868 salvus
2909 4824 3016 4864 non
3046 4807 3267 4865 ﬁerem;
3298 4814 3473 4869 neque
3495 4798 3689 4867 dignum
3705 4799 3780 4849 est,

2265 4881 2514 4988 quoniam
2540 4904 2799 4969 invocavi,
2826 4902 2881 4957 id
2906 4908 3011 4965 est,
3035 4894 3185 4952 oravi
3214 4902 3285 4947 te.
3314 4889 3414 4945 Vel
3441 4889 3513 4942 ita
3542 4905 3554 4940 :
3581 4881 3783 4950 Quoniam

2266 4979 2502 5061 invocavi
2527 5012 2597 5067 te,
2631 5000 2684 5055 id
2706 5005 2809 5062 est,
2840 4995 2980 5051 bona
3019 4986 3307 5045 affectione
3337 4989 3393 5037 et
3414 4979 3595 5035 verbis
3620 4984 3666 5031 et
3690 4982 3785 5039 ope-

2264 5099 2479 5155 ratione
2512 5090 2703 5149 vocavi
2748 5096 2802 5143 te
2838 5087 2892 5141 in
2931 5081 3301 5138 habitatorem
3344 5088 3550 5129 meum.
3592 5069 3786 5155 Dicunt?

2268 5189 2598 5260 confundor;
2645 5181 2793 5251 impii
2837 5192 2992 5242 vero,
3037 5173 3220 5234 idest,
3272 5167 3446 5223 Judaii
3495 5157 3681 5218 inimici
3710 5149 3786 5205 mei

2268 5252 2575 5340 erubescant
2604 5277 2660 5330 in
2687 5268 3091 5328 resurrectione
3116 5277 3260 5325 mea,
3286 5268 3341 5316 et
3371 5265 3498 5328 post
3518 5252 3789 5340 deducantur

2251 5360 2325 5424 in
2374 5366 2663 5439 infernum,
2710 5357 2938 5414 localem
2989 5352 3265 5408 infernum
3319 5344 3598 5399 videlicet.
3643 5335 3786 5390 Dico:

2271 5435 2622 5521 Erubescant,
2649 5461 2705 5509 et
2732 5452 2898 5507 etiam
2924 5455 3069 5501 muta
3099 5443 3229 5514 ﬁant
3257 5439 3398 5493 labia
3428 5435 3608 5490 dolosa
3628 5435 3785 5521 eorum:

2269 5507 2860 5606 mula,
2892 5535 3040 5607 quod
3070 5507 3210 5591 nihil
3241 5528 3470 5586 omnino
3504 5525 3695 5581 dicant;
3722 5507 3790 5566 sed

2250 5632 2435 5708 muta,
2462 5640 2516 5695 id
2542 5647 2649 5705 est,
2678 5634 2815 5692 nihil
2852 5632 2980 5688 mali
3012 5630 3078 5686 de
3109 5642 3227 5692 me,
3252 5624 3398 5696 quod
3430 5633 3611 5677 verum
3648 5609 3790 5703 viden:

2252 5694 2676 5797 Ait—nridicentia.
2721 5727 2889 5782 Labia
2935 5722 3121 5777 dolosa
3170 5694 3431 5774 dicuntur
3483 5712 3686 5767 habere,
3725 5694 3789 5797 (illi

2269 5795 2414 5884 aliud
2441 5822 2700 5892 cogitant,
2725 5817 2873 5875 aliud
2901 5816 3133 5880 dicunt;
3159 5825 3281 5883 quae
3308 5805 3485 5864 Judaei
3516 5795 3789 5859 habuerunt.
