3862 6322
150 349 238 403 757
1041 348 1397 405 EXPOSITIO
1437 348 1499 403 ΙΝ
1530 348 1861 405 PSALMOS.
1891 380 1960 389 —
1989 346 2182 404 PSAL.
2223 347 2393 403 XXX.
3250 355 3356 408 758

150 464 269 517 Cum
296 459 440 515 enim
474 460 679 515 ratione
713 474 807 514 sua
843 472 899 515 et
935 464 1213 517 miraculis
1245 462 1445 518 Christi
1486 465 1686 523 eoact‘,
1723 462 1767 518 Α
1799 462 2028 515 ticorum
2071 471 2124 515 et
2151 461 2378 515 aliorum
2410 474 2543 511 vana
2581 463 3002 530 suggerentium,
3046 478 3112 518 ne.
3152 479 3360 533 prima-

150 569 266 609 vere
289 553 455 627 Deum
482 568 627 607 essse
658 563 1065 623 cognoscerent,
1097 568 1191 607 ore
1216 563 1422 607 tantum
1453 554 1687 623 deuega-
1794 552 1941 607 leaut
1985 553 2084 606 eis.
2126 553 2275 607 llanc
2315 560 2496 605 autem
2541 566 2674 620 apos
2700 553 2925 620 rophain
2956 554 3021 606 ad
3065 556 3304 608 membra
3343 576 3354 609 :

148 645 283 699 bant.
318 642 503 697 Potest
533 646 692 697 etiam
727 645 828 698 hoc
856 645 1031 699 oratio
1067 660 1186 700 esse
1206 684 1221 711 ,
1251 644 1295 699 si
1340 644 1419 698 sic
1448 659 1688 713 expona-
1732 680 1737 686 ι
1790 643 2105 735 medietas
2130 644 2384 697 Dominus
2408 644 2473 697 de
2491 642 2614 708 hoc,
2643 642 2769 711 quia
2793 642 2928 696 meis
2948 644 3090 697 videt
3117 644 3357 700 futurum

148 747 261 788 tur:
292 732 419 797 Oro,
455 734 649 788 salvum
685 752 763 787 me
788 736 891 804 fac.
928 736 992 789 Et
1012 751 1098 790 me
1124 735 1352 795 salvato,
1384 736 1686 788 erubescant
1792 732 1934 807 quod
1965 736 2229 803 praedixit.
2284 734 2401 787 Dixi
2432 733 2573 802 quod
2604 733 2744 788 Deus
2775 733 3070 788 abscondet
3095 744 3149 789 et
3177 746 3356 803 prote-

145 825 275 893 impii
297 824 465 878 Judmi
492 825 557 879 de
585 836 757 880 morte
785 841 925 891 mea,
950 826 1002 879 in
1031 827 1233 880 bonum
1264 825 1470 879 scilicet
1494 826 1687 881 eruhe-
1792 837 1880 895 get
1912 841 2027 891 vos,
2060 840 2092 879 ο
2125 834 2438 895 sperantes;
2473 833 2522 879 et
2551 826 2622 879 ita
2649 825 2774 879 erit.
2797 825 2864 879 Et
2891 825 3011 879 ideo
3038 826 3355 889 benedictus,

144 925 303 978 scant,
352 916 419 969 Et
459 926 512 969 ut
552 916 924 971 vehementius
963 918 1306 979 erubescant,
1361 917 1687 970 deducantur
1792 916 1843 971 id
1873 926 1975 980 est,
2002 916 2245 971 laudatus
2272 917 2342 971 sit
2370 916 2650 981 Dominus,
2678 926 2733 971 et
2757 931 2786 971 a
2812 931 2897 971 me
2925 926 2978 971 et
3005 932 3034 970 ει
3057 917 3228 972 vobis.
3255 915 3360 971 [ie-

143 1007 456 1076 cogitatioue
515 1022 613 1060 sua
673 1007 726 1061 in
795 1008 1054 1077 infernum
1080 1048 1095 1073 ,
1160 1009 1211 1062 in
1266 1006 1685 1079 profunditatem
1789 1008 2120 1078 petitautem
2146 1022 2314 1077 quare
2337 1008 2407 1063 sit
2430 1007 2679 1062 laudatus
2700 1008 2818 1062 aliis
2846 1008 3045 1071 verbis,
3076 1008 3156 1061 sic
3181 1025 3192 1059 :
3222 1007 3359 1071 Quo-

139 1098 230 1167 91
285 1108 628 1167 peccatorum
688 1113 931 1153 suorum.
975 1098 1128 1165 Quod
1177 1108 1259 1154 est
1299 1099 1479 1154 dicere
1507 1116 1521 1153 :
1547 1098 1686 1154 Con-
1790 1100 1935 1153 niam
1979 1099 2281 1168 miriﬁcavit
2327 1100 2743 1153 misericordiam
2786 1116 2936 1154 suam
2977 1083 3127 1164 milii,
3166 1099 3216 1153 id
3253 1110 3358 1164 est,

140 1190 360 1245 siderent
410 1190 832 1260 profunditatem
882 1202 1228 1260 peccatorum
1277 1207 1496 1247 suorum
1559 1211 1572 1245 :
1631 1199 1687 1247 et
1789 1189 2097 1245 mirabilem
2139 1190 2566 1245 misericordiam
2617 1207 2766 1245 suam
2813 1191 2973 1247 faciet
3029 1193 3166 1247 Deus
3199 1196 3355 1253 meis.

143 1279 211 1332 sic
258 1288 399 1331 muta
450 1279 580 1345 ﬁant
640 1278 783 1333 labia
862 1281 1045 1334 dolosa
1125 1295 1309 1335 eorum
1372 1296 1402 1334 a
1469 1281 1682 1350 vitupe-
1789 1278 1945 1334 vobis
1975 1279 2203 1335 scilicet.
2238 1279 2306 1334 Et
2334 1281 2439 1336 hoc
2468 1280 2525 1334 in
2567 1281 2774 1335 civitate
2817 1283 3040 1346 munita,
3088 1282 3138 1336 id
3166 1292 3267 1347 est,
3306 1282 3358 1335 in

142 1368 336 1423 ratione
387 1368 509 1423 mei.
566 1367 817 1425 Ostendit
868 1382 1047 1425 autem
1099 1370 1154 1424 in
1200 1385 1307 1439 quo
1347 1371 1455 1425 sint
1501 1370 1683 1425 dolosa
1789 1368 2125 1425 Hierusalem
2155 1369 2383 1431 caelesti,
2421 1386 2542 1441 qua:
2577 1371 2776 1427 dicitur
2817 1372 3008 1426 civitas
3034 1374 3260 1437 munita,
3293 1389 3358 1426 eo

139 1474 247 1513 cum
282 1457 553 1528 subjungit
587 1476 601 1513 :
642 1458 776 1525 Qua:
813 1460 952 1515 labia
994 1460 1277 1531 loquuntur
1320 1463 1567 1515 adversus
1600 1477 1683 1517 me
1789 1459 1933 1529 quod
1976 1459 2155 1515 nullus
2185 1460 2421 1516 assultus
2449 1461 2684 1517 hostium
2732 1463 2783 1517 in
2827 1478 2945 1517 eam
2995 1464 3108 1517 licri
3159 1474 3355 1534 potest.

133 1548 342 1617 justum,
380 1549 432 1604 id
462 1558 577 1614 est,
618 1549 950 1607 detrahendo
986 1552 1116 1606 mihi
1161 1552 1312 1622 justo
1347 1571 1360 1606 :
1394 1561 1450 1608 et
1499 1554 1682 1607 hocin
1791 1552 1943 1609 Unde
1992 1554 2250 1624 scriptum
2281 1564 2366 1610 est
2399 1569 2413 1609 :
2458 1573 2473 1606 ι
2504 1554 2656 1622 Quod
2688 1555 2877 1611 oculus
2911 1571 3015 1612 non
3064 1557 3216 1622 vidit,
3258 1572 3361 1612 nec

141 1643 357 1709 superbia
381 1653 431 1698 et
463 1644 738 1711 abusione,
766 1645 818 1700 id
850 1657 952 1713 est,
979 1648 1207 1717 superbe
1231 1657 1284 1703 et
1315 1648 1551 1704 abusive.
1580 1649 1681 1704 Su-
1788 1650 1935 1706 auris
1982 1653 2208 1718 audivit,
2258 1669 2358 1709 nec
2412 1654 2464 1708 in
2512 1669 2606 1709 cor
2654 1656 2889 1711 hominis
2927 1656 3191 1721 ascendit,
3238 1670 3358 1724 qua:

138 1736 277 1804 perbe
303 1735 517 1803 quidem
565 1736 945 1807 loquebantur,
985 1756 1105 1795 eum
1151 1740 1402 1796 dicebant
1445 1757 1458 1796 :
1496 1759 1514 1792 ι
1547 1742 1675 1807 Ave,
1712 1806 1751 1816 λ
1788 1743 2114 1813 praeparavit
2165 1743 2310 1798 Deus
2342 1743 2690 1815 diligentibus
2724 1760 2781 1799 se
2830 1744 2965 1816 (Isa.
3018 1762 3161 1807 LXIV,
3211 1744 3277 1810 4;
3328 1744 3356 1797 I

142 1845 220 1883 rex
261 1826 560 1884 Iudaeorum
611 1806 827 1901 (Matth.
868 1848 1039 1900 xxvii,
1078 1833 1177 1900 29;
1229 1832 1402 1889 Marc.
1449 1851 1541 1901 xv,
1576 1835 1676 1901 18;
1711 1806 1757 1867 Β
1786 1806 1917 1886 Cor:
1944 1849 2003 1899 ll,
2032 1833 2109 1904 9).
2143 1853 2161 1885 ι
2196 1834 2352 1889 Facit
2378 1806 2561 1889 auiam
2589 1806 2974 1905 apostropham
2997 1837 3062 1889 ad
3088 1806 3356 1890 Deumvre-

134 1920 272 1972 Joan.
300 1937 357 1983 ι,
385 1922 463 1989 5).
495 1941 514 1974 ι
551 1921 792 1979 Abusive
821 1935 1025 1992 autem,
1073 1941 1198 1981 cum
1242 1927 1309 1982 ad
1342 1927 1457 1998 ejus
1496 1928 1679 1982 detra-
1783 1936 1973 1995 petens
2010 1941 2229 1982 causam
2262 1926 2580 1984 salvationis
2616 1940 2857 1995 suorum,
2888 1941 2948 1983 ut
2985 1944 3079 1984 eos
3108 1928 3209 1983 sibi
3238 1942 3354 1982 ma-

136 2015 340 2068 ctionein
367 2013 514 2069 falsis
541 2016 819 2072 vocabulis
842 2016 1220 2084 abutebantur,
1253 2018 1496 2074 dicentes
1523 2034 1668 2086 eum,
1783 2016 1864 2086 gis
1908 2015 2169 2072 obnoxios
2218 2016 2398 2073 faciat.
2449 2016 2567 2072 Dixi
2636 2018 2779 2087 quod
2835 2018 2939 2073 mei
2977 2024 3353 2088 protegentur,

135 2106 208 2172 qui
252 2103 424 2172 justus
487 2117 611 2161 erat
654 2116 710 2161 et
744 2107 1043 2176 innocens,
1107 2119 1446 2180 precatorem
1502 2121 1557 2165 et
1595 2126 1680 2166 sc-
1783 2107 2204 2162 abscondentur.
2236 2107 2346 2179 ligo
2370 2118 2545 2162 autent
2569 2117 2626 2162 tit
2658 2110 2755 2177 ipsi
2785 2118 3137 2179 protegantur
3177 2109 3353 2178 proje-

137 2197 388 2250 ductorem
418 2197 632 2262 (Martii.
670 2215 842 2265 xxv”,
882 2201 996 2268 63).
1060 2201 1153 2255 vel
1194 2202 1266 2255 ita
1304 2221 1316 2256 ζ
1375 2201 1679 2274 Loqmmmr
1782 2208 1892 2250 ctus
1913 2214 2048 2261 sum,
2075 2198 2219 2253 idest
2242 2214 2335 2253 cro
2356 2215 2387 2252 a
2411 2199 2548 2269 [acie
2570 2199 2843 2253 oculorum
2867 2210 3096 2264 tuorunt,
3122 2198 3173 2253 id
3197 2207 3298 2263 est,
3323 2213 3354 2251 a

135 2289 178 2338 in
208 2288 460 2354 abusione,
492 2290 542 2342 id
570 2299 676 2355 est,
706 2292 1001 2346 abutuntur
1023 2291 1195 2348 libero
1222 2292 1448 2349 arbitrio
1479 2309 1575 2348 suo
1601 2293 1678 2348 ιο·
1782 2288 2064 2356 [timentia
2113 2291 2501 2345 misericordias
2540 2300 2659 2345 tute.
2697 2292 2849 2359 Quod
2878 2301 2962 2347 est
2990 2292 3172 2346 dicere
3202 2309 3216 2344 :
3252 2290 3345 2345 Vi-

135 2393 252 2445 qizen
274 2378 321 2431 lo
347 2378 634 2432 adversum
669 2395 772 2434 me.
1788 2376 1949 2431 debor
1980 2377 2031 2431 in
2058 2380 2308 2447 passione
2332 2394 2450 2435 esse
2477 2380 2751 2450 projectus
2776 2397 2805 2434 a
2838 2381 3208 2436 misericordia
3235 2388 3347 2446 tua,

189 2469 305 2521 Cum
335 2470 479 2523 enim
505 2471 569 2524 ad
596 2471 695 2525 hoc
718 2472 899 2526 datum
922 2474 990 2529 sit
1018 2476 1096 2530 eis
1122 2474 1347 2530 liherurn
1367 2474 1671 2542 arbitrium,

1822 2478 1839 2521 t
1873 2468 2013 2524 hanc
2043 2469 2429 2539 projectionein
2464 2472 2597 2536 dixi,
2630 2472 2679 2525 id
2702 2481 2805 2537 est,
2836 2472 3073 2527 intellexi
3104 2488 3223 2542 ego,
3256 2460 3347 2541 qui

136 2562 491 2615 utcessaudoa
524 2564 686 2624 ιιιιιιο,
714 2572 767 2618 et
791 2566 989 2620 bonum
1013 2568 1288 2637 operando
1312 2567 1390 2621 vel
1420 2568 1666 2632 dicendo,
1778 2557 2148 2627 pt'oiiciendus
2184 2575 2328 2624 Sttm.
2353 2562 2644 2630 quamnim
2689 2571 2742 2615 et
2772 2562 3076 2617 rationabili
3108 2562 3344 2631 disposi-

136 2651 354 2705 meliores
383 2652 518 2708 [iant
564 2670 729 2726 quam
762 2657 805 2711 si
839 2658 1176 2714 solummodo
1206 2661 1502 2728 potentiam
1538 2660 1661 2715 bent

1822 2665 1924 2704 one
1966 2652 2086 2715 tiat,
2129 2652 2268 2718 dico,
2318 2653 2463 2717 dixi;
2491 2662 2545 2707 et
2579 2654 2680 2707 hoc
2718 2654 2772 2708 in
2802 2670 3038 2719 excessu,
3065 2653 3115 2708 id
3148 2664 3250 2720 est,
3287 2656 3340 2708 in

137 2743 361 2808 operandi
410 2744 707 2811 haberent;
748 2749 1043 2803 abutuntur
1078 2751 1195 2821 ipso
1240 2752 1412 2805 libero
1442 2752 1669 2806 arbitrio
1776 2744 1990 2798 sublimi
2029 2745 2328 2800 subtilitate
2375 2747 2559 2800 utentis
2602 2763 2748 2800 mete.
2797 2746 2928 2813 Quir:
2974 2747 3109 2801 bene
3149 2746 3348 2801 dicitur

136 2830 251 2884 male
287 2832 349 2886 dc
387 2849 470 2887 me
498 2835 788 2904 loquendo.
818 2835 1067 2895 Ostendit
1095 2850 1276 2895 autem
1311 2844 1434 2911 quis
1464 2841 1672 2897 fructus
1773 2851 2053 2904 excessus,
2081 2853 2146 2893 eo
2176 2838 2317 2906 quod
2355 2852 2544 2892 omnes
2579 2839 2823 2892 omnium
2868 2838 3143 2893 hominum
3172 2848 3225 2893 et
3253 2854 3348 2891 ai:-

137 2933 362 2989 siquatur
389 2926 455 2979 de
496 2927 798 2984 salvatione
831 2931 937 2995 sui,
968 2932 1046 2987 sic
1072 2947 1087 2986 :
1116 2932 1247 2999 Oro,
1278 2933 1425 2987 salva
1470 2949 1575 2989 me.
1604 2934 1672 2990 Et
1774 2928 2017 2997 gelm'um
2048 2926 2376 2983 Subtililalcs
2401 2929 2634 2983 excedit-

133 3030 213 3083 νει·
260 3033 336 3070 me
379 3017 646 3073 Salvatttm
702 3022 985 3091 apparebit
1030 3042 1185 3095 quam
1237 3042 1450 3096 magna,
1498 3026 1549 3080 id
1592 3036 1673 3082 est
1846 3017 1952 3073 Per
1981 3020 2082 3073 hoc
2108 3029 2287 3072 autem
2317 3018 2460 3087 quod
2490 3018 2621 3073 dicit
2649 3032 2707 3072 se
2737 3017 2841 3073 hoc
2878 3016 3226 3077 intellexisse,
3258 3016 3343 3069 in~

133 3106 258 3162 valde
275 3125 458 3180 magna
486 3100 767 3168 multitudo
813 3115 1123 3181 dulcedinis,
1150 3116 1202 3171 id
1225 3126 1308 3171 est
1360 3117 1658 3173 misericor-

1816 3110 1892 3163 tiit
1920 3124 1976 3164 se
2002 3108 2102 3164 hoc
2124 3108 2357 3163 libenter
2381 3122 2691 3177 passurum,
2716 3115 2770 3162 et
2796 3122 2902 3160 non
2939 3108 3041 3159 hoc
3073 3106 3340 3173 ignorare.

135 3199 215 3251 dite
241 3208 353 3266 tua),
383 3219 539 3271 quam
569 3206 973 3262 multitudinem
1005 3208 1345 3276 abscondisti,
1376 3225 1405 3264 a
1438 3212 1672 3280 perden-
1697 3198 1737 3223 υ
1776 3203 1905 3257 Dico
1952 3201 2076 3272 quia
2102 3200 2379 3270 Aprojectus
2429 3215 2544 3254 ero.
2585 3199 2655 3254 Et
2700 3200 2816 3254 ideo
2864 3198 3126 3253 exaudisti
3176 3212 3347 3250 vocent

130 3286 216 3352 dis,
242 3298 290 3343 et
317 3291 416 3346 hoc
444 3294 748 3349 timentibus
774 3307 845 3364 te,
875 3297 924 3352 id
953 3307 1057 3363 est,
1090 3299 1154 3353 ad
1195 3315 1329 3369 opus
1361 3300 1655 3355 timentiurr

1824 3293 2023 3345 'ationis
2050 3291 2157 3361 92
2190 3307 2316 3344 mea:
2344 3290 2469 3343 dum
2500 3288 2783 3343 clamarem
2816 3289 2885 3343 ad
2924 3298 2993 3354 te,
3032 3287 3084 3341 id
3113 3295 3215 3351 est,
3250 3301 3349 3338 au-

135 3387 190 3431 te.
216 3380 351 3447 Quod
373 3385 666 3441 estdicere
693 3406 704 3441 :
733 3387 775 3441 A
810 3396 860 3443 te
889 3406 993 3443 non
1020 3390 1319 3446 timentibus
1346 3393 1666 3446 abscondisti
1770 3384 1885 3438 dies
1918 3383 1993 3439 sic
2034 3392 2092 3437 ut
2132 3384 2414 3453 impetrem
2453 3382 2756 3437 orationem
2798 3396 2973 3436 meam
3004 3394 3136 3433 voce
3166 3378 3345 3447 profc-

133 3484 187 3523 ne
203 3487 515 3542 cognoscant
540 3491 693 3543 eam;
720 3479 1020 3534 tiiitentibus
1044 3490 1223 3534 autem
1250 3480 1525 3547 revelasti,
1542 3482 1670 3551 jux-
1771 3476 2017 3541 rendam,
2047 3474 2173 3530 dum
2203 3475 2454 3530 clamabo
2477 3474 2543 3528 ad
2575 3482 2627 3528 te
2658 3490 2755 3543 pro
2790 3473 2942 3527 meis.
2968 3469 3342 3540 Apostmpha-

138 3570 177 3613 ta
202 3562 312 3617 illud
333 3564 606 3633 Evangelii
642 3585 655 3621 ε
696 3587 713 3619 ι
744 3570 1084 3626 Abscondisti
1115 3573 1284 3628 haeca
1310 3576 1662 3645 sapientibus,
1771 3568 1875 3622 tice
1918 3567 2135 3636 quidem
2175 3580 2303 3621 suos
2342 3565 2664 3643 adltertatur
2699 3573 2758 3618 ut
2800 3565 2968 3618 Deum
3011 3562 3255 3631 diligant.
3287 3568 3343 3612 οι

135 3654 424 3711 etret'clasti
456 3672 519 3711 ea
550 3660 792 3728 parvulis
818 3661 969 3729 (Luc.
1004 3679 1059 3728 χ,
1087 3663 1200 3727 21).
1234 3684 1253 3718 ι
1295 3667 1358 3721 Ei
1384 3683 1488 3723 non
1518 3686 1667 3728 rem-
1765 3660 1997 3715 viriliter
2022 3668 2206 3730 agant,
2233 3659 2393 3713 utsic
2422 3657 2599 3714 oratio
2624 3673 2719 3712 sua
2741 3666 2797 3711 et
2828 3654 3091 3725 projectio
3117 3654 3195 3706 eis
3219 3666 3344 3721 pro-

132 3741 230 3797 usii
262 3746 335 3800 sic
359 3757 416 3801 ut
451 3764 558 3803 non
589 3751 699 3803 sint
728 3752 993 3819 habituri;
1025 3755 1117 3808 sed
1150 3758 1437 3825 perfecisti,
1467 3760 1518 3814 id
1552 3770 1662 3828 cst,
1766 3749 1971 3817 ﬁciant.
2003 3765 2123 3820 quae
2160 3749 2320 3804 aliter
2367 3763 2473 3803 υοη
2502 3748 2848 3818 proﬁcerent-
2888 3744 3016 3800 Dico
3042 3743 3183 3813 (ιιιθίι
3214 3759 3339 3811 ρισ-

129 3834 357 3903 izerlicies,
396 3839 543 3893 illam
573 3841 971 3899 multitudinem
1015 3846 1148 3901 meis
1181 3847 1493 3906 timentibus
1533 3855 1654 3922 :qui

1808 3852 1930 3896 ictus
1973 3857 2068 3896 ero
2110 3857 2207 3913 pro
2253 3842 2428 3905 vobis,
2475 3849 2532 3896 et
2579 3840 2842 3895 exaudiar
2895 3839 3019 3893 dum
3068 3838 3333 3892 clamato.

130 3937 301 3990 sperant
330 3930 381 3982 in
409 3940 460 3983 te
500 3933 553 3984 in
584 3946 857 4001 conspectu
888 3936 1121 4003 ﬁliorum
1151 3939 1443 4005 hominum,
1477 3942 1527 3995 id
1578 3953 1663 3998 est
1763 3933 1906 4004 Ergo
1936 3934 2136 4003 άῖίίθίίε
2167 3933 2444 3987 Dominum
2471 3949 2647 3985 οηιηεδ
2669 3932 2835 3986 “me”
2863 3931 2975 4000 eius
3008 3930 3097 3984 mn
3130 3946 3223 3998 νοτ
3253 3944 3337 3981 ¹¹ῖο

129 4017 198 4084 tltti
225 4020 537 4076 confitentur
572 4038 631 4077 se
658 4038 879 4093 sperare
908 4027 960 4080 in
995 4029 1121 4082 tein
1158 4040 1435 4093 conspectu
1474 4033 1659 4088 imiia-
1761 4024 1958 4091 futuri;
1996 4027 2246 4096 quoniam
2287 4026 2429 4079 hanc
2459 4024 2745 4086 veritatem,
2784 4024 2845 4079 id.
2889 4032 2973 4078 est
3004 4024 3141 4078 hanc
3169 4020 3332 4088 justi-

130 4116 272 4163 lorttm
299 4113 677 4182 malignorum,
704 4132 809 4171 non
844 4118 1169 4187 denegantcs
1211 4131 1260 4175 te
1291 4122 1482 4180 timore
1516 4142 1660 4181 mor-
1761 4115 1915 4183 tiam,
1939 4115 2283 4169 dilectionem
2313 4114 2545 4179 scilicet,
2580 4116 2807 4184 requiret
2842 4112 3098 4166 Dominus
3128 4127 3156 4164 a
3184 4110 3337 4164 vobis

130 4198 197 4251 iis.
225 4201 364 4257 Unde
395 4205 657 4261 Dominus
686 4208 737 4261 in
778 4208 1071 4279 Evangelio
1099 4229 1112 4264 :
1151 4232 1169 4263 ι
1207 4212 1305 4280 Qui
1344 4232 1427 4271 me
1452 4218 1660 4273 confes-
1760 4222 1857 4277 Pe"
1885 4205 2166 4269 δεηθηοίθν
2196 4220 2315 4275 ηυδε
2342 4205 2497 4260 “bis
2542 4220 2639 4275 Per
2680 4218 2765 4257 me
2797 4203 2967 4267 dabit»
3002 4212 3055 4255 εί
3077 4215 3196 4269 qm"
3218 4201 3329 4269 im“

128 4303 200 4342 sus
223 4290 573 4349 lueritcoram
604 4297 932 4363 hominibus,
970 4301 1273 4357 confitebor
1310 4313 1364 4360 et
1403 4322 1501 4376 ego
1532 4325 1653 4363 eum

1805 4299 1929 4353 edit.
1978 4298 2213 4368 Equum
2258 4298 2404 4351 enim
2458 4306 2542 4353 est
2589 4304 2644 4349 et
2700 4296 2904 4365 justum
2958 4303 3015 4346 ut
3067 4302 3330 4345 creatura:

126 4394 272 4436 coram
302 4395 451 4453 patre
481 4402 602 4443 meo
635 4388 785 4459 (Luc.
824 4407 923 4456 xu,
956 4391 1034 4459 8).
1070 4412 1088 4445 ι
1132 4394 1396 4465 Μειιῑεηοε
1429 4399 1518 4454 hic
1560 4400 1657 4455 1.0.
1758 4388 2091 4450 Creatorem,
2128 4396 2183 4442 et
2224 4388 2459 4457 reparati
2496 4387 2724 4456 diligant
2766 4387 2888 4441 vine
2938 4395 3331 4454 reparatorem.

127 4471 264 4527 mines
289 4486 459 4542 Vocat,
492 4493 558 4534 eo
589 4480 733 4549 quod
765 4481 1107 4539 solummodo
1136 4484 1399 4542 homines
1420 4498 1566 4554 sunt,
1599 4492 1649 4546 id
1685 4509 1731 4567 ο
1760 4478 1915 4534 Unde
1945 4477 2203 4547 scriptum
2232 4486 2315 4531 est
2347 4493 2360 4529 :
2399 4496 2417 4527 ι
2453 4476 2653 4546 Diliges
2684 4476 2959 4529 dominum
2990 4474 3156 4528 Deum
3182 4481 3331 4527 tuum

132 4572 213 4624 est,
239 4566 563 4625 solummodo
611 4572 846 4627 humana
899 4575 1326 4642 considerantes,
1360 4595 1458 4634 nec
1487 4581 1655 4637 etiam

1804 4584 1825 4621 ι
1876 4576 1986 4622 toto
2026 4569 2190 4622 corde
2243 4576 2335 4620 tuo
2384 4568 2562 4633 (Deut.
2617 4582 2691 4631 vi,
2729 4567 2797 4631 5;
2844 4564 3037 4620 Matth.
3070 4582 3200 4626 xxii.
3231 4566 3329 4628 57;

127 4655 399 4723 spiritualia.
442 4659 689 4717 Ostendit
730 4680 862 4719 vero
893 4667 1290 4724 multitudinem
1340 4670 1651 4741 dulcedinis,

1806 4658 1929 4713 'arc.
1968 4673 2064 4721 xtl,
2103 4658 2202 4723 '51;
2241 4657 2369 4711 Luc.
2411 4674 2466 4721 Χ,
2498 4658 2610 4726 41).
2649 4676 2669 4709 ›
2725 4658 2791 4711 Et
2832 4658 2951 4712 ideo
2981 4658 3157 4713 adhuc
3188 4674 3200 4711 :
3237 4656 3331 4709 Di-

125 4756 253 4808 quam
272 4750 509 4817 superius
532 4752 732 4819 posuit,
757 4754 836 4808 sic
860 4769 957 4823 per
987 4765 1191 4824 partes.
1220 4758 1338 4813 Dixi
1367 4760 1506 4828 quod
1532 4777 1654 4830 pcr-
1754 4750 1915 4821 ligite,
1950 4751 2074 4819 quia
2110 4750 2351 4804 retribuet
2383 4750 2740 4816 abundanter,
2779 4751 2828 4804 id
2859 4760 2965 4815 est,
2995 4766 3245 4820 magnam
3276 4759 3332 4803 et

126 4831 242 4888 ﬁctas
270 4837 315 4891 in
339 4839 414 4895 eis
443 4841 842 4898 multitudinem
872 4845 1197 4914 dulcedinis;
1226 4849 1364 4905 hanc
1396 4852 1601 4908 scilicet
1629 4872 1641 4907 ;
1755 4842 2305 4897 abundantissimam.
2336 4842 2753 4896 retributionem
2818 4844 2966 4897 dabit
3016 4843 3330 4911 facientibus

127 4922 374 4984 Abscondes
410 4948 498 4986 eos
545 4944 823 5002 separatos
868 4953 899 4989 a
936 4939 1328 4994 conturbatior“:
1357 4942 1646 5010 hominum,
1753 4934 2051 5003 superbiant
2080 4934 2130 4987 in
2156 4949 2232 4988 sc.
2264 4935 2416 5000 Quod
2445 4945 2527 4988 est
2554 4934 2735 4989 dicere
2762 4952 2773 4987 ι
2805 4936 2904 5001 Qui
2933 4950 2991 4990 se
3020 4934 3220 4989 facient
3242 4949 3326 4988 su-

126 5012 264 5081 idest,
293 5022 667 5093 malignorum.
702 5026 767 5079 Et
799 5028 902 5082 hoc
931 5029 983 5082 in
1008 5029 1310 5084 abscondito
1339 5032 1645 5101 facieitum,
1752 5027 1951 5095 perbos
1996 5035 2183 5079 contra
2224 5041 2370 5089 cum,
2411 5025 2756 5094 dedignanda
2797 5026 2914 5094 ejus
2957 5026 3324 5081 dilectionem.

128 5104 165 5157 id
187 5118 273 5172 est,
304 5113 598 5171 abscondes
619 5134 713 5172 eos
742 5134 769 5172 a
805 5119 1077 5189 malignis,
1107 5138 1171 5175 ne
1203 5138 1389 5176 eorum
1418 5125 1644 5194 gloriam
1753 5118 1904 5185 Quod
1934 5127 2017 5172 est
2038 5134 2100 5171 ac
2126 5118 2168 5172 si
2202 5119 2347 5172 dicat
2377 5136 2389 5171 :
2421 5118 2544 5179 [deo
2570 5119 2791 5190 diligite.
2822 5120 2955 5173 Nam
2989 5119 3034 5173 si
3068 5134 3172 5172 non
3207 5117 3323 5171 dili-

125 5195 317 5264 Videant,
358 5214 408 5257 et
441 5220 537 5259 eos
578 5210 919 5264 conturbent
946 5212 1088 5265 sicut
1128 5213 1286 5267 modo
1318 5212 1542 5270 faciunt.
1581 5218 1647 5273 Et
1752 5220 1942 5281 sentes
1966 5208 2180 5277 ευιιετὺί
2207 5208 2447 5273 herilis:
2474 5224 2595 5264 cum
2617 5210 2867 5264 omnibus
2890 5208 3323 5278 δυρθΐῧίθηιίῧυε

148 5291 288 5343 tatues
307 5304 396 5346 eos
425 5292 476 5345 in
508 5296 794 5363 praesentia
821 5306 932 5362 tua,
959 5300 1400 5369 quaeamalignis
1418 5304 1642 5361 abscon-
1751 5299 2089 5364 retribuerit,
2143 5299 2407 5354 retribuet
2441 5307 2496 5353 et
2539 5300 2691 5355 Vobis
2740 5314 2754 5353 :
2803 5300 2953 5363 Dico,
3000 5298 3219 5367 diligite.
3262 5297 3318 5351 lit

127 5371 209 5425 dita
232 5380 344 5433 erit.
374 5380 529 5436 Unde
558 5385 816 5454 scriptum
853 5396 936 5442 est
964 5404 978 5442 :
1016 5406 1033 5439 ι
1063 5388 1305 5444 Tollatur
1335 5393 1549 5463 impius,
1576 5411 1644 5452 ne
1752 5391 1882 5461 quia
1906 5390 2124 5445 dilectio
2146 5389 2279 5444 nihil
2306 5399 2389 5445 est
2415 5391 2533 5445 sine
2557 5389 2697 5444 bono
2725 5404 2923 5459 opere;
2949 5390 3169 5443 viriliter
3189 5390 3320 5458 agite

127 5463 266 5555 videat
291 5470 510 5539 gloriam
543 5474 637 5529 Dei
674 5476 809 5544 (Isa.
864 5494 1014 5543 xxvr,
1056 5480 1165 5552 10).
1198 5502 1216 5533 ι
1250 5482 1379 5538 Dico
1409 5486 1553 5555 quod
1586 5488 1641 5544 in
1749 5485 1804 5539 in
1819 5485 2263 5555 bonisoperibus.
2289 5484 2443 5541 Unde
2463 5483 2958 5553 beatusGregorius
2979 5483 3204 5555 (Homil.
3229 5482 3317 5547 50,

125 5544 268 5645 l'tturo
286 5556 589 5622 abscondes;
612 5570 667 5614 et
691 5562 775 5616 hic
798 5575 1031 5635 proteges
1054 5544 1140 5621 eos
1161 5544 1455 5625 existentes
1478 5573 1530 5625 in
1556 5584 1639 5627 ta-
1747 5575 1803 5628 in
1828 5544 2108 5645 Evangel.)
2158 5595 2171 5629 :
2227 5594 2246 5626 ι
2280 5574 2536 5629 Probatio
2582 5544 2907 5640 dilectionis,
2936 5544 3200 5631 exhibitio
3233 5582 3315 5629 est

126 5637 352 5738 baruncqu
374 5660 486 5715 tuo,
511 5650 562 5705 id
583 5660 687 5719 cst,
716 5654 768 5707 in
804 5655 991 5710 militia
1023 5666 1108 5710 tua
1132 5674 1146 5722 ;
1170 5675 1200 5711 α
1224 5662 1637 5719 contradictione
1746 5668 1946 5737 operis.
1978 5637 2001 5718 ξ
2027 5637 2101 5721 Et,
2121 5666 2411 5737 Apostolus
2440 5680 2454 5718 :
2501 5685 2518 5716 ‹
2556 5664 2670 5718 Νοιι
2702 5667 3052 5722 coronabitur
3081 5668 3179 5721 nisi
3218 5670 3309 5738 qui

123 5725 387 5806 linguarum,
417 5741 471 5796 id
507 5752 611 5810 est,
641 5762 667 5799 a
700 5748 1204 5805 contradicentibus
1230 5752 1428 5821 linguis
1458 5755 1636 5834 imre;
1744 5725 1981 5829 legitime
2009 5725 2299 5813 certaverit
2322 5756 2373 5826 (I
2404 5756 2535 5809 Tim.
2561 5773 2621 5823 ii,
2649 5758 2723 5826 5).
2750 5777 2768 5809 ι
2807 5759 2872 5812 Et
2900 5759 3127 5815 viriliter
3150 5725 3306 5830 agen-

3832 5662 3835 5836 l
