3838 6328
521 344 623 406 7:;9

1086 345 1516 413 S._BllUNONIS
1553 343 2199 402 CARTHUSIANORUM
2240 342 2725 400 lNSTlTUTORlS
2760 342 2910 400 OPP.
2951 343 3130 399 PARS
3157 344 3196 399 l.
3629 354 3720 412 ’τσο

520 459 588 514 do
619 474 684 514 ne
711 457 994 523 deﬁciatis,
1024 457 1116 513 sed
1149 457 1472 528 confortetur
1501 459 1553 513 in
1584 460 1686 514 hoc
1717 475 1808 512 cor
1841 467 2088 518 vestrum,
2121 453 2165 509 Α
2195 465 2378 522 postea
2395 456 2622 511 Deonon
2654 458 2980 514 satisfaciat.
3005 460 3154 515 Unde
3172 462 3464 533 propheta:
3495 467 3584 524 «Si
3605 485 3733 532 aver-

519 552 571 608 id
597 559 699 617 est,
727 550 849 606 sitis
881 551 932 604 in
965 551 1065 604 ltoe
1093 562 1521 620 perseverantes,
1550 566 1583 604 ο
1608 565 1704 605 vos
1745 551 1834 620 qui
1869 549 2091 620 speratis

517 656 575 696 in
608 640 831 698 Domino.
869 640 1243 696 salvationem.
1275 640 1448 702 Aliter
1486 641 1630 696 enim
1666 656 1771 695 non
1813 655 1958 712 spes,
1997 637 2093 695 sed

517 733 869 806 praisumptio
899 739 1064 790 esset.

969 823 1038 881 ΞΝ
1077 823 1410 880 PSALMUM
1439 822 1632 878 XXXI.

590 917 793 978 Psalmi
828 916 1090 988 trigesimi
1129 918 1308 987 primi.
1351 915 1581 970 Titulus.
1621 915 1924 969 Intellectus
1969 916 2090 971 huic

516 1011 688 1068 David
711 1028 726 1065 :
749 1011 903 1080 Quod
925 1009 1005 1064 sic
1025 1007 1314 1078 exponitur
1340 1024 1354 1060 :
1384 1005 1518 1060 Huic
1542 1006 1726 1070 David,
1763 1007 1814 1060 id
1838 1015 1940 1070 est,
1966 1007 2092 1062 huic

519 1103 667 1158 ﬁdeli
697 1101 788 1172 qui
821 1101 878 1155 in
909 1099 1013 1153 boc
1040 1097 1250 1168 psalmo
1287 1096 1420 1166 agit,
1460 1105 1544 1150 est
1586 1096 1908 1150 intellectus.
1938 1095 2091 1162 Quod

519 1202 604 1250 est
642 1193 823 1250 dicere
865 1208 880 1244 :
926 1188 1022 1244 llic
1059 1187 1235 1242 ﬁdelis
1271 1187 1362 1254 qui
1406 1187 1494 1240 hic
1536 1186 1794 1256 loquitur,
1834 1201 1959 1241 vere
1998 1201 2088 1241 sa-

520 1285 675 1354 piens
714 1289 820 1347 est,
862 1288 918 1335 et
950 1279 1089 1334 bene
1122 1277 1448 1348 intelligens.
1481 1277 1612 1332 Cum
1655 1287 1834 1332 autem
1871 1278 2092 1347 ponitur

519 1372 830 1435 intellectus
863 1369 1163 1433 indeﬁnite,
1201 1369 1374 1439 magis
1401 1382 1524 1423 eum
1551 1381 1671 1424 esse
1702 1368 2090 1439 intelligentem

519 1464 716 1531 innuit,
746 1480 908 1534 quam
936 1464 980 1520 si
1003 1464 1412 1518 determinaret.
1439 1462 1562 1519 lllos
1583 1464 1726 1518 enim
1757 1463 1846 1532 qui
1877 1463 2091 1533 sapien-

520 1557 712 1617 tissimi
737 1565 884 1620 sunt,
912 1557 1192 1626 sapientes
1216 1555 1633 1610 indeterminate
1656 1555 1836 1610 dicere
1864 1569 2092 1612 consue-

521 1650 717 1705 vimus.
763 1649 832 1705 Ut
868 1649 1122 1704 Salomon
1164 1648 1379 1716 sapiens
1411 1647 1611 1701 dicitur
1650 1647 2087 1700 imlctcrminate.

517 1738 573 1794 in
609 1740 712 1793 hoc
741 1753 870 1792 vero
903 1737 1133 1808 psalmo,
1179 1736 1352 1790 ﬁdelis
1381 1735 1608 1804 quilibet
1640 1736 1772 1804 agit,
1811 1735 1900 1803 qui
1939 1735 2087 1804 prius

2198 546 2323 600 terit
2343 545 2586 614 sejustus
2608 546 2882 615 ajustitia,
2901 551 3139 620 nunquid
3157 553 3299 608 vivet
3313 554 3583 624 ?i(Ezeclt.
3600 577 3731 632 “tu,

2193 635 2431 704 27.)Nec
2453 646 2528 692 est
2555 639 2611 693 in
2634 639 2824 708 spiritu
2853 640 2987 708 ejus,
3015 641 3066 696 id
3095 652 3178 698 est
3203 645 3258 698 in
3282 647 3461 703 anima
3495 651 3626 706 beati
3651 654 3734 712 viri

2194 727 2530 796 dolus.Quod
2554 738 2636 784 est
2658 729 2840 786 dicere
2884 748 2898 786 :
2928 731 2995 787 Et
3017 731 3105 787 ille
3126 733 3208 788 vir
3220 734 3417 792 beatus
3431 747 3511 792 est
3530 741 3613 809 qui
3639 758 3728 799 non

2193 819 2396 884 deﬁcit,
2429 821 2524 876 sed
2559 823 2610 875 in
2638 820 2780 878 bono
2808 824 3086 894 proposito
3115 841 3213 881 suo
3241 837 3485 896 perstat,
3511 834 3732 900 quoniam

2195 911 2283 966 ille
2319 912 2562 968 dolosum
2593 915 2847 984 spiritum
2902 916 3104 970 dicitur
3140 918 3366 985 habere,
3396 922 3484 992 qui
3513 938 3620 978 eum
3649 926 3738 982 Deo

2195 1001 2351 1056 ﬁdem
2407 1004 2736 1072 promiserit,
2789 1014 2844 1060 et
2885 1006 3248 1062 obedientiam
3295 1023 3460 1079 opere
3503 1016 3738 1084 complere

2191 1107 2607 1164 perseveranter
2629 1097 2839 1152 abnuit.
2878 1095 2980 1151 Per
3017 1097 3121 1153 hoc
3141 1108 3328 1154 autem
3360 1102 3516 1155 datur
3541 1104 3738 1176 intelligi

2193 1202 2299 1243 non
2331 1202 2453 1242 esse
2505 1188 2725 1243 beatmn
2760 1188 2910 1243 illum
2947 1190 3060 1261 qui,
3102 1192 3356 1260 quamvis
3394 1192 3508 1261 ejus
3559 1209 3738 1264 peccata

2191 1289 2322 1334 tecta
2347 1289 2395 1334 et
2423 1279 2725 1349 iniquitates
2751 1281 2982 1335 remissa:
3006 1283 3138 1348 sint,
3169 1292 3351 1338 tamen
3382 1285 3433 1337 in
3460 1285 3635 1353 spiritu
3656 1289 3734 1340 do-

2191 1370 2336 1427 losus
2356 1379 2458 1426 est.
2475 1369 2626 1426 Unde
2648 1373 2908 1442 scriptum
2939 1382 3051 1428 est:
3077 1391 3096 1424 ι
3119 1373 3312 1428 Melius
3333 1384 3418 1429 est
3434 1391 3534 1429 nou
3551 1393 3736 1440 vovere,

2191 1477 2353 1531 quam
2378 1470 2500 1530 post.
2525 1471 2646 1517 vota
2664 1478 2766 1517 non
2791 1463 3052 1532 perlicere
3075 1463 3247 1534 (Eccl.
3271 1480 3327 1530 v,
3343 1464 3423 1528 5).
3444 1485 3464 1518 ι
3500 1466 3738 1536 Sequitur.

2194 1551 2457 1618 Quoniam
2471 1556 2636 1621 tacui,
2652 1564 2756 1610 etc.
2776 1553 2928 1621 Quod
2943 1555 3022 1610 sic
3035 1557 3326 1625 exponitur
3345 1575 3358 1612 :
3375 1555 3523 1614 Nunc
3539 1559 3742 1630 intelligo

2191 1647 2332 1715 quod
2377 1646 2515 1700 beati
2553 1656 2679 1702 sunt
2728 1663 2954 1718 quorum
3011 1649 3242 1703 remissa'
3286 1659 3412 1703 sunt
3458 1650 3740 1719 iniquitates.

2191 1747 2296 1791 etc.
2323 1737 2458 1792 Aliis
2482 1752 2612 1792 vero
2640 1738 2886 1803 minime,
2922 1739 3025 1793 hoc
3047 1748 3230 1794 autem
3263 1739 3433 1804 tacui,
3461 1739 3511 1794 id
3537 1748 3612 1796 es:
3651 1758 3739 1796 non

521 1829 852 1898 intelligebat
887 1844 946 1883 se
985 1827 1287 1882 beatilieari
1333 1841 1490 1895 posse
1528 1841 1623 1895 per
1660 1825 1886 1880 liberum
1941 1825 2090 1880 arbi~
2123 1818 2165 1872 Β
2195 1827 2457 1895 intellexi,
2488 1829 2613 1883 dum
2643 1843 2739 1898 per
2762 1828 2994 1883 liberum
3021 1829 3313 1884 arbitrium
3344 1845 3432 1886 me
3471 1830 3739 1885 beatificari

517 1921 683 1976 trium
711 1921 828 1976 sine
858 1920 1174 1976 remissione
1203 1928 1586 1990 peccatorum;
1623 1933 1766 1972 nunc
1798 1927 1975 1972 autem
2006 1933 2094 1971 er-

517 2025 643 2076 rore
689 2011 783 2067 tali
835 2011 1162 2082 postposito,
1199 2012 1265 2066 ad
1301 2009 1530 2065 aliorum
1567 2010 1972 2065 instructionem
2005 2025 2093 2066 os-

520 2103 694 2167 tendit
758 2104 964 2160 nullum
1018 2103 1122 2158 nisi
1170 2118 1267 2172 per
1313 2111 1659 2173 peccatorum
1716 2104 2093 2158 remissionem

519 2208 677 2265 posse
720 2193 1043 2261 beatiticari,
1097 2195 1352 2263 seipsum-
1383 2193 1506 2248 inde
1556 2209 1864 2262 proponens
1905 2209 2092 2250 exem-

519 2285 686 2354 plum;
712 2285 838 2341 dum
863 2287 1006 2340 enim
1035 2287 1178 2340 hunc
1205 2299 1446 2340 errorem
1469 2286 1679 2351 habuit,
1705 2287 1926 2341 omnino
1947 2285 2096 2340 debi-

518 2375 706 2433 litatus
734 2387 818 2432 est
855 2379 912 2435 in
954 2379 1271 2433 virtutibus.
1307 2378 1549 2434 Tandem
1585 2393 1715 2449 ergo
1757 2379 1973 2449 cognito
2001 2394 2093 2433 cr-

518 2484 664 2534 rore,
697 2481 751 2525 et
781 2469 906 2526 inde
935 2469 1330 2526 confessionem
1362 2486 1551 2543 agens,
1579 2481 1634 2526 et
1661 2472 1874 2526 veniam
1907 2480 2086 2541 postu-

519 2565 638 2626 lans
692 2564 1002 2634 impetravit
1033 2582 1046 2618 :
1079 2574 1133 2619 et
1163 2565 1243 2619 sic
1273 2557 1665 2620 beatitudinem
1696 2564 1922 2634 justitiac
1964 2564 2092 2620 adc-

517 2663 642 2732 ptus
665 2665 770 2722 est,
803 2663 860 2710 et
889 2656 941 2709 in
966 2654 1148 2710 futuro
1181 2657 1352 2727 magis
1375 2656 1732 2712 beatiﬁcatur.
1762 2656 2097 2712 Adhortatur

518 2747 683 2803 etiam
712 2745 849 2802 alios
874 2761 942 2802 ne
966 2745 1023 2800 in
1051 2744 1154 2801 boc
1183 2759 1368 2801 errore
1401 2747 1614 2816 decepti
1645 2746 1977 2802 intellectum
2007 2761 2096 2799 rc-

519 2838 794 2899 missionis
815 2856 844 2894 a
873 2853 937 2894 se
962 2838 1247 2908 repellant.
1272 2839 1341 2894 Et
1368 2840 1494 2910 quia
1524 2841 1590 2894 ad
1625 2841 1728 2894 hoc
1759 2855 1854 2909 per
1882 2855 1940 2894 se
1969 2846 2097 2894 sunt

517 2929 906 2987 insufﬂcientes
937 2948 950 2985 :
980 2948 1079 3002 pro
1108 2931 1187 2986 eis
1217 2931 1562 3000 postmodum
1601 2939 1742 2986 orat.
1793 2930 1935 2984 Bene
1967 2942 2096 2983 vero

517 3021 730 3092 psalmo
755 3020 1079 3092 prmcedenti
1106 3022 1447 3092 supponitur.
1481 3020 1613 3076 Nam
1644 3022 1696 3076 in
1733 3020 2000 3090 superiori
2031 3020 2096 3076 de

518 3112 838 3168 remissione
875 3128 1054 3168 aetum
1087 3121 1200 3176 est,
1263 3121 1320 3167 et
1353 3111 1422 3167 de
1461 3113 1799 3167 beatitudine
1828 3111 2090 3167 ﬁdelium.

2197 1935 2355 1988 posse
2383 1919 2588 1989 putavi.
2639 1919 2783 1974 Bene
2835 1929 3006 1973 tacere
3037 1919 3258 1989 ponitur
3295 1935 3397 1990 pro
3447 1937 3545 1974 non
3581 1921 3743 1974 intelli-

2197 2013 2341 2082 gere!
2377 2012 2525 2066 Sicut
2552 2011 2695 2066 enim
2724 2009 2868 2080 loqui
2891 2022 3126 2064 mentem
3168 2009 3406 2065 dicimus
3452 2011 3572 2064 dum
3607 2011 3738 2063 intel-

2199 2103 2334 2174 ligit,
2384 2103 2456 2156 ita
2509 2117 2730 2172 quoque
2788 2112 2968 2156 tacere
3021 2101 3147 2154 dum
3187 2115 3297 2154 non
3355 2099 3612 2170 intelligit.
3637 2099 3742 2152 Dico

2198 2194 2322 2261 quia
2355 2193 2498 2262 quod
2522 2208 2665 2247 nune
2709 2191 2829 2246 dico
2857 2192 3006 2262 prius
3033 2191 3198 2244 tacui.
3226 2191 3293 2244 Et
3322 2193 3566 2260 quoniam
3608 2189 3740 2254 tacui,

2198 2284 2607 2336 inveteraverunt
2639 2297 2756 2335 ossa
2793 2297 2930 2342 mea,
2958 2280 3115 2334 idest
3139 2280 3422 2334 debilitata
3456 2288 3573 2333 sunt
3599 2280 3733 2340 ratio,

2199 2369 2430 2423 liberum
2487 2369 2796 2433 arbitrium,
2846 2370 3183 2438 virtutesque
3245 2383 3402 2433 mem,
3457 2384 3572 2437 qum
3620 2383 3740 2432 ossa,

2199 2476 2296 2530 pro
2318 2461 2397 2514 sui
2423 2461 2802 2524 similitudine,
2835 2461 3111 2516 dicuntur.
3145 2458 3573 2514 Inveteraverunt
3597 2459 3741 2528 ponit,

2199 2568 2229 2606 a
2255 2551 2608 2608 similitudine
2635 2553 2822 2616 vestis,
2855 2567 2975 2621 qua:
3013 2559 3214 2621 quanto
3248 2550 3485 2609 veterior
3512 2559 3648 2605 tanto
3670 2551 3742 2605 de»

2199 2643 2361 2698 bilior
2391 2643 2672 2710 est.Quasi
2702 2645 2909 2699 diceret
2937 2662 2950 2696 :
2981 2642 3119 2710 Quia
3145 2657 3243 2712 per
3271 2658 3360 2697 me
3382 2641 3616 2696 sufﬁcere
3636 2656 3744 2710 βπε-

2200 2736 2427 2805 sumpsi,
2455 2751 2577 2792 ossa
2616 2751 2734 2789 mea
2767 2736 2818 2789 in
2848 2734 3044 2805 quibus
3100 2733 3452 2790 conﬁdebam
3503 2733 3743 2788 debilitata

2199 2839 2322 2882 sunt
2353 2828 2366 2881 l
2399 2826 2530 2881 Dico
2555 2827 2682 2896 quia
2710 2825 3014 2891 tacui,dum
3038 2833 3218 2882 tamen
3241 2825 3525 2880 clamarem
3552 2825 3742 2889 toladie,

2199 2920 2252 2974 id
2274 2929 2358 2974 est
2383 2918 2604 2990 iugiter.
2640 2917 2774 2972 Illud
2806 2917 2948 2972 idem
3002 2917 3147 2987 quod
3190 2918 3464 2972 tacebam.
3513 2915 3651 2982 Quod
3679 2923 3744 2968 est

2199 3008 2380 3064 dicere
2411 3026 2423 3061 :
2458 3009 2593 3062 Dum
2615 3007 2728 3077 ipsa
2746 3021 2862 3062 mea
2894 3005 3134 3072 miseria,
3158 3006 3316 3074 quasi
3343 3005 3592 3066 clamore,
3615 3018 3735 3056 com-

2199 3101 2486 3170 prol-arem
2519 3099 2645 3154 illud
2675 3099 2818 3169 quod
2873 3098 2925 3153 in
2961 3097 3238 3153 intellectu
3274 3098 3540 3162 tacebam,
3572 3095 3743 3150 scilicet

520 3203 575 3258 in
610 3205 710 3260 hoc
738 3215 917 3262 autem
949 3204 1186 3276 qualiter
1208 3205 1276 3259 ad
1301 3205 1694 3260 beatitudinem
1720 3204 2090 3274 perveniatur,

2202 3190 2320 3244 illos
2345 3189 2487 3245 solos
2513 3189 2700 3245 beatos
2727 3205 2870 3254 esse,
2897 3205 3124 3260 quorum
3149 3187 3389 3241 remissa:
3418 3197 3540 3241 sunt
3585 3184 3742 3252 ἱηὶιμιὶ-

521 3295 806 3353 instructio
845 3297 1023 3360 datur,
1051 3311 1118 3350 ne
1149 3296 1376 3365 quilibet
1402 3294 1468 3349 ad
1499 3296 1640 3350 lianc
1665 3309 1724 3350 se
1750 3310 1846 3365 per
1866 3295 2094 3350 liberum

521 3390 804 3446 arbitrium
838 3392 1107 3460 attingere
1137 3398 1450 3458 praesumat.

591 3476 742 3532 Beati
780 3496 1024 3548 quorum,
1067 3487 1172 3532 ete.
1213 3479 1316 3532 Iste
1359 3493 1546 3532 versus
1587 3477 1665 3531 sic
1710 3486 2098 3547 prasposterate

520 3563 740 3634 legitur.
784 3565 948 3632 Quasi
988 3566 1134 3620 dicat
1171 3584 1182 3617 :
1226 3565 1374 3619 Multi
1406 3581 1502 3634 per
1538 3566 1771 3620 liberum
1808 3565 2096 3621 arbitrium

523 3657 698 3712 solum
733 3658 801 3710 ad
837 3655 1226 3710 beatitudinem
1268 3658 1552 3726 pervenire
1587 3659 1857 3723 nituntur,
1889 3659 1982 3714 sed
2020 3659 2095 3714 illi

521 3744 622 3800 soli
653 3754 779 3800 sunt
807 3745 944 3799 beati
977 3763 1197 3815 quorum
1220 3757 1432 3817 peccata
1461 3759 1582 3802 sunt
1636 3759 1790 3814 lerta,
1824 3750 1874 3804 id
1905 3760 1988 3806 est
2019 3751 2096 3806 sic

523 3835 857 3902 abscondita,
886 3835 970 3890 vel
998 3852 1094 3905 per
1123 3837 1449 3908 baptismum
1482 3841 1678 3905 solum,
1705 3841 1788 3896 vel
1812 3842 1974 3896 etiam
2000 3857 2098 3912 per

522 3924 940 3993 confessionem,
972 3929 1113 3996 quod
1143 3945 1206 3983 ea
1257 3931 1515 3986 Dominus
1551 3949 1653 3986 non
1695 3933 1893 3994 videat,
1933 3933 2011 3989 sie
2040 3941 2097 3986 ut

519 4017 836 4077 ulciscatur.
888 4020 956 4076 Et
992 4037 1216 4091 quorum
1263 4022 1564 4092 iniquitates
1609 4034 1729 4077 sunt
1758 4024 2010 4090 remissae,
2043 4025 2097 4079 id

522 4121 627 4175 est,
665 4120 947 4181 postquam
971 4127 1158 4167 eorum
1190 4123 1399 4183 peccata
1433 4123 1568 4168 tecta
1596 4126 1718 4168 sunt
1754 4133 1767 4168 :
1799 4116 1877 4169 sic
1906 4131 2094 4170 eorum

521 4201 679 4258 malae
715 4205 1192 4273 concupiscentiae,
1233 4205 1285 4260 id
1320 4213 1420 4271 est,
1464 4205 1823 4275 cogitationes
1861 4216 1986 4260 sunt
2017 4225 2096 4262 re-

519 4295 716 4361 missw,
755 4296 807 4350 id
843 4306 946 4363 est,
980 4296 1308 4361 inefﬁcaces,
1345 4307 1402 4351 ut
1429 4298 1510 4352 eis
1548 4313 1652 4352 non
1684 4298 2030 4368 praevaleant,
2065 4315 2097 4354 a

521 4388 875 4443 similitudine
899 4404 1056 4443 arcus
1083 4389 1319 4452 remissi,
1345 4389 1435 4458 qui
1471 4389 1741 4444 invalidus
1771 4399 1860 4444 est
1888 4389 1952 4445 ad
1988 4399 2096 4445 tra-

521 4479 775 4532 hendum.
793 4477 870 4534 Ne
893 4494 1022 4534 vero
1045 4479 1260 4549 aliquis,
1284 4490 1404 4548 post
1423 4491 1769 4550 peccatorum
1786 4484 2091 4550 lectionem,
2128 4519 2172 4576 υ

523 4570 602 4622 sic
633 4570 948 4639 iniquitates
983 4573 1184 4626 remitti
1240 4581 1457 4640 putaret
1497 4581 1556 4626 ut
1582 4573 1730 4628 nullo
1769 4578 1929 4630 modo
1964 4590 2091 4644 pec-

497 4705 504 4710 .
524 4675 583 4712 ea
595 4671 767 4714 retur:
789 4662 896 4727 vel,
911 4663 954 4717 si
978 4674 1314 4731 peccaretur,
1331 4673 1392 4716 ut
1407 4678 1513 4716 non
1539 4664 1768 4732 amplius
1782 4666 1847 4720 ad
1861 4665 2095 4720 beatitu-

523 4750 699 4808 dinem
735 4753 1000 4822 attingere
1029 4763 1230 4822 posset,
1264 4754 1444 4808 addit:
1470 4755 1536 4810 Et
1556 4759 1736 4810 beatus
1766 4757 1844 4810 rir
1892 4757 1978 4809 ille
2007 4757 2094 4810 cui

523 4861 628 4898 non
649 4845 921 4912 imputavit
945 4845 1203 4899 Dominus
1229 4857 1531 4914 peccatum,
1559 4847 1710 4914 quasi
1742 4847 1885 4901 dicat
1911 4862 1926 4901 :
1953 4847 2094 4902 Con-

522 4937 658 4991 cedo
686 4935 900 5003 quidem
937 4935 1138 4989 nullum
1160 4951 1188 4989 a
1214 4945 1438 5006 peccato
1472 4946 1952 5006 postpeccatorum
1985 4947 2094 4994 tec-

521 5029 722 5083 tionem
735 5026 1147 5096 93immunem
1172 5043 1332 5098 posse
1350 5030 1586 5084 existere
1615 5048 1627 5082 :
1658 5032 1749 5086 sed
1773 5031 1861 5084 ille
1885 5039 2090 5085 tantmn

520 5123 599 5174 vir
631 5127 714 5175 est
741 5121 938 5178 beatus,
959 5120 1007 5172 id
1033 5127 1116 5175 est
1140 5121 1338 5187 justus,
1367 5121 1452 5175 vel
1477 5123 1580 5176 erit
1601 5123 1778 5177 beatus
1804 5126 1858 5177 in
1889 5122 2090 5189 futuro,

521 5213 606 5266 cui
639 5229 739 5266 non
768 5211 1058 5280 imputabit
1094 5211 1347 5266 Dominus
1373 5223 1652 5281 peccatum
1680 5229 1836 5267 suum
1869 5216 1934 5266 ad
1971 5215 2092 5269 vin-

521 5301 720 5356 dictam
751 5311 1032 5368 :cternam,
1064 5302 1114 5357 id
1144 5313 1226 5356 est
1254 5303 1346 5371 qui
1385 5318 1490 5356 non
1530 5303 2093 5372 peccabitcriu'tinali-

523 5403 626 5457 ter,
649 5392 735 5446 vel
767 5394 928 5448 nimis
955 5403 1231 5457 consuete,
1261 5393 1313 5448 id
1366 5401 1449 5448 est
1480 5393 1756 5459 usualiter,
1795 5395 1935 5449 sicut
1966 5409 2091 5464 pos-

523 5495 610 5540 tea
635 5501 739 5540 non
770 5487 1068 5541 satisfaciat
1099 5485 1210 5541 Deo
1237 5486 1544 5540 confitendo
1568 5493 1622 5540 et
1644 5500 1840 5553 corpus
1860 5486 2093 5554 afﬂigen-

523 5575 595 5629 do
617 5615 631 5640 ,
662 5585 717 5628 et
759 5575 1134 5646 eleentosynas
1164 5576 1364 5631 dando.
1397 5575 1475 5630 llli
1520 5590 1756 5645 namque
1812 5587 2094 5646 peccatum

524 5665 590 5729 ad
614 5681 825 5734 poenam
847 5666 1224 5737 imputabitur,
1253 5667 1342 5736 qui
1383 5675 1503 5736 post
1531 5675 1872 5738 peccatorum
1906 5671 2094 5725 tectio-

529 5769 650 5816 nem
674 5756 1326 5821 criminaliler,vclnitnis
1357 5765 1612 5819 consuete
1654 5768 1860 5832 peccat,
1916 5759 1994 5813 sic
2033 5767 2094 5816 ut

2199 3293 2354 3348 tales,
2383 3291 2486 3337 etc.

2270 3389 2649 3460 Exponitvcro
2675 3391 2948 3460 quomodo
2977 3389 3276 3455 clamabat,
3323 3391 3408 3446 sic
3435 3409 3448 3445 :
3481 3390 3606 3445 Vere
3651 3389 3742 3442 cla-

2205 3482 2446 3547 mabam,
2479 3482 2730 3552 quoniam
2761 3497 2951 3535 manus
2981 3491 3094 3546 tua,
3133 3481 3185 3536 id
3216 3489 3305 3536 est
3344 3481 3580 3536 vindicta
3607 3489 3743 3542 tua,o

2199 3571 2361 3637 Deus,
2392 3586 2552 3641 quam
2581 3571 2647 3626 de
2675 3585 2760 3624 me
2782 3570 3063 3640 accepisti,
3092 3569 3214 3625 ideo
3235 3571 3369 3641 quia
3402 3571 3480 3625 sic
3507 3569 3741 3628 tacebam,

2199 3659 2282 3713 die
2312 3677 2373 3712 ac
2400 3669 2566 3726 nocte,
2599 3661 2652 3714 id
2690 3671 2774 3715 est
2801 3661 3015 3715 assidue
3046 3671 3264 3730 gravata
3293 3671 3374 3714 est
3407 3675 3558 3729 super
3579 3674 3666 3720 nte,
3693 3653 3737 3707 id

2186 3759 2282 3826 est
2305 3748 2484 3818 gravis
2524 3758 2578 3804 et
2617 3749 2921 3819 ponderosa
2957 3748 3097 3802 facta
3132 3747 3233 3801 fuit
3258 3763 3428 3818 super
3477 3762 3577 3802 me.
3607 3743 3743 3811 Quasi

2199 3840 2385 3895 dicat:
2419 3839 2536 3910 Ipsa
2571 3840 2790 3894 miseria
2817 3854 2978 3908 quam
3004 3839 3244 3893 vindicta
3271 3849 3365 3892 tua
3407 3838 3536 3892 mihi
3564 3835 3742 3906 gravis-

2199 3933 2390 3988 simam
2431 3930 2720 3996 inferebat,
2753 3929 2882 3984 illud
2913 3930 3056 3998 quod
3083 3930 3331 3982 tacebam
3370 3927 3646 3988 clamabat,
3670 3937 3741 3976 os-

2199 4024 2335 4078 sium
2375 4021 2582 4078 scilicet
2609 4036 2849 4083 meorum
2881 4020 3201 4075 debilitatio.
3243 4020 3379 4073 Dico
3423 4017 3562 4086 quod
3584 4029 3742 4066 manus

2198 4125 2287 4170 tua
2310 4124 2526 4184 gravata
2551 4123 2646 4177 est,
2673 4122 2726 4166 et
2756 4127 2878 4166 cum
2907 4119 3246 4182 gravaretur,
3306 4110 3529 4164 tandem
3562 4121 3742 4160 courier.

2198 4224 2287 4262 sus
2316 4223 2431 4260 sum
2461 4206 2529 4260 ad
2559 4215 2610 4258 te
2641 4202 2984 4273 intelligendo
3013 4203 3154 4271 quod
3191 4201 3344 4271 prius
3400 4201 3647 4254 tacebam.
3689 4192 3743 4248 Et

2198 4297 2303 4351 hoc
2336 4295 2390 4348 in
2417 4310 2652 4348 (erumna
2668 4309 2803 4358 mea,
2837 4291 2886 4346 id
2913 4301 2995 4346 est
3025 4291 3074 4344 in
3106 4290 3550 4344 consideratione
3576 4298 3744 4341 terum-

2196 4400 2448 4440 nmmew.
2498 4383 2662 4450 Quasi
2730 4383 2875 4438 dicat
2942 4399 2956 4436 :
3015 4381 3427 4436 Considerando
3475 4388 3740 4433 utrumnam

2198 4493 2401 4543 meam,
2447 4475 2515 4530 ab
2545 4478 2732 4531 eadem
2759 4474 3069 4528 admonitus
3118 4487 3236 4526 sum
3275 4481 3333 4525 ut
3365 4473 3432 4526 ad
3460 4480 3508 4525 te
3547 4480 3742 4524 conver-

2202 4577 2362 4631 terer,
2400 4576 2457 4621 et
2477 4567 2558 4621 sic
2609 4581 2904 4620 conversus
2957 4580 3097 4618 sum.
3133 4562 3265 4616 Dico
3300 4562 3357 4615 in
3393 4575 3622 4618 terarum:
3645 4568 3742 4624 qua:

2195 4673 2323 4714 vere
2365 4657 2465 4711 fuit
2491 4672 2750 4718 aerumna,
2779 4657 2904 4708 dum
2929 4655 3210 4724 con/igitur
3239 4654 3417 4722 spina,
3453 4653 3505 4706 id
3534 4659 3610 4706 est
3632 4648 3739 4701 dmn

2197 4749 2558 4820 conﬁgeretur
2596 4749 2648 4802 in
2681 4763 2767 4800 me
2794 4756 3092 4816 peccatum,
3122 4744 3265 4814 quod
3295 4744 3500 4800 dicitur
3530 4742 3667 4811 spina
3688 4749 3741 4787 eo

2196 4842 2336 4912 quod
2365 4849 2566 4910 pungat
2592 4844 2648 4891 in
2675 4836 3004 4892 conscientia
3036 4836 3103 4889 ad
3160 4835 3379 4888 modum
3437 4835 3615 4902 spina},
3642 4838 3741 4895 qum

2200 4947 2396 5000 corpus
2420 4929 2626 4998 pungit.
2652 4928 2787 4981 Dum
2818 4926 3037 4997 ponitur
3067 4925 3372 4994 conﬁgitur,
3430 4923 3599 4976 immit
3633 4917 3738 4986 quia

2195 5024 2360 5077 multa
2405 5030 2623 5091 peccata
2655 5020 2709 5072 in
2746 5034 2810 5073 eo
2841 5017 2999 5072 simul
3024 5017 3350 5087 ﬁgebantur.
3375 5015 3434 5068 ln
3468 5014 3568 5068 alia
3593 5020 3740 5065 trans-

2197 5116 2395 5169 latione
2426 5113 2672 5176 habetur,
2699 5112 2822 5162 dum
2855 5108 3209 5162 exardesceret
3233 5107 3416 5160 messis
3463 5096 3738 5166 mea.Quod

2198 5204 2486 5259 estdicere
2527 5219 2542 5254 :
2585 5201 2718 5254 Dum
2745 5199 3156 5252 destruerentur
3189 5197 3420 5249 virtutes
3469 5207 3613 5254 mete,
3639 5199 3737 5256 qua!

2198 5296 2380 5350 messis
2409 5294 2680 5350 dicuntur,
2712 5305 2776 5344 eo
2814 5289 2957 5358 quod
2986 5287 3065 5341 eis
3091 5287 3272 5344 anima
3329 5292 3651 5339 sustentatur
3684 5291 3739 5328 ne

2196 5394 2402 5458 pereat,
2427 5384 2566 5438 sicut
2595 5397 2772 5436 messe
2801 5395 3000 5450 corpus
3041 5387 3376 5433 sustentatur
3414 5375 3538 5429 dum
3587 5379 3740 5424 come-

2197 5457 2362 5534 ditur.
2391 5475 2518 5530 Dico
2536 5473 2680 5544 quod
2708 5489 2983 5526 conversus
3008 5487 3145 5524 sum.
3186 5469 3252 5524 Et
3286 5479 3575 5524 conversus
3627 5457 3740 5512 deli-

2197 5581 2338 5626 ctum
2368 5583 2538 5622 meum
2564 5567 2827 5636 cognitum
2871 5563 2964 5617 tibi
3001 5561 3120 5631 feci.
3160 5561 3342 5615 Potest
3373 5570 3429 5612 et
3479 5559 3575 5611 hoc
3617 5546 3738 5620 quod

2196 5664 2285 5719 llic
2317 5660 2618 5730 expositum
2671 5666 2757 5712 est
2803 5655 2906 5709 alio
2960 5655 3120 5710 modo
3143 5652 3337 5722 exponi
3381 5661 3435 5704 ct
3483 5640 3734 5710 distingui,

2201 5755 2406 5816 scilicet
2430 5754 2508 5807 sic
2551 5769 2562 5810 :
2624 5751 2744 5806 Dixi
2777 5749 2928 5819 qqu
2956 5763 3226 5803 conversus
3252 5760 3378 5800 sum.
3429 5742 3493 5803 Et
3532 5741 3603 5794 sic
3629 5749 3736 5790 tum
