3838 6328
117 359 194 412 'llil
441 387 446 390 -
1006 351 1362 409 EXPOSITIO
1397 352 1457 406 ΙΝ
1497 346 1840 407 PSALMOS.
1873 373 1941 388 --
1976 340 2166 396 PSAL.
2207 342 2394 400 XXXI.

3242 352 3351 412 762

117 475 266 525 tracta
288 476 370 523 est
407 468 458 522 in
485 467 752 538 mespina,
785 465 838 521 id
866 472 950 521 est
973 467 1244 538 superbia.
1277 466 1441 535 Spina
1473 465 1670 518 dicitur
1700 468 1744 523 Α
1776 463 1930 516 nibus
1955 471 2008 516 et
2034 462 2490 533 suggestioninus,
2517 476 2586 516 ne
2611 459 2691 518 eis
2711 462 2924 516 cedam.
2959 461 3111 531 Quod
3143 474 3227 520 est
3259 465 3342 519 di-

113 563 292 617 ossium
340 559 590 614 collectio
634 559 748 624 illa,
795 572 968 628 quaea
1023 557 1161 613 collo
1183 572 1355 626 usque
1393 557 1460 609 ad
1511 570 1666 609 renes

113 663 384 722 attingens,
415 665 616 722 corpus
637 659 878 706 erectum
905 664 1024 705 esse
1048 648 1196 703 facit.
1221 649 1349 716 Quze
1372 649 1416 702 si
1452 648 1670 716 franga-

112 753 203 806 tur,
232 740 378 796 illico
410 755 608 811 corpus
632 739 954 795 incurvatur
983 747 1036 793 et
1060 739 1400 792 humiliatur.
1434 737 1668 806 Ideoque

112 850 193 902 pro
215 833 460 900 superbia
492 832 728 901 ponitur.
745 830 1006 901 Superbia
1039 844 1272 900 namque
1301 845 1397 884 cor
1428 829 1667 882 hominis

111 924 349 978 adversus
381 923 549 976 Deum
599 922 778 991 erigit.
839 922 896 977 Si
945 937 1074 976 vero
1127 920 1501 989 confringatur
1545 935 1663 984 cor,

111 1012 338 1083 protinus
369 1027 501 1082 erga
524 1011 695 1066 Deum
720 1012 1056 1067 bumiliatur.
1084 1012 1213 1067 Dico
1235 1012 1360 1081 quia
1387 1009 1668 1066 confracta

109 1107 251 1159 estin
279 1119 369 1160 me
397 1105 569 1174 spina,
622 1113 679 1160 et
725 1107 851 1159 dum
899 1105 1278 1176 confringitur,
1321 1106 1372 1158 id
1417 1115 1501 1158 est
1539 1105 1668 1158 dum

110 1196 372 1249 confracta
399 1205 485 1250 est
514 1195 566 1248 in
598 1210 686 1249 me
711 1195 884 1264 spina,
913 1195 963 1249 id
993 1205 1073 1250 est
1104 1196 1376 1264 superbia,
1403 1196 1669 1266 cognitum

110 1285 214 1351 feci,
241 1285 288 1336 id
322 1291 411 1338 est
437 1282 777 1340 nianifestavi
832 1285 926 1337 tibi
968 1285 1218 1340 dilectum
1257 1303 1409 1339 suum
1477 1303 1492 1340 :
1553 1284 1669 1339 Non

109 1373 228 1442 quod
254 1373 410 1442 prius
445 1374 746 1443 ignorares,
769 1375 864 1430 sed
894 1375 1020 1444 quia
1050 1376 1201 1444 prius
1222 1377 1533 1430 excusando
1555 1392 1661 1440 me,

109 1472 346 1530 quantum
364 1462 429 1516 ad
445 1477 550 1526 me,
566 1477 671 1518 non
693 1471 953 1533 quantum
965 1465 1034 1520 ad
1056 1471 1108 1520 te
1119 1464 1230 1537 94
1241 1466 1663 1532 abscondebam,

109 1554 398 1608 conﬁtendo
439 1562 496 1607 et
543 1569 628 1608 me
659 1555 966 1612 accusando
1005 1557 1357 1611 manifestum
1419 1558 1514 1611 tibi
1543 1574 1668 1614 esse

109 1643 323 1698 intellexi
391 1643 526 1698 illud
567 1643 841 1708 delictum,
891 1655 942 1701 et
993 1646 1310 1718 injustitiam
1354 1664 1521 1702 meum
1564 1665 1668 1703 non

109 1736 362 1799 abscondi,
389 1737 528 1790 sicut
548 1736 720 1806 prius,
751 1738 845 1792 sed
867 1715 1174 1793 confitendo
1198 1738 1539 1794 manifestavi
1587 1741 1662 1794 si-

108 1835 181 1878 cut
204 1834 250 1878 et
292 1825 560 1879 delictum
591 1841 606 1879 :
643 1825 896 1880 delictum
924 1827 1144 1892 quidem
1197 1829 1417 1892 dicitur,
1455 1830 1671 1900 quando

109 1917 228 1983 quod
253 1915 568 1971 faciendum
595 1926 738 1971 esset
763 1918 1220 1988 derelinquimus,
1251 1920 1386 1974 sicut
1424 1919 1560 1974 bene
1591 1921 1671 1974 fa-

109 2023 133 2061 c
164 2023 232 2073 re,
266 2007 440 2062 Deum
467 2007 666 2073 colere;
691 2016 744 2062 et
780 2020 973 2064 caetera
1030 2009 1184 2074 talia;
1239 2008 1502 2078 iujustitia
1539 2026 1670 2065 vero

109 2111 208 2149 cum
248 2099 394 2165 quod
428 2097 733 2150 faciendum
765 2108 993 2162 nonest,
1025 2099 1271 2164 facimus,
1306 2111 1362 2154 ut
1392 2100 1670 2155 hominem

108 2189 354 2254 occidere,
389 2189 567 2242 aliena
611 2205 821 2260 rapere,
855 2199 906 2245 et
950 2201 1146 2247 carlera
1184 2194 1309 2248 talia
1384 2193 1513 2248 Dico
1546 2194 1671 2264 quia

109 2279 345 2346 cognitum
388 2279 514 2347 feci.

168 2368 224 2422 Et
242 2371 791 2441 exponit-quomodo,
836 2371 914 2427 sic
948 2389 961 2426 :
1000 2369 1068 2426 Et
1095 2373 1198 2428 hoc
1239 2372 1392 2442 prius
1445 2373 1580 2438 dixi,
1618 2372 1671 2428 id

114 2468 180 2512 cst
212 2471 394 2515 mente
448 2460 634 2527 statui,
668 2461 745 2516 sic
769 2463 922 2517 aiens
956 2480 971 2517 :
1005 2463 1305 2532 Conﬁtebor
1352 2465 1672 2534 injustiliam

113 2563 256 2600 meum
285 2547 520 2602 Domino
552 2557 608 2603 et
634 2551 734 2604 hoc
757 2548 952 2605 faciam
976 2552 1249 2604 adversum
1279 2568 1360 2606 me
1402 2567 1588 2622 agens,
1618 2552 1672 2605 id

111 2647 178 2691 est
199 2638 470 2692 accusabo
499 2653 586 2693 me
612 2639 678 2693 de
702 2639 991 2710 iniquitate
1027 2657 1167 2707 mea,
1201 2643 1513 2698 confitendo
1545 2658 1666 2698 eam

111 2729 330 2800 Dotniuo,
359 2732 460 2803 qui
485 2735 636 2803 prius
665 2736 894 2804 superbe
920 2752 1007 2791 me
1026 2738 1374 2799 excusabant,
1408 2737 1510 2792 hoc
1553 2738 1666 2792 dixi

110 2841 190 2892 ego
216 2842 228 2877 :
255 2825 320 2878 Et
351 2843 461 2880 non
485 2827 755 2892 asbcondi,
773 2837 828 2883 et
859 2829 978 2884 ideo
1009 2839 1063 2883 tu
1093 2830 1402 2884 misericors
1429 2830 1672 2884 remisisti

111 2917 406 2984 impietatem
437 2921 638 2988 peccati
670 2923 794 2976 mei.
839 2920 955 2978 Non
1009 2921 1184 2978 solum
1219 2932 1522 2992 peccatum,
1575 2923 1673 2978 sed

110 3023 152 3065 et
175 3015 490 3084 impietatem
516 3015 684 3085 ipsius
724 3018 948 3086 peccati,
999 3018 1052 3072 id
1090 3028 1172 3072 est
1200 3019 1509 3089 superbiam
1539 3033 1670 3087 pec-

110 3103 197 3156 cati
223 3118 323 3158 non
349 3104 612 3160 confessi.
640 3103 870 3161 Ostenso
903 3107 1008 3161 hoc
1029 3147 1043 3169 ,
1080 3107 1205 3176 quia
1239 3123 1336 3178 per
1364 3106 1663 3162 confessio-

111 3208 210 3247 nem
237 3197 389 3247 venit
418 3197 484 3250 ad
510 3197 909 3262 remiSsiouem,
944 3214 1010 3252 ne
1047 3209 1330 3268 putaretur
1379 3201 1494 3269 ipse
1523 3198 1670 3254 solus
1698 3166 1744 3229 δ

113 3286 184 3352 qui
206 3289 352 3356 prius
377 3297 640 3356 peccator
663 3288 840 3343 fuerat
878 3290 1197 3344 remissione
1235 3293 1468 3362 eguisse,
1497 3289 1673 3345 sancti

113 3391 223 3432 Vero
269 3379 526 3444 minime,
574 3379 752 3434 subdit
791 3399 804 3433 :
844 3380 976 3435 Dico
1015 3381 1137 3450 quin
1170 3392 1224 3434 tu
1267 3383 1537 3446 remisisti,
1586 3395 1674 3437 re-

113 3469 349 3524 .uissione
381 3485 492 3539 qua
530 3485 632 3523 non
661 3469 807 3525 solus
828 3486 947 3542 ego,
978 3472 1070 3523 sed
1101 3487 1194 3541 pro
1222 3473 1318 3525 Itac
1349 3472 1518 3526 orabit
1560 3488 1676 3526 om-

113 3560 177 3612 nis
205 3571 424 3613 sanctus
446 3559 516 3613 ad
543 3570 613 3623 te,
645 3560 711 3615 ad
737 3561 1088 3616 obtinendum
1113 3562 1342 3626 scilicet,
1374 3562 1428 3616 in
1451 3574 1676 3632 tempore

113 3663 411 3718 opportuno,
438 3651 488 3704 id
523 3660 604 3705 est
631 3651 684 3706 in
713 3652 815 3706 hoc
843 3653 1059 3719 saeculo,
1095 3655 1236 3723 quod
1270 3663 1454 3723 aptum
1501 3662 1585 3708 est
1609 3653 1676 3709 ad

117 3743 501 3808 ptenitendnm.
535 3743 795 3797 Futurum
827 3746 967 3798 enim
995 3747 1060 3798 ad
1102 3746 1203 3800 hoc
1248 3746 1674 3815 inopportunum

112 3841 197 3881 est.
215 3831 365 3886 Uude
387 3831 677 3901 Apostolus
712 3847 728 3886 :
762 3853 779 3884 ι
805 3833 945 3889 Ecce
959 3851 1096 3888 nunc
1123 3845 1332 3904 tempus
1347 3836 1677 3906 acceptabile

111 3915 410 3984 ("Genti-'1,
441 3919 552 3988 2).»
591 3921 720 3975 Dico
742 3924 886 3990 quod
925 3923 1330 3978 orabit.Eth:ec
1356 3925 1532 3978 oratio
1570 3941 1676 3979 non

116 4011 202 4061 erit
235 4010 601 4075 infructuosa,
628 4025 1000 4077 verumtamen,
1029 4015 1277 4084 quamvis
1300 4015 1510 4069 futurus
1539 4017 1676 4071 sitin

117 4101 303 4157 dilui-io
332 4120 596 4173 aquarum
627 4105 934 4168 multarum,
965 4106 1116 4160 idest
1144 4107 1195 4160 in
1221 4108 1527 4178 dicjudicii,
1559 4125 1678 4178 quae

115 4195 401 4250 continebit
440 4194 640 4250 multas
687 4195 1066 4252 tribulationes
1091 4204 1145 4251 et
1167 4198 1397 4264 subitas,
1455 4199 1523 4252 ad
1553 4215 1670 4253 eum

115 4300 199 4337 non
227 4286 672 4354 approximabunt
706 4285 808 4340 illa:
839 4303 1015 4356 aquae,
1059 4288 1111 4342 id
1138 4297 1221 4342 est
1249 4288 1623 4343 tribulationes
1653 4305 1667 4355 ;

115 4375 213 4429 dies
245 4377 437 4446 judicii
510 4377 770 4430 diluvium
817 4378 1044 4441 dicitur,
1107 4379 1250 4447 quod
1286 4394 1352 4434 ex
1387 4379 1678 4448 improviso

115 4468 277 4522 veniet
300 4469 442 4522 sicut
467 4467 726 4522 diluvium
755 4485 822 4524 ex
851 4470 1146 4540 improviso
1178 4471 1416 4525 advenit.
1442 4471 1596 4527 Unde
1623 4473 1674 4527 in

120 4556 411 4628 Evangelia:
432 4577 450 4608 ι
465 4558 587 4613 Dies
602 4558 832 4623 Domini,
849 4561 987 4614 sicut
1003 4562 1088 4614 fur
1102 4561 1329 4629 venietll
1350 4562 1640 4634 Tltes.v,2).
1656 4584 1674 4617 ι

115 4646 250 4713 Quod
280 4660 363 4703 est
387 4667 452 4704 ac
483 4652 525 4703 si
555 4651 738 4704 dicat:
765 4651 914 4706 Bono
934 4669 1030 4708 suo
1057 4654 1248 4718 orabit,
1289 4654 1409 4707 ideo
1447 4671 1680 4722 namque

117 4739 160 4790 itt
189 4740 271 4793 die
303 4740 490 4806 judicli
521 4741 683 4794 nullis
724 4743 1156 4799 tribulationibus
1182 4745 1502 4816 attingetur.
1532 4745 1684 4800 Facit

118 4841 283 4883 autem
328 4834 390 4886 ad
421 4833 594 4885 Deum
635 4833 1039 4903 apostropham,
1106 4850 1271 4890 orans
1301 4846 1358 4888 ttt
1430 4837 1606 4905 quise
1651 4852 1681 4891 a

119 4925 364 4992 sumriori
393 4925 765 4992 tribulatione,
799 4927 867 4980 ab
899 4927 1174 4995 impietate
1202 4928 1426 4998 eripuit,
1478 4929 1679 4998 eripiat

123 5029 322 5084 quoque
393 5019 460 5070 ab
499 5018 835 5073 exteriorum
888 5018 1229 5075 inimicorum
1301 5021 1677 5089 tribulatione,

121 5106 196 5170 qui
228 5107 409 5161 multis
454 5107 630 5162 modis
674 5108 860 5162 volunt
889 5124 1013 5164 eum
1060 5112 1342 5164 devocare.
1378 5111 1442 5163 Et
1475 5112 1576 5165 hoc
1604 5111 1684 5166 sic

122 5195 237 5252 dicit
266 5214 280 5249 :
315 5197 439 5252 Dico
464 5199 604 5266 quod
632 5198 874 5252 remisisti
897 5201 1233 5269 impietatem.
1255 5199 1393 5268 Ergo
1413 5199 1680 5265 similiter,
1715 5261 1733 5279 .

124 5297 167 5337 tu
197 5293 285 5357 qui
340 5308 388 5343 es
439 5292 698 5360 refugium
745 5309 936 5357 meum,
995 5295 1047 5347 id
1071 5303 1154 5346 est
1199 5294 1265 5346 ad
1313 5309 1473 5364 quem
1505 5292 1612 5364 fugi
1650 5311 1683 5348 tt

126 5378 446 5434 tribulatione
470 5381 748 5444 itttitniori,
773 5399 890 5451 qua:
916 5384 1285 5447 circumdedit,
1313 5385 1364 5438 id
1411 5394 1496 5438 est
1547 5383 1686 5436 tnul.

127 5473 228 5521 tum
257 5472 537 5540 occupavit
566 5487 670 5534 me,
711 5473 920 5528 scilicet
942 5473 1011 5527 ab
1035 5475 1315 5544 impietate
1354 5475 1588 5545 peccati.
1620 5475 1688 5532 Et

130 5559 210 5623 qui
242 5560 402 5612 etiam
431 5576 490 5615 es
518 5561 800 5616 exsultatio
831 5564 1034 5627 mea,id
1063 5574 1146 5619 est
1175 5581 1338 5620 causa
1371 5565 1686 5620 exsultatio-

135 5649 211 5702 nis
241 5666 431 5706 eruens
453 5669 534 5707 me
557 5655 624 5709 ab
653 5671 738 5720 ea,
776 5672 898 5710 erue
919 5672 1132 5727 quoque
1170 5675 1249 5710 me
1297 5675 1326 5712 a
1354 5659 1687 5711 circumdan-

133 5739 255 5798 τίθης
285 5757 382 5806 me,
415 5744 462 5800 id
487 5755 562 5800 est
600 5744 756 5801 valde
786 5749 1236 5820 persequentibus
1265 5763 1348 5802 ute
1375 5748 1684 5805 tribulatio-

1769 569 1894 610 eere
1922 572 1933 607 :
1978 554 2085 609 Fac
2115 570 2200 609 me
2228 570 2602 626 perseverare,
2642 569 2708 608 ne
2732 553 2977 609 deliciam
3005 571 3019 620 ;
3055 565 3109 610 et
3136 556 3236 610 hoc
3269 554 3349 610 fa-

1768 662 1894 702 cere
1924 649 2118 713 debes,
2146 663 2267 701 nam
2325 648 2620 718 promisisti
2668 647 2800 702 mihi
2841 648 2943 702 hoc
2975 647 3028 702 in
3062 648 3344 714 interiori,

1771 738 1849 792 sic
1879 739 2064 793 dicetis
2107 757 2120 793 :
2163 739 2274 810 Ego
2298 740 2431 792 dabo
2458 739 2549 794 tibi
2593 739 2948 804 intellectum,
2997 749 3045 793 et
3091 739 3350 794 instruant

1769 831 1894 882 tein
1921 830 2122 884 vialmc
2144 848 2248 901 qua
2287 832 2568 900 gradieris.
2625 829 3018 900 Praeposterate
3067 831 3353 901 legendum

1769 920 1972 972 esthoc
2015 935 2027 972 :
2074 919 2185 988 Ego
2213 920 2488 980 instruunt,
2532 920 2582 973 id
2610 929 2695 974 est
2722 920 2928 976 docebo
2977 930 3024 974 te
3056 921 3110 974 in
3139 922 3218 973 via
3247 921 3347 973 hac

1767 1027 1871 1081 qua
1898 1010 2174 1079 gradieris,
2193 1011 2242 1063 id
2270 1019 2354 1064 est
2375 1011 2580 1065 docebo
2603 1010 2836 1080 qualiter
2867 1009 3121 1064 incedere
3151 1010 3351 1066 debeas

1769 1117 1866 1172 per
1881 1103 2023 1156 viam
2049 1101 2426 1156 mandatorum
2459 1117 2723 1156 meorum.
2753 1101 2819 1155 Et
2846 1111 3030 1172 postea
3058 1116 3160 1155 nou
3192 1101 3354 1154 relin-

1770 1207 1953 1262 quam,
2003 1193 2096 1246 sed
2138 1191 2358 1260 ﬁrmabo
2384 1207 2540 1260 super
2567 1200 2634 1255 te,
2665 1191 2713 1243 id
2745 1199 2827 1244 est
2887 1190 3116 1245 firmiter
3156 1205 3351 1260 ponam

1770 1299 1934 1352 super
1955 1295 2028 1348 te,
2074 1299 2140 1337 ne
2165 1284 2408 1347 delicias,
2440 1283 2615 1337 oculos
2662 1301 2822 1347 meos,
2857 1283 2909 1336 id
2941 1295 3024 1337 est
3057 1285 3357 1355 benignita-

1775 1387 1886 1430 tem
1924 1392 2120 1430 meam.
2153 1376 2302 1442 Quod
2341 1385 2426 1429 cst
2465 1375 2648 1430 dicere
2700 1391 2714 1429 :
2773 1375 2848 1430 Te
2891 1391 3242 1446 perseverare
3275 1377 3355 1432 fa-

1771 1467 1930 1522 ciam.
1963 1467 2028 1520 Et
2053 1467 2132 1521 sic
2157 1467 2292 1520 dabo
2321 1467 2414 1519 tibi
2448 1467 2766 1520 intellectum
2782 1476 2840 1520 ut
2867 1467 3140 1538 intelligas
3156 1483 3354 1524 arcana

1771 1557 1994 1612 consilia
2035 1573 2152 1612 mea
2181 1574 2197 1620 ;
2249 1557 2405 1610 aliter
2437 1557 2580 1611 enim
2607 1574 2712 1612 non
2747 1559 2976 1613 haberes
3002 1558 3352 1613 intellectum.

1840 1649 2005 1703 Facta
2058 1649 2309 1702 oratione
2347 1663 2444 1718 pro
2474 1663 2554 1714 se,
2613 1649 2932 1703 adhortatur
2980 1648 3258 1703 auditores
3287 1662 3356 1702 ne

1774 1740 2173 1809 repellantase
2217 1739 2549 1794 intellectum
2602 1741 2960 1807 remissionis,
3016 1741 3096 1794 sic
3151 1757 3164 1794 :
3225 1738 3354 1795 Dico

1773 1831 1898 1900 quia
1941 1831 2080 1885 Deus
2133 1829 2262 1885 mihi
2325 1829 2536 1883 remisit
2575 1828 2948 1898 impietatem,
2987 1838 3042 1884 et
3083 1839 3140 1884 ttt
3196 1830 3353 1885 vobis

1773 1922 2027 1976 similiter
2057 1921 2318 1986 remittat,
2355 1919 2512 1974 nolite
2535 1919 2655 1989 ﬁeri
2707 1921 2840 1974 sicut
2870 1937 3031 1991 equus
3079 1931 3126 1975 et
3155 1921 3353 1987 mulus,

1771 2013 1959 2084 quibus
1987 2030 2088 2067 non
2118 2023 2190 2067 est
2225 2011 2540 2073 intellectus,
2572 2012 2622 2066 id
2655 2021 2736 2066 est
2767 2012 2858 2082 qui
2903 2019 3029 2066 sunt
3061 2013 3354 2066 irrationa-

1772 2102 1928 2158 biles.
1960 2101 2110 2169 Quod
2142 2103 2434 2157 estdicere
2478 2119 2491 2156 :
2551 2100 2726 2156 Nolite
2778 2103 2893 2156 fieri
2953 2103 3355 2173 comparabiles

1774 2209 1916 2264 equo
1939 2205 1993 2248 et
2024 2193 2189 2260 mulo,
2242 2201 2301 2246 ttt
2349 2192 2469 2247 sitis
2512 2192 2714 2262 stupidi
2747 2202 2802 2248 et
2840 2193 2978 2264 pigri
3006 2195 3070 2248 ad
3104 2193 3246 2248 hunc
3276 2192 3357 2247 itt-

1774 2283 2050 2338 tellectum
2092 2281 2452 2347 remissionis,
2506 2283 2573 2337 ad
2606 2283 2822 2336 modum
2865 2283 3020 2348 muli,
3059 2271 3148 2351 qui
3181 2283 3357 2352 stupi—

1772 2376 1898 2430 dum
1930 2376 2132 2430 animal
2165 2385 2247 2430 est
2274 2384 2329 2430 et
2354 2375 2586 2446 pigrum.
2629 2375 2695 2428 Et
2727 2375 2890 2430 nolite
2934 2375 3154 2444 superbi
3209 2391 3350 2438 esse,

1773 2478 1832 2521 ut
1857 2470 2057 2538 putetis
2085 2484 2182 2523 vos
2209 2484 2303 2538 per
2331 2468 2559 2522 liberum
2591 2467 2875 2521 arbitrium
2903 2482 3061 2537 posse
3081 2468 3358 2522 beatifica-

1773 2557 1842 2620 ri,
1873 2559 1944 2611 ad
2008 2557 2223 2611 modum
2279 2558 2426 2625 equi,
2493 2555 2636 2626 quod
2670 2555 2872 2609 animal
2923 2557 3212 2626 superbqu
3250 2566 3354 2610 est.

1773 2647 1909 2701 Urat
1941 2647 2106 2701 etiam
2141 2661 2238 2715 pro
2281 2645 2384 2708 eis,
2421 2647 2548 2714 quia
2580 2645 2725 2699 videt
2762 2662 2857 2700 eos
2903 2646 2969 2700 ad
3024 2648 3128 2702 hoc
3168 2661 3266 2716 per
3298 2661 3357 2700 se

1772 2736 2178 2801 insullieientes,
2214 2737 2295 2790 sie
2331 2756 2342 2789 :
2375 2736 2506 2790 Dico
2534 2751 2602 2791 ne
2633 2734 2764 2789 flant
2786 2735 2924 2789 sicut
2946 2752 3108 2806 equus
3139 2746 3185 2789 et
3231 2751 3351 2789 mtt-

1771 2829 1896 2895 lus;
1923 2831 2016 2884 sed
2055 2830 2309 2900 quoniam
2344 2830 2446 2884 hoc
2470 2844 2565 2899 per
2595 2844 2653 2882 se
2692 2843 2886 2884 cavere
2943 2844 3049 2882 non
3089 2836 3351 2897 possunt,

1772 2929 1830 2975 tu
1858 2922 2000 2976 Deus
2028 2923 2079 2974 in
2105 2937 2253 2974 canto
2301 2930 2350 2974 et
2379 2920 2528 2989 freno
2563 2919 2808 2974 maxillas
2830 2936 3009 2974 eorum
3037 2921 3354 2988 constringe,

1773 3013 1864 3082 qui
1892 3028 1995 3066 non
2034 3011 2492 3082 approximaut,id
2525 3019 2608 3066 est
2633 3012 2723 3081 qui
2760 3026 2856 3081 per
2881 3026 2940 3066 se
2969 3009 3356 3064 insullicicutes

1774 3112 1899 3158 sunt
1928 3103 2306 3173 approximare
2335 3101 2404 3155 ad
2435 3111 2502 3169 te,
2537 3101 2588 3156 id
2624 3113 2706 3156 est
2753 3103 2821 3155 ad
2881 3101 2954 3156 tui
2993 3099 3356 3155 obedientiam

1777 3206 1833 3252 et
1869 3197 2250 3268 cognitionem.
2281 3196 2432 3264 Quod
2455 3197 2587 3252 dicit
2610 3197 2856 3251 mari/las
2884 3213 3067 3251 eorum
3098 3196 3361 3250 constrinv

1778 3305 1862 3358 ge,
1891 3288 2033 3343 idem
2058 3295 2140 3343 est
2193 3304 2258 3343 ac
2313 3289 2358 3342 si
2409 3289 2556 3342 dicat
2601 3305 2687 3342 eos
2720 3289 3036 3358 constringe.
3091 3287 3359 3344 Similiter

1722 3429 1729 3434 .
1777 3380 1902 3451 quia
1941 3391 2198 3450 posuerat
2243 3394 2415 3450 equus
2465 3390 2520 3435 et
2575 3381 2773 3444 mulus,
2824 3381 2916 3450 qui
2971 3396 3066 3448 per
3102 3380 3351 3435 maxillas

1777 3473 2136 3545 stringuntur,
2152 3472 2261 3548 95
2276 3473 2344 3526 ab
2367 3488 2554 3527 eorum
2580 3472 2931 3527 similitudine
2949 3481 3237 3543 ponuntur.
3257 3473 3360 3528 Per

1777 3580 1988 3620 camum
2011 3564 2226 3636 quidem
2261 3565 2603 3634 intelligimus
2635 3564 2854 3634 gravius
2893 3563 3350 3634 gubernaculum;

1777 3670 1874 3726 per
1911 3654 2124 3710 frenum
2155 3663 2334 3708 autem
2364 3654 2552 3710 levius.
2577 3653 2777 3709 (lamus
2806 3655 3002 3725 quippe
3054 3653 3146 3724 qui
3200 3653 3358 3724 vulgo

1777 3745 2113 3802 canifrenum
2141 3746 2359 3812 dicitur,
2405 3761 2511 3802 non
2543 3746 2839 3816 capistrum
2859 3786 2874 3813 ,
2901 3757 2961 3800 ttt
3007 3746 3187 3816 plures
3211 3760 3360 3802 asse-

1778 3844 1940 3904 runt,
1971 3837 2189 3908 gravius
2226 3836 2380 3892 freno
2405 3845 2624 3892 coercet
2673 3852 2896 3906 equum.
2941 3835 3032 3890 Sic
3076 3845 3132 3890 et
3180 3837 3358 3906 piissi-

1776 3945 1898 3985 mus
1973 3931 2320 4001 gubernator,
2373 3929 2494 3984 illos
2545 3929 2636 3999 qui
2685 3929 2923 3998 graviori
2961 3936 3121 3998 egent
3161 3927 3356 3998 guber-

1777 4017 1990 4083 naculo,
2023 4019 2241 4089 gravius
2267 4019 2590 4088 constringit
2615 4018 2988 4072 tribulationes
3021 4017 3300 4070 inferendo
3329 4057 3343 4080 ,

1779 4121 1836 4165 ut
1907 4110 2156 4182 castigati
2225 4127 2333 4166 non
2391 4120 2636 4181 pereant.
2694 4111 2898 4178 Quibus
2927 4119 3106 4164 autem
3164 4109 3351 4163 leviori

1777 4217 1914 4272 opus
1963 4210 2052 4256 est
2080 4201 2466 4272 gubernaculo,
2505 4202 2674 4256 levius
2704 4201 3163 4270 constringuntur.
3207 4199 3361 4254 Unde

1780 4291 2012 4360 Prosper
2063 4307 2078 4346 :
2145 4309 2164 4343 ι
2210 4291 2657 4347 Misericorditer
2713 4291 2932 4345 adhibet
2995 4288 3358 4358 temporalem

1777 4382 2169 4449 severitatem,
2229 4398 2294 4435 ne
2329 4383 2474 4452 juste
2536 4381 2736 4436 inferat
2800 4390 3057 4434 aeternam
3135 4380 3360 4433 damna—

1784 4472 2008 4526 tionem.
2073 4491 2091 4524 ι
2146 4471 2212 4524 Ει
2253 4469 2508 4525 Salomon
2547 4486 2561 4524 :
2617 4490 2636 4522 ι
2685 4469 2925 4541 Castigat
2973 4471 3114 4526 Deus
3138 4486 3358 4524 omnem

1785 4561 1950 4615 lilitttn
1977 4576 2136 4630 quem
2189 4561 2397 4628 recipit.
2434 4581 2450 4610 ι
2479 4558 2664 4631 (Prov.
2692 4577 2772 4625 ιιι,
2805 4563 2898 4626 12;
2938 4561 3097 4614 llebr.
3133 4577 3230 4626 xu,
3273 4562 3360 4631 ti.)

1782 4654 1935 4715 Dico,
1972 4653 2130 4706 nolite
2157 4653 2273 4720 ﬁeri
2296 4653 2430 4705 sicut
2460 4670 2622 4722 equus
2649 4663 2695 4706 et
2723 4654 3085 4721 mulus.Quod
3118 4653 3162 4706 si
3195 4653 3360 4718 fialis,

1782 4745 1927 4798 malo
1962 4754 2142 4798 vestro
2171 4744 2334 4799 fletis.
2366 4744 2497 4797 Natu
2526 4747 2576 4797 in
2610 4745 2789 4799 futuro
2821 4746 2984 4798 multa
3044 4753 3204 4797 erunt
3262 4746 3362 4813 ﬂa-

1783 4836 1918 4906 gella
1944 4837 2234 4906 peccatoris
2261 4851 2276 4890 :
2312 4836 2473 4899 illitts,
2499 4837 2706 4890 scilicet
2730 4839 2819 4906 qui
2847 4837 2932 4892 hic
2979 4836 3127 4891 uolet
3166 4837 3358 4893 remis-

1784 4925 1990 4978 sionem
2031 4925 2276 4995 adipisci.
2327 4926 2636 4990 Sperantem
2660 4937 2833 4979 autem
2888 4927 2972 4979 ltic
3018 4927 3072 4979 in
3131 4927 3356 4982 Domina

1783 5016 2182 5079 remissionem,
2231 5017 2594 5070 misericordia
2645 5017 3009 5082 circumdabit,
3046 5018 3096 5071 id
3123 5027 3208 5072 est
3237 5033 3353 5070 am-

1784 5105 2050 5174 plectetur
2076 5106 2288 5174 penitus
2315 5107 2366 5159 in
2419 5107 2624 5172 futuro,
2657 5107 2788 5162 etin
2815 5109 2993 5161 anima
3041 5117 3097 5161 et
3135 5109 3188 5160 in
3243 5121 3364 5160 cor-

1785 5211 1936 5267 pore.
1964 5194 2067 5249 Per
2097 5195 2198 5251 hoc
2237 5206 2418 5251 autem
2444 5197 2672 5252 multum
2693 5198 2886 5252 invitat
2926 5215 3030 5252 nett
3059 5206 3360 5265 sperantes,

1788 5298 1847 5342 ttt
1898 5299 2122 5359 sperent
2168 5289 2221 5344 in
2275 5290 2528 5356 Domino,
2561 5307 2682 5344 nam
2713 5293 2791 5345 sic
2846 5290 3220 5344 misericordia
3252 5289 3364 5343 cir-

1791 5383 2207 5436 cumtlabuntur.
2238 5382 2389 5438 Facit
2415 5384 2580 5438 etiam
2618 5383 3002 5453 apostropham
3036 5383 3101 5436 ad
3145 5397 3365 5452 Sperau-

1791 5482 1890 5539 tes,
1921 5472 2217 5528 adhortans
2243 5489 2338 5528 eos
2369 5485 2429 5527 ιη
2490 5477 2556 5529 de
2595 5488 2690 5543 spe
2733 5473 2870 5526 bona
2907 5489 3012 5525 non
3061 5473 3111 5526 iu
3144 5488 3220 5534 se,
3274 5472 3368 5526 sed

1791 5563 1846 5618 in
1873 5564 2099 5618 Domino
2119 5563 2482 5631 laetentur,sie
2512 5566 2696 5619 dicens
2728 5581 2740 5617 :
2769 5564 2907 5632 Ergo
2931 5566 3052 5632 quia
3075 5573 3367 5634 sperantem

1783 5655 1845 5708 in
1874 5654 2098 5710 Domino
2149 5656 2492 5711 circumdabit
2547 5655 2929 5718 misericordia,
2973 5655 3226 5709 la'tantini
3270 5669 3366 5722 pro

1794 5759 1888 5812 spe
1921 5758 2118 5814 vestra,
2149 5749 2203 5802 in
2251 5747 2499 5813 Domino,
2532 5747 2584 5802 id
2610 5756 2691 5804 cst
2747 5747 2799 5802 in
2859 5747 3016 5803 laude
3071 5746 3300 5812 Domini,
3335 5760 3370 5810 ιι
