3862 6322
516 365 618 420 763

1082 363 1139 420 S.
1180 364 1529 424 BRUNONIS
1570 365 2211 425 CARTHUSIANORUM
2243 368 2728 428 INSTITUTORIS
2768 368 2900 425 OPP
2963 369 3140 424 PARS
3181 370 3219 425 Ι.
3640 376 3720 434 itii

509 481 667 552 justi,
695 496 799 534 non
839 478 890 533 in
922 481 1099 545 vobls,
1140 483 1486 537 attribuendo
1535 483 1688 538 vobis
1718 499 1868 553 spem
1907 483 2088 538 istam.
2118 482 2164 543 Α
2194 496 2313 550 qua:
2344 486 2556 541 novitcr
2589 500 2620 539 a
2644 484 2862 541 Christo
2892 484 3019 539 data
3061 494 3209 550 sunt,
3241 500 3347 539 non
3389 487 3541 541 etiam
3568 492 3612 545 in
3632 494 3722 569 lege

514 571 584 626 Ει
610 587 713 625 non
746 586 934 641 parum
966 569 1244 639 lwtamini,
1282 576 1374 629 sed
1410 576 1691 640 exsultate,
1742 576 1793 629 id
1823 584 1905 630 est
1934 576 2092 631 valde

513 661 823 715 lzetamini:
869 674 988 728 qua:
1033 659 1221 713 laetitia
1275 665 1523 732 corporis
1580 664 1743 717 etiam
1804 664 2093 719 saltatione

511 749 939 807 demonstretur.
966 748 1036 801 Et
1063 748 1229 803 etiam
1258 750 1560 819 gloriamini
1587 752 1637 805 in
1663 752 1914 817 Domino,
1941 752 1990 806 id
2009 763 2095 807 est

512 839 738 911 gloriam
771 849 1007 895 vestram
1038 838 1318 894 attribuite
1367 840 1597 894 Domino
1652 858 1665 894 :
1721 856 1829 896 non
1878 842 2092 898 meritis

509 933 738 998 vestris,
768 947 801 989 ο
826 948 925 988 vos
956 948 1133 986 omnes
1164 934 1292 986 recti
1330 932 1506 1000 corde,
1536 932 1590 988 id
1612 942 1695 990 est
1719 933 1853 1003 justi
1878 946 2089 991 rectum

512 1026 776 1081 habentes
806 1040 902 1080 cor
924 1025 975 1079 in
1003 1024 1292 1094 cogitando
1320 1026 1481 1090 bona,
1525 1042 1631 1080 non
1659 1026 1952 1082 distortum
2034 1030 2088 1083 in

510 1119 798 1189 cogitando
828 1132 1101 1188 perversa,
1137 1126 1193 1171 ut
1225 1118 1519 1187 Apostolus
1540 1119 1616 1173 ait
1644 1138 1658 1173 :
1690 1139 1708 1172 ι
1746 1120 1847 1189 Qui
1897 1121 2091 1194 gloria-

514 1217 601 1265 tur
624 1209 917 1266 inDomino
955 1209 1213 1278 glorietur
1240 1208 1291 1278 (1
1329 1207 1452 1263 Cor.
1491 1225 1532 1273 ι,
1559 1209 1671 1281 3|).
1708 1230 1726 1263 ι

943 1297 1009 1352 ΙΝ
1048 1295 1380 1353 PSALMUM
1420 1298 1635 1353 XXXII.
1680 1308 1687 1313 '

580 1387 792 1443 Titulus
824 1388 1088 1458 trigesimi
1120 1388 1365 1444 secundi.
1397 1387 1649 1444 Psalmus
1680 1390 1872 1455 David,
1921 1391 1973 1445 id
2004 1401 2090 1446 est

510 1479 747 1534 ﬁdelium
776 1479 971 1548 quibus
998 1479 1202 1533 dictum
1243 1479 1401 1534 estin
1434 1481 1762 1549 praecedenti
1821 1482 2030 1552 psalmo
2073 1501 2086 1537 :

513 1570 787 1624 Lwtamini
814 1571 867 1623 in
904 1569 1153 1634 Domino,
1181 1569 1439 1625 exsultat:
1463 1571 1638 1641 justi:
1678 1572 2089 1628 exhortantium

507 1676 567 1717 se
598 1671 655 1715 ut
682 1661 959 1716 exsultent
987 1662 1039 1715 in
1065 1661 1225 1716 laude
1254 1661 1489 1727 Domini,
1523 1663 1732 1718 scilicet
1764 1673 1820 1718 ut
1870 1664 2089 1719 laudent

507 1762 708 1807 cumet
740 1752 791 1807 in
826 1753 1033 1807 cithara
1072 1753 1199 1808 etin
1229 1753 1506 1822 psalterio.
1542 1754 1609 1809 Et
1662 1755 1823 1809 etiam
1864 1765 2087 1811 cantent

2198 577 2364 629 veteri
2401 578 2607 642 habita,
2640 592 2762 646 quae
2804 578 2882 632 sic
2909 576 3124 631 dicebat
3162 594 3175 630 :
3212 596 3230 629 ι
3285 577 3481 647 Diliges
3509 586 3718 656 amicum,

2194 672 2250 717 et
2274 664 2397 718 odio
2451 666 2674 721 habebis
2704 667 3003 721 inimicum.
3037 685 3055 718 ι
3101 665 3252 729 Dico.
3283 679 3487 724 cantate
3506 674 3550 725 ei
3571 691 3719 733 norum

2196 758 2481 824 canticum,
2514 767 2567 813 et
2604 774 2710 813 non
2762 760 3010 813 remisse.
3068 757 3173 813 Sed
3230 760 3355 813 bene
3394 762 3587 829 psallite
3618 770 3655 819 ei
3680 774 3719 825 in

2194 848 2586 917 vociferatione,
2615 852 2665 906 id
2698 861 2780 906 cst
2804 852 2856 905 iu
2891 852 3056 906 nimia
3089 854 3285 906 utentis
3320 853 3603 912 intentione
3636 859 3723 913 lau-

2195 938 2320 992 date
2350 954 2497 1005 cum,
2522 957 2640 1009 qnze
2670 943 2791 997 ideo
2813 942 3132 996 vociferatio
3178 943 3411 1007 dicitur,
3444 946 3559 1013 qnia
3596 950 3723 1007 nimis

2194 1028 2260 1081 ad
2288 1030 2504 1083 modum
2526 1030 2891 1086 elementarite
2912 1031 3318 1087 vociferationis
3340 1034 3722 1102 impetrationem

2194 1122 2423 1189 expetit.
2457 1122 2609 1177 Unde
2642 1124 2904 1194 scriptum
2932 1134 3050 1179 est:
3089 1144 3107 1176 ε
3133 1123 3447 1180 Maledictus
3475 1128 3635 1195 homo,
3656 1135 3723 1200 qui

2192 1209 2383 1265 iecerit
2419 1227 2555 1282 opus
2576 1212 2670 1267 Dei
2700 1213 3035 1283 negligenter
3068 1214 3201 1284 (Jer.
3238 1230 3393 1279 xuii,
3429 1214 3565 1285 10),»
3598 1219 3644 1273 id
3661 1232 3725 1276 est

2194 1303 2311 1358 sine
2342 1305 2659 1361 intentione.
2687 1305 2891 1363 Subdit
2922 1320 3100 1363 autem
3151 1325 3345 1365 causas
3386 1327 3548 1381 quare
3585 1317 3722 1369 conii-

2194 1397 2413 1451 tendum
2444 1398 2514 1452 sit
2533 1407 2587 1452 ct
2611 1398 2965 1466 psallendum.
2994 1399 3085 1455 Sic
3108 1400 3228 1455 dico
3251 1400 3593 1469 Con/itemini,
3616 1408 3727 1475 psal-

2193 1484 2301 1539 lite.
2333 1487 2399 1542 Et
2428 1489 2505 1542 sic
2532 1487 2838 1543 iaciendum
2886 1500 2970 1545 est
3030 1492 3155 1560 quia
3208 1503 3409 1545 rectum
3447 1504 3520 1547 est
3556 1496 3726 1551 verbum

2196 1577 2424 1633 Domini.
2453 1579 2603 1648 Quod
2629 1589 2705 1633 est
2741 1582 2920 1636 dicere
2984 1584 3109 1651 quia
3149 1585 3251 1637 hoc
3309 1584 3537 1651 verbum,
3571 1586 3618 1640 id
3663 1598 3727 1642 est

2189 1680 2516 1738 prmceptum
2560 1673 2812 1727 cantandi
2844 1683 2928 1728 est
2971 1673 3183 1728 Domini
3226 1692 3244 1741 ;
3285 1684 3341 1730 et
3389 1676 3506 1731 ideo
3543 1689 3725 1739 rectum.

2194 1758 2291 1811 Est
2318 1759 2463 1813 enim
2497 1772 2692 1814 rectum
2721 1773 2777 1816 ut
2807 1778 2965 1818 servo
2995 1764 3727 1824 Dominusetcrcaturzecrea.

507 1843 556 1898 ei
588 1860 787 1898 novum
814 1844 1090 1899 canticum
1125 1845 1176 1899 in
1204 1844 1608 1901 vociferatione.
1654 1846 1946 1902 Praetendit
1980 1840 2086 1903 au-
2118 1846 2163 1906 B
2197 1858 2283 1903 tor
2318 1849 2567 1921 imperet.
2599 1852 2665 1907 Et
2705 1853 2827 1909 ideo
2853 1865 3062 1909 cantate
3098 1866 3143 1909 et
3182 1857 3504 1924 conﬁtemini
3528 1858 3588 1923 ei,
3618 1862 3729 1916 sicut

508 1947 618 1993 tem
647 1939 1059 1995 honestissimas
1101 1957 1296 1995 causas
1350 1957 1449 1995 cur
1494 1942 1597 1996 hoc
1643 1942 1944 1997 faciendum
1993 1944 2082 1998 sit.

507 2030 757 2085 Ostendit
783 2032 1023 2087 etiamin
1052 2033 1231 2101 ﬁnem,
1267 2032 1470 2087 nullum
1500 2034 1606 2089 nisi
1635 2034 1730 2090 Dei
1785 2036 1957 2106 gratia
1985 2036 2083 2093 ad-

504 2123 725 2194 iuvante
744 2125 962 2179 salvari.
998 2126 1136 2181 Dicit
1164 2141 1293 2194 ergo
1327 2144 1339 2180 :

580 2216 857 2272 Exsultate
877 2220 1013 2289 justi
1039 2222 1092 2273 in
1118 2219 1363 2288 Domino,
1391 2221 1442 2275 id
1462 2231 1545 2276 est
1572 2222 1624 2276 in
1660 2222 1818 2278 laude
1848 2224 2082 2280 Domini.

506 2308 659 2374 Quod
681 2317 766 2363 est
795 2310 1013 2364 dicere:
1039 2309 1388 2365 Exsultantes
1416 2310 1633 2366 laudate
1668 2315 1974 2369 Dominum.
2018 2315 2086 2370 Et

514 2398 898 2453 exsultaudum
945 2399 1098 2454 vobis
1145 2408 1227 2454 est
1271 2401 1324 2454 in
1374 2402 1476 2457 hoc
1518 2420 1532 2457 :
1583 2403 1718 2457 Nam
1770 2420 1868 2459 vos
1917 2415 2082 2460 rectos

507 2489 697 2556 corde,
733 2490 784 2545 id
814 2502 895 2546 est
918 2491 1096 2561 justos
1127 2493 1270 2546 decet
1334 2492 1571 2549 laudatio
1617 2496 1850 2550 Domini.
1899 2515 1918 2548 ε
1965 2496 2085 2552 Non

506 2588 593 2635 est
622 2582 768 2635 enim
822 2585 1065 2653 speciosa
1132 2584 1251 2640 laus
1306 2587 1357 2640 in
1393 2603 1488 2641 ore
1521 2590 1819 2657 peccatoris
1852 2607 1864 2643 ε
1901 2609 1919 2643 ι
1957 2589 2086 2660 (Ec-

507 2668 576 2724 cl.
619 2686 707 2735 xv,
734 2670 815 2737 9),
871 2672 1016 2729 illius
1059 2674 1266 2730 scilicet
1306 2677 1397 2744 qui
1454 2678 1776 2747 resipiscere
1812 2695 1916 2734 non
1968 2680 2087 2737 vult

505 2770 561 2813 et
593 2769 770 2837 rectus
803 2763 938 2817 lieri.
963 2764 1199 2833 Exponit
1228 2780 1357 2821 vero
1380 2782 1477 2836 per
1503 2778 1691 2837 partes
1734 2770 1787 2824 in
1838 2785 1945 2839 quo
1970 2770 2087 2825 lau-

508 2851 637 2907 dent
662 2868 806 2921 eum,
830 2855 942 2911 sic:
976 2856 1130 2923 Dico,
1164 2859 1441 2924 exsultate,
1472 2859 1524 2914 in
1557 2860 1658 2915 hoc
1680 2862 1908 2916 scilicet.
1946 2861 2085 2917 Con-

513 2942 737 3010 ﬁtemini
764 2945 991 3000 Domino
1023 2949 1077 3001 in
1100 2949 1329 3013 cithara,
1362 2949 1415 3003 id
1447 2958 1529 3005 est
1555 2950 2083 3020 laudate,Dominum

507 3034 562 3089 in
594 3034 750 3091 laude
774 3038 1207 3095 mortiﬁcationis
1233 3040 1415 3095 carnis
1442 3050 1656 3096 vestrae.
1690 3041 1843 3108 Quod
1874 3051 1959 3097 est
2005 3042 2089 3097 di-

507 3143 633 3183 cere
665 3147 681 3184 :
711 3128 1029 3185 Mortiﬁcate
1082 3132 1323 3187 membra
1356 3141 1535 3187 vestra
1557 3175 1571 3199 ,
1609 3142 1714 3189 etc.
1769 3134 1912 3190 Bene
1957 3150 2086 3188 vero

2191 1940 2448 2007 dicimus,
2477 1944 2781 2014 operando:
2821 1947 2948 2016 quia
3002 1949 3178 2001 omnia
3214 1964 3374 2016 apcra
3404 1950 3481 2004 eis
3504 1966 3613 2019 quae
3639 1953 3727 2019 ipse

2185 2034 2448 2104 praecepit
2476 2037 2715 2105 operari,
2742 2048 2870 2092 sunt
2899 2047 3045 2092 recta
3084 2040 3137 2093 in
3191 2040 3299 2107 ﬁde
3339 2042 3545 2110 positis,
3572 2059 3727 2112 quam.

2185 2126 2270 2182 vis
2302 2126 2596 2183 incredulis
2622 2128 2907 2184 videantur
2933 2129 3151 2199 iniusta.
3177 2129 3334 2184 Unde
3359 2131 3612 2200 scriptum
3639 2143 3725 2186 est:

2193 2233 2211 2267 ε
2241 2214 2351 2270 Nisi
2385 2217 2746 2284 credideritis,
2796 2233 2901 2272 non
2935 2218 3248 2288 intelligetis
3290 2217 3426 2286 (Isai
3488 2235 3580 2285 vu,
3608 2222 3671 2291 9).
3708 2242 3724 2274 ι

2186 2305 2254 2361 Ει
2286 2305 2406 2361 ideo
2438 2306 2613 2362 adhuc
2634 2318 2842 2362 cantate
2866 2319 2912 2362 et
2936 2308 3294 2376 conﬁtemini;
3325 2309 3451 2378 quia
3474 2311 3633 2380 diligit
3656 2329 3729 2365 na-

2188 2396 2440 2451 turaliter
2466 2398 2881 2452 misericordiam
2932 2409 2979 2451 et
3025 2398 3317 2467 judicium.
3365 2399 3524 2468 Quasi
3570 2403 3727 2456 dicat:

2187 2484 2321 2541 Cum
2370 2488 2484 2556 ipse
2537 2488 2860 2544 naturaliter
2902 2490 3215 2545 misericors
3261 2490 3369 2556 sit,
3420 2492 3730 2547 miserebitur

2186 2581 2380 2646 vestri,
2410 2582 2456 2635 si
2497 2582 2545 2637 ei
2562 2582 2931 2646 cautaveritis,
2954 2580 3111 2651 juxta
3141 2582 3272 2636 illud
3298 2581 3462 2639 Joelis
3508 2600 3523 2637 :
3560 2604 3577 2636 ‹
3604 2584 3730 2639 Misc-

2187 2671 2361 2725 ricors
2392 2681 2493 2735 est,
2530 2681 2584 2727 et
2607 2673 2933 2741 praestabilis
2963 2689 3128 2743 super
3167 2673 3402 2729 malitia.
3452 2693 3470 2727 ι
3505 2675 3652 2738 (Jorl.
3681 2692 3727 2741 u,

2188 2762 2299 2831 l3).
2336 2762 2403 2816 Et
2429 2778 2547 2816 cum
2573 2764 2686 2832 ipse
2709 2764 3253 2835 uaturalitcrjustus,
3272 2764 3479 2834 justum
3496 2766 3728 2834 judicium

2187 2853 2396 2923 diligat,
2423 2854 2571 2924 justo
2598 2855 2804 2924 judicio
2831 2872 2925 2912 vos
2954 2857 3232 2912 damnabit
3254 2858 3357 2913 nisi
3384 2858 3434 2914 ei
3463 2862 3731 2914 cantavcri-

2190 2946 2258 3000 tis
2289 2956 2343 3001 et
2391 2948 2625 3001 confessi
2660 2948 2890 3003 fueritis.
2923 2947 3074 3004 Unde
3097 2949 3365 3019 scriptum
3404 2960 3486 3004 est
3534 2969 3547 3005 :
3578 2968 3595 3001 ι
3623 2950 3727 3004 Mihi

2186 3038 2501 3102 vindictam,
2559 3049 2613 3093 et
2662 3056 2760 3109 ego
2809 3039 3123 3104 retribuam,
3186 3040 3323 3095 dicit
3390 3040 3653 3095 Dominus.
3710 3061 3723 3093 ι

2190 3129 2370 3201 (Deut.
2405 3146 2572 3195 xx.\tl,
2613 3130 2710 3196 '55;
2747 3130 2895 3185 Rom.
2931 3147 3028 3197 xu,
3080 3132 3189 3186 19).
3231 3132 3365 3187 Dico
3403 3134 3547 3202 (μιυά
3594 3134 3730 3202 diligit

507 3222 853 3279 niortiﬁcatio
884 3224 995 3279 ιιίιιε
1018 3224 1227 3279 cithara
1260 3225 1458 3279 dicitur
1486 3243 1497 3277 :
1540 3224 1673 3279 Nam
1722 3224 1791 3280 ab
1844 3224 2085 3280 inferiori
2116 3208 2159 3271 C
2192 3223 2629 3277 misericordiam.
2661 3223 2726 3278 Et
2750 3224 2873 3278 inde
2905 3225 3006 3279 hoc
3032 3225 3200 3279 videri
3228 3234 3429 3294 potest,
3459 3226 3580 3294 quia
3604 3228 3733 3278 mise-

507 3323 681 3380 parte,
714 3313 765 3367 id
789 3322 872 3368 est
899 3330 927 3367 a
957 3316 1317 3370 scnsnalitate
1352 3318 1679 3372 mortiﬁcata
1713 3328 1931 3372 resonat
1954 3318 2084 3385 Deo,

509 3403 561 3457 id
588 3417 672 3460 est
693 3421 817 3461 eum
842 3407 1042 3461 laudat.
1068 3406 1185 3461 Non
1206 3416 1360 3476 vaec,
1386 3410 1479 3465 sed
1508 3410 1621 3478 ipsa
1670 3409 1753 3465 sui
1812 3408 2085 3464 evidentia

512 3496 580 3550 ad
608 3498 827 3552 modum
868 3497 1112 3565 cithara,
1155 3515 1276 3569 quae
1316 3501 1383 3554 ab
1433 3500 1692 3556 inferiore
1743 3500 2089 3556 concavitate

509 3596 750 3642 resonat.
792 3587 1127 3643 Sensualitas
1173 3606 1404 3660 namque
1436 3606 1533 3661 per
1562 3591 1744 3645 carnis
1786 3592 2084 3646 mortiﬁca-

510 3678 709 3732 tionem
747 3681 1124 3747 mortiﬁcatur,
1157 3697 1225 3736 ne
1255 3692 1463 3736 tantum
1502 3693 1554 3736 ut
1583 3683 1732 3751 prius
1764 3684 1989 3737 vanitati
2016 3684 2088 3741 sit

510 3768 739 3824 intenta.
792 3771 860 3825 Et
906 3774 961 3826 in
1005 3773 1253 3842 psalterio
1278 3774 1451 3828 decem
1480 3776 1817 3839 chordarum,
1846 3775 1894 3830 id
1923 3785 2006 3831 est
2032 3775 2086 3830 in

510 3860 767 3929 psalterio
794 3862 1024 3919 habente
1052 3865 1236 3919 decem
1268 3866 1521 3930 chordas,
1543 3866 1749 3936 psallite
1779 3867 1877 3921 illi.
1932 3867 2086 3934 Quod

509 3961 593 4005 est
622 3952 803 4007 dicere
844 3971 858 4009 :
902 3953 1141 4011 Laudate
1169 3972 1292 4011 eum
1351 3956 1405 4010 in
1469 3957 1842 4012 viviﬁcatione
1888 3959 2085 4014 mentis

508 4052 723 4110 vestrm,
749 4061 867 4115 qua:
892 4047 1191 4102 viviﬁcatur
1221 4063 1317 4116 per
1349 4048 1534 4102 decem
1572 4047 1801 4102 chordas
1829 4064 1963 4117 quas
1988 4049 2082 4103 ha-

510 4134 623 4203 bet,
644 4137 695 4191 id
725 4148 808 4193 est
835 4155 932 4209 per
955 4140 1371 4209 complctionem
1400 4142 1587 4195 decem
1611 4139 1746 4211 legis
1780 4149 2084 4211 praecepto-

510 4244 796 4300 rum,quze
839 4232 1096 4286 dicuntur
1128 4232 1364 4297 chordae,
1416 4246 1481 4286 eo
1506 4233 1650 4301 quod
1705 4247 1925 4287 suavem
1973 4233 2084 4290 Deo

509 4331 725 4375 cantum
751 4338 856 4377 non
889 4324 942 4377 in
964 4339 1096 4378 voce
1126 4322 1210 4377 vel
1252 4338 1410 4391 sono,
1464 4325 1559 4379 sed
1614 4324 1669 4379 in
1703 4324 1816 4393 ipsa
1862 4326 1939 4379 rei
1973 4325 2086 4380 evi-

508 4412 690 4467 dentia
716 4414 967 4478 reddant,
998 4426 1063 4467 au
1104 4414 1323 4468 modum
1351 4413 1677 4469 chordarum
1709 4415 1921 4470 dulcem
1956 4431 2086 4469 can-

508 4510 622 4555 tum
656 4504 961 4558 resonando
988 4505 1353 4560 reddentium.
1381 4504 1573 4559 Merito
1596 4506 1795 4576 quippe
1852 4507 1970 4561 laus
2003 4507 2083 4561 vi-

2192 3315 2421 3368 ricordia
2453 3314 2663 3369 Domini
2690 3315 2844 3386 plena
2866 3326 2940 3370 est
2968 3328 3131 3385 terra,
3166 3318 3219 3372 id
3243 3328 3331 3373 est
3354 3318 3610 3383 Ecclesia,
3639 3335 3735 3387 quis

2190 3402 2285 3457 Dei
2312 3414 2455 3458 terra
2482 3413 2586 3469 est,
2613 3419 2773 3474 quam
2808 3408 3261 3476 praedicatoribus
3283 3411 3502 3464 excolit.
3536 3412 3735 3480 Exponit

2192 3502 2372 3547 autem
2411 3494 2683 3563 quomodo
2730 3496 3092 3550 misericordia
3123 3498 3196 3551 sit
3240 3499 3430 3567 plena,
3469 3502 3543 3555 sic
3578 3519 3590 3553 :
3627 3502 3735 3553 \ere

2187 3584 2345 3656 plena
2376 3595 2459 3641 est
2488 3587 2888 3654 misericordia;
2914 3589 3013 3645 hac
3047 3591 3281 3656 scilicet,
3333 3590 3493 3645 Verbo
3534 3592 3735 3656 Domini,

2189 3673 2243 3731 id
2269 3684 2353 3730 est
2376 3691 2469 3745 per
2498 3676 2693 3731 Filium
2736 3678 2948 3733 Domini
2994 3680 3130 3745 caeli,
3165 3681 3216 3734 id
3247 3689 3332 3735 est
3390 3682 3736 3752 prmdicatores

2190 3765 2385 3821 ﬁrmati
2417 3777 2542 3821 sunt
2570 3769 2622 3821 in
2655 3768 2757 3824 ﬁde
2788 3779 2842 3824 et
2868 3770 3178 3825 sanctitate.
3240 3770 3308 3824 Et
3351 3781 3536 3840 postea
3598 3772 3737 3824 euntis

2187 3860 2351 3914 virtus
2373 3877 2550 3913 eorum
2574 3877 2733 3930 quam
2752 3862 2951 3916 habent
2973 3864 3026 3917 in
3052 3864 3361 3919 innocentia
3384 3874 3436 3919 et
3459 3864 3735 3925 sanctitam,

2189 3951 2532 4021 conﬁrmata)
2560 3961 2641 4006 cst
2661 3953 2845 4021 spiritu
2871 3954 2976 4006 oris
3010 3954 3144 4021 ejus,
3178 3955 3338 4008 idest
3381 3970 3479 4024 per
3506 3954 3737 4024 Spiritum

2190 4049 2463 4105 sanctum,
2495 4041 2586 4110 qui
2629 4057 2735 4095 non
2762 4041 2935 4096 solum
2959 4057 2989 4095 a
3014 4041 3199 4109 Patre,
3242 4045 3339 4098 sed
3370 4045 3531 4097 etiam
3569 4059 3596 4095 a
3628 4043 3738 4096 Filio

2186 4131 2451 4199 procedit.
2481 4131 2581 4198 Qui
2610 4133 2780 4188 Filius
2826 4148 2889 4188 os
2916 4134 3010 4188 Dei
3068 4135 3287 4201 dicitur,
3325 4151 3392 4191 eo
3433 4138 3570 4205 quod
3612 4136 3739 4190 nobis

2188 4239 2284 4293 per
2312 4239 2433 4278 cum
2463 4214 2558 4279 Dei
2597 4234 2812 4280 secreta
2851 4226 3091 4281 revelata
3141 4236 3290 4294 sunt,
3337 4228 3420 4283 sic
3448 4244 3541 4284 ore
3586 4226 3738 4283 cordis

2186 4325 2395 4370 secreta
2425 4315 2757 4371 revelantur.

2258 4406 2388 4462 Nam
2415 4424 2536 4463 cum
2568 4409 2665 4479 ipsi
2702 4410 2851 4477 prius
2878 4424 2975 4480 per
3006 4409 3210 4465 Christi
3240 4411 3541 4467 doctrinam
3564 4423 3615 4467 et
3639 4411 3738 4464 ﬁdei

2188 4507 2243 4553 et
2287 4499 2592 4553 sanctitatis
2645 4510 2831 4554 essent
2879 4501 3078 4555 virtute
3136 4502 3361 4569 ﬁrmati,
3398 4518 3492 4571 per
3521 4511 3739 4556 sanctum

510 4595 747 4650 viﬁcatte
772 4599 970 4652 mentis
994 4597 1308 4666 psalterium
1339 4595 1557 4664 dicitur,
1582 4574 1825 4668 ecquod
1857 4614 1886 4652 a
1922 4614 2083 4668 supe-

2191 4599 2379 4660 postea
2404 4590 2653 4659 spiritum
2684 4591 2735 4644 in
2767 4592 2955 4645 eadem
2986 4592 3184 4646 virtute
3210 4605 3339 4646 sunt
3376 4593 3595 4646 omnino
3636 4607 3741 4644 cou-

507 4686 663 4751 riori,
702 4688 751 4741 id
784 4699 867 4742 est
900 4688 1133 4758 digniori
1167 4697 1321 4757 parte
1353 4689 1522 4744 nostri
1571 4697 1811 4753 resonat,
1872 4691 2083 4745 scilicet

506 4788 537 4827 a
566 4784 744 4829 mente
776 4778 842 4832 ad
880 4778 1097 4832 modum
1128 4776 1369 4846 psalterii
1416 4791 1483 4830 ex
1510 4776 1778 4845 superiori
1825 4777 2069 4832 concavi-

507 4874 618 4921 tate
634 4870 1027 4924 resouautis.Et
1042 4879 1248 4922 cantate
1263 4868 1309 4921 ei
1321 4868 1581 4921 canticum
1595 4868 1705 4939 96
1717 4870 1984 4937 novum,id
1999 4878 2085 4926 est

505 4957 721 5015 laudate
747 4977 869 5016 eum
899 4976 1038 5015 novo
1073 4958 1531 5022 cantico,scilicet
1560 4960 1919 5029 completione
1944 4977 2083 5031 prai-

503 5061 785 5122 ceptorum
827 5068 946 5121 qua:
995 5067 1164 5106 novus
1215 5051 1386 5105 Adam
1451 5052 1754 5106 construxit
1810 5066 1826 5105 :
1868 5052 1921 5105 in
1972 5068 2079 5123 qua

507 5141 650 5199 Deus
671 5144 969 5200 delectatur
1013 5143 1154 5197 sicut
1181 5142 1235 5195 in
1263 5141 1500 5195 cantico.
1561 5142 1714 5198 Unde
1736 5144 2026 5213 Apostolus
2062 5162 2077 5197 :

512 5252 530 5283 ε
562 5235 833 5290 Exuentes
867 5244 1106 5289 veterem
1135 5233 1405 5287 hominem
1429 5248 1551 5288 cum
1607 5236 1816 5290 actibus
1842 5234 1973 5298 suis,
1997 5234 2083 5289 in-

507 5327 653 5381 duite
676 5341 873 5381 novum
906 5325 1178 5379 hominem
1207 5322 1297 5390 qui
1324 5325 1620 5379 secundum
1663 5325 1831 5379 Deum
1864 5332 2080 5378 creatus

504 5427 588 5471 est
619 5416 834 5486 (Ephes.
873 5430 949 5474 Iv,
979 5411 1069 5479 ‘24)
1100 5428 1113 5474 ;
1152 5431 1169 5461 ι
1190 5410 1395 5465 scilicet
1427 5431 1443 5461 ‹
1483 5412 1692 5481 Diligitc
1722 5412 1971 5467 inimicos
1991 5428 2080 5470 ve-

508 5519 670 5573 stros,
703 5506 1004 5563 lienelacite
1026 5504 1109 5557 his
1132 5504 1220 5572 qui
1249 5502 1481 5559 oderunt
1508 5518 1601 5559 vos
1637 5504 1793 5577 (Luc.
1825 5520 1898 5572 vr,
1928 5504 2076 5574 27)..

511 5600 602 5653 Et:
643 5616 661 5649 ι
697 5597 929 5651 Vendite
948 5594 1129 5649 omnia
1154 5609 1276 5663 qua:
1321 5594 1557 5661 habetis,
1588 5605 1645 5652 et
1677 5598 1802 5652 date
1829 5597 2081 5666 pauperi-

512 5690 630 5749 bus,
663 5698 717 5741 et
738 5685 1023 5755 sequimini
1058 5700 1161 5746 me,
1186 5685 1319 5741 dicit
1343 5687 1599 5744 Dominus
1657 5688 1873 5759 (Matth.
1898 5705 1952 5752 v,
1975 5689 2074 5756 44;

517 5775 645 5832 Luc.
684 5794 757 5845 ix,
816 5775 920 5843 1:2).
954 5793 969 5824 ›
1006 5773 1069 5827 Et
1108 5775 1268 5830 etiam
1321 5777 1445 5831 talia
1471 5791 1735 5852 prtecepta
1766 5778 2106 5853 _complcte,'

2189 4679 2411 4734 lirmati.
2444 4680 2545 4746 Qui
2581 4681 2839 4734 nimirum
2872 4696 2967 4750 per
2987 4681 3183 4735 Isaiam
3219 4703 3237 4733 α
3277 4683 3506 4751 spiritus
3554 4681 3739 4736 consilii

2188 4782 2241 4826 et
2263 4771 2590 4826 fortitudinis
2615 4773 2813 4827 dicitur
2846 4772 2981 4839 (Isa.
3013 4790 3089 4838 χι,
3123 4773 3177 4842 2)
3206 4817 3221 4837 ,
3264 4794 3283 4827 ι
3344 4790 3410 4829 co
3436 4777 3576 4845 quod
3604 4776 3741 4827 fortes

2186 4863 2351 4919 faciat
2375 4873 2429 4918 et
2453 4864 2657 4919 ﬁrmos.
2692 4864 2821 4919 Dico
2851 4866 2993 4934 quod
3026 4867 3196 4920 virtus
3229 4882 3420 4921 eorum
3453 4877 3535 4922 est
3565 4869 3739 4921 contir-

2189 4964 2334 5010 mata
2365 4953 2567 5024 Spiritu
2591 4955 2697 5009 oris
2718 4956 2855 5024 eius.
2887 4956 3017 5022 Quae
3042 4958 3108 5011 ad
3159 4957 3259 5013 hoc
3318 4967 3403 5013 est
3449 4959 3740 5014 conﬁrmata

2191 5055 2250 5101 ut
2276 5047 2343 5100 sit
2375 5062 2714 5114 congregans,
2747 5046 2796 5100 id
2828 5057 2908 5100 est
2929 5045 3264 5116 coujungcus
3294 5065 3467 5118 aquas
3497 5048 3672 5110 maris,
3695 5045 3738 5098 id

2190 5148 2274 5196 est
2302 5140 2537 5207 iniquos,
2564 5139 2655 5207 qui
2688 5138 2973 5192 detinenda
3026 5154 3122 5209 per
3180 5139 3370 5193 illicita
3415 5141 3557 5195 sicut
3610 5152 3741 5206 aqua:

2189 5229 2465 5298 deﬂuunt}:
2496 5230 2665 5282 amari
2698 5228 2804 5281 Deo
2834 5238 2959 5283 sunt
2983 5239 3040 5280 ut
3070 5242 3240 5290 mare,
3273 5228 3420 5282 sicut
3457 5243 3607 5296 aqua:
3633 5242 3741 5280 cou-

2191 5332 2484 5394 gregautur
2523 5321 2576 5375 in
2607 5329 2746 5375 ntre.
2792 5320 2946 5386 Quod
2974 5327 3057 5374 est
3097 5320 3279 5373 dicere
3308 5332 3324 5372 :
3354 5319 3536 5374 Virtus
3578 5331 3740 5371 eorum

2194 5414 2471 5484 conjungit
2493 5422 2548 5468 et
2570 5412 2889 5482 constringit
2917 5427 3013 5480 per
3031 5411 3199 5481 legem
3228 5411 3537 5480 impositam
3566 5410 3616 5464 in
3643 5407 3743 5461 uni-

2195 5513 2308 5560 tate
2334 5503 2456 5558 ﬁdci
2486 5513 2541 5559 et
2568 5503 2871 5559 dilectionis
2904 5511 2959 5555 et
2992 5503 3348 5570 operationis,
3379 5516 3472 5556 eos
3509 5501 3744 5571 quiprius

2188 5596 2259 5652 ad
2296 5594 2513 5648 modum
2562 5593 2856 5648 voluntatis
2905 5606 3094 5646 eorum
3127 5606 3224 5660 per
3273 5590 3525 5660 quaelibet
3577 5587 3741 5643 illicita

2190 5684 2522 5747 deﬂuebant;
2553 5685 2691 5738 sicut
2714 5699 2867 5753 aquae
2893 5699 3013 5751 quae
3041 5683 3192 5753 prius
3210 5681 3508 5736 dcﬁuentes
3535 5677 3743 5732 erantin

2190 5785 2309 5832 utre
2368 5772 2671 5842 conjuncta:
2724 5788 2753 5825 a
2801 5770 3063 5827 deﬁucndi
3108 5768 3364 5825 facultate
3419 5776 3741 5824 coercentur.
