3838 6328
159 346 276 404 765

1081 341 1442 401 EXPOSITIO
1479 340 1550 397 IN
1584 336 1924 395 PSALMOS.
1947 339 2224 397 —PSAL.
2267 339 2483 397 XXXII.

3303 336 3409 399 766

160 461 266 515 Vel
292 461 368 514 sic
395 476 410 512 :
454 459 787 527 Congregans
826 456 960 509 sicut
994 458 1048 509 in
1074 465 1210 523 utre,
1241 456 1297 510 id
1337 463 1419 510 est
1460 463 1646 523 utpote
1682 455 1734 507 in
1766 461 1812 519 Α
1842 454 2014 510 malos
2044 456 2209 510 etiam
2238 454 2430 509 ﬂorere
2459 454 2511 508 in
2546 452 2791 509 terrenis.
2817 453 2923 510 Sed
2949 471 3067 526 quae
3093 458 3158 512 ad
3186 474 3404 514 suorum

158 564 303 605 utre.
326 546 480 615 Quod
519 557 602 601 est
647 545 831 600 dicere
887 558 903 597 :
953 544 1294 614 Conjungens
1321 559 1415 598 eos
1445 544 1497 597 in
1528 542 1735 597 unitate

162 641 446 707 Ecclesiae,
485 654 605 710 quae
642 648 763 694 uter
819 638 957 693 bene
982 644 1343 706 nuncupatur,
1393 649 1515 689 eum
1560 650 1626 688 ex
1656 635 1736 689 eis

164 734 510 790 solummodo
565 731 943 786 constituatur.
1012 728 1114 795 Qui
1169 725 1480 781 mortiﬁcati
1511 733 1638 779 sunt
1680 724 1734 777 in

158 838 348 889 carne,
381 824 525 877 sicut
556 831 678 875 uter
709 819 769 873 ﬁt
798 833 864 873 ex
896 826 1232 872 mortuorum
1280 814 1593 869 animalium
1620 813 1736 882 pel-

158 913 320 978 libus,
344 912 497 981 juxta
525 911 650 964 illud
678 908 921 978 Apostoli
950 926 962 961 :
1002 924 1021 959 t
1060 906 1160 974 Qui
1188 914 1371 961 autem
1401 913 1528 960 sunt
1579 904 1737 959 Chri-

154 1004 248 1068 sti,
274 1017 495 1058 carnem
525 1015 678 1056 suam
707 998 1096 1054 cruciﬁxerunt
1152 996 1293 1069 (Gal.
1332 1013 1388 1062 v,
1415 996 1560 1066 24).:
1602 994 1736 1052 Dico

157 1110 481 1165 congregans
530 1107 732 1162 aquas;
786 1100 842 1146 et
881 1106 987 1144 non
1047 1089 1220 1145 solum
1285 1103 1482 1158 pravas
1516 1091 1732 1157 inquas,

156 1186 251 1239 sed
311 1186 482 1239 etiam
551 1181 747 1252 (quod
797 1181 1103 1235 mirabilius
1155 1180 1273 1248 est)
1316 1196 1512 1250 ponens
1570 1178 1735 1232 etiam

155 1278 373 1346 abyssos
407 1316 423 1340 ,
449 1276 503 1330 id
526 1283 611 1329 est
636 1273 754 1327 illos
778 1274 869 1342 qui
913 1271 1323 1342 profundissimi
1371 1279 1498 1324 sunt
1526 1269 1578 1322 in
1604 1283 1734 1338 pec-

155 1370 421 1432 catis,ut
475 1367 705 1437 abyssus
742 1368 826 1419 est
875 1362 1296 1434 profundissima
1349 1362 1400 1415 in
1454 1360 1731 1413 thesauris.

156 1460 309 1525 Quod
334 1467 419 1513 est
445 1458 629 1512 dicere
667 1474 681 1508 :
723 1455 846 1510 Illos
909 1456 999 1524 qui
1030 1454 1208 1525 abyssi
1257 1463 1385 1507 sunt
1430 1465 1497 1505 ex
1522 1450 1735 1521 abyssis

162 1551 450 1603 thesauros
480 1548 613 1602 facis
636 1589 651 1615 ,
687 1547 737 1601 id
778 1556 860 1601 est
905 1548 1040 1601 adeo
1061 1545 1305 1600 doctrina
1344 1551 1399 1598 et
1445 1542 1734 1597 sanctitate

155 1641 261 1711 97
292 1640 523 1695 refertos
545 1680 559 1702 ,
594 1646 653 1692 ut
686 1647 739 1692 et
774 1636 906 1692 alios
957 1637 1081 1691 inde
1111 1635 1460 1706 locupletent,
1502 1633 1570 1687 ad
1620 1647 1733 1687 mo-

158 1733 281 1785 dum
313 1728 557 1783 thesauri
596 1726 797 1782 divitiis
834 1724 1186 1780 stecularibus
1234 1722 1524 1779 saeculares
1582 1721 1733 1775 locu-

1839 547 2235 601 incommodum
2285 544 2716 614 complerentur,
2767 546 2988 599 omnino
3038 549 3288 616 reprobat
3352 559 3410 603 et

1838 638 2107 701 destruit,
2155 636 2407 692 videlicet
2441 652 2507 691 ne
2535 650 2722 690 eorum
2754 637 3002 706 exemplo
3032 638 3147 692 sive
3188 654 3406 708 sugges-

1838 727 1969 780 tioni
1995 727 2231 791 cedant;
2267 733 2321 781 et
2349 725 2392 780 si
2420 740 2525 794 qua
2563 734 2761 794 prteter
2783 725 2896 779 haec
2943 733 3098 789 sunt,
3134 741 3252 794 qum
3294 726 3406 781 suis

1837 817 2103 886 completa
2132 824 2385 872 noceant.
2416 816 2545 871 Dico
2582 815 2726 885 quod
2751 817 3109 885 cogitationes
3144 826 3199 871 et
3226 820 3404 872 consi-

1836 907 1908 962 lia
1937 908 2255 978 populorum
2299 916 2355 962 et
2406 907 2712 977 principum
2754 909 3114 977 reprobantur
3158 916 3214 962 et
3246 908 3407 962 dissi-

1836 1007 2054 1069 pantur.
2098 997 2391 1051 Consilium
2416 1012 2589 1050 autem
2622 996 2854 1061 Domini,
2912 996 2963 1051 id
2995 1006 3078 1052 est
3107 998 3400 1051 consilium

1837 1090 1978 1159 quod
2006 1090 2297 1144 verbaliter
2317 1091 2608 1157 disponunt
2634 1087 2820 1142 ﬁdeles
2848 1088 3181 1143 adEcclesiae
3200 1090 3406 1144 utilita-

1838 1191 1945 1235 tem
1970 1222 1986 1247 ,
2014 1189 2336 1249 cooperante
2365 1178 2536 1247 gratia
2566 1177 2777 1231 Domini
2805 1217 2819 1241 ,
2853 1188 3025 1232 manet
3052 1181 3104 1232 in
3129 1189 3399 1233 aeternum.

1835 1274 1892 1329 Id
1917 1285 2000 1330 est
2038 1290 2143 1329 non
2175 1274 2487 1343 dissipatur.
2520 1273 2587 1327 Et
2612 1288 2717 1327 non
2755 1273 2927 1327 solum
2956 1274 3229 1327 consilium
3255 1315 3268 1338 ,
3300 1275 3391 1328 sed

1836 1378 1889 1426 et
1916 1370 2251 1439 cogitationes
2282 1368 2455 1421 cordis
2499 1366 2634 1435 ejus,
2682 1366 2735 1420 id
2778 1374 2857 1421 est
2889 1366 2979 1421 illa
3018 1383 3138 1437 qua:
3163 1369 3405 1439 cogitant

1835 1460 1903 1514 ad
1932 1460 2216 1514 utilitatem
2248 1474 2398 1513 suam
2442 1468 2496 1513 et
2548 1458 2774 1511 aliorum
2804 1460 2965 1519 corda
2996 1460 3232 1513 ﬁdelium
3279 1476 3403 1514 suo-

1834 1565 1984 1615 rum,
2018 1558 2238 1603 manent
2281 1550 2457 1603 eundo
2494 1549 2548 1601 in
2572 1548 2957 1618 generationem
2985 1548 3139 1619 .hanc
3166 1565 3403 1619 praesen-

1838 1650 1977 1707 tem,
2008 1650 2054 1694 et
2105 1641 2487 1710 generationem
2542 1640 2814 1705 futuram,
2847 1641 2898 1694 id
2939 1648 3022 1696 est
3074 1650 3293 1694 manent
3349 1642 3403 1695 in

1833 1741 2104 1785 cternum.
2134 1733 2312 1785 Ethoc
2332 1740 2500 1784 totum
2530 1741 2611 1785 est
2636 1747 2702 1787 ac
2732 1734 2775 1786 si
2808 1733 2982 1787 dicat:
3008 1732 3144 1787 Vere
3174 1731 3311 1786 Dens
3341 1733 3404 1785 ti-

157 1819 435 1888 pletantis.
488 1816 645 1873 Unde
692 1814 1025 1885 Apostolus:
1060 1812 1369 1869 tHahemus
1424 1812 1724 1866 thesaurum

1836 1822 2062 1875 tuendus
2096 1830 2181 1876 est
2208 1837 2237 1874 a
2271 1822 2422 1876 vobis
2442 1862 2456 1887 ,
2478 1822 2602 1890 quia
2649 1832 2838 1892 potens
2866 1832 2949 1876 est
2978 1823 3238 1891 dissipare
3271 1839 3403 1876 con-

158 1910 315 1965 istum
347 1912 403 1963 in
430 1908 580 1963 vasis
605 1905 856 1962 ﬁctilibus
886 1904 1031 1977 (Cor.
1066 1920 1153 1974 tv,
1182 1903 1291 1964 7).)
1317 1902 1509 1958 Causis
1546 1909 1729 1956 osten-

156 2000 262 2059 sis,
293 2000 360 2052 ad
392 1998 828 2053 exhortationem
874 1995 1196 2058 revertitur,
1253 1993 1372 2048 sic:
1405 1992 1547 2060 Ergo
1601 1991 1727 2059 quia

158 2099 348 2142 rectum
378 2099 426 2142 et
460 2086 674 2141 verbum
714 2085 966 2149 Domini,
1014 2094 1060 2139 et
1093 2100 1249 2153 opera
1278 2083 1391 2152 ejus
1428 2083 1483 2137 in
1513 2082 1617 2150 ﬁde
1641 2120 1656 2147 ,
1681 2089 1730 2134 et

155 2178 320 2246 diligit
346 2176 767 2231 misericordiam
798 2185 846 2229 et
886 2174 1179 2245 judicium,
1208 2174 1387 2228 timeat
1426 2187 1549 2227 eum
1576 2180 1730 2226 casto

156 2271 348 2324 timore
388 2270 559 2323 omnis
589 2279 753 2332 terra,
795 2267 846 2321 id
871 2274 955 2321 est
982 2265 1222 2321 Ecclesia
1249 2281 1268 2320 :
1305 2263 1555 2319 «Initium
1580 2262 1728 2318 enim

156 2361 433 2430 sapientia:
459 2360 619 2415 timor
656 2359 865 2413 Domini
915 2357 1088 2429 (Psal.
1122 2374 1187 2413 cx
1216 2398 1231 2423 ,
1263 2357 1330 2411 10
1355 2357 1428 2428 ).›
1491 2357 1557 2411 Ει
1587 2355 1730 2425 Apo-

159 2452 331 2506 tolus:
360 2451 524 2506 «Cum
556 2461 700 2506 metu
738 2460 791 2505 et
816 2460 1053 2505 tremore
1080 2458 1311 2503 vestram
1343 2448 1575 2504 salutem
1602 2462 1731 2517 ope-

157 2544 344 2597 mmini
376 2541 549 2614 (Phil.
581 2556 661 2607 ιι,
693 2540 761 2595 l2
790 2540 831 2611 ).
864 2558 882 2592 ›
945 2539 1076 2596 Orat
1114 2540 1277 2595 etiam
1304 2554 1402 2609 pro
1444 2540 1545 2605 eis,
1591 2541 1671 2596 sic
1711 2560 1724 2595 :

156 2631 276 2689 Dico
310 2652 325 2686 :
355 2631 559 2686 Timeat
582 2648 601 2698 ;
631 2631 886 2702 quoniam
913 2639 1091 2685 autem
1138 2646 1231 2700 per
1254 2646 1311 2686 se
1341 2628 1725 2687 insulﬁcientes

157 2731 302 2787 sunt,
343 2721 409 2774 ab
432 2737 494 2774 eo
516 2762 532 2789 ,
569 2722 622 2775 id
656 2730 737 2775 est
759 2722 827 2775 ab
853 2720 970 2789 ejus
995 2720 1167 2788 gratia
1200 2730 1625 2773 commoveantur
1660 2722 1729 2777 ad

164 2813 415 2867 timorem
496 2827 671 2865 omnes
718 2811 1067 2865 inhabitantes
1120 2851 1135 2876 ,
1196 2826 1302 2865 non
1352 2812 1662 2867 deserentes
1708 2852 1725 2878 ,

160 2905 361 2970 orbem,
398 2903 455 2958 id
482 2912 566 2958 est
590 2902 909 2958 Ecclesiam.
966 2904 1097 2971 Quae
1144 2903 1237 2958 Dei
1266 2904 1406 2959 orbis
1434 2912 1551 2972 est,
1583 2913 1641 2959 ut
1670 2905 1725 2959 in

158 2996 419 3064 psalmum
452 3010 585 3048 χχιιι
609 2994 861 3050 diximus.

217 3085 517 3155 Conjungit
555 3099 769 3155 quoque
806 3100 1000 3141 causas
1046 3084 1180 3140 alias
1230 3101 1399 3155 quare
1456 3085 1723 3141 timendus

158 3178 255 3240 sit,
288 3177 379 3230 sic
409 3193 424 3230 :
475 3175 606 3229 Dico
640 3176 819 3229 timeat
843 3215 857 3239 ,
895 3184 951 3231 et
1000 3175 1269 3229 timendus
1318 3184 1401 3231 est
1425 3216 1440 3241 ,
1477 3177 1724 3246 quoniam

158 3269 279 3336 ipse,
312 3252 457 3323 ‘adeo
485 3276 703 3337 potens,
732 3267 866 3321 dicit
891 3308 907 3335 ,
939 3283 1044 3323 non
1075 3267 1400 3333 verbaliter,
1432 3270 1525 3322 sed
1557 3267 1609 3321 in
1631 3281 1727 3322 sua

161 3348 511 3428 dispositione
541 3358 849 3425 constituit,
902 3368 948 3413 et
993 3359 1135 3428 facta
1162 3399 1177 3424 ,
1235 3358 1288 3412 id
1338 3366 1421 3412 est
1461 3358 1725 3425 formata,

161 3459 268 3502 sunt
298 3448 520 3513 omnia,
547 3455 606 3501 ut
638 3448 691 3502 in
723 3446 919 3503 Genesi
951 3448 1309 3503 historialiter
1335 3448 1549 3519 legitur.
1606 3447 1727 3517 Ipse

160 3538 451 3601 mandavit,
484 3536 539 3591 id
588 3547 673 3591 est
720 3539 1050 3607 praecepitin
1086 3539 1194 3593 .sui
1241 3538 1593 3608 dispositione
1623 3579 1637 3603 ,
1678 3548 1724 3591 et

160 3637 321 3681 creata
344 3636 506 3693 sunt,
530 3628 649 3682 rudi
673 3637 730 3683 et
770 3629 983 3684 informi
1008 3630 1303 3685 creatione.
1337 3629 1490 3697 Quod
1524 3639 1605 3685 est
1644 3630 1725 3685 di-

160 3718 549 3773 cerezllateria
574 3732 762 3772 eorum
790 3719 931 3773 unde
960 3720 1071 3788 ipsa
1096 3728 1282 3788 postea
1316 3720 1545 3774 formata
1572 3728 1721 3786 sunt,

161 3809 206 3863 id
227 3820 308 3865 est
355 3809 628 3864 elementa
664 3810 939 3874 informia,
969 3811 1163 3866 cmlum
1216 3811 1423 3866 scilicet
1468 3819 1521 3866 et
1550 3826 1644 3865 aer
1670 3820 1726 3865 et

161 3908 312 3968 terra,
344 3908 533 3954 creata
558 3910 682 3955 sunt
705 3942 719 3966 ,
746 3909 804 3954 ut
831 3900 883 3954 in
910 3899 1104 3956 Genesi
1148 3901 1346 3971 legitur
1373 3915 1387 3954 :
1418 3900 1502 3953 (In
1526 3900 1725 3970 princi-

161 3992 237 4058 pio
282 3992 495 4045 creavit
532 3991 670 4045 Deus
717 3991 912 4045 malum
954 3999 1008 4045 et
1057 4000 1256 4046 terram
1282 3989 1480 4061 (Gen.t
1523 4032 1537 4057 ,
1575 3991 1655 4061 2.)
1698 4011 1717 4044 ι

161 4082 313 4137 Terra
341 4092 530 4137 autem
576 4093 694 4137 erat
725 4083 896 4138 inanis
923 4092 978 4137 et
1021 4098 1185 4137 vacua
1213 4122 1229 4147 ,
1274 4090 1382 4137 etc.
1419 4083 1549 4137 Dico
1577 4083 1720 4151 quod

161 4170 285 4237 facta
324 4180 450 4224 sunt
484 4171 815 4236 ;mandavit,
847 4182 894 4225 et
951 4182 1123 4225 creata
1176 4180 1315 4226 sunt.
1358 4170 1425 4224 Et
1449 4186 1545 4240 per
1596 4171 1721 4238 hoc,

164 4259 256 4312 itno
279 4260 407 4327 quia
433 4258 619 4313 omnia
666 4274 785 4328 qua:
816 4259 929 4329 ipse
949 4260 1162 4315 dicetet
1188 4259 1462 4313 tnandahit
1491 4259 1622 4314 ﬁent
1649 4261 1723 4315 si-

161 4350 368 4403 militer.
403 4348 483 4403 Ea
510 4362 640 4403 vero
672 4365 792 4419 quae
832 4360 1020 4419 gentes
1066 4350 1244 4405 stultae
1274 4359 1330 4404 et
1373 4366 1721 4421 supervacuae

1832 1910 1952 1966 silia
2010 1926 2129 1980 quae
2173 1921 2359 1966 contra
2391 1925 2486 1965 vos
2535 1922 2679 1967 sunt.
2722 1913 2920 1967 Potens
2958 1928 3171 1982 quoque
3228 1913 3394 1967 estin

1831 2012 2088 2057 aeternum
2107 2011 2344 2057 statuere
2365 2018 2484 2072 quae
2512 2018 2542 2057 a
2572 2003 2741 2068 vobis,
2774 2012 3031 2071 operante
3054 2018 3118 2057 eo
3147 2003 3395 2065 consilio,

1832 2092 1971 2146 ﬁunt
2018 2101 2072 2146 et
2133 2092 2460 2161 cogitantur.
2514 2091 2715 2148 Gentes
2764 2101 2943 2146 autem
2998 2092 3244 2146 timenda:
3298 2106 3403 2144 non

1831 2193 1989 2248 sunt,
2025 2199 2146 2239 cum
2200 2199 2387 2238 earum
2425 2184 2653 2239 consilia
2700 2183 2806 2237 cito
2847 2183 3192 2252 dissipentur.
3250 2181 3403 2236 Unde

1830 2276 2089 2332 Dominus
2112 2278 2163 2331 in
2191 2277 2479 2347 Evangelio
2508 2295 2520 2329 :
2556 2275 2762 2329 «Nolite
2796 2277 2983 2329 timore
3011 2290 3104 2329 eos
3133 2274 3222 2343 qui
3258 2276 3403 2329 oeci-

1831 2367 1964 2421 dunt
1991 2382 2214 2436 corpus;
2245 2366 2481 2420 animant
2514 2377 2694 2419 autem
2727 2381 2829 2417 non
2864 2374 3089 2434 possunt
3124 2364 3401 2418 occidere.

1832 2456 1936 2512 Sed
1961 2458 2137 2526 potius
2183 2473 2303 2511 eum
2336 2457 2517 2511 timete
2560 2456 2650 2524 qui
2682 2470 2876 2522 corpus
2914 2464 2966 2507 et
2994 2454 3227 2507 animam
3260 2462 3408 2521 rote-

1830 2554 2021 2600 statem
2074 2547 2235 2602 habet
2283 2547 2497 2601 mittere
2541 2546 2593 2599 in
2619 2545 2935 2616 gehennam
2982 2544 3121 2613 ignis
3152 2544 3171 2614 (
3204 2542 3403 2598 Matth.

1829 2651 1899 2703 Χ,
1938 2635 2093 2706 28).)
3024 2638 3025 2641 “

1900 2724 2022 2779 Dixi
2066 2724 2208 2794 quod
2263 2725 2522 2779 Dominus
2577 2723 2711 2777 adeo
2762 2731 2957 2791 potens
2981 2732 3064 2779 cst
3124 2721 3266 2791 quod
3302 2722 3408 2788 ipse

1828 2815 1959 2867 dixit
1985 2824 2031 2867 et
2048 2815 2188 2884 facta
2214 2824 2334 2868 sunt
2365 2855 2378 2878 ,
2409 2824 2454 2867 et
2479 2813 2696 2881 dissipat
2720 2813 2935 2865 consilia
2961 2814 3187 2882 gentium
3209 2820 3261 2863 ct
3279 2825 3403 2861 con-

1826 2902 2002 2959 silium
2030 2902 2145 2970 ejus
2178 2912 2350 2955 manet
2375 2903 2428 2955 in
2451 2911 2724 2955 wtcrnum.
2762 2900 2902 2968 Ergo
2934 2902 3058 2970 quia
3083 2908 3261 2953 tantus
3287 2907 3391 2962 est,

1827 2991 1978 3045 beata
2019 3002 2092 3047 est
2128 3009 2251 3061 gens
2279 2993 2432 3061 cujus
2472 3001 2545 3046 est
2580 2991 2837 3045 Dominus
2885 2991 3025 3045 Deus
3067 2990 3178 3059 ejus
3201 3029 3214 3052 ,
3246 2989 3295 3041 id
3321 2996 3403 3041 est

1826 3072 1945 3151 quae
1989 3083 2156 3137 Deum
2200 3098 2357 3137 suum
2389 3091 2604 3153 reputat
2660 3082 2945 3138 Dominum
2970 3123 2985 3148 ,
3024 3064 3155 3136 utei
3183 3081 3403 3135 obediat

1832 3175 1885 3228 in
1913 3175 2195 3237 omnibus,
2230 3190 2329 3229 nec
2354 3176 2557 3229 serviat
2585 3175 2761 3229 ventri
2794 3189 2970 3244 neque
2992 3174 3153 3228 vitiis.
3184 3173 3251 3227 Et
3278 3173 3401 3236 hoc,

1831 3265 1973 3334 quod
2005 3266 2170 3318 Deum
2204 3274 2455 3335 reputant
2501 3265 2819 3329 Dominum,
2854 3279 2961 3317 non
3004 3263 3201 3317 habent
3225 3278 3289 3317 ex
3323 3277 3401 3315 se.

1831 3354 1937 3411 Sed
1963 3355 2187 3426 populus
2224 3356 2310 3411 ille
2352 3357 2544 3409 beatus
2578 3363 2694 3417 est,
2723 3371 2873 3425 quem
2906 3353 3056 3423 elegit
3104 3352 3360 3405 Dominus
3384 3392 3398 3416 ,

1828 3446 1880 3500 id
1906 3455 1990 3502 est
2017 3448 2288 3517 separavit
2312 3462 2341 3501 a
2366 3461 2542 3501 massa
2571 3445 2932 3516 perditorum,
2964 3447 3017 3498 in
3046 3443 3403 3498 Itwrealitatem

1826 3536 2012 3599 sibi,id
2033 3545 2115 3591 est
2155 3538 2221 3591 ad
2246 3538 2347 3591 hoc
2371 3545 2427 3590 ut
2453 3536 2563 3591 sint
2587 3535 2874 3590 [hereditas
2894 3549 3010 3589 sua.
3035 3533 3198 3601 Quasi
3230 3532 3395 3586 dicat:

1828 3632 1894 3680 ad
1912 3627 2013 3681 hoc
2041 3627 2202 3697 elegit
2218 3642 2311 3681 eos
2333 3626 2591 3681 Dominus
2619 3635 2680 3681 ut
2702 3640 2826 3681 cum
2850 3626 2955 3680 sint
2972 3625 3238 3695 possessio
3263 3623 3401 3692 ejus,

1826 3716 2007 3771 colant
2033 3726 2231 3771 eumut
2278 3716 2585 3781 Dominum,
2614 3716 2727 3786 98
2753 3724 2809 3771 et
2852 3731 2949 3786 per
2976 3718 3077 3769 hoc
3102 3717 3209 3769 sint
3238 3714 3400 3769 beati.

1828 3805 1982 3862 Unde
2032 3806 2323 3877 Apostolus
2374 3826 2386 3861 ε
2423 3827 2441 3858 ι
2474 3807 2643 3861 Nemo
2689 3816 2863 3876 potest
2911 3808 3093 3861 dicere
3139 3807 3399 3859 Dominus

1825 3895 2014 3965 Jesus,
2065 3899 2165 3953 nisi
2200 3899 2252 3952 in
2277 3898 2481 3968 Spirittt
2514 3907 2721 3952 sancto.
2749 3898 2766 3968 (
2797 3897 2825 3950 Ι
2856 3896 2975 3951 Cor.
3004 3913 3087 3961 χι,
3127 3898 3206 3965 '5).
3239 3915 3256 3946 ι
3294 3895 3397 3948 Ex-

1824 3994 1977 4064 ponit
2007 4008 2136 4048 vero
2177 3994 2446 4063 quomodo
2479 3990 2651 4062 elegit.
2699 3992 2790 4047 Sic
2826 3993 3031 4047 scilicet
3060 3991 3259 4061 elegit:
3297 3990 3400 4042 Do-

1822 4086 1995 4139 minus
2036 4084 2258 4154 respexit
2283 4084 2345 4137 de
2373 4083 2528 4149 cwlo,
2564 4083 2614 4138 id
2637 4092 2721 4138 est
2748 4098 2869 4137 cum
2900 4097 3142 4137 summus
3181 4089 3324 4135 esset
3347 4089 3401 4133 et

1824 4176 2108 4230 invisibilis
2147 4216 2162 4242 ,
2210 4175 2449 4229 visitavit
2490 4190 2660 4244 genus
2703 4176 2998 4228 humanum
3047 4173 3113 4225 de
3165 4172 3397 4225 humana

1822 4275 2013 4321 natura
2040 4266 2424 4321 Christi.Unde
2444 4265 2763 4334 Apostolus:
2797 4283 2814 4316 ι
2833 4264 2928 4318 Ubi
2953 4261 3099 4316 venit
3125 4259 3399 4328 plenitudo

1824 4358 2081 4427 temporis
2104 4397 2119 4421 ,
2149 4357 2296 4410 misit
2342 4357 2483 4410 Deus
2511 4355 2705 4409 Filium
2754 4368 2911 4408 suum
2943 4359 3126 4405 natum
3179 4349 3245 4403 de
3281 4363 3399 4401 mu-

162 4439 407 4538 adversus
472 4439 641 4494 Deum
687 4450 745 4495 et
805 4439 1107 4496 Ecclesiam
1149 4442 1441 4497 verborum
1489 4442 1719 4498 consilio
1750 4478 1798 4538 Β
1825 4446 1984 4512 liere,
2013 4468 2032 4500 ι
2068 4458 2174 4501 etc.
2209 4446 2442 4519 (Gal.tv,
2472 4447 2550 4516 4.)
2578 4446 2706 4500 Dico
2734 4445 2875 4514 quod
2915 4442 3137 4512 respexit
3180 4441 3244 4494 de
3270 4439 3397 4493 caelo

160 4527 476 4598 disponunt,
508 4538 563 4585 et
589 4546 708 4601 qua:
738 4532 901 4587 etiam
932 4534 1198 4603 cogitant,
1242 4548 1348 4589 non
1380 4534 1534 4589 ﬁent.
1579 4533 1717 4589 Nam

160 4613 399 4674 Dominus
421 4620 667 4689 dissipat,
683 4620 736 4674 id
760 4629 845 4675 est
870 4622 1098 4677 destruit
1114 4621 1198 4677 illa
1224 4621 1442 4677 consilia
1463 4623 1716 4695 gentium;

162 4707 382 4771 reprobat
421 4717 600 4762 autem
639 4711 976 4779 cogitationes
1006 4712 1318 4782 populorum
1342 4756 1357 4782 ,
1402 4713 1455 4768 id
1484 4722 1566 4768 est
1592 4726 1721 4783 gen-

161 4793 280 4848 tium
302 4837 317 4861 ,
347 4814 475 4868 qua:
499 4814 844 4869 supervacua:
867 4811 1057 4871 putant
1082 4802 1379 4858 Ecclesiam
1412 4804 1595 4870 minis,
1625 4808 1720 4857 aut

166 4887 617 4957 tribulationibus,
676 4902 771 4945 aut
818 4894 1255 4962 suggestionibus
1317 4895 1600 4950 devorare.
1650 4894 1719 4948 Et

165 4995 255 5034 non
279 4983 452 5038 solum
488 4983 710 5039 consilia
749 4985 922 5054 plebis
946 5026 961 5050 ,
1013 4988 1107 5041 sed
1138 4988 1304 5041 etiam
1331 4988 1570 5058 reprobat
1593 5003 1716 5041 con-

163 5070 267 5125 silia
293 5074 612 5144 principum,
667 5075 719 5129 id
757 5086 843 5131 est
878 5079 1220 5146 reprobando
1254 5094 1347 5144 ea,
1400 5079 1615 5133 deducit
1646 5079 1716 5133 ad

166 5161 369 5220 nihilum
398 5207 413 5233 ,
446 5175 505 5220 ut
532 5182 636 5220 non
672 5156 1000 5236 praevaleant
1030 5170 1164 5224 suis.
1219 5170 1371 5225 Unde
1408 5170 1662 5225 Salomon
1697 5189 1709 5225 :

173 5251 299 5309 tNon
325 5267 407 5312 est
445 5259 732 5328 prudentia
755 5300 771 5323 ,
824 5276 996 5328 neque
1027 5262 1314 5316 consilium
1343 5302 1358 5327 ,
1398 5277 1570 5332 neque
1603 5262 1711 5317 for-

170 5342 322 5402 titudo
357 5359 543 5403 contra
573 5350 859 5405 Dominum
895 5350 1078 5419 (Prov.
1111 5353 1203 5416 21,
1234 5354 1344 5422 50).
1369 5372 1386 5405 ι
1421 5353 1486 5407 Ει
1513 5362 1705 5408 notan-

173 5433 289 5489 dum
337 5439 477 5508 quod
531 5456 636 5495 non
690 5456 879 5497 omnes
924 5444 1284 5513 cogitationes
1331 5446 1446 5499 sive
1489 5446 1713 5501 consilia

172 5536 338 5582 eorum
364 5530 614 5600 dissipat;
643 5534 886 5601 qnmdam
912 5536 1055 5589 enim
1087 5535 1154 5590 ad
1194 5536 1479 5591 utilitatem
1529 5536 1715 5593 Eccle-

173 5616 252 5671 site
275 5619 379 5675 sive
404 5622 469 5676 ad
489 5624 774 5692 impiorum
800 5626 997 5696 justam
1023 5628 1421 5683 damnationem
1451 5629 1563 5684 ﬁeri
1588 5645 1715 5699 per-

176 5708 354 5780 mittit,
402 5714 647 5772 videlicet
704 5733 829 5775 suos
876 5721 1124 5790 persequi
1154 5762 1167 5787 ,
1222 5720 1379 5792 aﬁligi
1410 5762 1423 5787 ,
1489 5723 1703 5788 occidi,

1825 4538 2089 4594 etelorum
2120 4538 2366 4602 Christo,
2401 4546 2455 4592 et
2496 4553 2592 4608 per
2637 4536 2766 4590 illud
2799 4536 2994 4590 C(Blttttt
3024 4533 3150 4587 vidit
3185 4532 3266 4603 (ut
3296 4530 3397 4584 mi-

1823 4628 2305 4700 sereretur)jomnis
2325 4628 2464 4683 modi
2484 4629 2623 4697 ﬁlios
2647 4629 2938 4691 hominum,
2956 4624 3170 4679 Iudaeos
3189 4623 3397 4678 scilicet

1821 4728 1876 4774 et
1912 4728 2100 4788 gentes
2119 4760 2133 4784 ,
2167 4734 2431 4789 pauperes
2460 4728 2514 4773 ct
2544 4717 2736 4772 divites
2759 4757 2774 4782 ,
2803 4730 2990 4770 servos
3018 4723 3074 4770 et
3104 4714 3320 4769 liberos.

1890 4811 2042 4877 Quod
2068 4818 2149 4864 est
2172 4810 2382 4864 dicere:
2408 4808 2660 4862 Misertus
2682 4814 2766 4861 est
2792 4807 2968 4881 omnis
2991 4805 3134 4860 modi
3162 4804 3396 4858 ﬁliorum

1821 4900 2118 4955 hominum.
2152 4897 2252 4953 Ubi
2279 4913 2376 4952 nos
2403 4897 2490 4951 hic
2514 4897 2773 4951 habemus
2797 4895 2935 4950 ﬁlios
2958 4896 3261 4959 hominum,
3291 4893 3424 4948 lle-0

1821 4990 1947 5044 ιιι·ιυὶ
1983 4989 2185 5043 habent
2210 4988 2350 5043 ﬁlios
2387 4988 2534 5042 Adae.
2568 4987 2672 5041 Sed
2702 4988 2841 5042 bene
2886 4989 3106 5056 ponitur
3134 4984 3273 5054 ﬁlios
3299 4984 3395 5037 ho-

1824 5083 2020 5135 minum
2048 5123 2060 5144 ,
2106 5081 2346 5151 priorum
2411 5078 2616 5134 scilicet
2658 5079 2934 5133 hominum
2985 5078 3116 5130 Atla:
3162 5084 3218 5129 et
3242 5074 3391 5129 Evm.

1818 5174 1919 5240 Qui
1965 5190 2071 5228 non
2102 5174 2273 5229 solum
2320 5172 2411 5225 ﬁlii
2444 5180 2570 5225 sunt
2615 5171 2668 5224 in
2700 5185 2926 5241 genere,
2960 5168 3055 5222 sed
3090 5174 3146 5219 et
3191 5165 3285 5217 ﬁlii
3336 5164 3390 5217 in

1817 5265 2064 5320 crimine.
2096 5265 2225 5319 Dico
2262 5264 2402 5333 qttod
2438 5264 2502 5317 de
2533 5262 2660 5317 caelo
2702 5261 2949 5331 respexit,
2981 5269 3035 5313 et
3078 5273 3183 5311 non
3215 5256 3390 5310 solum

1820 5359 1884 5411 de
1907 5357 2031 5411 cmlo
2051 5398 2065 5421 ,
2098 5357 2191 5411 sed
2217 5358 2380 5410 etiam
2412 5356 2632 5425 respexit
2672 5370 2828 5422 super
2859 5367 3059 5415 omnes,
3092 5350 3143 5403 id
3171 5358 3254 5402 est
3274 5363 3391 5401 om-

1818 5449 1903 5503 nis
1933 5447 2077 5502 tnodi
2108 5447 2197 5517 qui
2226 5447 2461 5500 habitant
2492 5456 2687 5498 terram
2713 5484 2727 5508 ,
2754 5444 2804 5497 id
2844 5450 2927 5497 est
2966 5442 3057 5511 qui
3088 5429 3389 5493 manent'in

1819 5542 1921 5596 hac
1946 5549 2087 5595 terra
2108 5580 2123 5607 ,
2151 5540 2214 5594 de
2239 5547 2534 5609 praeparato
2563 5535 2862 5590 habitacula
2912 5552 3006 5589 suo
3030 5576 3045 5599 ,
3086 5535 3137 5589 id
3163 5540 3244 5586 est
3289 5545 3386 5600 per

1818 5634 2118 5688 doctrinam
2152 5633 2546 5701 apostolorum,
2591 5628 2682 5698 qui
2718 5638 2844 5687 sunt
2874 5626 3234 5688 habitaculum
3264 5626 3381 5695 ejus

1818 5735 2201 5798 pt‘u‘pat'alttm,
2218 5725 2268 5778 id
2292 5732 2374 5779 est
2397 5722 2465 5777 ab
2490 5738 2554 5778 eo
2578 5722 2811 5789 gratuita
2836 5720 3106 5777 voluntate
3129 5719 3377 5776 electum.
