3838 6328
20 5463 24 5518 ι

20 5627 30 5718 ἒ

529 359 630 414 767
1095 357 1150 412 S.
1190 359 1534 417 BRUNONIS
1572 360 2217 420 CARTl-IUSIANORUM
2257 362 2738 422 INSTITUTORIS
2773 367 2924 424 OPP.
2965 366 3142 425 PARS
3179 369 3218 424 ἱ.
3635 375 3721 435 768

529 470 680 524 Unde
699 468 813 537 ipse
834 466 886 521 in
909 465 1197 536 Evangelio
1223 485 1236 520 :
1271 487 1288 519 «
1317 467 1432 523 Non
1461 485 1556 525 vos
1579 487 1664 526 me
1700 471 1936 542 elegistis
1955 513 1969 536 ,
2000 475 2094 527 sed
2124 482 2168 537 Α
2200 482 2256 528 ιιι
2279 473 2335 528 in
2365 475 2504 531 bono
2531 489 2907 547 perseverent;
2963 491 3011 534 et
3050 482 3104 534 in
3133 482 3240 547 eis,
3293 481 3348 535 id
3378 494 3457 538 est
3483 500 3620 558 super
3646 505 3721 549 eos

524 575 624 630 ego
651 558 786 628 elegi
815 550 910 611 vos
957 557 1160 628 (Joan.
1192 573 1256 611 xv
1276 598 1292 625 ,
1323 560 1484 629 16).»
1543 562 1639 617 Vel
1693 563 1771 618 sic
1801 582 1813 616 :
1849 562 2092 633 Respexit

525 650 618 720 qui
655 649 902 718 superior
926 649 1231 719 eratjsuper
1267 667 1444 706 omnes
1483 655 1574 722 qui
1619 655 1858 710 habitant
1901 667 2094 709 terram

523 738 770 809 suamﬂid
802 746 883 792 est
911 737 998 806 qui
1023 739 1297 807 possident
1325 749 1381 795 et
1409 743 1756 796 dominantur
1784 755 1941 799 terra:
1959 762 2092 810 suae,

522 829 576 882 id
609 835 691 882 est
717 826 888 881 carni.
925 826 1054 880 Dico
1085 827 1202 897 ipse
1240 830 1484 898 respexit.
1529 830 1651 902 Ipse
1682 833 1805 889 dico
1846 837 1937 905 qui
1975 847 2095 905 post

519 920 674 988 [uixit
702 916 976 988 sigillatim
1017 918 1098 972 vel
1135 919 1444 990 singulatim
1477 923 1637 976 corda
1675 942 1874 981 eorum.
1941 927 2092 995 Quod

517 1021 603 1067 est
635 1012 817 1068 dicere
865 1029 879 1067 :
931 1013 1196 1080 Quoniam
1219 1015 1299 1069 eis
1327 1030 1434 1069 non
1460 1015 1729 1072 sufﬁceret
1753 1059 1768 1085 ,
1809 1019 1856 1073 si
1894 1019 2096 1074 solum-

520 1103 680 1157 modo
708 1104 1000 1174 reSpiceret
1021 1145 1036 1170 ,
1070 1106 1392 1161 remittendo
1422 1109 1684 1176 peccata',
1709 1118 1764 1164 et
1791 1119 1978 1180 postea
2000 1127 2094 1168 eos

523 1195 837 1260 desereret,
889 1197 1168 1251 constituit
1214 1197 1294 1252 eis
1319 1198 1615 1269 singularia
1669 1204 1860 1267 corda,
1907 1203 1961 1257 id
2011 1213 2095 1258 est

525 1287 708 1342 varias
731 1287 901 1343 bonas
929 1287 1235 1343 voluntates
1257 1328 1272 1352 ,
1311 1287 1466 1357 juxta
1497 1291 1810 1360 Apostolum
1839 1333 1854 1358 ,
1909 1294 2083 1348 dicen-

523 1388 628 1434 tem
662 1396 678 1432 :
713 1379 1121 1451 «Unusquisque
1149 1382 1422 1452 proprium
1469 1383 1668 1438 donum
1697 1386 1859 1440 habet
1885 1401 1915 1440 a
1941 1387 2088 1451 Deo;

520 1483 658 1523 unus
684 1469 898 1538 quidem
925 1470 1022 1535 sic,
1051 1470 1187 1524 alius
1212 1487 1338 1526 vero
1358 1473 1525 1544 sic(l.
1555 1473 1784 1542 Cor.vtt,
1815 1476 1923 1548 7).»
1950 1477 2092 1532 Bene

518 1575 650 1614 vero
678 1561 832 1630 ponit
853 1561 1008 1629 ﬁnxit
1035 1601 1050 1626 ,
1092 1562 1145 1615 id
1192 1573 1278 1617 est
1317 1563 1472 1619 facile
1500 1567 1822 1635 composuit.
1862 1569 2092 1638 Fingere

516 1665 750 1720 namque
777 1650 1036 1717 dicimus,
1067 1651 1224 1706 facile
1269 1669 1593 1724 componere
1630 1657 1832 1726 aliquid
1861 1659 1928 1713 de
1965 1673 2090 1714 cera

517 1740 602 1795 vel
632 1739 768 1806 luto,
795 1741 908 1796 sive
937 1741 1116 1811 aliqua
1141 1743 1286 1798 molli
1317 1746 1566 1800 materia.
1601 1744 1735 1812 Quia
1759 1762 1888 1802 vero
1915 1748 2093 1801 adhuc

523 1844 632 1884 non
665 1829 936 1885 soliiceret
984 1831 1183 1902 lingere
1219 1834 1417 1900 corda,
1469 1835 1662 1889 addit:
1699 1834 1804 1900 Qui
1850 1837 2088 1906 intelligit
2125 1817 2165 1874 Β

517 1918 692 1972 omnia
719 1936 875 1990 opera
890 1937 1090 1974 eorum.
1115 1921 1505 1992 Compendiose
1536 1926 1769 1996 positum
1800 1937 1905 1982 est.
1937 1925 2090 1995 Quod

515 2016 599 2061 est
625 2007 834 2062 dicere:
865 2008 964 2075 Qui
994 2007 1126 2063 facit
1151 2025 1244 2066 eos
1269 2010 1446 2067 facere
1471 2028 1634 2082 opera
1667 2015 1733 2068 ad
1761 2015 2091 2071 intellectum

516 2097 866 2166 pertinentia.
907 2100 1069 2166 Quasi
1103 2101 1245 2156 dicat
1274 2120 1287 2156 :
1344 2101 1462 2158 Non
1504 2119 1640 2159 vana
1677 2113 1840 2175 opera
1865 2116 1920 2162 et
1951 2107 2093 2161 irra—

517 2190 820 2257 tionabilia;
850 2193 946 2246 sed
979 2192 1104 2246 talia
1162 2208 1283 2263 qua:
1313 2204 1439 2249 sunt
1472 2198 1770 2252 secundum
1795 2199 1899 2254 hoc
1947 2197 2092 2268 quod

516 2279 617 2348 ipsi
652 2281 978 2352 intelligunt.

586 2372 904 2443 llujusmodi
945 2389 1072 2430 vero
1128 2377 1483 2446 grammatica
1513 2379 1788 2435 invenitur
1839 2380 1892 2434 in
1944 2380 2091 2451 Apo—

516 2465 685 2530 stolo,
740 2481 864 2518 cum
913 2467 1089 2522 dicit:
1148 2469 1416 2537 «Spiritus
1470 2472 1707 2540 postulat
1749 2487 1848 2540 pro
1893 2473 2090 2540 nobis,

517 2555 567 2608 id
604 2565 684 2610 est
727 2573 828 2629 nos
856 2559 1125 2627 postulare
1177 2560 1326 2628 facit,
1372 2561 1662 2630 gemitibus
1720 2563 2094 2618 inenarrabili-

516 2647 614 2699 bus
666 2645 837 2716 (Itoni.
862 2663 978 2714 vni,
1002 2648 1117 2718 26).
1147 2669 1163 2701 ι
1207 2649 1332 2702 Dico
1362 2653 1504 2718 quod
1538 2653 1762 2720 respexit
1788 2694 1802 2718 ,
1831 2661 1884 2706 et
1913 2653 2090 2722 ﬁnxit,

514 2747 570 2791 et
610 2737 877 2807 intelligit.
913 2739 976 2793 Et
1003 2740 1081 2794 sic
1111 2739 1353 2794 salvalur
1392 2742 1760 2810 unusquisque
1809 2742 1983 2798 ﬁdelis
2008 2743 2092 2798 di-

514 2840 635 2886 ctus
666 2847 784 2896 rex,
808 2847 872 2886 eo
901 2834 1040 2901 quod
1071 2848 1192 2888 sese
1219 2842 1396 2903 regat,
1429 2833 1460 2887 Ξι
1490 2834 1644 2889 malis
1673 2835 1974 2892 coercendo
1997 2876 2011 2902 ,
2041 2845 2095 2890 et

514 2922 686 2993 gigas,
721 2937 786 2977 eo
809 2921 951 2992 quod
980 2923 1050 2976 sit
1077 2923 1234 2978 [ortis
1281 2923 1334 2977 in
1363 2923 1498 2978 bene
1523 2923 1816 2992 operando.
1850 2923 1954 2978 Sed
1992 2941 2094 2978 non

513 3014 752 3068 salvetur
780 3030 870 3068 rea:
900 3013 988 3068 ille
1015 3031 1108 3083 per
1137 3013 1358 3068 multam
1388 3016 1652 3078 virtutem,
1687 3030 1840 3070 suam
1867 3014 2090 3070 scilicet:

515 3103 584 3158 Et
611 3106 839 3176 ipsemet
865 3108 1012 3176 gigas
1041 3105 1282 3160 existens
1335 3122 1437 3160 non
1471 3106 1759 3160 salvabitur
1781 3107 1834 3160 in
1859 3105 2095 3159 multitu-

513 3199 663 3266 dine,
697 3199 747 3252 id
771 3209 856 3254 est
883 3213 980 3269 per
1011 3181 1412 3253 multitudinem
1445 3200 1652 3253 virtutis
1673 3217 1785 3254 sua:
1809 3209 2086 3268 reputatae.

2120 3153 2161 3210 C

463 3308 470 3313 ·
515 3287 670 3356 Quod
697 3298 782 3344 est
817 3289 1035 3344 dicere:
1064 3289 1313 3345 Concedo
1340 3291 1555 3358 quidem
1583 3290 1724 3358 quod
1757 3307 1848 3360 per
1871 3290 2090 3344 multum

514 3381 758 3434 virtutem
788 3380 880 3435 Dei
909 3380 1085 3450 gratia
1122 3380 1305 3436 datam
1329 3381 1663 3445 salvahitur,
1697 3383 1777 3436 sic
1821 3392 1998 3437 tamen
2033 3393 2091 3438 ut

513 3485 634 3525 eam
665 3485 820 3524 suam
847 3484 970 3525 esse
1002 3485 1108 3524 non
1136 3479 1368 3540 reputet.
1405 3471 1538 3526 Nam
1567 3473 1612 3526 si
1653 3488 1772 3526 eam
1805 3490 1986 3538 suam,
2040 3475 2090 3530 id

515 3572 598 3613 est
624 3575 690 3614 ex
721 3575 779 3614 se
808 3575 929 3614 esse
961 3569 1236 3629 reputaret
1261 3601 1276 3627 ,
1307 3577 1414 3616 non
1454 3563 1777 3619 salvaretur.
1801 3565 1926 3620 Dico
1949 3567 2090 3635 quod

515 3647 606 3703 ille
635 3648 727 3717 qui
773 3664 863 3702 rex
903 3656 984 3703 est
1020 3659 1075 3704 et
1101 3651 1249 3720 gigas
1269 3691 1283 3715 ,
1339 3667 1440 3704 non
1487 3651 1723 3706 solvatur
1749 3671 1842 3723 per
1872 3657 2091 3710 multam

516 3739 755 3792 virtutem
789 3752 940 3793 suam
971 3749 1290 3809 reputatam.
1327 3739 1382 3795 Si
1415 3742 1535 3810 quis
1564 3756 1692 3798 vero
1724 3759 1826 3798 non
1859 3747 2092 3802 existens

516 3845 612 3883 rex
641 3839 696 3884 et
719 3830 869 3900 gigas
899 3831 1206 3886 ascenderit
1229 3847 1458 3902 equum,
1492 3833 1542 3888 id
1572 3844 1654 3889 est
1679 3837 1967 3904 superbam
1997 3853 2089 3892 c0-

515 3919 833 3988 gitationem
855 3959 871 3984 ,
903 3919 1140 3987 putando
1175 3935 1272 3991 per
1295 3937 1354 3976 se
1388 3922 1613 3976 salutem
1650 3925 1940 3994 attingere;
1972 3943 2092 3995 qure

515 4010 776 4080 cogitatio
807 4010 942 4066 bene
973 4026 1071 4080 per
1112 4026 1312 4080 equum
1353 4012 1694 4082 designatur,
1723 4016 1864 4083 quod
1901 4031 2091 4084 supcr-

513 4102 797 4156 bissimum
840 4102 1040 4155 animal
1081 4111 1195 4167 est,
1242 4117 1441 4170 equus,
1486 4103 1670 4168 idest,
1704 4105 1958 4172 cogitatio
2006 4105 2089 4159 illa

514 4193 678 4248 fallax
705 4205 789 4251 est
819 4194 884 4248 ad
901 4194 1128 4252 salutem
1161 4194 1578 4263 adipiscendam.
1598 4195 1748 4261 Quod
1779 4205 1862 4250 est
1887 4197 2086 4252 dicere:

516 4284 904 4353 Decipieteum
928 4285 1187 4352 cogitatio
1211 4300 1328 4338 sua.
1359 4281 1472 4337 Non
1501 4283 1643 4338 enim
1678 4285 1903 4340 salutem
1929 4287 2094 4340 attin-

515 4386 626 4448 ge',
658 4385 718 4431 ut
743 4379 964 4448 cogitat.
1003 4375 1153 4431 Unde
1183 4375 1399 4447 legitur:
1439 4376 1525 4429 «Si
1556 4375 1678 4444 quis
1707 4384 1858 4445 putat
1903 4392 1960 4431 se
1995 4378 2094 4432 ali-

2197 572 2517 620 mctuentes.
2588 565 2720 622 Dico
2762 582 2885 623 esse
2926 570 3112 626 oculos
3162 570 3375 625 Domini
3424 575 3508 643 qui
3547 594 3724 646 sperum

2192 671 2348 723 super
2367 694 2382 718 ,
2416 654 2469 709 id
2498 655 2668 711 estde
2693 658 3054 712 misericordia
3101 659 3234 728 ejus.
3269 659 3423 726 Quod
3449 675 3526 718 est
3551 667 3724 725 dicere:

2195 745 2296 814 Qui
2325 761 2430 802 non
2462 751 2651 802 timent
2675 747 2812 806 Teum
2846 759 2988 804 metu
3045 765 3248 820 pinnae,
3291 755 3388 808 sed
3424 768 3514 824 spe
3546 758 3717 815 miseri-

2195 839 2412 894 cordiae.
2450 838 2602 894 Unde
2629 855 2745 909 per,
2771 840 3113 895 Salomonem
3159 839 3358 896 dicitur
3389 861 3403 898 :
3440 847 3563 912 «Qui
3595 849 3722 905 lituet

2195 930 2360 984 Demn
2389 971 2405 998 ,
2477 933 2639 986 faciet
2700 933 2839 988 bona
2872 933 3074 998 (Ecclt.
3111 935 3177 990 15
3199 976 3216 1000 ,
3278 938 3384 999 li.»
3447 937 3581 1008 Dico:
3607 943 3728 1010 quod

2194 1020 2330 1073 oculi
2360 1020 2568 1076 Domini
2595 1031 2719 1077 sunt
2747 1039 2904 1090 super
2932 1032 3211 1078 metuentes
3236 1042 3380 1087 eum,
3405 1027 3470 1078 ad
3516 1026 3608 1080 hoc
3643 1029 3729 1081 sci-

2195 1107 2319 1162 licet
2348 1121 2400 1160 ut
2433 1109 2486 1163 in
2539 1109 2719 1164 futuro
2749 1119 2896 1164 eruat
2933 1127 2964 1162 a
2999 1123 3162 1164 morte
3185 1151 3200 1175 ,
3254 1113 3308 1166 id
3359 1124 3439 1166 cst
3473 1129 3499 1166 a
3543 1115 3731 1169 damna-

2196 1198 2339 1252 tione
2377 1201 2580 1255 animas
2606 1218 2816 1266 eorum,
2840 1214 2891 1256 et
2924 1201 3010 1256 hic
3043 1202 3259 1257 interim
3309 1203 3415 1256 alat
3439 1221 3522 1258 eos
3545 1245 3558 1267 ,
3597 1207 3643 1259 id
3665 1218 3732 1260 est

2192 1289 2509 1343 corroboret
2559 1305 2696 1359 pane
2741 1291 2897 1356 γίῑω,
2951 1293 3004 1346 id
3055 1302 3140 1347 est
3175 1292 3317 1348 bona
3365 1295 3660 1364 operatione
3688 1307 3732 1350 ct

2195 1377 2467 1433 intellectu
2499 1383 2658 1456 bono.
2693 1382 2800 1437 Eos
2836 1383 2956 1438 dico
2985 1385 3192 1452 positos
3246 1385 3301 1439 in
3329 1385 3468 1454 fame
3509 1385 3729 1454 iustitiae,

2194 1467 2246 1519 id
2278 1469 2440 1522 estin
2481 1470 2645 1523 It‘lltth
2669 1470 2958 1527 desiderio.
3012 1471 3564 1544 Nisi'vcrojustitiam
3587 1479 3732 1531 esuri-

2196 1569 2334 1623 rent,
2361 1577 2465 1614 non
2498 1577 2590 1616 eos
2629 1566 2703 1617 ita
2728 1564 2919 1618 aleret.
2951 1564 3028 1620 De
3055 1565 3252 1632 quibus
3275 1567 3416 1621 idem
3445 1568 3494 1622 in
3519 1569 3731 1638 Evange-

2194 1647 2263 1700 lio
2289 1667 2300 1701 :
2337 1668 2354 1700 «
2397 1651 2542 1704 Beati
2575 1653 2663 1720 qui
2691 1654 2937 1707 csuriunt
2964 1663 3020 1708 et
3048 1653 3521 1724 sitiuntjustitiam
3548 1657 3729 1728 (Matth.

2193 1757 2255 1805 v,
2285 1740 2392 1812 6).)
2431 1743 2569 1813 Ergo
2594 1745 2717 1813 quia
2743 1745 2883 1799 oeuli
2916 1746 3122 1800 Domini
3141 1757 3270 1803 sunt
3294 1765 3453 1818 super
3489 1759 3731 1803 metuentes

2193 1847 2338 1896 eum,
2369 1843 2421 1885 ut
2447 1845 2588 1888 eruet
2614 1846 2660 1887 et
2705 1835 2812 1888 alat
2839 1853 2857 1900 ;
2885 1838 3062 1890 anima
3095 1848 3276 1892 nostra
3308 1839 3560 1904 sustinet,
3598 1839 3642 1892 id
3667 1849 3735 1894 est

2191 1923 2461 1992 patienter
2486 1935 2737 1995 expectat
2775 1925 3076 1984 Dominum.
3113 1929 3182 1984 Et
3217 1931 3323 1985 hoc
3351 1931 3488 1986 bona
3529 1931 3731 1995 ﬁducia,

2177 2027 2314 2074 ‘cmn
2349 2013 2472 2067 inde
2493 2011 2606 2081 jam
2645 2015 2860 2069 arrham
2907 2016 3101 2072 habeat
3127 2016 3147 2083 ,'
3175 2017 3318 2074 hanc
3345 2017 3583 2073 scilicet:
3611 2017 3731 2083 Quo-

2194 2102 2334 2155 niam
2364 2102 2578 2172 adjutor
2606 2105 2673 2157 ad
2701 2104 2836 2158 bene
2874 2105 3204 2174 operandam
3225 2146 3242 2172 ,
3303 2117 3353 2161 et
3391 2117 3633 2178 protector
3654 2123 3730 2158 no-

2191 2203 2297 2246 ster
2318 2203 2392 2246 est
2418 2234 2432 2257 ,
2469 2207 2534 2246 ne
2565 2195 2822 2248 cadamus
2853 2195 2904 2248 in
2949 2193 3404 2252 tribulationibus.
3458 2186 3578 2248 Dico
3615 2194 3730 2262 quoi

2101 2349 2104 2351 Α
2191 2283 2411 2337 sustinet
2443 2283 2727 2338 Dominum
2753 2324 2768 2348 ,
2795 2295 2850 2339 et
2873 2283 3015 2339 bono
3038 2299 3155 2339 suo.
3191 2283 3334 2350 Quia
3368 2285 3574 2340 tandem
3594 2284 3639 2338 in
3662 2298 3728 2346 eo,

2193 2373 2246 2428 id
2276 2383 2358 2429 est
2392 2373 2444 2428 in
2477 2375 2760 2444 adeptione
2807 2375 2924 2446 ejus
2947 2415 2961 2441 ,
2994 2376 3263 2430 lwtabitur
3293 2392 3386 2430 cor
3421 2385 3664 2438 nostrum,
3690 2374 3730 2427 id

2194 2463 2474 2518 estanima
2506 2473 2712 2520 nostra.
2753 2465 2819 2519 Et
2853 2476 2909 2518 tll
2944 2475 3070 2520 tunc
3102 2465 3274 2518 Letari
3313 2465 3610 2532 possimus,
3635 2478 3729 2530 spe-

2195 2557 2452 2620 ravimus,
2484 2557 2534 2610 id
2558 2563 2663 2621 gest
2694 2573 2844 2627 spem
2876 2557 3074 2612 hutitia:
3106 2557 3399 2612 habuimus
3430 2572 3445 2610 :
3489 2563 3541 2609 et
3584 2555 3730 2608 adhuc

2193 2647 2353 2700 etiam
2385 2647 2643 2702 habemus
2686 2649 2738 2702 in
2783 2650 2989 2701 nomine
3029 2657 3209 2700 sancto
3247 2647 3368 2716 ejus
3394 2646 3662 2716 degentes,
3688 2642 3730 2695 id

2194 2739 2348 2791 estin
2383 2739 2812 2808 Il'ltlgltlllCtlllOIIC
2857 2740 3030 2793 sancti
3075 2740 3311 2793 nominis
3343 2737 3482 2807 ejus.
3510 2736 3642 2803 Quod
3667 2741 3728 2787 est

2194 2827 2416 2882 dicere:
2463 2829 2543 2881 Ad
2593 2830 2696 2883 hoc
2743 2829 3231 2895 intendenles,oul
3286 2843 3484 2882 nomen
3523 2838 3729 2879 sanctum

2195 2917 2310 2987 ejus
2342 2920 2770 2990 magniﬁcentius.
2821 2919 2934 2974 lloc
2964 2930 3142 2973 autem
3189 2928 3271 2974 est
3302 2919 3594 2989 expositio,
3624 2932 3728 2984 ιιιιυ·

2196 3013 2355 3065 modo
2385 3012 2559 3064 anima
2593 3022 2770 3065 nostra
2820 3013 3036 3064 sustinet
3085 3010 3372 3064 Dominum
3395 3050 3409 3075 ,
3441 3013 3574 3079 quod
3601 3022 3730 3073 supt-

2197 3103 2308 3156 rius
2337 3102 2446 3156 dixi
2482 3119 2496 3168 ;
2531 3103 2739 3156 scilicet
2784 3103 3001 3156 sustinet
3026 3116 3146 3155 eum
3185 3101 3455 3169 Sperando
3482 3099 3532 3151 in
3559 3096 3730 3149 nomine

2193 3193 2328 3262 ejus.
2373 3191 2466 3248 Vel
2490 3193 2568 3248 sic
2596 3211 2608 3246 :
2636 3191 2974 3262 Speravimus
3003 3194 3054 3245 in
3084 3209 3293 3245 nomne
3318 3201 3498 3245 sancto
3527 3189 3628 3257 ejus
3648 3227 3662 3251 ,
3688 3184 3729 3237 id

2193 3282 2348 3336 estin
2389 3297 2452 3336 eo
2481 3282 2620 3350 quod
2651 3282 2966 3352 designatur
2995 3280 3151 3335 nobis
3179 3296 3276 3350 per
3302 3297 3496 3336 nomen
3522 3286 3728 3333 sanctqu

2193 3372 2308 3442 ejus
2335 3389 2348 3436 ;
2377 3373 2518 3440 quod
2554 3379 2639 3426 est
2663 3372 3006 3435 misericors;
3041 3371 3184 3440 quod
3210 3370 3311 3425 sibi
3347 3367 3729 3425 antonomastice

2193 3462 2533 3515 attribuitur.
2566 3461 2718 3528 Quod
2769 3471 2856 3516 est
2897 3461 3077 3516 dicere
3109 3479 3120 3514 :
3162 3460 3216 3514 ιιι
3251 3458 3610 3515 misericordia
3635 3457 3728 3525 ejus

2192 3555 2529 3620 s;eravimus.
2561 3553 2699 3622 Ergo
2725 3552 2848 3621 quia
2882 3553 2933 3604 in
2985 3552 3190 3604 nomine
3223 3561 3314 3605 tuo
3371 3561 3427 3606 et
3454 3549 3728 3618 sperat-inuis

2193 3657 2245 3700 et
2276 3661 2560 3716 speramus
2585 3687 2598 3709 ,
2631 3663 2887 3700 oramus:
2917 3645 3135 3699 Domine
3159 3685 3173 3708 ,
3202 3645 3295 3713 ﬁat
3327 3645 3381 3698 in
3411 3644 3578 3698 futuro
3607 3640 3729 3693 mise-

2155 3806 2157 3808 _
2194 3739 2420 3792 ricordia
2453 3750 2544 3790 tua
2587 3755 2876 3808 supernos,
2924 3739 2974 3791 id
3011 3749 3112 3799 est,
3152 3738 3450 3792 descendat
3499 3731 3729 3790 beatitudo

2196 3830 2580 3884 misericordia:
2636 3841 2736 3882 tuze
2784 3845 2949 3898 super
2985 3845 3082 3882 nos
3112 3827 3318 3882 debiles
3376 3838 3433 3882 et
3484 3825 3725 3880 inﬁrmos;

2193 3911 2640 3990 quetmtdmodutn
2677 3920 2997 3986 speravimus
3026 3958 3042 3983 ,
3097 3917 3146 3970 id
3174 3927 3258 3972 est
3301 3933 3454 3987 spem
3495 3913 3728 3986 ponimus

2194 4012 2247 4063 in
2271 4021 2336 4064 te.
2369 4010 2519 4074 Quod
2550 4019 2633 4063 cst
2660 4009 2841 4062 «licere
2867 4027 2878 4061 :
2909 4008 3022 4062 Non
3059 4009 3150 4062 liat
3179 4023 3345 4076 super
3374 4023 3470 4062 nos
3504 4003 3726 4060 remisse.

2194 4104 2289 4156 sed
2353 4112 2458 4155 tatu
2503 4101 2678 4170 ample
2721 4101 3174 4170 quemadmodum
3223 4099 3403 4170 ample
3445 4096 3726 4169 speravimus

2195 4211 2247 4249 tu
2277 4205 2344 4247 le.

2627 4327 2692 4383 ΙΝ
2735 4327 2857 4384 PSA
2869 4326 2960 4381 LM
2972 4326 3066 4382 UM
3107 4325 3150 4379 X
3162 4324 3347 4380 XXIII.

517 4467 645 4534 quid
704 4481 824 4522 esse
850 4509 864 4533 ,
905 4483 1028 4523 cum
1068 4467 1202 4522 nihil
1258 4467 1371 4531 sit,
1423 4467 1536 4536 ipse
1563 4480 1633 4525 se
1690 4465 1915 4520 seducit.
1947 4466 2088 4536 (Gal.
2123 4487 2170 4545 ι)
2268 4466 2477 4521 Titulus
2515 4465 2772 4533 trigesimi
2805 4463 2968 4517 tertii.
3016 4459 3263 4516 Psalmus
3303 4459 3473 4514 David
3499 4471 3603 4512 cum
3649 4454 3723 4504 im-

517 4568 592 4619 vt,
623 4555 656 4606 5
685 4553 832 4623 ).›Ει
858 4572 962 4610 ιιοη
989 4557 1159 4610 solum
1192 4555 1361 4622 fallas:
1383 4557 1489 4610 erit
1517 4573 1678 4626 equus
1711 4557 1852 4611 illius
1881 4558 1970 4627 qui
1998 4573 2089 4612 rex

519 4657 626 4703 non
654 4644 758 4697 erit
783 4654 838 4700 et
863 4647 1012 4714 gigas
1043 4647 1094 4698 in
1130 4647 1357 4708 virtute,
1388 4646 1482 4699 sed
1520 4656 1570 4700 et
1626 4645 1670 4699 si
1717 4661 1811 4700 rex
1840 4655 1895 4700 et
1941 4650 2091 4716 gigas

522 4731 804 4784 abundans
865 4735 1015 4800 prius
1070 4735 1122 4787 in
1183 4735 1414 4796 virtute,
1451 4750 1646 4803 equum
1686 4733 1991 4788 ascenderit
2039 4737 2090 4788 in

520 4822 844 4876 abundantia
866 4827 1071 4879 virtutis
1097 4843 1239 4892 sum,
1288 4827 1339 4880 id
1376 4834 1459 4880 est
1501 4828 1663 4880 etiam
1711 4843 1807 4898 per
1838 4827 2090 4880 virtutem

477 4947 486 4954 -
520 4928 627 4984 qua
663 4914 816 4984 prius
850 4916 1186 4979 abundabat,
1232 4916 1686 4988 non_salvabitur.
1745 4918 1828 4972 Ad
1864 4917 2091 4970 nihilum

521 5005 667 5059 enim
718 5006 1008 5076 redigitur,
1043 5006 1194 5073 juxta
1243 5007 1372 5061 illud
1429 5007 1773 5062 Ezechielis:
1837 5005 2096 5061 «Justitia:

521 5098 640 5174 ejus
664 5115 799 5170 quas
826 5099 1048 5166 fecerat,
1077 5099 1179 5154 non
1215 5101 1638 5155 recordabuntur
1689 5099 1903 5171 (Ezeclt.
1941 5115 2092 5164 xvnt,

519 5193 688 5264 22).»
732 5192 846 5249 Hoc
875 5202 1055 5248 autem
1103 5194 1243 5262 quod
1275 5193 1424 5248 dicit:
1471 5191 1590 5246 Non
1644 5193 1880 5246 salvalur
1912 5209 2001 5246 rea:
2047 5203 2094 5246 et

525 5286 698 5355 {altam
727 5304 889 5356 equus
914 5327 928 5352 ,
958 5295 1097 5351 etc.,
1130 5287 1197 5340 ad
1233 5287 1336 5340 hoc
1362 5287 1512 5355 ponit
1547 5299 1612 5339 ne
1651 5283 1878 5354 quilibet
1915 5299 2011 5354 per
2041 5298 2099 5339 se

524 5364 721 5436 salvari
745 5380 1188 5450 pr:esumat,.sed
1225 5379 1318 5433 Dei
1353 5379 1541 5448 gratia:
1569 5379 1650 5433 sui
1675 5377 1904 5433 salutem
1941 5377 2098 5430 attri-

526 5473 676 5536 buat.
727 5473 938 5528 Diceret
975 5472 1172 5542 aliquis
1221 5486 1236 5526 :
1279 5471 1412 5527 Cum
1437 5488 1533 5542 per
1579 5488 1637 5527 se
1682 5487 1787 5530 non
1835 5471 2096 5536 salvetur,

521 5567 792 5636 quomodo
814 5582 943 5638 ergo
989 5565 1261 5621 salvalur?
1291 5565 1682 5636 Respondetur.
1713 5564 1825 5636 99
1852 5563 1991 5620 Ecce
2022 5564 2070 5619 in

526 5660 759 5715 evidenti
789 5677 928 5731 pono
964 5676 1058 5730 per
1086 5660 1226 5730 quod
1251 5659 1570 5718 salrabitur.
1611 5657 1764 5714 Oculi
1793 5657 2030 5725 Domini,
2048 5657 2099 5712 id

529 5763 608 5818 est
636 5754 960 5826 benignitas,
996 5766 1119 5813 sunt
1149 5774 1300 5827 super
1327 5757 1561 5810 timentes
1583 5771 1718 5819 eum,
1753 5751 2100 5822 respicientes

2194 4561 2409 4613 mutavit
2446 4557 2644 4612 vultum
2691 4573 2843 4608 suum
2892 4571 3068 4608 coram
3106 4552 3434 4614 Abimeleclt,
3481 4560 3524 4604 et
3563 4545 3723 4599 dimisit

2194 4669 2345 4715 eum,
2379 4662 2425 4706 et
2467 4651 2613 4704 abiit.
2649 4649 2882 4703 llistoria
2917 4646 3072 4700 nobis
3113 4646 3166 4698 in
3201 4646 3301 4698 hoc
3326 4643 3478 4697 titulo
3505 4637 3721 4695 inanitur.

2194 4763 2312 4816 qua:
2343 4744 2464 4798 talis
2500 4750 2601 4797 cst.
2636 4741 2832 4807 David,
2866 4739 3062 4792 invidia
3096 4737 3273 4792 Saulis
3315 4752 3344 4791 a
3373 4751 3532 4806 regno
3553 4732 3725 4786 Jtntaro-

2197 4853 2314 4892 rmn
2346 4835 2620 4904 expulsus,
2651 4847 2715 4887 eo
2737 4832 2878 4901 quod
2905 4831 2971 4884 de
2997 4845 3063 4885 eo
3085 4828 3380 4884 cauebatur
3407 4846 3421 4881 :
3461 4821 3605 4880 «Saul
3631 4833 3722 4886 μετ’

2196 4929 2354 4982 tussit
2386 4926 2526 4980 mille
2549 4965 2563 4987 ,
2618 4935 2664 4978 et
2724 4923 2888 4977 David
2915 4923 3091 4976 decem
3132 4919 3297 4973 millia
3334 4920 3351 4987 (
3378 4918 3403 4972 1
3433 4918 3552 4986 Reg.
3577 4924 3718 4968 XVIII.

2197 5020 2258 5081 7.:
2292 5018 2320 5072 Ι
2354 5017 2477 5087 Reg.
2515 5033 2600 5069 xxi
2631 5057 2644 5079 ,
2685 5016 2788 5083 ll),
2822 5035 2839 5066 ι
2875 5013 3038 5068 David
3067 5015 3134 5067 ad
3158 5011 3321 5065 Achis
3367 5009 3713 5064 Philistteorum

2201 5125 2378 5176 regem
2403 5107 2676 5177 confugit,
2708 5107 2885 5174 'rbique
2914 5103 3224 5173 aliquandiu
3258 5101 3432 5156 latuit.
3461 5098 3553 5166 Qui
3587 5091 3715 5149 etiam

2198 5202 2362 5256 Achis
2392 5199 2663 5254 comnnmi
2693 5197 2907 5250 nomine
2933 5195 3236 5265 principum
3266 5202 3421 5248 teme
3462 5187 3715 5246 Philista‘o-

2201 5310 2318 5348 rum
2360 5290 2668 5346 Abimelech
2720 5271 3020 5342 dicebatur.
3079 5285 3281 5341 Omnes
3317 5285 3457 5338 enim
3503 5272 3714 5372 l’hilistad

2202 5400 2354 5457 reges
2378 5425 2391 5446 ,
2422 5398 2636 5454 quoquo
2667 5380 2882 5435 nomine
2909 5378 3060 5448 prius
3088 5386 3428 5439 vocarentur,
3467 5378 3714 5428 commutt-

2203 5485 2283 5531 tcr
2335 5473 2648 5530 Abimelcch
2707 5471 3029 5526 dicebantur
3077 5486 3088 5522 :
3140 5467 3282 5522 sicut
3342 5462 3552 5536 Aegypti
3595 5465 3713 5553 t1:ch

2202 5570 2525 5624 Pharaoncs.
2573 5563 2836 5632 Quoniam
2873 5571 3053 5617 autem
3103 5558 3266 5613 David
3309 5558 3363 5612 in
3389 5555 3557 5612 Judma
3597 5555 3714 5618 prius

2205 5675 2428 5715 rnanens
2471 5657 2679 5713 Goliam
2730 5697 2745 5720 ,
2817 5653 2906 5724 qui
2956 5651 3264 5706 I‘hilistmus
3328 5649 3518 5708 fuerat,
3558 5635 3711 5693 nudos

2204 5766 2414 5824 quoque
2443 5748 2838 5804 i‘hilistacorum
2881 5743 3266 5800 interfecerat:
3304 5743 3443 5796 unde
3479 5735 3617 5791 etiam
3663 5725 3713 5775 ιεθ
