  <div class='ocr_page' id='page_1' title='image "/cluster/home/n/w/nwhite01/storage/ocr_20150623/152/hvd.32044015473804/390.png"; bbox 0 0 3838 6328; ppageno 0'>
   <div class='ocr_carea' id='block_1_1' title="bbox 120 319 226 384">
    <p class='ocr_par' dir='ltr' id='par_1_1' title="bbox 120 319 226 384">
     <span class='ocr_line' id='line_1_1' title="bbox 120 319 226 384; baseline 0 -1"><span class='ocrx_word' id='word_1_1' title='bbox 120 319 226 384; x_wconf 61' lang='grc' dir='ltr'><strong>’ὥθ’</strong></span> 
     </span>
    </p>
   </div>
   <div class='ocr_carea' id='block_1_2' title="bbox 983 321 2434 382">
    <p class='ocr_par' dir='ltr' id='par_1_2' title="bbox 983 321 2434 382">
     <span class='ocr_line' id='line_1_2' title="bbox 983 321 2434 382; baseline 0.001 -3"><span class='ocrx_word' id='word_1_2' title='bbox 983 322 1346 380; x_wconf 77' lang='lat' dir='ltr'><strong>EXPOSITIO</strong></span> <span class='ocrx_word' id='word_1_3' title='bbox 1381 322 1450 378; x_wconf 69' lang='lat' dir='ltr'><strong>IN</strong></span> <span class='ocrx_word' id='word_1_4' title='bbox 1487 321 1821 379; x_wconf 67' lang='lat' dir='ltr'><strong>PSALilIOS.</strong></span> <span class='ocrx_word' id='word_1_5' title='bbox 1857 354 1924 366; x_wconf 90' lang='lat'><strong>—-</strong></span> <span class='ocrx_word' id='word_1_6' title='bbox 1957 323 2152 379; x_wconf 76' lang='lat' dir='ltr'><strong>PSAL.</strong></span> <span class='ocrx_word' id='word_1_7' title='bbox 2196 324 2434 382; x_wconf 73' lang='lat' dir='ltr'><strong>XXXIII.</strong></span> 
     </span>
    </p>
   </div>
   <div class='ocr_carea' id='block_1_3' title="bbox 3263 329 3360 387">
    <p class='ocr_par' dir='ltr' id='par_1_3' title="bbox 3263 329 3360 387">
     <span class='ocr_line' id='line_1_3' title="bbox 3263 329 3360 387; baseline 0.01 -1"><span class='ocrx_word' id='word_1_8' title='bbox 3263 329 3360 387; x_wconf 79' lang='lat'><strong>770</strong></span> 
     </span>
    </p>
   </div>
   <div class='ocr_carea' id='block_1_4' title="bbox 115 434 1676 533">
    <p class='ocr_par' dir='ltr' id='par_1_4' title="bbox 115 434 1676 507">
     <span class='ocr_line' id='line_1_4' title="bbox 115 434 1676 507; baseline -0.002 -12"><span class='ocrx_word' id='word_1_9' title='bbox 115 454 172 495; x_wconf 87' lang='lat' dir='ltr'><strong>eo</strong></span> <span class='ocrx_word' id='word_1_10' title='bbox 197 444 250 491; x_wconf 87' lang='lat' dir='ltr'><strong>nt</strong></span> <span class='ocrx_word' id='word_1_11' title='bbox 280 435 526 506; x_wconf 80' lang='lat' dir='ltr'><strong>superius</strong></span> <span class='ocrx_word' id='word_1_12' title='bbox 555 434 791 491; x_wconf 78' lang='lat' dir='ltr'><strong>diximus</strong></span> <span class='ocrx_word' id='word_1_13' title='bbox 817 475 831 499; x_wconf 92' lang='lat'><strong>,</strong></span> <span class='ocrx_word' id='word_1_14' title='bbox 861 437 1157 490; x_wconf 89' lang='lat' dir='ltr'><strong>cauebatur</strong></span> <span class='ocrx_word' id='word_1_15' title='bbox 1183 453 1195 490; x_wconf 93' lang='lat'><strong>:</strong></span> <span class='ocrx_word' id='word_1_16' title='bbox 1236 437 1432 492; x_wconf 66' lang='lat' dir='ltr'><strong>«David</strong></span> <span class='ocrx_word' id='word_1_17' title='bbox 1461 451 1676 507; x_wconf 89' lang='lat' dir='ltr'><strong>percus-</strong></span> 
     </span>
    </p>
   </div>
   <div class='ocr_carea' id='block_1_5' title="bbox 1767 434 3359 533">
    <p class='ocr_par' dir='ltr' id='par_1_5' title="bbox 1779 459 3359 533">
     <span class='ocr_line' id='line_1_5' title="bbox 1779 459 3359 533; baseline 0.006 -21"><span class='ocrx_word' id='word_1_18' title='bbox 1779 468 2150 529; x_wconf 83' lang='lat' dir='ltr'><strong>suseeperunt.</strong></span> <span class='ocrx_word' id='word_1_19' title='bbox 2187 459 2341 516; x_wconf 85' lang='lat' dir='ltr'><strong>Unde</strong></span> <span class='ocrx_word' id='word_1_20' title='bbox 2370 461 2560 516; x_wconf 86' lang='lat' dir='ltr'><strong>Petrus</strong></span> <span class='ocrx_word' id='word_1_21' title='bbox 2582 461 2787 518; x_wconf 80' lang='lat' dir='ltr'><strong>dixisse</strong></span> <span class='ocrx_word' id='word_1_22' title='bbox 2815 464 3130 533; x_wconf 89' lang='lat' dir='ltr'><strong>perhibetur</strong></span> <span class='ocrx_word' id='word_1_23' title='bbox 3158 484 3170 520; x_wconf 91' lang='lat'><strong>:</strong></span> <span class='ocrx_word' id='word_1_24' title='bbox 3205 488 3220 519; x_wconf 73' lang='grc' dir='ltr'><strong>ι</strong></span> <span class='ocrx_word' id='word_1_25' title='bbox 3257 470 3359 524; x_wconf 43' lang='lat' dir='ltr'><strong>Dos</strong></span> 
     </span>
    </p>
   </div>
   <div class='ocr_carea' id='block_1_6' title="bbox 114 528 1677 600">
    <p class='ocr_par' dir='ltr' id='par_1_6' title="bbox 114 528 1677 600">
     <span class='ocr_line' id='line_1_6' title="bbox 114 528 1677 600; baseline 0.001 -15"><span class='ocrx_word' id='word_1_26' title='bbox 114 533 176 586; x_wconf 90' lang='lat' dir='ltr'><strong>sit</strong></span> <span class='ocrx_word' id='word_1_27' title='bbox 202 531 384 584; x_wconf 77' lang='lat' dir='ltr'><strong>decem</strong></span> <span class='ocrx_word' id='word_1_28' title='bbox 423 529 642 592; x_wconf 65' lang='lat' dir='ltr'><strong>millia,»</strong></span> <span class='ocrx_word' id='word_1_29' title='bbox 676 528 931 584; x_wconf 71' lang='lat' dir='ltr'><strong>Pbilistati</strong></span> <span class='ocrx_word' id='word_1_30' title='bbox 955 537 1144 584; x_wconf 89' lang='lat' dir='ltr'><strong>contra</strong></span> <span class='ocrx_word' id='word_1_31' title='bbox 1177 545 1298 584; x_wconf 87' lang='lat' dir='ltr'><strong>eum</strong></span> <span class='ocrx_word' id='word_1_32' title='bbox 1326 530 1521 600; x_wconf 78' lang='lat' dir='ltr'><strong>partim</strong></span> <span class='ocrx_word' id='word_1_33' title='bbox 1551 529 1677 586; x_wconf 90' lang='lat' dir='ltr'><strong>odio</strong></span> 
     </span>
    </p>
   </div>
   <div class='ocr_carea' id='block_1_7' title="bbox 114 623 1678 693">
    <p class='ocr_par' dir='ltr' id='par_1_7' title="bbox 114 623 1678 693">
     <span class='ocr_line' id='line_1_7' title="bbox 114 623 1678 693; baseline -0.001 -15"><span class='ocrx_word' id='word_1_34' title='bbox 114 623 413 689; x_wconf 81' lang='lat' dir='ltr'><strong>elinvidia,</strong></span> <span class='ocrx_word' id='word_1_35' title='bbox 461 633 656 693; x_wconf 82' lang='lat' dir='ltr'><strong>partim</strong></span> <span class='ocrx_word' id='word_1_36' title='bbox 694 637 825 676; x_wconf 88' lang='lat' dir='ltr'><strong>vero</strong></span> <span class='ocrx_word' id='word_1_37' title='bbox 861 631 1017 690; x_wconf 85' lang='lat' dir='ltr'><strong>metu</strong></span> <span class='ocrx_word' id='word_1_38' title='bbox 1065 623 1344 678; x_wconf 82' lang='lat' dir='ltr'><strong>commoti.</strong></span> <span class='ocrx_word' id='word_1_39' title='bbox 1392 623 1678 678; x_wconf 90' lang='lat' dir='ltr'><strong>Timebant</strong></span> 
     </span>
    </p>
   </div>
   <div class='ocr_carea' id='block_1_8' title="bbox 113 714 1676 786">
    <p class='ocr_par' dir='ltr' id='par_1_8' title="bbox 113 714 1676 786">
     <span class='ocr_line' id='line_1_8' title="bbox 113 714 1676 786; baseline -0.001 -15"><span class='ocrx_word' id='word_1_40' title='bbox 113 716 242 771; x_wconf 87' lang='lat' dir='ltr'><strong>enim</strong></span> <span class='ocrx_word' id='word_1_41' title='bbox 272 731 397 768; x_wconf 89' lang='lat' dir='ltr'><strong>eum</strong></span> <span class='ocrx_word' id='word_1_42' title='bbox 423 757 439 781; x_wconf 95' lang='lat'><strong>,</strong></span> <span class='ocrx_word' id='word_1_43' title='bbox 477 730 598 770; x_wconf 91' lang='lat' dir='ltr'><strong>cum</strong></span> <span class='ocrx_word' id='word_1_44' title='bbox 629 723 774 770; x_wconf 78' lang='lat' dir='ltr'><strong>esset</strong></span> <span class='ocrx_word' id='word_1_45' title='bbox 802 715 933 770; x_wconf 89' lang='lat' dir='ltr'><strong>etin</strong></span> <span class='ocrx_word' id='word_1_46' title='bbox 975 714 1114 770; x_wconf 88' lang='lat' dir='ltr'><strong>bello</strong></span> <span class='ocrx_word' id='word_1_47' title='bbox 1143 725 1418 781; x_wconf 82' lang='lat' dir='ltr'><strong>strenuus,</strong></span> <span class='ocrx_word' id='word_1_48' title='bbox 1449 731 1676 786; x_wconf 84' lang='lat' dir='ltr'><strong>regnum</strong></span> 
     </span>
    </p>
   </div>
   <div class='ocr_carea' id='block_1_9' title="bbox 112 805 1679 875">
    <p class='ocr_par' dir='ltr' id='par_1_9' title="bbox 112 805 1679 875">
     <span class='ocr_line' id='line_1_9' title="bbox 112 805 1679 875; baseline -0.001 -15"><span class='ocrx_word' id='word_1_49' title='bbox 112 818 284 860; x_wconf 80' lang='lat' dir='ltr'><strong>eorum</strong></span> <span class='ocrx_word' id='word_1_50' title='bbox 327 818 452 858; x_wconf 88' lang='lat' dir='ltr'><strong>esse</strong></span> <span class='ocrx_word' id='word_1_51' title='bbox 500 812 922 873; x_wconf 86' lang='lat' dir='ltr'><strong>occupaturum;</strong></span> <span class='ocrx_word' id='word_1_52' title='bbox 957 805 1098 875; x_wconf 90' lang='lat' dir='ltr'><strong>apud</strong></span> <span class='ocrx_word' id='word_1_53' title='bbox 1145 805 1312 860; x_wconf 84' lang='lat' dir='ltr'><strong>Aehis</strong></span> <span class='ocrx_word' id='word_1_54' title='bbox 1361 805 1510 859; x_wconf 90' lang='lat' dir='ltr'><strong>illum</strong></span> <span class='ocrx_word' id='word_1_55' title='bbox 1567 805 1679 860; x_wconf 81' lang='lat' dir='ltr'><strong>fre-</strong></span> 
     </span>
    </p>
   </div>
   <div class='ocr_carea' id='block_1_10' title="bbox 112 893 1677 963">
    <p class='ocr_par' dir='ltr' id='par_1_10' title="bbox 112 893 1677 963">
     <span class='ocr_line' id='line_1_10' title="bbox 112 893 1677 963; baseline 0.002 -17"><span class='ocrx_word' id='word_1_56' title='bbox 112 904 324 963; x_wconf 83' lang='lat' dir='ltr'><strong>quenter</strong></span> <span class='ocrx_word' id='word_1_57' title='bbox 347 893 685 959; x_wconf 85' lang='lat' dir='ltr'><strong>accusando,</strong></span> <span class='ocrx_word' id='word_1_58' title='bbox 737 904 795 947; x_wconf 91' lang='lat' dir='ltr'><strong>ut</strong></span> <span class='ocrx_word' id='word_1_59' title='bbox 820 895 887 948; x_wconf 92' lang='lat' dir='ltr'><strong>ad</strong></span> <span class='ocrx_word' id='word_1_60' title='bbox 915 909 1039 948; x_wconf 92' lang='lat' dir='ltr'><strong>eum</strong></span> <span class='ocrx_word' id='word_1_61' title='bbox 1079 894 1485 950; x_wconf 80' lang='lat' dir='ltr'><strong>interﬁciendos</strong></span> <span class='ocrx_word' id='word_1_62' title='bbox 1511 893 1677 949; x_wconf 82' lang='lat' dir='ltr'><strong>David</strong></span> 
     </span>
    </p>
   </div>
   <div class='ocr_carea' id='block_1_11' title="bbox 111 983 1676 1048">
    <p class='ocr_par' dir='ltr' id='par_1_11' title="bbox 111 983 1676 1048">
     <span class='ocr_line' id='line_1_11' title="bbox 111 983 1676 1048; baseline 0.001 -11"><span class='ocrx_word' id='word_1_63' title='bbox 111 984 460 1038; x_wconf 82' lang='lat' dir='ltr'><strong>adduceretur</strong></span> <span class='ocrx_word' id='word_1_64' title='bbox 500 983 820 1038; x_wconf 86' lang='lat' dir='ltr'><strong>effecerunt.</strong></span> <span class='ocrx_word' id='word_1_65' title='bbox 870 983 972 1048; x_wconf 87' lang='lat' dir='ltr'><strong>Qui</strong></span> <span class='ocrx_word' id='word_1_66' title='bbox 1026 998 1149 1038; x_wconf 93' lang='lat' dir='ltr'><strong>cum</strong></span> <span class='ocrx_word' id='word_1_67' title='bbox 1195 985 1263 1038; x_wconf 85' lang='lat' dir='ltr'><strong>ad</strong></span> <span class='ocrx_word' id='word_1_68' title='bbox 1317 983 1676 1038; x_wconf 88' lang='lat' dir='ltr'><strong>occidendum</strong></span> 
     </span>
    </p>
   </div>
   <div class='ocr_carea' id='block_1_12' title="bbox 109 1071 1676 1142">
    <p class='ocr_par' dir='ltr' id='par_1_12' title="bbox 109 1071 1676 1142">
     <span class='ocr_line' id='line_1_12' title="bbox 109 1071 1676 1142; baseline 0 -16"><span class='ocrx_word' id='word_1_69' title='bbox 109 1073 459 1142; x_wconf 68' lang='lat' dir='ltr'><strong>quaerebatur,</strong></span> <span class='ocrx_word' id='word_1_70' title='bbox 493 1072 546 1125; x_wconf 92' lang='lat' dir='ltr'><strong>in</strong></span> <span class='ocrx_word' id='word_1_71' title='bbox 590 1081 744 1142; x_wconf 91' lang='lat' dir='ltr'><strong>porta</strong></span> <span class='ocrx_word' id='word_1_72' title='bbox 791 1071 1028 1127; x_wconf 82' lang='lat' dir='ltr'><strong>civitatis</strong></span> <span class='ocrx_word' id='word_1_73' title='bbox 1081 1073 1429 1126; x_wconf 87' lang='lat' dir='ltr'><strong>manentibus</strong></span> <span class='ocrx_word' id='word_1_74' title='bbox 1470 1084 1676 1142; x_wconf 81' lang='lat' dir='ltr'><strong>tympa-</strong></span> 
     </span>
    </p>
   </div>
   <div class='ocr_carea' id='block_1_13' title="bbox 109 1159 1675 1231">
    <p class='ocr_par' dir='ltr' id='par_1_13' title="bbox 109 1159 1675 1231">
     <span class='ocr_line' id='line_1_13' title="bbox 109 1159 1675 1231; baseline 0.001 -17"><span class='ocrx_word' id='word_1_75' title='bbox 109 1162 325 1214; x_wconf 83' lang='lat' dir='ltr'><strong>nisabat.</strong></span> <span class='ocrx_word' id='word_1_76' title='bbox 352 1161 450 1214; x_wconf 82' lang='lat' dir='ltr'><strong>Ast</strong></span> <span class='ocrx_word' id='word_1_77' title='bbox 479 1161 590 1226; x_wconf 91' lang='lat' dir='ltr'><strong>ubi,</strong></span> <span class='ocrx_word' id='word_1_78' title='bbox 619 1160 810 1215; x_wconf 91' lang='lat' dir='ltr'><strong>mortis</strong></span> <span class='ocrx_word' id='word_1_79' title='bbox 838 1175 949 1215; x_wconf 72' lang='lat' dir='ltr'><strong>suae</strong></span> <span class='ocrx_word' id='word_1_80' title='bbox 971 1159 1198 1215; x_wconf 89' lang='lat' dir='ltr'><strong>consilio</strong></span> <span class='ocrx_word' id='word_1_81' title='bbox 1242 1163 1413 1216; x_wconf 80' lang='lat' dir='ltr'><strong>sancti</strong></span> <span class='ocrx_word' id='word_1_82' title='bbox 1439 1160 1675 1231; x_wconf 87' lang='lat' dir='ltr'><strong>Spiritus</strong></span> 
     </span>
    </p>
   </div>
   <div class='ocr_carea' id='block_1_14' title="bbox 108 1251 1676 1324">
    <p class='ocr_par' dir='ltr' id='par_1_14' title="bbox 108 1251 1676 1324">
     <span class='ocr_line' id='line_1_14' title="bbox 108 1251 1676 1324; baseline 0.002 -17"><span class='ocrx_word' id='word_1_83' title='bbox 108 1254 288 1307; x_wconf 85' lang='lat' dir='ltr'><strong>iudicio</strong></span> <span class='ocrx_word' id='word_1_84' title='bbox 341 1253 615 1319; x_wconf 88' lang='lat' dir='ltr'><strong>revelato,</strong></span> <span class='ocrx_word' id='word_1_85' title='bbox 669 1268 729 1308; x_wconf 91' lang='lat' dir='ltr'><strong>se</strong></span> <span class='ocrx_word' id='word_1_86' title='bbox 774 1254 828 1308; x_wconf 90' lang='lat' dir='ltr'><strong>vi</strong></span> <span class='ocrx_word' id='word_1_87' title='bbox 886 1251 1194 1307; x_wconf 89' lang='lat' dir='ltr'><strong>nullatenus</strong></span> <span class='ocrx_word' id='word_1_88' title='bbox 1244 1254 1477 1308; x_wconf 86' lang='lat' dir='ltr'><strong>evadere</strong></span> <span class='ocrx_word' id='word_1_89' title='bbox 1516 1270 1676 1324; x_wconf 87' lang='lat' dir='ltr'><strong>posse</strong></span> 
     </span>
    </p>
   </div>
   <div class='ocr_carea' id='block_1_15' title="bbox 108 1344 1676 1416">
    <p class='ocr_par' dir='ltr' id='par_1_15' title="bbox 108 1344 1676 1416">
     <span class='ocr_line' id='line_1_15' title="bbox 108 1344 1676 1416; baseline 0.002 -17"><span class='ocrx_word' id='word_1_90' title='bbox 108 1344 371 1413; x_wconf 76' lang='lat' dir='ltr'><strong>cognovit,</strong></span> <span class='ocrx_word' id='word_1_91' title='bbox 401 1345 665 1399; x_wconf 85' lang='lat' dir='ltr'><strong>insaniam</strong></span> <span class='ocrx_word' id='word_1_92' title='bbox 699 1344 801 1400; x_wconf 90' lang='lat' dir='ltr'><strong>sibi</strong></span> <span class='ocrx_word' id='word_1_93' title='bbox 832 1344 1006 1400; x_wconf 80' lang='lat' dir='ltr'><strong>affore</strong></span> <span class='ocrx_word' id='word_1_94' title='bbox 1029 1345 1335 1400; x_wconf 88' lang='lat' dir='ltr'><strong>simulando</strong></span> <span class='ocrx_word' id='word_1_95' title='bbox 1363 1345 1676 1416; x_wconf 89' lang='lat' dir='ltr'><strong>cpileptico-</strong></span> 
     </span>
    </p>
   </div>
   <div class='ocr_carea' id='block_1_16' title="bbox 108 1433 1674 1503">
    <p class='ocr_par' dir='ltr' id='par_1_16' title="bbox 108 1433 1674 1503">
     <span class='ocr_line' id='line_1_16' title="bbox 108 1433 1674 1503; baseline 0.001 -15"><span class='ocrx_word' id='word_1_96' title='bbox 108 1451 210 1488; x_wconf 90' lang='lat' dir='ltr'><strong>rum</strong></span> <span class='ocrx_word' id='word_1_97' title='bbox 239 1450 394 1488; x_wconf 83' lang='lat' dir='ltr'><strong>more</strong></span> <span class='ocrx_word' id='word_1_98' title='bbox 418 1474 434 1498; x_wconf 92' lang='lat'><strong>,</strong></span> <span class='ocrx_word' id='word_1_99' title='bbox 488 1449 708 1503; x_wconf 87' lang='lat' dir='ltr'><strong>spumas</strong></span> <span class='ocrx_word' id='word_1_100' title='bbox 745 1433 798 1489; x_wconf 93' lang='lat' dir='ltr'><strong>in</strong></span> <span class='ocrx_word' id='word_1_101' title='bbox 837 1435 1061 1490; x_wconf 87' lang='lat' dir='ltr'><strong>barbam</strong></span> <span class='ocrx_word' id='word_1_102' title='bbox 1088 1433 1416 1501; x_wconf 90' lang='lat' dir='ltr'><strong>emittendo,</strong></span> <span class='ocrx_word' id='word_1_103' title='bbox 1457 1442 1512 1488; x_wconf 91' lang='lat' dir='ltr'><strong>et</strong></span> <span class='ocrx_word' id='word_1_104' title='bbox 1553 1448 1674 1489; x_wconf 86' lang='lat' dir='ltr'><strong>sese</strong></span> 
     </span>
    </p>
   </div>
   <div class='ocr_carea' id='block_1_17' title="bbox 108 1524 1666 1596">
    <p class='ocr_par' dir='ltr' id='par_1_17' title="bbox 108 1524 1666 1596">
     <span class='ocr_line' id='line_1_17' title="bbox 108 1524 1666 1596; baseline 0.001 -17"><span class='ocrx_word' id='word_1_105' title='bbox 108 1525 338 1579; x_wconf 87' lang='lat' dir='ltr'><strong>manibus</strong></span> <span class='ocrx_word' id='word_1_106' title='bbox 366 1524 680 1591; x_wconf 86' lang='lat' dir='ltr'><strong>deferendo,</strong></span> <span class='ocrx_word' id='word_1_107' title='bbox 712 1525 859 1579; x_wconf 89' lang='lat' dir='ltr'><strong>vultu</strong></span> <span class='ocrx_word' id='word_1_108' title='bbox 882 1541 1098 1596; x_wconf 89' lang='lat' dir='ltr'><strong>quoque</strong></span> <span class='ocrx_word' id='word_1_109' title='bbox 1127 1526 1338 1596; x_wconf 89' lang='lat' dir='ltr'><strong>penitus</strong></span> <span class='ocrx_word' id='word_1_110' title='bbox 1362 1526 1666 1591; x_wconf 87' lang='lat' dir='ltr'><strong>immutate,</strong></span> 
     </span>
    </p>
   </div>
   <div class='ocr_carea' id='block_1_18' title="bbox 107 1615 1671 1687">
    <p class='ocr_par' dir='ltr' id='par_1_18' title="bbox 107 1615 1671 1687">
     <span class='ocr_line' id='line_1_18' title="bbox 107 1615 1671 1687; baseline 0.002 -19"><span class='ocrx_word' id='word_1_111' title='bbox 107 1631 286 1686; x_wconf 86' lang='lat' dir='ltr'><strong>pronus</strong></span> <span class='ocrx_word' id='word_1_112' title='bbox 323 1616 494 1686; x_wconf 73' lang='lat' dir='ltr'><strong>(:mpit</strong></span> <span class='ocrx_word' id='word_1_113' title='bbox 521 1615 774 1670; x_wconf 83' lang='lat' dir='ltr'><strong>volutari.</strong></span> <span class='ocrx_word' id='word_1_114' title='bbox 803 1615 1134 1683; x_wconf 64' lang='lat' dir='ltr'><strong>Quaasitores</strong></span> <span class='ocrx_word' id='word_1_115' title='bbox 1179 1625 1357 1670; x_wconf 89' lang='lat' dir='ltr'><strong>tamen</strong></span> <span class='ocrx_word' id='word_1_116' title='bbox 1388 1616 1505 1687; x_wconf 87' lang='lat' dir='ltr'><strong>ejus</strong></span> <span class='ocrx_word' id='word_1_117' title='bbox 1530 1659 1544 1684; x_wconf 94' lang='lat'><strong>,</strong></span> <span class='ocrx_word' id='word_1_118' title='bbox 1576 1617 1671 1686; x_wconf 87' lang='lat' dir='ltr'><strong>qui</strong></span> 
     </span>
    </p>
   </div>
   <div class='ocr_carea' id='block_1_19' title="bbox 106 1707 1672 1778">
    <p class='ocr_par' dir='ltr' id='par_1_19' title="bbox 106 1707 1672 1778">
     <span class='ocr_line' id='line_1_19' title="bbox 106 1707 1672 1778; baseline 0.003 -17"><span class='ocrx_word' id='word_1_119' title='bbox 106 1713 161 1762; x_wconf 85' lang='lat' dir='ltr'><strong>ab</strong></span> <span class='ocrx_word' id='word_1_120' title='bbox 181 1709 341 1764; x_wconf 83' lang='lat' dir='ltr'><strong>Achis</strong></span> <span class='ocrx_word' id='word_1_121' title='bbox 381 1708 503 1763; x_wconf 88' lang='lat' dir='ltr'><strong>misi</strong></span> <span class='ocrx_word' id='word_1_122' title='bbox 544 1707 788 1775; x_wconf 84' lang='lat' dir='ltr'><strong>fuerant,</strong></span> <span class='ocrx_word' id='word_1_123' title='bbox 823 1709 1075 1778; x_wconf 84' lang='lat' dir='ltr'><strong>quamvis</strong></span> <span class='ocrx_word' id='word_1_124' title='bbox 1105 1725 1230 1764; x_wconf 90' lang='lat' dir='ltr'><strong>eum</strong></span> <span class='ocrx_word' id='word_1_125' title='bbox 1278 1710 1520 1766; x_wconf 84' lang='lat' dir='ltr'><strong>insanire</strong></span> <span class='ocrx_word' id='word_1_126' title='bbox 1549 1725 1672 1766; x_wconf 88' lang='lat' dir='ltr'><strong>ere-</strong></span> 
     </span>
    </p>
   </div>
   <div class='ocr_carea' id='block_1_20' title="bbox 107 1794 1790 1869">
    <p class='ocr_par' dir='ltr' id='par_1_20' title="bbox 107 1794 1790 1869">
     <span class='ocr_line' id='line_1_20' title="bbox 107 1794 1790 1869; baseline 0.002 -18"><span class='ocrx_word' id='word_1_127' title='bbox 107 1800 299 1862; x_wconf 83' lang='lat' dir='ltr'><strong>derent,</strong></span> <span class='ocrx_word' id='word_1_128' title='bbox 339 1813 469 1853; x_wconf 90' lang='lat' dir='ltr'><strong>eum</strong></span> <span class='ocrx_word' id='word_1_129' title='bbox 497 1799 848 1869; x_wconf 79' lang='lat' dir='ltr'><strong>arripientes,</strong></span> <span class='ocrx_word' id='word_1_130' title='bbox 895 1801 961 1854; x_wconf 90' lang='lat' dir='ltr'><strong>ad</strong></span> <span class='ocrx_word' id='word_1_131' title='bbox 993 1814 1174 1869; x_wconf 83' lang='lat' dir='ltr'><strong>regem</strong></span> <span class='ocrx_word' id='word_1_132' title='bbox 1201 1799 1517 1854; x_wconf 90' lang='lat' dir='ltr'><strong>attulerunt.</strong></span> <span class='ocrx_word' id='word_1_133' title='bbox 1551 1799 1670 1867; x_wconf 89' lang='lat' dir='ltr'><strong>Quo</strong></span> <span class='ocrx_word' id='word_1_134' title='bbox 1701 1794 1749 1854; x_wconf 84' lang='grc' dir='ltr'><strong>Β</strong></span> <span class='ocrx_word' id='word_1_135' title='bbox 1777 1829 1790 1869; x_wconf 75' lang='grc' dir='ltr'>ς</span> 
     </span>
    </p>
   </div>
   <div class='ocr_carea' id='block_1_21' title="bbox 106 1889 1666 1960">
    <p class='ocr_par' dir='ltr' id='par_1_21' title="bbox 106 1889 1666 1960">
     <span class='ocr_line' id='line_1_21' title="bbox 106 1889 1666 1960; baseline 0.004 -21"><span class='ocrx_word' id='word_1_136' title='bbox 106 1891 220 1952; x_wconf 79' lang='lat' dir='ltr'><strong>viso,</strong></span> <span class='ocrx_word' id='word_1_137' title='bbox 247 1898 301 1942; x_wconf 91' lang='lat' dir='ltr'><strong>et</strong></span> <span class='ocrx_word' id='word_1_138' title='bbox 332 1889 530 1944; x_wconf 90' lang='lat' dir='ltr'><strong>insano</strong></span> <span class='ocrx_word' id='word_1_139' title='bbox 559 1889 871 1944; x_wconf 80' lang='lat' dir='ltr'><strong>existimato</strong></span> <span class='ocrx_word' id='word_1_140' title='bbox 905 1907 918 1942; x_wconf 93' lang='lat'>:</span> <span class='ocrx_word' id='word_1_141' title='bbox 958 1907 977 1940; x_wconf 74' lang='grc' dir='ltr'><strong>ι</strong></span> <span class='ocrx_word' id='word_1_142' title='bbox 1009 1889 1080 1946; x_wconf 89' lang='lat' dir='ltr'><strong>Ut</strong></span> <span class='ocrx_word' id='word_1_143' title='bbox 1111 1890 1239 1959; x_wconf 91' lang='lat' dir='ltr'><strong>quid</strong></span> <span class='ocrx_word' id='word_1_144' title='bbox 1269 1890 1399 1944; x_wconf 89' lang='lat' dir='ltr'><strong>mihi</strong></span> <span class='ocrx_word' id='word_1_145' title='bbox 1425 1931 1441 1956; x_wconf 93' lang='lat'><strong>,</strong></span> <span class='ocrx_word' id='word_1_146' title='bbox 1472 1891 1666 1960; x_wconf 87' lang='lat' dir='ltr'><strong>inquit,</strong></span> 
     </span>
    </p>
   </div>
   <div class='ocr_carea' id='block_1_22' title="bbox 107 1980 1666 2055">
    <p class='ocr_par' dir='ltr' id='par_1_22' title="bbox 107 1980 1666 2055">
     <span class='ocr_line' id='line_1_22' title="bbox 107 1980 1666 2055; baseline 0.004 -24"><span class='ocrx_word' id='word_1_147' title='bbox 107 1980 428 2048; x_wconf 86' lang='lat' dir='ltr'><strong>arreptitium</strong></span> <span class='ocrx_word' id='word_1_148' title='bbox 458 1980 604 2036; x_wconf 89' lang='lat' dir='ltr'><strong>hunc</strong></span> <span class='ocrx_word' id='word_1_149' title='bbox 638 1981 992 2037; x_wconf 79' lang='lat' dir='ltr'><strong>adduxistis?</strong></span> <span class='ocrx_word' id='word_1_150' title='bbox 1027 2000 1046 2033; x_wconf 77' lang='grc' dir='ltr'><strong>ι</strong></span> <span class='ocrx_word' id='word_1_151' title='bbox 1081 1981 1098 2052; x_wconf 95' lang='grc'>(</span> <span class='ocrx_word' id='word_1_152' title='bbox 1129 1981 1155 2034; x_wconf 85' lang='grc' dir='ltr'><strong><em>Ι</em></strong></span> <span class='ocrx_word' id='word_1_153' title='bbox 1206 1981 1332 2051; x_wconf 85' lang='lat' dir='ltr'><strong>Reg.</strong></span> <span class='ocrx_word' id='word_1_154' title='bbox 1365 1998 1457 2037; x_wconf 76' lang='lat' dir='ltr'><strong>ut</strong></span> <span class='ocrx_word' id='word_1_155' title='bbox 1486 2024 1502 2050; x_wconf 92' lang='lat'><strong>,</strong></span> <span class='ocrx_word' id='word_1_156' title='bbox 1533 1985 1620 2038; x_wconf 83' lang='lat' dir='ltr'><strong>ll.</strong></span> <span class='ocrx_word' id='word_1_157' title='bbox 1649 1983 1666 2055; x_wconf 98' lang='lat'><strong>)</strong></span> 
     </span>
    </p>
   </div>
   <div class='ocr_carea' id='block_1_23' title="bbox 107 2067 1670 2140">
    <p class='ocr_par' dir='ltr' id='par_1_23' title="bbox 107 2067 1670 2140">
     <span class='ocr_line' id='line_1_23' title="bbox 107 2067 1670 2140; baseline 0.006 -19"><span class='ocrx_word' id='word_1_158' title='bbox 107 2067 336 2124; x_wconf 85' lang='lat' dir='ltr'><strong>Protinus</strong></span> <span class='ocrx_word' id='word_1_159' title='bbox 364 2069 532 2140; x_wconf 79' lang='lat' dir='ltr'><strong>igitur</strong></span> <span class='ocrx_word' id='word_1_160' title='bbox 551 2070 806 2126; x_wconf 89' lang='lat' dir='ltr'><strong>dimissus</strong></span> <span class='ocrx_word' id='word_1_161' title='bbox 833 2071 965 2126; x_wconf 89' lang='lat' dir='ltr'><strong>abiit</strong></span> <span class='ocrx_word' id='word_1_162' title='bbox 991 2071 1158 2126; x_wconf 85' lang='lat' dir='ltr'><strong>David</strong></span> <span class='ocrx_word' id='word_1_163' title='bbox 1182 2083 1236 2126; x_wconf 90' lang='lat' dir='ltr'><strong>et</strong></span> <span class='ocrx_word' id='word_1_164' title='bbox 1259 2074 1454 2128; x_wconf 87' lang='lat' dir='ltr'><strong>evasit.</strong></span> <span class='ocrx_word' id='word_1_165' title='bbox 1487 2074 1544 2129; x_wconf 91' lang='lat' dir='ltr'><strong>ln</strong></span> <span class='ocrx_word' id='word_1_166' title='bbox 1569 2076 1670 2132; x_wconf 92' lang='lat' dir='ltr'><strong>hac</strong></span> 
     </span>
    </p>
   </div>
   <div class='ocr_carea' id='block_1_24' title="bbox 106 2162 1666 2239">
    <p class='ocr_par' dir='ltr' id='par_1_24' title="bbox 106 2162 1666 2239">
     <span class='ocr_line' id='line_1_24' title="bbox 106 2162 1666 2239; baseline 0.006 -25"><span class='ocrx_word' id='word_1_167' title='bbox 106 2171 258 2216; x_wconf 79' lang='lat' dir='ltr'><strong>autem</strong></span> <span class='ocrx_word' id='word_1_168' title='bbox 304 2162 540 2217; x_wconf 75' lang='lat' dir='ltr'><strong>historia</strong></span> <span class='ocrx_word' id='word_1_169' title='bbox 569 2165 855 2235; x_wconf 85' lang='lat' dir='ltr'><strong>diligenter</strong></span> <span class='ocrx_word' id='word_1_170' title='bbox 876 2166 1116 2236; x_wconf 88' lang='lat' dir='ltr'><strong>inspecta</strong></span> <span class='ocrx_word' id='word_1_171' title='bbox 1159 2167 1280 2222; x_wconf 90' lang='lat' dir='ltr'><strong>talis</strong></span> <span class='ocrx_word' id='word_1_172' title='bbox 1297 2167 1450 2238; x_wconf 84' lang='lat' dir='ltr'><strong>juxta</strong></span> <span class='ocrx_word' id='word_1_173' title='bbox 1480 2169 1666 2239; x_wconf 85' lang='lat' dir='ltr'><strong>Angu-</strong></span> 
     </span>
    </p>
   </div>
   <div class='ocr_carea' id='block_1_25' title="bbox 106 2255 1676 2336">
    <p class='ocr_par' dir='ltr' id='par_1_25' title="bbox 106 2255 1676 2336">
     <span class='ocr_line' id='line_1_25' title="bbox 106 2255 1676 2336; baseline 0.009 -30"><span class='ocrx_word' id='word_1_174' title='bbox 106 2255 279 2308; x_wconf 87' lang='lat' dir='ltr'><strong>stinmn</strong></span> <span class='ocrx_word' id='word_1_175' title='bbox 293 2255 610 2311; x_wconf 89' lang='lat' dir='ltr'><strong>continetur</strong></span> <span class='ocrx_word' id='word_1_176' title='bbox 627 2257 826 2312; x_wconf 84' lang='lat' dir='ltr'><strong>Christi</strong></span> <span class='ocrx_word' id='word_1_177' title='bbox 845 2259 1032 2330; x_wconf 90' lang='lat' dir='ltr'><strong>ﬁgura.</strong></span> <span class='ocrx_word' id='word_1_178' title='bbox 1049 2259 1152 2314; x_wconf 85' lang='lat' dir='ltr'><strong>Per</strong></span> <span class='ocrx_word' id='word_1_179' title='bbox 1165 2260 1333 2317; x_wconf 86' lang='lat' dir='ltr'><strong>David</strong></span> <span class='ocrx_word' id='word_1_180' title='bbox 1346 2264 1489 2318; x_wconf 90' lang='lat' dir='ltr'><strong>enim</strong></span> <span class='ocrx_word' id='word_1_181' title='bbox 1509 2265 1676 2336; x_wconf 81' lang='lat'><strong>100&#39;</strong></span> 
     </span>
    </p>
   </div>
   <div class='ocr_carea' id='block_1_26' title="bbox 105 2345 1674 2416">
    <p class='ocr_par' dir='ltr' id='par_1_26' title="bbox 105 2345 1674 2416">
     <span class='ocr_line' id='line_1_26' title="bbox 105 2345 1674 2416; baseline 0.01 -20"><span class='ocrx_word' id='word_1_182' title='bbox 105 2346 222 2413; x_wconf 86' lang='lat' dir='ltr'><strong>apud</strong></span> <span class='ocrx_word' id='word_1_183' title='bbox 265 2345 588 2403; x_wconf 85' lang='lat' dir='ltr'><strong>Abimelech</strong></span> <span class='ocrx_word' id='word_1_184' title='bbox 623 2347 955 2416; x_wconf 89' lang='lat' dir='ltr'><strong>latitantem,</strong></span> <span class='ocrx_word' id='word_1_185' title='bbox 996 2351 1196 2406; x_wconf 86' lang='lat' dir='ltr'><strong>Christi</strong></span> <span class='ocrx_word' id='word_1_186' title='bbox 1242 2353 1550 2410; x_wconf 89' lang='lat' dir='ltr'><strong>humanitas</strong></span> <span class='ocrx_word' id='word_1_187' title='bbox 1582 2359 1674 2410; x_wconf 79' lang='lat' dir='ltr'><strong>in-‘</strong></span> 
     </span>
    </p>
   </div>
   <div class='ocr_carea' id='block_1_27' title="bbox 107 2437 1667 2518">
    <p class='ocr_par' dir='ltr' id='par_1_27' title="bbox 107 2437 1667 2518">
     <span class='ocr_line' id='line_1_27' title="bbox 107 2437 1667 2518; baseline 0.007 -28"><span class='ocrx_word' id='word_1_188' title='bbox 107 2437 360 2509; x_wconf 77' lang='lat' dir='ltr'><strong>telligitur,</strong></span> <span class='ocrx_word' id='word_1_189' title='bbox 389 2455 516 2511; x_wconf 74' lang='lat' dir='ltr'><strong>qua:</strong></span> <span class='ocrx_word' id='word_1_190' title='bbox 545 2441 922 2498; x_wconf 87' lang='lat' dir='ltr'><strong>vehementem</strong></span> <span class='ocrx_word' id='word_1_191' title='bbox 953 2442 1198 2498; x_wconf 89' lang='lat' dir='ltr'><strong>adiaboli</strong></span> <span class='ocrx_word' id='word_1_192' title='bbox 1230 2447 1514 2512; x_wconf 85' lang='lat' dir='ltr'><strong>membris,</strong></span> <span class='ocrx_word' id='word_1_193' title='bbox 1547 2461 1667 2518; x_wconf 67' lang='lat' dir='ltr'><strong>qua:</strong></span> 
     </span>
    </p>
   </div>
   <div class='ocr_carea' id='block_1_28' title="bbox 107 2531 1664 2605">
    <p class='ocr_par' dir='ltr' id='par_1_28' title="bbox 107 2531 1664 2605">
     <span class='ocr_line' id='line_1_28' title="bbox 107 2531 1664 2605; baseline 0.008 -23"><span class='ocrx_word' id='word_1_194' title='bbox 107 2544 182 2600; x_wconf 86' lang='lat' dir='ltr'><strong>per</strong></span> <span class='ocrx_word' id='word_1_195' title='bbox 225 2531 448 2586; x_wconf 89' lang='lat' dir='ltr'><strong>Saulem</strong></span> <span class='ocrx_word' id='word_1_196' title='bbox 501 2532 807 2602; x_wconf 89' lang='lat' dir='ltr'><strong>ﬁguratur,</strong></span> <span class='ocrx_word' id='word_1_197' title='bbox 859 2536 1294 2605; x_wconf 89' lang='lat' dir='ltr'><strong>persecutionem</strong></span> <span class='ocrx_word' id='word_1_198' title='bbox 1349 2539 1664 2605; x_wconf 88' lang='lat' dir='ltr'><strong>sustinens,</strong></span> 
     </span>
    </p>
   </div>
   <div class='ocr_carea' id='block_1_29' title="bbox 106 2622 1665 2698">
    <p class='ocr_par' dir='ltr' id='par_1_29' title="bbox 106 2622 1665 2698">
     <span class='ocr_line' id='line_1_29' title="bbox 106 2622 1665 2698; baseline 0.009 -24"><span class='ocrx_word' id='word_1_199' title='bbox 106 2623 222 2691; x_wconf 81' lang='lat' dir='ltr'><strong>apud</strong></span> <span class='ocrx_word' id='word_1_200' title='bbox 249 2622 470 2678; x_wconf 67' lang='lat' dir='ltr'><strong>Iudaeos</strong></span> <span class='ocrx_word' id='word_1_201' title='bbox 519 2624 612 2694; x_wconf 90' lang='lat' dir='ltr'><strong>qui</strong></span> <span class='ocrx_word' id='word_1_202' title='bbox 658 2641 756 2696; x_wconf 85' lang='lat' dir='ltr'><strong>per</strong></span> <span class='ocrx_word' id='word_1_203' title='bbox 805 2626 1114 2683; x_wconf 85' lang='lat' dir='ltr'><strong>Abimeleeh</strong></span> <span class='ocrx_word' id='word_1_204' title='bbox 1162 2627 1528 2698; x_wconf 83' lang='lat' dir='ltr'><strong>denotamur,</strong></span> <span class='ocrx_word' id='word_1_205' title='bbox 1561 2633 1665 2688; x_wconf 78' lang='lat' dir='ltr'><strong>ali-</strong></span> 
     </span>
    </p>
   </div>
   <div class='ocr_carea' id='block_1_30' title="bbox 105 2713 1664 2794">
    <p class='ocr_par' dir='ltr' id='par_1_30' title="bbox 105 2713 1664 2794">
     <span class='ocr_line' id='line_1_30' title="bbox 105 2713 1664 2794; baseline 0.01 -33"><span class='ocrx_word' id='word_1_206' title='bbox 105 2713 312 2779; x_wconf 75' lang='lat' dir='ltr'><strong>quandiu</strong></span> <span class='ocrx_word' id='word_1_207' title='bbox 344 2713 632 2770; x_wconf 90' lang='lat' dir='ltr'><strong>humiliter</strong></span> <span class='ocrx_word' id='word_1_208' title='bbox 667 2715 844 2770; x_wconf 88' lang='lat' dir='ltr'><strong>latuit.</strong></span> <span class='ocrx_word' id='word_1_209' title='bbox 889 2715 1036 2772; x_wconf 84' lang='lat' dir='ltr'><strong>Bene</strong></span> <span class='ocrx_word' id='word_1_210' title='bbox 1061 2733 1191 2774; x_wconf 89' lang='lat' dir='ltr'><strong>vero</strong></span> <span class='ocrx_word' id='word_1_211' title='bbox 1223 2719 1349 2776; x_wconf 91' lang='lat' dir='ltr'><strong>Saul</strong></span> <span class='ocrx_word' id='word_1_212' title='bbox 1381 2722 1472 2791; x_wconf 88' lang='lat' dir='ltr'><strong>qui</strong></span> <span class='ocrx_word' id='word_1_213' title='bbox 1501 2740 1664 2794; x_wconf 88' lang='lat' dir='ltr'><strong>appe-</strong></span> 
     </span>
    </p>
   </div>
   <div class='ocr_carea' id='block_1_31' title="bbox 106 2803 1666 2885">
    <p class='ocr_par' dir='ltr' id='par_1_31' title="bbox 106 2803 1666 2885">
     <span class='ocr_line' id='line_1_31' title="bbox 106 2803 1666 2885; baseline 0.012 -33"><span class='ocrx_word' id='word_1_214' title='bbox 106 2803 206 2856; x_wconf 74' lang='lat' dir='ltr'><strong>litus</strong></span> <span class='ocrx_word' id='word_1_215' title='bbox 254 2805 670 2874; x_wconf 89' lang='lat' dir='ltr'><strong>interpretatur,</strong></span> <span class='ocrx_word' id='word_1_216' title='bbox 709 2807 980 2864; x_wconf 89' lang='lat' dir='ltr'><strong>diabolum</strong></span> <span class='ocrx_word' id='word_1_217' title='bbox 1025 2811 1282 2880; x_wconf 74' lang='lat' dir='ltr'><strong>exprimit</strong></span> <span class='ocrx_word' id='word_1_218' title='bbox 1312 2831 1328 2866; x_wconf 88' lang='lat'>:</span> <span class='ocrx_word' id='word_1_219' title='bbox 1355 2830 1515 2885; x_wconf 87' lang='lat' dir='ltr'><strong>quem</strong></span> <span class='ocrx_word' id='word_1_220' title='bbox 1557 2817 1666 2872; x_wconf 88' lang='lat' dir='ltr'><strong>ini-</strong></span> 
     </span>
    </p>
   </div>
   <div class='ocr_carea' id='block_1_32' title="bbox 103 2897 1661 2978">
    <p class='ocr_par' dir='ltr' id='par_1_32' title="bbox 103 2897 1661 2978">
     <span class='ocr_line' id='line_1_32' title="bbox 103 2897 1661 2978; baseline 0.013 -32"><span class='ocrx_word' id='word_1_221' title='bbox 103 2907 302 2961; x_wconf 91' lang='lat' dir='ltr'><strong>quorum</strong></span> <span class='ocrx_word' id='word_1_222' title='bbox 327 2897 584 2966; x_wconf 89' lang='lat' dir='ltr'><strong>operatio</strong></span> <span class='ocrx_word' id='word_1_223' title='bbox 606 2900 746 2954; x_wconf 89' lang='lat' dir='ltr'><strong>mala</strong></span> <span class='ocrx_word' id='word_1_224' title='bbox 770 2909 825 2957; x_wconf 91' lang='lat' dir='ltr'><strong>et</strong></span> <span class='ocrx_word' id='word_1_225' title='bbox 852 2901 1067 2958; x_wconf 89' lang='lat' dir='ltr'><strong>devotio</strong></span> <span class='ocrx_word' id='word_1_226' title='bbox 1098 2902 1414 2975; x_wconf 86' lang='lat' dir='ltr'><strong>frequenter</strong></span> <span class='ocrx_word' id='word_1_227' title='bbox 1438 2912 1661 2978; x_wconf 88' lang='lat' dir='ltr'><strong>appetit.</strong></span> 
     </span>
    </p>
   </div>
   <div class='ocr_carea' id='block_1_33' title="bbox 102 2988 1664 3074">
    <p class='ocr_par' dir='ltr' id='par_1_33' title="bbox 102 2988 1664 3074">
     <span class='ocr_line' id='line_1_33' title="bbox 102 2988 1664 3074; baseline 0.01 -32"><span class='ocrx_word' id='word_1_228' title='bbox 102 2988 503 3046; x_wconf 65' lang='lat' dir='ltr'><strong>tlonvenienter3</strong></span> <span class='ocrx_word' id='word_1_229' title='bbox 526 3007 740 3066; x_wconf 90' lang='lat' dir='ltr'><strong>quoque</strong></span> <span class='ocrx_word' id='word_1_230' title='bbox 784 3010 882 3065; x_wconf 89' lang='lat' dir='ltr'><strong>per</strong></span> <span class='ocrx_word' id='word_1_231' title='bbox 911 2997 1261 3066; x_wconf 85' lang='lat' dir='ltr'><strong>Abimeleeh,</strong></span> <span class='ocrx_word' id='word_1_232' title='bbox 1311 3002 1401 3070; x_wconf 90' lang='lat' dir='ltr'><strong>qui</strong></span> <span class='ocrx_word' id='word_1_233' title='bbox 1448 3019 1664 3074; x_wconf 87' lang='lat' dir='ltr'><strong>regnum</strong></span> 
     </span>
    </p>
   </div>
   <div class='ocr_carea' id='block_1_34' title="bbox 101 3081 1665 3162">
    <p class='ocr_par' dir='ltr' id='par_1_34' title="bbox 101 3081 1665 3162">
     <span class='ocr_line' id='line_1_34' title="bbox 101 3081 1665 3162; baseline 0.015 -35"><span class='ocrx_word' id='word_1_234' title='bbox 101 3081 238 3144; x_wconf 71' lang='lat' dir='ltr'><strong>patris</strong></span> <span class='ocrx_word' id='word_1_235' title='bbox 267 3081 687 3153; x_wconf 87' lang='lat' dir='ltr'><strong>interpretatur,</strong></span> <span class='ocrx_word' id='word_1_236' title='bbox 741 3086 909 3142; x_wconf 75' lang='lat' dir='ltr'><strong>Judzei</strong></span> <span class='ocrx_word' id='word_1_237' title='bbox 939 3088 1294 3158; x_wconf 81' lang='lat' dir='ltr'><strong>designantur</strong></span> <span class='ocrx_word' id='word_1_238' title='bbox 1334 3110 1346 3145; x_wconf 92' lang='lat'>:</span> <span class='ocrx_word' id='word_1_239' title='bbox 1378 3095 1468 3162; x_wconf 90' lang='lat' dir='ltr'><strong>qui</strong></span> <span class='ocrx_word' id='word_1_240' title='bbox 1495 3111 1665 3150; x_wconf 69' lang='lat' dir='ltr'><strong>saecu-</strong></span> 
     </span>
    </p>
   </div>
   <div class='ocr_carea' id='block_1_35' title="bbox 103 3169 1665 3254">
    <p class='ocr_par' dir='ltr' id='par_1_35' title="bbox 103 3169 1665 3254">
     <span class='ocr_line' id='line_1_35' title="bbox 103 3169 1665 3254; baseline 0.013 -32"><span class='ocrx_word' id='word_1_241' title='bbox 103 3169 262 3228; x_wconf 80' lang='lat' dir='ltr'><strong>lariter</strong></span> <span class='ocrx_word' id='word_1_242' title='bbox 289 3190 393 3246; x_wconf 85' lang='lat' dir='ltr'><strong>per</strong></span> <span class='ocrx_word' id='word_1_243' title='bbox 416 3186 605 3246; x_wconf 88' lang='lat' dir='ltr'><strong>patres</strong></span> <span class='ocrx_word' id='word_1_244' title='bbox 633 3192 760 3233; x_wconf 91' lang='lat' dir='ltr'><strong>suos</strong></span> <span class='ocrx_word' id='word_1_245' title='bbox 785 3219 800 3243; x_wconf 94' lang='lat'><strong>,</strong></span> <span class='ocrx_word' id='word_1_246' title='bbox 836 3181 999 3236; x_wconf 88' lang='lat' dir='ltr'><strong>David</strong></span> <span class='ocrx_word' id='word_1_247' title='bbox 1028 3181 1237 3238; x_wconf 84' lang='lat' dir='ltr'><strong>scilicet</strong></span> <span class='ocrx_word' id='word_1_248' title='bbox 1264 3185 1405 3254; x_wconf 89' lang='lat' dir='ltr'><strong>regis</strong></span> <span class='ocrx_word' id='word_1_249' title='bbox 1427 3199 1665 3242; x_wconf 81' lang='lat' dir='ltr'><strong>contem-</strong></span> 
     </span>
    </p>
   </div>
   <div class='ocr_carea' id='block_1_36' title="bbox 102 3265 1662 3350">
    <p class='ocr_par' dir='ltr' id='par_1_36' title="bbox 102 3265 1662 3350">
     <span class='ocr_line' id='line_1_36' title="bbox 102 3265 1662 3350; baseline 0.013 -36"><span class='ocrx_word' id='word_1_250' title='bbox 102 3276 358 3331; x_wconf 86' lang='lat' dir='ltr'><strong>poraneos,</strong></span> <span class='ocrx_word' id='word_1_251' title='bbox 390 3265 636 3335; x_wconf 86' lang='lat' dir='ltr'><strong>ejusdem</strong></span> <span class='ocrx_word' id='word_1_252' title='bbox 667 3268 833 3324; x_wconf 87' lang='lat' dir='ltr'><strong>David</strong></span> <span class='ocrx_word' id='word_1_253' title='bbox 865 3271 1004 3340; x_wconf 85' lang='lat' dir='ltr'><strong>regis</strong></span> <span class='ocrx_word' id='word_1_254' title='bbox 1027 3287 1248 3342; x_wconf 82' lang='lat' dir='ltr'><strong>regnum</strong></span> <span class='ocrx_word' id='word_1_255' title='bbox 1280 3274 1536 3332; x_wconf 87' lang='lat' dir='ltr'><strong>fuerunt:</strong></span> <span class='ocrx_word' id='word_1_256' title='bbox 1571 3281 1662 3350; x_wconf 93' lang='lat' dir='ltr'><strong>qui</strong></span> 
     </span>
    </p>
   </div>
   <div class='ocr_carea' id='block_1_37' title="bbox 102 3351 1664 3440">
    <p class='ocr_par' dir='ltr' id='par_1_37' title="bbox 102 3351 1664 3440">
     <span class='ocr_line' id='line_1_37' title="bbox 102 3351 1664 3440; baseline 0.013 -33"><span class='ocrx_word' id='word_1_257' title='bbox 102 3351 270 3410; x_wconf 85' lang='lat' dir='ltr'><strong>Christi</strong></span> <span class='ocrx_word' id='word_1_258' title='bbox 295 3369 462 3426; x_wconf 89' lang='lat' dir='ltr'><strong>pater</strong></span> <span class='ocrx_word' id='word_1_259' title='bbox 491 3361 783 3415; x_wconf 88' lang='lat' dir='ltr'><strong>secundum</strong></span> <span class='ocrx_word' id='word_1_260' title='bbox 813 3377 1029 3418; x_wconf 84' lang='lat' dir='ltr'><strong>carnem</strong></span> <span class='ocrx_word' id='word_1_261' title='bbox 1078 3365 1256 3422; x_wconf 90' lang='lat' dir='ltr'><strong>dictus</strong></span> <span class='ocrx_word' id='word_1_262' title='bbox 1275 3377 1394 3432; x_wconf 90' lang='lat' dir='ltr'><strong>est,</strong></span> <span class='ocrx_word' id='word_1_263' title='bbox 1427 3383 1492 3424; x_wconf 90' lang='lat' dir='ltr'><strong>eo</strong></span> <span class='ocrx_word' id='word_1_264' title='bbox 1519 3371 1664 3440; x_wconf 90' lang='lat' dir='ltr'><strong>quod</strong></span> 
     </span>
    </p>
   </div>
   <div class='ocr_carea' id='block_1_38' title="bbox 101 3445 1658 3517">
    <p class='ocr_par' dir='ltr' id='par_1_38' title="bbox 101 3445 1658 3517">
     <span class='ocr_line' id='line_1_38' title="bbox 101 3445 1658 3517; baseline 0.012 -19"><span class='ocrx_word' id='word_1_265' title='bbox 101 3445 154 3498; x_wconf 80' lang='lat' dir='ltr'><strong>de</strong></span> <span class='ocrx_word' id='word_1_266' title='bbox 182 3445 342 3517; x_wconf 85' lang='lat' dir='ltr'><strong>ipsius</strong></span> <span class='ocrx_word' id='word_1_267' title='bbox 369 3449 584 3507; x_wconf 84' lang='lat' dir='ltr'><strong>semine</strong></span> <span class='ocrx_word' id='word_1_268' title='bbox 609 3449 856 3509; x_wconf 90' lang='lat' dir='ltr'><strong>Christus</strong></span> <span class='ocrx_word' id='word_1_269' title='bbox 882 3464 1039 3511; x_wconf 84' lang='lat' dir='ltr'><strong>natus</strong></span> <span class='ocrx_word' id='word_1_270' title='bbox 1061 3466 1163 3512; x_wconf 91' lang='lat' dir='ltr'><strong>est.</strong></span> <span class='ocrx_word' id='word_1_271' title='bbox 1213 3456 1367 3514; x_wconf 87' lang='lat' dir='ltr'><strong>Unde</strong></span> <span class='ocrx_word' id='word_1_272' title='bbox 1396 3460 1448 3514; x_wconf 93' lang='lat' dir='ltr'><strong>in</strong></span> <span class='ocrx_word' id='word_1_273' title='bbox 1479 3460 1658 3516; x_wconf 84' lang='lat' dir='ltr'><strong>Evan-</strong></span> 
     </span>
    </p>
   </div>
   <div class='ocr_carea' id='block_1_39' title="bbox 102 3539 1663 3620">
    <p class='ocr_par' dir='ltr' id='par_1_39' title="bbox 102 3539 1663 3620">
     <span class='ocr_line' id='line_1_39' title="bbox 102 3539 1663 3620; baseline 0.011 -26"><span class='ocrx_word' id='word_1_274' title='bbox 102 3539 214 3610; x_wconf 65' lang='grc' dir='ltr'><strong>κε]ῑο</strong></span> <span class='ocrx_word' id='word_1_275' title='bbox 239 3559 451 3599; x_wconf 65' lang='lat' dir='ltr'><strong>ciccum</strong></span> <span class='ocrx_word' id='word_1_276' title='bbox 480 3545 682 3602; x_wconf 85' lang='lat' dir='ltr'><strong>dixisse</strong></span> <span class='ocrx_word' id='word_1_277' title='bbox 705 3547 929 3618; x_wconf 81' lang='lat' dir='ltr'><strong>legimus</strong></span> <span class='ocrx_word' id='word_1_278' title='bbox 954 3567 1000 3604; x_wconf 72' lang='grc' dir='ltr'>τε</span> <span class='ocrx_word' id='word_1_279' title='bbox 1032 3549 1132 3606; x_wconf 90' lang='lat' dir='ltr'><strong>Fili</strong></span> <span class='ocrx_word' id='word_1_280' title='bbox 1164 3551 1364 3620; x_wconf 90' lang='lat' dir='ltr'><strong>David,</strong></span> <span class='ocrx_word' id='word_1_281' title='bbox 1397 3554 1663 3612; x_wconf 88' lang='lat' dir='ltr'><strong>miserere</strong></span> 
     </span>
    </p>
   </div>
   <div class='ocr_carea' id='block_1_40' title="bbox 103 3632 1660 3708">
    <p class='ocr_par' dir='ltr' id='par_1_40' title="bbox 103 3632 1660 3708">
     <span class='ocr_line' id='line_1_40' title="bbox 103 3632 1660 3708; baseline 0.011 -23"><span class='ocrx_word' id='word_1_282' title='bbox 103 3632 184 3686; x_wconf 85' lang='lat' dir='ltr'><strong>mei</strong></span> <span class='ocrx_word' id='word_1_283' title='bbox 209 3634 408 3705; x_wconf 72' lang='lat' dir='ltr'><strong>(Marc.</strong></span> <span class='ocrx_word' id='word_1_284' title='bbox 436 3636 676 3708; x_wconf 68' lang='lat' dir='ltr'><strong>x,47.t).</strong></span> <span class='ocrx_word' id='word_1_285' title='bbox 714 3638 814 3706; x_wconf 85' lang='lat' dir='ltr'><strong>Qui</strong></span> <span class='ocrx_word' id='word_1_286' title='bbox 846 3640 1035 3707; x_wconf 87' lang='lat' dir='ltr'><strong>David,</strong></span> <span class='ocrx_word' id='word_1_287' title='bbox 1062 3643 1113 3698; x_wconf 92' lang='lat' dir='ltr'><strong>id</strong></span> <span class='ocrx_word' id='word_1_288' title='bbox 1143 3654 1226 3700; x_wconf 88' lang='lat' dir='ltr'><strong>est</strong></span> <span class='ocrx_word' id='word_1_289' title='bbox 1264 3643 1513 3702; x_wconf 85' lang='lat' dir='ltr'><strong>Christus</strong></span> <span class='ocrx_word' id='word_1_290' title='bbox 1535 3663 1660 3704; x_wconf 90' lang='lat' dir='ltr'><strong>cum</strong></span> 
     </span>
    </p>
   </div>
   <div class='ocr_carea' id='block_1_41' title="bbox 102 3723 1662 3793">
    <p class='ocr_par' dir='ltr' id='par_1_41' title="bbox 102 3723 1662 3793">
     <span class='ocr_line' id='line_1_41' title="bbox 102 3723 1662 3793; baseline 0.012 -21"><span class='ocrx_word' id='word_1_291' title='bbox 102 3723 215 3790; x_wconf 82' lang='lat' dir='ltr'><strong>apud</strong></span> <span class='ocrx_word' id='word_1_292' title='bbox 232 3724 582 3793; x_wconf 85' lang='lat' dir='ltr'><strong>Abimelech,</strong></span> <span class='ocrx_word' id='word_1_293' title='bbox 609 3726 661 3782; x_wconf 90' lang='lat' dir='ltr'><strong>id</strong></span> <span class='ocrx_word' id='word_1_294' title='bbox 682 3738 769 3783; x_wconf 90' lang='lat' dir='ltr'><strong>est</strong></span> <span class='ocrx_word' id='word_1_295' title='bbox 796 3727 1010 3787; x_wconf 73' lang='lat' dir='ltr'><strong>Judatos</strong></span> <span class='ocrx_word' id='word_1_296' title='bbox 1038 3746 1069 3786; x_wconf 90' lang='lat' dir='ltr'><strong>a</strong></span> <span class='ocrx_word' id='word_1_297' title='bbox 1097 3731 1387 3791; x_wconf 78' lang='lat' dir='ltr'><strong>Pbarisaeis</strong></span> <span class='ocrx_word' id='word_1_298' title='bbox 1421 3745 1476 3791; x_wconf 90' lang='lat' dir='ltr'><strong>et</strong></span> <span class='ocrx_word' id='word_1_299' title='bbox 1513 3753 1662 3792; x_wconf 85' lang='lat' dir='ltr'><strong>sum-</strong></span> 
     </span>
    </p>
   </div>
   <div class='ocr_carea' id='block_1_42' title="bbox 103 3811 1658 3897">
    <p class='ocr_par' dir='ltr' id='par_1_42' title="bbox 103 3811 1658 3897">
     <span class='ocr_line' id='line_1_42' title="bbox 103 3811 1658 3897; baseline 0.014 -34"><span class='ocrx_word' id='word_1_300' title='bbox 103 3811 183 3865; x_wconf 77' lang='lat' dir='ltr'><strong>niis</strong></span> <span class='ocrx_word' id='word_1_301' title='bbox 205 3815 582 3871; x_wconf 88' lang='lat' dir='ltr'><strong>sacerdotibus</strong></span> <span class='ocrx_word' id='word_1_302' title='bbox 604 3825 658 3872; x_wconf 92' lang='lat' dir='ltr'><strong>et</strong></span> <span class='ocrx_word' id='word_1_303' title='bbox 683 3817 890 3876; x_wconf 90' lang='lat' dir='ltr'><strong>Scribis</strong></span> <span class='ocrx_word' id='word_1_304' title='bbox 926 3831 1234 3891; x_wconf 85' lang='lat' dir='ltr'><strong>accusatus,</strong></span> <span class='ocrx_word' id='word_1_305' title='bbox 1265 3827 1332 3882; x_wconf 88' lang='lat' dir='ltr'><strong>ad</strong></span> <span class='ocrx_word' id='word_1_306' title='bbox 1361 3828 1658 3897; x_wconf 68' lang='lat' dir='ltr'><strong>perniciem</strong></span> 
     </span>
    </p>
   </div>
   <div class='ocr_carea' id='block_1_43' title="bbox 103 3905 1659 3991">
    <p class='ocr_par' dir='ltr' id='par_1_43' title="bbox 103 3905 1659 3991">
     <span class='ocr_line' id='line_1_43' title="bbox 103 3905 1659 3991; baseline 0.016 -40"><span class='ocrx_word' id='word_1_307' title='bbox 103 3912 438 3969; x_wconf 68' lang='lat' dir='ltr'><strong>quaereretur,</strong></span> <span class='ocrx_word' id='word_1_308' title='bbox 490 3905 544 3960; x_wconf 93' lang='lat' dir='ltr'><strong>in</strong></span> <span class='ocrx_word' id='word_1_309' title='bbox 599 3917 756 3978; x_wconf 90' lang='lat' dir='ltr'><strong>porta</strong></span> <span class='ocrx_word' id='word_1_310' title='bbox 793 3910 1032 3968; x_wconf 88' lang='lat' dir='ltr'><strong>civitatis</strong></span> <span class='ocrx_word' id='word_1_311' title='bbox 1063 3917 1414 3974; x_wconf 89' lang='lat' dir='ltr'><strong>manentibus</strong></span> <span class='ocrx_word' id='word_1_312' title='bbox 1447 3927 1659 3991; x_wconf 89' lang='lat' dir='ltr'><strong>tympa-</strong></span> 
     </span>
    </p>
   </div>
   <div class='ocr_carea' id='block_1_44' title="bbox 100 3991 1658 4082">
    <p class='ocr_par' dir='ltr' id='par_1_44' title="bbox 100 3991 1658 4082">
     <span class='ocr_line' id='line_1_44' title="bbox 100 3991 1658 4082; baseline 0.016 -40"><span class='ocrx_word' id='word_1_313' title='bbox 100 3991 298 4082; x_wconf 82' lang='lat' dir='ltr'><strong>nisavit,</strong></span> <span class='ocrx_word' id='word_1_314' title='bbox 348 3995 409 4050; x_wconf 89' lang='lat' dir='ltr'><strong>id</strong></span> <span class='ocrx_word' id='word_1_315' title='bbox 440 4004 526 4052; x_wconf 90' lang='lat' dir='ltr'><strong>est</strong></span> <span class='ocrx_word' id='word_1_316' title='bbox 572 3999 830 4068; x_wconf 89' lang='lat' dir='ltr'><strong>apostolis</strong></span> <span class='ocrx_word' id='word_1_317' title='bbox 871 4003 924 4057; x_wconf 94' lang='lat' dir='ltr'><strong>in</strong></span> <span class='ocrx_word' id='word_1_318' title='bbox 975 4003 1080 4061; x_wconf 88' lang='lat' dir='ltr'><strong>ﬁde</strong></span> <span class='ocrx_word' id='word_1_319' title='bbox 1117 4004 1229 4075; x_wconf 88' lang='lat' dir='ltr'><strong>jam</strong></span> <span class='ocrx_word' id='word_1_320' title='bbox 1262 4009 1493 4078; x_wconf 86' lang='lat' dir='ltr'><strong>positis,</strong></span> <span class='ocrx_word' id='word_1_321' title='bbox 1535 4027 1658 4082; x_wconf 72' lang='lat' dir='ltr'><strong>qua:</strong></span> 
     </span>
    </p>
   </div>
   <div class='ocr_carea' id='block_1_45' title="bbox 100 4080 1655 4164">
    <p class='ocr_par' dir='ltr' id='par_1_45' title="bbox 100 4080 1655 4164">
     <span class='ocr_line' id='line_1_45' title="bbox 100 4080 1655 4164; baseline 0.014 -29"><span class='ocrx_word' id='word_1_322' title='bbox 100 4080 325 4141; x_wconf 68' lang='lat' dir='ltr'><strong>introitus</strong></span> <span class='ocrx_word' id='word_1_323' title='bbox 365 4094 453 4141; x_wconf 87' lang='lat' dir='ltr'><strong>est</strong></span> <span class='ocrx_word' id='word_1_324' title='bbox 497 4085 832 4146; x_wconf 86' lang='lat' dir='ltr'><strong>Hierusalem</strong></span> <span class='ocrx_word' id='word_1_325' title='bbox 875 4093 1111 4149; x_wconf 88' lang='lat' dir='ltr'><strong>civitatis</strong></span> <span class='ocrx_word' id='word_1_326' title='bbox 1154 4104 1410 4164; x_wconf 64' lang='lat' dir='ltr'><strong>aeternae,</strong></span> <span class='ocrx_word' id='word_1_327' title='bbox 1459 4080 1655 4156; x_wconf 49' lang='lat' dir='ltr'><strong>son—um</strong></span> 
     </span>
    </p>
   </div>
   <div class='ocr_carea' id='block_1_46' title="bbox 100 4170 1656 4251">
    <p class='ocr_par' dir='ltr' id='par_1_46' title="bbox 100 4170 1656 4251">
     <span class='ocr_line' id='line_1_46' title="bbox 100 4170 1656 4251; baseline 0.017 -29"><span class='ocrx_word' id='word_1_328' title='bbox 100 4170 282 4229; x_wconf 86' lang='lat' dir='ltr'><strong>dulcem</strong></span> <span class='ocrx_word' id='word_1_329' title='bbox 324 4176 398 4231; x_wconf 89' lang='lat' dir='ltr'><strong>de</strong></span> <span class='ocrx_word' id='word_1_330' title='bbox 445 4186 701 4248; x_wconf 88' lang='lat' dir='ltr'><strong>tympano</strong></span> <span class='ocrx_word' id='word_1_331' title='bbox 749 4182 1020 4251; x_wconf 88' lang='lat' dir='ltr'><strong>protulit:</strong></span> <span class='ocrx_word' id='word_1_332' title='bbox 1075 4186 1381 4244; x_wconf 88' lang='lat' dir='ltr'><strong>doctrinam</strong></span> <span class='ocrx_word' id='word_1_333' title='bbox 1446 4191 1656 4248; x_wconf 87' lang='lat' dir='ltr'><strong>scilicet</strong></span> 
     </span>
    </p>
   </div>
   <div class='ocr_carea' id='block_1_47' title="bbox 101 4264 1656 4344">
    <p class='ocr_par' dir='ltr' id='par_1_47' title="bbox 101 4264 1656 4344">
     <span class='ocr_line' id='line_1_47' title="bbox 101 4264 1656 4344; baseline 0.017 -32"><span class='ocrx_word' id='word_1_334' title='bbox 101 4264 252 4318; x_wconf 83' lang='lat' dir='ltr'><strong>carnis</strong></span> <span class='ocrx_word' id='word_1_335' title='bbox 276 4268 672 4323; x_wconf 69' lang='lat' dir='ltr'><strong>mortiﬁcanda:</strong></span> <span class='ocrx_word' id='word_1_336' title='bbox 696 4309 711 4335; x_wconf 91' lang='lat'><strong>,</strong></span> <span class='ocrx_word' id='word_1_337' title='bbox 744 4273 908 4344; x_wconf 90' lang='lat' dir='ltr'><strong>et_sic</strong></span> <span class='ocrx_word' id='word_1_338' title='bbox 934 4275 1147 4330; x_wconf 81' lang='lat' dir='ltr'><strong>dulcem</strong></span> <span class='ocrx_word' id='word_1_339' title='bbox 1177 4289 1394 4335; x_wconf 90' lang='lat' dir='ltr'><strong>cantum</strong></span> <span class='ocrx_word' id='word_1_340' title='bbox 1427 4280 1656 4339; x_wconf 88' lang='lat' dir='ltr'><strong>Domino</strong></span> 
     </span>
    </p>
   </div>
   <div class='ocr_carea' id='block_1_48' title="bbox 99 4353 1653 4444">
    <p class='ocr_par' dir='ltr' id='par_1_48' title="bbox 99 4353 1653 4444">
     <span class='ocr_line' id='line_1_48' title="bbox 99 4353 1653 4444; baseline 0.016 -39"><span class='ocrx_word' id='word_1_341' title='bbox 99 4353 362 4444; x_wconf 67' lang='lat' dir='ltr'><strong>prolatum</strong></span> <span class='ocrx_word' id='word_1_342' title='bbox 385 4397 400 4423; x_wconf 93' lang='lat'><strong>,</strong></span> <span class='ocrx_word' id='word_1_343' title='bbox 432 4373 553 4428; x_wconf 73' lang='lat' dir='ltr'><strong>qure</strong></span> <span class='ocrx_word' id='word_1_344' title='bbox 585 4375 680 4430; x_wconf 91' lang='lat' dir='ltr'><strong>per</strong></span> <span class='ocrx_word' id='word_1_345' title='bbox 715 4371 1026 4434; x_wconf 80' lang='lat' dir='ltr'><strong>tympanum</strong></span> <span class='ocrx_word' id='word_1_346' title='bbox 1062 4369 1323 4440; x_wconf 89' lang='lat' dir='ltr'><strong>ﬁguratur</strong></span> <span class='ocrx_word' id='word_1_347' title='bbox 1353 4389 1366 4438; x_wconf 90' lang='lat'>;</span> <span class='ocrx_word' id='word_1_348' title='bbox 1403 4376 1545 4444; x_wconf 88' lang='lat' dir='ltr'><strong>quod</strong></span> <span class='ocrx_word' id='word_1_349' title='bbox 1586 4392 1653 4430; x_wconf 80' lang='lat' dir='ltr'><strong>ex</strong></span> 
     </span>
    </p>
   </div>
   <div class='ocr_carea' id='block_1_49' title="bbox 1779 550 3360 621">
    <p class='ocr_par' dir='ltr' id='par_1_49' title="bbox 1779 550 3360 621">
     <span class='ocr_line' id='line_1_49' title="bbox 1779 550 3360 621; baseline 0.008 -17"><span class='ocrx_word' id='word_1_350' title='bbox 1779 550 1958 618; x_wconf 90' lang='lat' dir='ltr'><strong>mine,</strong></span> <span class='ocrx_word' id='word_1_351' title='bbox 1999 551 2064 605; x_wconf 91' lang='lat' dir='ltr'><strong>ad</strong></span> <span class='ocrx_word' id='word_1_352' title='bbox 2090 567 2249 621; x_wconf 90' lang='lat' dir='ltr'><strong>quem</strong></span> <span class='ocrx_word' id='word_1_353' title='bbox 2304 552 2552 606; x_wconf 82' lang='lat' dir='ltr'><strong>ibimus?</strong></span> <span class='ocrx_word' id='word_1_354' title='bbox 2582 554 2742 608; x_wconf 88' lang='lat' dir='ltr'><strong>verba</strong></span> <span class='ocrx_word' id='word_1_355' title='bbox 2788 556 2910 609; x_wconf 73' lang='lat' dir='ltr'><strong>vitm</strong></span> <span class='ocrx_word' id='word_1_356' title='bbox 2941 566 3154 611; x_wconf 68' lang='lat' dir='ltr'><strong>aeterna;</strong></span> <span class='ocrx_word' id='word_1_357' title='bbox 3191 559 3360 616; x_wconf 89' lang='lat' dir='ltr'><strong>habes</strong></span> 
     </span>
    </p>
   </div>
   <div class='ocr_carea' id='block_1_50' title="bbox 1780 640 3360 713">
    <p class='ocr_par' dir='ltr' id='par_1_50' title="bbox 1780 640 3360 713">
     <span class='ocr_line' id='line_1_50' title="bbox 1780 640 3360 713; baseline 0.007 -19"><span class='ocrx_word' id='word_1_358' title='bbox 1780 640 1962 712; x_wconf 84' lang='lat' dir='ltr'><strong>(Joan.</strong></span> <span class='ocrx_word' id='word_1_359' title='bbox 1991 656 2074 705; x_wconf 87' lang='lat' dir='ltr'><strong>vt,</strong></span> <span class='ocrx_word' id='word_1_360' title='bbox 2109 641 2220 710; x_wconf 73' lang='lat'><strong>68).</strong></span> <span class='ocrx_word' id='word_1_361' title='bbox 2261 661 2278 694; x_wconf 76' lang='grc' dir='ltr'><strong>ι</strong></span> <span class='ocrx_word' id='word_1_362' title='bbox 2313 640 2486 697; x_wconf 85' lang='lat' dir='ltr'><strong>Barba</strong></span> <span class='ocrx_word' id='word_1_363' title='bbox 2526 658 2674 709; x_wconf 88' lang='lat' dir='ltr'><strong>vero,</strong></span> <span class='ocrx_word' id='word_1_364' title='bbox 2705 658 2823 712; x_wconf 65' lang='lat' dir='ltr'><strong>quae</strong></span> <span class='ocrx_word' id='word_1_365' title='bbox 2847 643 3058 713; x_wconf 90' lang='lat' dir='ltr'><strong>signum</strong></span> <span class='ocrx_word' id='word_1_366' title='bbox 3085 647 3360 706; x_wconf 84' lang='lat' dir='ltr'><strong>virilitatis</strong></span> 
     </span>
    </p>
   </div>
   <div class='ocr_carea' id='block_1_51' title="bbox 1778 730 3354 803">
    <p class='ocr_par' dir='ltr' id='par_1_51' title="bbox 1778 730 3354 803">
     <span class='ocr_line' id='line_1_51' title="bbox 1778 730 3354 803; baseline 0.004 -17"><span class='ocrx_word' id='word_1_367' title='bbox 1778 731 1892 798; x_wconf 83' lang='lat' dir='ltr'><strong>est,</strong></span> <span class='ocrx_word' id='word_1_368' title='bbox 1936 730 2120 786; x_wconf 86' lang='lat' dir='ltr'><strong>viriles</strong></span> <span class='ocrx_word' id='word_1_369' title='bbox 2158 732 2448 803; x_wconf 76' lang='lat' dir='ltr'><strong>significat.</strong></span> <span class='ocrx_word' id='word_1_370' title='bbox 2497 733 2629 788; x_wconf 89' lang='lat' dir='ltr'><strong>Sese</strong></span> <span class='ocrx_word' id='word_1_371' title='bbox 2672 745 2851 789; x_wconf 88' lang='lat' dir='ltr'><strong>autem</strong></span> <span class='ocrx_word' id='word_1_372' title='bbox 2892 734 3210 791; x_wconf 87' lang='lat' dir='ltr'><strong>mirabiliter</strong></span> <span class='ocrx_word' id='word_1_373' title='bbox 3237 754 3354 793; x_wconf 80' lang='lat' dir='ltr'><strong>ma-</strong></span> 
     </span>
    </p>
   </div>
   <div class='ocr_carea' id='block_1_52' title="bbox 1777 823 3357 896">
    <p class='ocr_par' dir='ltr' id='par_1_52' title="bbox 1777 823 3357 896">
     <span class='ocr_line' id='line_1_52' title="bbox 1777 823 3357 896; baseline 0.002 -16"><span class='ocrx_word' id='word_1_374' title='bbox 1777 824 1938 880; x_wconf 88' lang='lat' dir='ltr'><strong>nibus</strong></span> <span class='ocrx_word' id='word_1_375' title='bbox 1963 823 2152 878; x_wconf 90' lang='lat' dir='ltr'><strong>detulit</strong></span> <span class='ocrx_word' id='word_1_376' title='bbox 2178 863 2193 890; x_wconf 92' lang='lat'><strong>,</strong></span> <span class='ocrx_word' id='word_1_377' title='bbox 2231 840 2352 879; x_wconf 91' lang='lat' dir='ltr'><strong>cum</strong></span> <span class='ocrx_word' id='word_1_378' title='bbox 2403 840 2600 896; x_wconf 87' lang='lat' dir='ltr'><strong>corpus</strong></span> <span class='ocrx_word' id='word_1_379' title='bbox 2634 841 2789 880; x_wconf 91' lang='lat' dir='ltr'><strong>suum</strong></span> <span class='ocrx_word' id='word_1_380' title='bbox 2845 834 2900 879; x_wconf 89' lang='lat' dir='ltr'><strong>et</strong></span> <span class='ocrx_word' id='word_1_381' title='bbox 2937 826 3252 896; x_wconf 81' lang='lat' dir='ltr'><strong>sanguinem</strong></span> <span class='ocrx_word' id='word_1_382' title='bbox 3303 828 3357 884; x_wconf 93' lang='lat' dir='ltr'><strong>in</strong></span> 
     </span>
    </p>
   </div>
   <div class='ocr_carea' id='block_1_53' title="bbox 1777 915 3356 987">
    <p class='ocr_par' dir='ltr' id='par_1_53' title="bbox 1777 915 3356 987">
     <span class='ocr_line' id='line_1_53' title="bbox 1777 915 3356 987; baseline 0.001 -17"><span class='ocrx_word' id='word_1_383' title='bbox 1777 915 2028 970; x_wconf 88' lang='lat' dir='ltr'><strong>manibus</strong></span> <span class='ocrx_word' id='word_1_384' title='bbox 2057 915 2269 982; x_wconf 90' lang='lat' dir='ltr'><strong>ferens,</strong></span> <span class='ocrx_word' id='word_1_385' title='bbox 2305 916 2356 970; x_wconf 91' lang='lat' dir='ltr'><strong>in</strong></span> <span class='ocrx_word' id='word_1_386' title='bbox 2388 931 2542 972; x_wconf 73' lang='lat' dir='ltr'><strong>omna</strong></span> <span class='ocrx_word' id='word_1_387' title='bbox 2573 917 2850 987; x_wconf 87' lang='lat' dir='ltr'><strong>discipulis</strong></span> <span class='ocrx_word' id='word_1_388' title='bbox 2883 917 3120 983; x_wconf 89' lang='lat' dir='ltr'><strong>tradidit,</strong></span> <span class='ocrx_word' id='word_1_389' title='bbox 3149 919 3356 972; x_wconf 88' lang='lat' dir='ltr'><strong>dicens:</strong></span> 
     </span>
    </p>
   </div>
   <div class='ocr_carea' id='block_1_54' title="bbox 1784 1007 3352 1080">
    <p class='ocr_par' dir='ltr' id='par_1_54' title="bbox 1784 1007 3352 1080">
     <span class='ocr_line' id='line_1_54' title="bbox 1784 1007 3352 1080; baseline 0.001 -20"><span class='ocrx_word' id='word_1_390' title='bbox 1784 1007 2195 1077; x_wconf 78' lang='lat' dir='ltr'><strong>tA‘ceipite,hoc</strong></span> <span class='ocrx_word' id='word_1_391' title='bbox 2224 1016 2314 1078; x_wconf 39' lang='lat' dir='ltr'><strong>est.</strong></span> <span class='ocrx_word' id='word_1_392' title='bbox 2343 1021 2540 1078; x_wconf 88' lang='lat' dir='ltr'><strong>corpus</strong></span> <span class='ocrx_word' id='word_1_393' title='bbox 2570 1023 2747 1064; x_wconf 88' lang='lat' dir='ltr'><strong>meum</strong></span> <span class='ocrx_word' id='word_1_394' title='bbox 2777 1008 2992 1079; x_wconf 80' lang='lat' dir='ltr'><strong>(Matth.</strong></span> <span class='ocrx_word' id='word_1_395' title='bbox 3019 1025 3164 1074; x_wconf 78' lang='lat' dir='ltr'><strong>xxvi,</strong></span> <span class='ocrx_word' id='word_1_396' title='bbox 3195 1010 3284 1080; x_wconf 78' lang='grc'>26)</span> <span class='ocrx_word' id='word_1_397' title='bbox 3311 1011 3352 1080; x_wconf 74' lang='grc' dir='ltr'>ι»</span> 
     </span>
    </p>
   </div>
   <div class='ocr_carea' id='block_1_55' title="bbox 1776 1093 3362 1170">
    <p class='ocr_par' dir='ltr' id='par_1_55' title="bbox 1776 1093 3362 1170">
     <span class='ocr_line' id='line_1_55' title="bbox 1776 1093 3362 1170; baseline 0.003 -16"><span class='ocrx_word' id='word_1_398' title='bbox 1776 1093 1845 1155; x_wconf 85' lang='lat' dir='ltr'><strong>Et</strong></span> <span class='ocrx_word' id='word_1_399' title='bbox 1886 1100 2044 1170; x_wconf 90' lang='lat' dir='ltr'><strong>paulo</strong></span> <span class='ocrx_word' id='word_1_400' title='bbox 2103 1111 2223 1170; x_wconf 88' lang='lat' dir='ltr'><strong>post</strong></span> <span class='ocrx_word' id='word_1_401' title='bbox 2265 1117 2277 1155; x_wconf 88' lang='lat'><strong>:</strong></span> <span class='ocrx_word' id='word_1_402' title='bbox 2339 1101 2364 1152; x_wconf 71' lang='grc' dir='ltr'>ι’</span> <span class='ocrx_word' id='word_1_403' title='bbox 2401 1099 2571 1156; x_wconf 89' lang='lat' dir='ltr'><strong>Bibite</strong></span> <span class='ocrx_word' id='word_1_404' title='bbox 2621 1117 2684 1155; x_wconf 83' lang='lat' dir='ltr'><strong>ex</strong></span> <span class='ocrx_word' id='word_1_405' title='bbox 2730 1103 2830 1157; x_wconf 90' lang='lat' dir='ltr'><strong>hoc</strong></span> <span class='ocrx_word' id='word_1_406' title='bbox 2881 1117 3102 1168; x_wconf 86' lang='lat' dir='ltr'><strong>omnes,</strong></span> <span class='ocrx_word' id='word_1_407' title='bbox 3138 1103 3225 1157; x_wconf 92' lang='lat' dir='ltr'><strong>hic</strong></span> <span class='ocrx_word' id='word_1_408' title='bbox 3277 1113 3362 1158; x_wconf 86' lang='lat' dir='ltr'><strong>est</strong></span> 
     </span>
    </p>
   </div>
   <div class='ocr_carea' id='block_1_56' title="bbox 1777 1191 3357 1262">
    <p class='ocr_par' dir='ltr' id='par_1_56' title="bbox 1777 1191 3357 1262">
     <span class='ocr_line' id='line_1_56' title="bbox 1777 1191 3357 1262; baseline 0.002 -18"><span class='ocrx_word' id='word_1_409' title='bbox 1777 1191 1919 1244; x_wconf 88' lang='lat' dir='ltr'><strong>enim</strong></span> <span class='ocrx_word' id='word_1_410' title='bbox 1946 1191 2330 1259; x_wconf 80' lang='lat' dir='ltr'><strong>Sanguismeus</strong></span> <span class='ocrx_word' id='word_1_411' title='bbox 2346 1191 2550 1262; x_wconf 68' lang='grc' dir='ltr'><strong>(Ιῡίάλ).</strong></span> <span class='ocrx_word' id='word_1_412' title='bbox 2567 1212 2584 1244; x_wconf 77' lang='grc' dir='ltr'><strong>ι</strong></span> <span class='ocrx_word' id='word_1_413' title='bbox 2606 1191 2844 1256; x_wconf 78' lang='lat' dir='ltr'><strong>Vultum,</strong></span> <span class='ocrx_word' id='word_1_414' title='bbox 2861 1191 2912 1245; x_wconf 91' lang='lat' dir='ltr'><strong>id</strong></span> <span class='ocrx_word' id='word_1_415' title='bbox 2933 1203 3013 1246; x_wconf 90' lang='lat' dir='ltr'><strong>est</strong></span> <span class='ocrx_word' id='word_1_416' title='bbox 3028 1192 3357 1248; x_wconf 86' lang='lat' dir='ltr'><strong>voluntatem</strong></span> 
     </span>
    </p>
   </div>
   <div class='ocr_carea' id='block_1_57' title="bbox 1777 1269 3360 1351">
    <p class='ocr_par' dir='ltr' id='par_1_57' title="bbox 1777 1269 3360 1351">
     <span class='ocr_line' id='line_1_57' title="bbox 1777 1269 3360 1351; baseline 0.001 -13"><span class='ocrx_word' id='word_1_417' title='bbox 1777 1269 2142 1349; x_wconf 80' lang='lat' dir='ltr'><strong>Sacriﬁcandi,</strong></span> <span class='ocrx_word' id='word_1_418' title='bbox 2175 1299 2359 1338; x_wconf 89' lang='lat' dir='ltr'><strong>coram</strong></span> <span class='ocrx_word' id='word_1_419' title='bbox 2391 1285 2726 1351; x_wconf 78' lang='lat' dir='ltr'><strong>Abiun-lech,</strong></span> <span class='ocrx_word' id='word_1_420' title='bbox 2760 1285 2809 1338; x_wconf 89' lang='lat' dir='ltr'><strong>id</strong></span> <span class='ocrx_word' id='word_1_421' title='bbox 2842 1293 2924 1340; x_wconf 90' lang='lat' dir='ltr'><strong>est</strong></span> <span class='ocrx_word' id='word_1_422' title='bbox 2945 1285 3145 1340; x_wconf 75' lang='lat' dir='ltr'><strong>Judaeis</strong></span> <span class='ocrx_word' id='word_1_423' title='bbox 3168 1287 3360 1340; x_wconf 87' lang='lat' dir='ltr'><strong>immn-</strong></span> 
     </span>
    </p>
   </div>
   <div class='ocr_carea' id='block_1_58' title="bbox 1777 1373 3357 1446">
    <p class='ocr_par' dir='ltr' id='par_1_58' title="bbox 1777 1373 3357 1446">
     <span class='ocr_line' id='line_1_58' title="bbox 1777 1373 3357 1446; baseline 0.002 -20"><span class='ocrx_word' id='word_1_424' title='bbox 1777 1373 1941 1438; x_wconf 87' lang='lat' dir='ltr'><strong>tavit,</strong></span> <span class='ocrx_word' id='word_1_425' title='bbox 1970 1390 2090 1428; x_wconf 89' lang='lat' dir='ltr'><strong>cum</strong></span> <span class='ocrx_word' id='word_1_426' title='bbox 2132 1377 2265 1445; x_wconf 89' lang='lat' dir='ltr'><strong>ipse,</strong></span> <span class='ocrx_word' id='word_1_427' title='bbox 2297 1377 2386 1445; x_wconf 89' lang='lat' dir='ltr'><strong>qui</strong></span> <span class='ocrx_word' id='word_1_428' title='bbox 2442 1385 2598 1431; x_wconf 80' lang='lat' dir='ltr'><strong>antea</strong></span> <span class='ocrx_word' id='word_1_429' title='bbox 2636 1375 2938 1446; x_wconf 89' lang='lat' dir='ltr'><strong>ﬁguraliter</strong></span> <span class='ocrx_word' id='word_1_430' title='bbox 2985 1377 3252 1431; x_wconf 79' lang='lat' dir='ltr'><strong>sacriﬁcia</strong></span> <span class='ocrx_word' id='word_1_431' title='bbox 3280 1376 3357 1429; x_wconf 86' lang='lat' dir='ltr'><strong>le-</strong></span> 
     </span>
    </p>
   </div>
   <div class='ocr_carea' id='block_1_59' title="bbox 1775 1460 3356 1536">
    <p class='ocr_par' dir='ltr' id='par_1_59' title="bbox 1775 1460 3356 1536">
     <span class='ocr_line' id='line_1_59' title="bbox 1775 1460 3356 1536; baseline 0.005 -24"><span class='ocrx_word' id='word_1_432' title='bbox 1775 1460 1911 1531; x_wconf 89' lang='lat' dir='ltr'><strong>galia</strong></span> <span class='ocrx_word' id='word_1_433' title='bbox 1949 1460 2226 1528; x_wconf 89' lang='lat' dir='ltr'><strong>voluerat,</strong></span> <span class='ocrx_word' id='word_1_434' title='bbox 2261 1463 2500 1533; x_wconf 85' lang='lat' dir='ltr'><strong>quinque</strong></span> <span class='ocrx_word' id='word_1_435' title='bbox 2552 1464 2790 1519; x_wconf 88' lang='lat' dir='ltr'><strong>millibus</strong></span> <span class='ocrx_word' id='word_1_436' title='bbox 2833 1464 3140 1520; x_wconf 70' lang='lat' dir='ltr'><strong>Jndteorum</strong></span> <span class='ocrx_word' id='word_1_437' title='bbox 3167 1505 3182 1530; x_wconf 91' lang='lat'><strong>,</strong></span> <span class='ocrx_word' id='word_1_438' title='bbox 3221 1481 3356 1536; x_wconf 88' lang='lat' dir='ltr'><strong>quos</strong></span> 
     </span>
    </p>
   </div>
   <div class='ocr_carea' id='block_1_60' title="bbox 1775 1553 3354 1629">
    <p class='ocr_par' dir='ltr' id='par_1_60' title="bbox 1775 1553 3354 1629">
     <span class='ocr_line' id='line_1_60' title="bbox 1775 1553 3354 1629; baseline 0.001 -21"><span class='ocrx_word' id='word_1_439' title='bbox 1775 1553 1842 1610; x_wconf 88' lang='lat' dir='ltr'><strong>de</strong></span> <span class='ocrx_word' id='word_1_440' title='bbox 1870 1555 2109 1626; x_wconf 89' lang='lat' dir='ltr'><strong>quinque</strong></span> <span class='ocrx_word' id='word_1_441' title='bbox 2137 1557 2367 1624; x_wconf 91' lang='lat' dir='ltr'><strong>panibus</strong></span> <span class='ocrx_word' id='word_1_442' title='bbox 2397 1566 2450 1612; x_wconf 89' lang='lat' dir='ltr'><strong>et</strong></span> <span class='ocrx_word' id='word_1_443' title='bbox 2475 1557 2682 1612; x_wconf 89' lang='lat' dir='ltr'><strong>duobus</strong></span> <span class='ocrx_word' id='word_1_444' title='bbox 2713 1557 2952 1629; x_wconf 88' lang='lat' dir='ltr'><strong>piscibus</strong></span> <span class='ocrx_word' id='word_1_445' title='bbox 2980 1566 3318 1612; x_wconf 86' lang='lat' dir='ltr'><strong>saturaverat</strong></span> <span class='ocrx_word' id='word_1_446' title='bbox 3337 1595 3354 1625; x_wconf 88' lang='lat'><strong>,</strong></span> 
     </span>
    </p>
   </div>
   <div class='ocr_carea' id='block_1_61' title="bbox 1772 1649 3352 1718">
    <p class='ocr_par' dir='ltr' id='par_1_61' title="bbox 1772 1649 3352 1718">
     <span class='ocr_line' id='line_1_61' title="bbox 1772 1649 3352 1718; baseline -0.003 -14"><span class='ocrx_word' id='word_1_447' title='bbox 1772 1649 2016 1717; x_wconf 89' lang='lat' dir='ltr'><strong>corporis</strong></span> <span class='ocrx_word' id='word_1_448' title='bbox 2061 1649 2142 1702; x_wconf 88' lang='lat' dir='ltr'><strong>sui</strong></span> <span class='ocrx_word' id='word_1_449' title='bbox 2168 1659 2222 1704; x_wconf 90' lang='lat' dir='ltr'><strong>et</strong></span> <span class='ocrx_word' id='word_1_450' title='bbox 2265 1649 2544 1718; x_wconf 88' lang='lat' dir='ltr'><strong>sanguinis</strong></span> <span class='ocrx_word' id='word_1_451' title='bbox 2572 1650 2802 1704; x_wconf 83' lang='lat' dir='ltr'><strong>hostiam</strong></span> <span class='ocrx_word' id='word_1_452' title='bbox 2843 1649 3176 1706; x_wconf 79' lang='lat' dir='ltr'><strong>offerendam</strong></span> <span class='ocrx_word' id='word_1_453' title='bbox 3209 1665 3352 1717; x_wconf 79' lang='lat' dir='ltr'><strong>esse,</strong></span> 
     </span>
    </p>
   </div>
   <div class='ocr_carea' id='block_1_62' title="bbox 1774 1739 3348 1813">
    <p class='ocr_par' dir='ltr' id='par_1_62' title="bbox 1774 1739 3348 1813">
     <span class='ocr_line' id='line_1_62' title="bbox 1774 1739 3348 1813; baseline 0.003 -20"><span class='ocrx_word' id='word_1_454' title='bbox 1774 1747 1833 1793; x_wconf 93' lang='lat' dir='ltr'><strong>ut</strong></span> <span class='ocrx_word' id='word_1_455' title='bbox 1858 1739 2115 1794; x_wconf 90' lang='lat' dir='ltr'><strong>scribitur</strong></span> <span class='ocrx_word' id='word_1_456' title='bbox 2155 1755 2184 1794; x_wconf 91' lang='lat' dir='ltr'><strong>a</strong></span> <span class='ocrx_word' id='word_1_457' title='bbox 2238 1739 2484 1810; x_wconf 84' lang='lat' dir='ltr'><strong>Joanne,</strong></span> <span class='ocrx_word' id='word_1_458' title='bbox 2536 1744 2874 1796; x_wconf 87' lang='lat' dir='ltr'><strong>monstravit.</strong></span> <span class='ocrx_word' id='word_1_459' title='bbox 2923 1742 3102 1809; x_wconf 83' lang='lat' dir='ltr'><strong>Quare</strong></span> <span class='ocrx_word' id='word_1_460' title='bbox 3132 1759 3348 1813; x_wconf 79' lang='lat' dir='ltr'><strong>quoque</strong></span> 
     </span>
    </p>
   </div>
   <div class='ocr_carea' id='block_1_63' title="bbox 1776 1829 3354 1904">
    <p class='ocr_par' dir='ltr' id='par_1_63' title="bbox 1776 1829 3354 1904">
     <span class='ocr_line' id='line_1_63' title="bbox 1776 1829 3354 1904; baseline 0.004 -21"><span class='ocrx_word' id='word_1_461' title='bbox 1776 1829 2000 1884; x_wconf 91' lang='lat' dir='ltr'><strong>insanus</strong></span> <span class='ocrx_word' id='word_1_462' title='bbox 2039 1829 2121 1884; x_wconf 90' lang='lat' dir='ltr'><strong>eis</strong></span> <span class='ocrx_word' id='word_1_463' title='bbox 2170 1830 2318 1886; x_wconf 92' lang='lat' dir='ltr'><strong>visus</strong></span> <span class='ocrx_word' id='word_1_464' title='bbox 2354 1840 2438 1886; x_wconf 89' lang='lat' dir='ltr'><strong>cst</strong></span> <span class='ocrx_word' id='word_1_465' title='bbox 2474 1849 2577 1886; x_wconf 89' lang='lat' dir='ltr'><strong>non</strong></span> <span class='ocrx_word' id='word_1_466' title='bbox 2629 1833 3092 1904; x_wconf 81' lang='lat' dir='ltr'><strong>intelligentibus:</strong></span> <span class='ocrx_word' id='word_1_467' title='bbox 3128 1836 3354 1898; x_wconf 87' lang='lat' dir='ltr'><strong>ideoque</strong></span> 
     </span>
    </p>
   </div>
   <div class='ocr_carea' id='block_1_64' title="bbox 1770 1919 3352 1994">
    <p class='ocr_par' dir='ltr' id='par_1_64' title="bbox 1770 1919 3352 1994">
     <span class='ocr_line' id='line_1_64' title="bbox 1770 1919 3352 1994; baseline 0.003 -20"><span class='ocrx_word' id='word_1_468' title='bbox 1770 1920 1840 1975; x_wconf 88' lang='lat' dir='ltr'><strong>ab</strong></span> <span class='ocrx_word' id='word_1_469' title='bbox 1868 1919 2074 1975; x_wconf 88' lang='lat' dir='ltr'><strong>eisdem</strong></span> <span class='ocrx_word' id='word_1_470' title='bbox 2111 1919 2423 1976; x_wconf 83' lang='lat' dir='ltr'><strong>Abimelech</strong></span> <span class='ocrx_word' id='word_1_471' title='bbox 2451 1921 2610 1977; x_wconf 89' lang='lat' dir='ltr'><strong>dictis</strong></span> <span class='ocrx_word' id='word_1_472' title='bbox 2637 1923 2915 1978; x_wconf 89' lang='lat' dir='ltr'><strong>dimissus.</strong></span> <span class='ocrx_word' id='word_1_473' title='bbox 2962 1923 3054 1978; x_wconf 89' lang='lat' dir='ltr'><strong>Sic</strong></span> <span class='ocrx_word' id='word_1_474' title='bbox 3087 1923 3250 1994; x_wconf 87' lang='lat' dir='ltr'><strong>igitur</strong></span> <span class='ocrx_word' id='word_1_475' title='bbox 3282 1925 3352 1978; x_wconf 90' lang='lat' dir='ltr'><strong>ab</strong></span> 
     </span>
    </p>
   </div>
   <div class='ocr_carea' id='block_1_65' title="bbox 1771 2010 3350 2085">
    <p class='ocr_par' dir='ltr' id='par_1_65' title="bbox 1771 2010 3350 2085">
     <span class='ocr_line' id='line_1_65' title="bbox 1771 2010 3350 2085; baseline 0.001 -19"><span class='ocrx_word' id='word_1_476' title='bbox 1771 2010 1852 2066; x_wconf 90' lang='lat' dir='ltr'><strong>eis</strong></span> <span class='ocrx_word' id='word_1_477' title='bbox 1875 2011 2062 2065; x_wconf 88' lang='lat' dir='ltr'><strong>abiens</strong></span> <span class='ocrx_word' id='word_1_478' title='bbox 2092 2011 2158 2064; x_wconf 88' lang='lat' dir='ltr'><strong>ad</strong></span> <span class='ocrx_word' id='word_1_479' title='bbox 2185 2022 2374 2079; x_wconf 85' lang='lat' dir='ltr'><strong>gentes</strong></span> <span class='ocrx_word' id='word_1_480' title='bbox 2422 2029 2480 2068; x_wconf 87' lang='lat' dir='ltr'><strong>se</strong></span> <span class='ocrx_word' id='word_1_481' title='bbox 2508 2013 2784 2067; x_wconf 89' lang='lat' dir='ltr'><strong>transtulit</strong></span> <span class='ocrx_word' id='word_1_482' title='bbox 2810 2030 2824 2067; x_wconf 87' lang='lat'><strong>:</strong></span> <span class='ocrx_word' id='word_1_483' title='bbox 2873 2015 2940 2069; x_wconf 90' lang='lat' dir='ltr'><strong>de</strong></span> <span class='ocrx_word' id='word_1_484' title='bbox 2983 2015 3179 2085; x_wconf 86' lang='lat' dir='ltr'><strong>quibus</strong></span> <span class='ocrx_word' id='word_1_485' title='bbox 3207 2015 3350 2070; x_wconf 89' lang='lat' dir='ltr'><strong>idem</strong></span> 
     </span>
    </p>
   </div>
   <div class='ocr_carea' id='block_1_66' title="bbox 1771 2104 3354 2176">
    <p class='ocr_par' dir='ltr' id='par_1_66' title="bbox 1771 2104 3354 2176">
     <span class='ocr_line' id='line_1_66' title="bbox 1771 2104 3354 2176; baseline 0.002 -17"><span class='ocrx_word' id='word_1_486' title='bbox 1771 2114 1928 2159; x_wconf 90' lang='lat' dir='ltr'><strong>antea</strong></span> <span class='ocrx_word' id='word_1_487' title='bbox 1975 2104 2187 2157; x_wconf 77' lang='lat' dir='ltr'><strong>dixerat</strong></span> <span class='ocrx_word' id='word_1_488' title='bbox 2221 2122 2232 2156; x_wconf 92' lang='lat'>:</span> <span class='ocrx_word' id='word_1_489' title='bbox 2289 2124 2305 2154; x_wconf 77' lang='grc' dir='ltr'><strong>ι</strong></span> <span class='ocrx_word' id='word_1_490' title='bbox 2342 2104 2491 2160; x_wconf 86' lang='lat' dir='ltr'><strong>Alias</strong></span> <span class='ocrx_word' id='word_1_491' title='bbox 2516 2121 2644 2160; x_wconf 86' lang='lat' dir='ltr'><strong>oves</strong></span> <span class='ocrx_word' id='word_1_492' title='bbox 2676 2107 2848 2160; x_wconf 89' lang='lat' dir='ltr'><strong>habeo</strong></span> <span class='ocrx_word' id='word_1_493' title='bbox 2870 2147 2883 2171; x_wconf 90' lang='lat'><strong>,</strong></span> <span class='ocrx_word' id='word_1_494' title='bbox 2926 2121 3044 2176; x_wconf 85' lang='lat' dir='ltr'><strong>qua:</strong></span> <span class='ocrx_word' id='word_1_495' title='bbox 3072 2122 3176 2160; x_wconf 89' lang='lat' dir='ltr'><strong>non</strong></span> <span class='ocrx_word' id='word_1_496' title='bbox 3225 2116 3354 2162; x_wconf 83' lang='lat' dir='ltr'><strong>sunt</strong></span> 
     </span>
    </p>
   </div>
   <div class='ocr_carea' id='block_1_67' title="bbox 1770 2195 3351 2266">
    <p class='ocr_par' dir='ltr' id='par_1_67' title="bbox 1770 2195 3351 2266">
     <span class='ocr_line' id='line_1_67' title="bbox 1770 2195 3351 2266; baseline 0.001 -16"><span class='ocrx_word' id='word_1_497' title='bbox 1770 2211 1836 2250; x_wconf 76' lang='lat' dir='ltr'><strong>cx</strong></span> <span class='ocrx_word' id='word_1_498' title='bbox 1861 2196 1960 2250; x_wconf 89' lang='lat' dir='ltr'><strong>hoc</strong></span> <span class='ocrx_word' id='word_1_499' title='bbox 1985 2196 2145 2259; x_wconf 86' lang='lat' dir='ltr'><strong>ovili;</strong></span> <span class='ocrx_word' id='word_1_500' title='bbox 2172 2205 2226 2250; x_wconf 87' lang='lat' dir='ltr'><strong>et</strong></span> <span class='ocrx_word' id='word_1_501' title='bbox 2255 2195 2372 2250; x_wconf 88' lang='lat' dir='ltr'><strong>illas</strong></span> <span class='ocrx_word' id='word_1_502' title='bbox 2395 2205 2609 2266; x_wconf 87' lang='lat' dir='ltr'><strong>oportet</strong></span> <span class='ocrx_word' id='word_1_503' title='bbox 2650 2213 2735 2252; x_wconf 89' lang='lat' dir='ltr'><strong>me</strong></span> <span class='ocrx_word' id='word_1_504' title='bbox 2765 2198 3058 2264; x_wconf 88' lang='lat' dir='ltr'><strong>adducere,</strong></span> <span class='ocrx_word' id='word_1_505' title='bbox 3085 2205 3139 2252; x_wconf 91' lang='lat' dir='ltr'><strong>et</strong></span> <span class='ocrx_word' id='word_1_506' title='bbox 3164 2213 3351 2253; x_wconf 82' lang='lat' dir='ltr'><strong>vocem</strong></span> 
     </span>
    </p>
   </div>
   <div class='ocr_carea' id='block_1_68' title="bbox 1773 2285 3354 2360">
    <p class='ocr_par' dir='ltr' id='par_1_68' title="bbox 1773 2285 3354 2360">
     <span class='ocr_line' id='line_1_68' title="bbox 1773 2285 3354 2360; baseline 0.002 -18"><span class='ocrx_word' id='word_1_507' title='bbox 1773 2302 1947 2342; x_wconf 87' lang='lat' dir='ltr'><strong>meatu</strong></span> <span class='ocrx_word' id='word_1_508' title='bbox 1979 2287 2197 2340; x_wconf 90' lang='lat' dir='ltr'><strong>audient</strong></span> <span class='ocrx_word' id='word_1_509' title='bbox 2243 2285 2425 2356; x_wconf 83' lang='lat' dir='ltr'><strong>(Joan.</strong></span> <span class='ocrx_word' id='word_1_510' title='bbox 2459 2303 2489 2340; x_wconf 85' lang='lat' dir='ltr'><strong><em>x</em></strong></span> <span class='ocrx_word' id='word_1_511' title='bbox 2515 2329 2529 2354; x_wconf 91' lang='lat'><strong>,</strong></span> <span class='ocrx_word' id='word_1_512' title='bbox 2581 2289 2707 2360; x_wconf 82' lang='grc'><strong>16).</strong></span> <span class='ocrx_word' id='word_1_513' title='bbox 2742 2309 2760 2342; x_wconf 72' lang='grc' dir='ltr'><strong>ι</strong></span> <span class='ocrx_word' id='word_1_514' title='bbox 2805 2287 2990 2343; x_wconf 82' lang='lat' dir='ltr'><strong>Vultus</strong></span> <span class='ocrx_word' id='word_1_515' title='bbox 3025 2300 3205 2345; x_wconf 89' lang='lat' dir='ltr'><strong>autem</strong></span> <span class='ocrx_word' id='word_1_516' title='bbox 3255 2306 3354 2360; x_wconf 90' lang='lat' dir='ltr'><strong>pro</strong></span> 
     </span>
    </p>
   </div>
   <div class='ocr_carea' id='block_1_69' title="bbox 1769 2377 3353 2451">
    <p class='ocr_par' dir='ltr' id='par_1_69' title="bbox 1769 2377 3353 2451">
     <span class='ocr_line' id='line_1_69' title="bbox 1769 2377 3353 2451; baseline 0.004 -21"><span class='ocrx_word' id='word_1_517' title='bbox 1769 2377 2046 2432; x_wconf 88' lang='lat' dir='ltr'><strong>voluntate</strong></span> <span class='ocrx_word' id='word_1_518' title='bbox 2074 2377 2328 2445; x_wconf 88' lang='lat' dir='ltr'><strong>ponitur;</strong></span> <span class='ocrx_word' id='word_1_519' title='bbox 2356 2378 2479 2446; x_wconf 87' lang='lat' dir='ltr'><strong>quia</strong></span> <span class='ocrx_word' id='word_1_520' title='bbox 2515 2379 2566 2432; x_wconf 94' lang='lat' dir='ltr'><strong>in</strong></span> <span class='ocrx_word' id='word_1_521' title='bbox 2598 2380 2744 2433; x_wconf 91' lang='lat' dir='ltr'><strong>vultu</strong></span> <span class='ocrx_word' id='word_1_522' title='bbox 2770 2380 3014 2435; x_wconf 86' lang='lat' dir='ltr'><strong>voluntas</strong></span> <span class='ocrx_word' id='word_1_523' title='bbox 3053 2381 3353 2451; x_wconf 65' lang='lat' dir='ltr'><strong>saepissime</strong></span> 
     </span>
    </p>
   </div>
   <div class='ocr_carea' id='block_1_70' title="bbox 1770 2469 3355 2543">
    <p class='ocr_par' dir='ltr' id='par_1_70' title="bbox 1770 2469 3355 2543">
     <span class='ocr_line' id='line_1_70' title="bbox 1770 2469 3355 2543; baseline 0.001 -18"><span class='ocrx_word' id='word_1_524' title='bbox 1770 2469 2080 2525; x_wconf 90' lang='lat' dir='ltr'><strong>denotatur.</strong></span> <span class='ocrx_word' id='word_1_525' title='bbox 2163 2469 2413 2526; x_wconf 67' lang='lat' dir='ltr'><strong>Historiae</strong></span> <span class='ocrx_word' id='word_1_526' title='bbox 2481 2471 2649 2540; x_wconf 85' lang='lat' dir='ltr'><strong>ﬁgura</strong></span> <span class='ocrx_word' id='word_1_527' title='bbox 2715 2483 2769 2527; x_wconf 90' lang='lat' dir='ltr'><strong>et</strong></span> <span class='ocrx_word' id='word_1_528' title='bbox 2821 2473 2965 2526; x_wconf 89' lang='lat' dir='ltr'><strong>serie</strong></span> <span class='ocrx_word' id='word_1_529' title='bbox 3032 2483 3192 2543; x_wconf 88' lang='lat' dir='ltr'><strong>prout</strong></span> <span class='ocrx_word' id='word_1_530' title='bbox 3253 2473 3355 2526; x_wconf 86' lang='lat' dir='ltr'><strong>fuit</strong></span> 
     </span>
    </p>
   </div>
   <div class='ocr_carea' id='block_1_71' title="bbox 1769 2547 3353 2631">
    <p class='ocr_par' dir='ltr' id='par_1_71' title="bbox 1769 2547 3353 2631">
     <span class='ocr_line' id='line_1_71' title="bbox 1769 2547 3353 2631; baseline 0.002 -19"><span class='ocrx_word' id='word_1_531' title='bbox 1769 2547 2028 2630; x_wconf 86' lang='lat' dir='ltr'><strong>possibile</strong></span> <span class='ocrx_word' id='word_1_532' title='bbox 2049 2567 2400 2629; x_wconf 87' lang='lat' dir='ltr'><strong>pertractata,</strong></span> <span class='ocrx_word' id='word_1_533' title='bbox 2417 2559 2484 2614; x_wconf 89' lang='lat' dir='ltr'><strong>ad</strong></span> <span class='ocrx_word' id='word_1_534' title='bbox 2511 2560 2649 2614; x_wconf 90' lang='lat' dir='ltr'><strong>tituli</strong></span> <span class='ocrx_word' id='word_1_535' title='bbox 2678 2563 2840 2616; x_wconf 91' lang='lat' dir='ltr'><strong>verba</strong></span> <span class='ocrx_word' id='word_1_536' title='bbox 2865 2563 3181 2631; x_wconf 81' lang='lat' dir='ltr'><strong>exponenda</strong></span> <span class='ocrx_word' id='word_1_537' title='bbox 3200 2576 3353 2615; x_wconf 79' lang='lat' dir='ltr'><strong>accc-</strong></span> 
     </span>
    </p>
   </div>
   <div class='ocr_carea' id='block_1_72' title="bbox 1771 2648 3352 2718">
    <p class='ocr_par' dir='ltr' id='par_1_72' title="bbox 1771 2648 3352 2718">
     <span class='ocr_line' id='line_1_72' title="bbox 1771 2648 3352 2718; baseline 0.002 -14"><span class='ocrx_word' id='word_1_538' title='bbox 1771 2651 1980 2704; x_wconf 88' lang='lat' dir='ltr'><strong>damus.</strong></span> <span class='ocrx_word' id='word_1_539' title='bbox 2015 2648 2284 2715; x_wconf 80' lang='lat' dir='ltr'><strong>l’salmus,</strong></span> <span class='ocrx_word' id='word_1_540' title='bbox 2319 2649 2370 2703; x_wconf 92' lang='lat' dir='ltr'><strong>id</strong></span> <span class='ocrx_word' id='word_1_541' title='bbox 2409 2660 2494 2704; x_wconf 89' lang='lat' dir='ltr'><strong>est</strong></span> <span class='ocrx_word' id='word_1_542' title='bbox 2524 2659 2789 2706; x_wconf 90' lang='lat' dir='ltr'><strong>tractatus</strong></span> <span class='ocrx_word' id='word_1_543' title='bbox 2817 2651 2918 2708; x_wconf 90' lang='lat' dir='ltr'><strong>iste</strong></span> <span class='ocrx_word' id='word_1_544' title='bbox 2945 2659 3028 2707; x_wconf 90' lang='lat' dir='ltr'><strong>est</strong></span> <span class='ocrx_word' id='word_1_545' title='bbox 3049 2652 3219 2707; x_wconf 89' lang='lat' dir='ltr'><strong>David</strong></span> <span class='ocrx_word' id='word_1_546' title='bbox 3247 2693 3261 2718; x_wconf 92' lang='lat'><strong>,</strong></span> <span class='ocrx_word' id='word_1_547' title='bbox 3300 2653 3352 2707; x_wconf 92' lang='lat' dir='ltr'><strong>id</strong></span> 
     </span>
    </p>
   </div>
   <div class='ocr_carea' id='block_1_73' title="bbox 1768 2741 3350 2804">
    <p class='ocr_par' dir='ltr' id='par_1_73' title="bbox 1768 2741 3350 2804">
     <span class='ocr_line' id='line_1_73' title="bbox 1768 2741 3350 2804; baseline 0.004 -9"><span class='ocrx_word' id='word_1_548' title='bbox 1768 2750 1853 2796; x_wconf 91' lang='lat' dir='ltr'><strong>est</strong></span> <span class='ocrx_word' id='word_1_549' title='bbox 1879 2741 2077 2797; x_wconf 88' lang='lat' dir='ltr'><strong>Christi</strong></span> <span class='ocrx_word' id='word_1_550' title='bbox 2103 2759 2116 2804; x_wconf 87' lang='lat'><strong>;</strong></span> <span class='ocrx_word' id='word_1_551' title='bbox 2152 2741 2458 2798; x_wconf 90' lang='lat' dir='ltr'><strong>intellectus</strong></span> <span class='ocrx_word' id='word_1_552' title='bbox 2488 2759 2516 2796; x_wconf 91' lang='lat' dir='ltr'><strong>a</strong></span> <span class='ocrx_word' id='word_1_553' title='bbox 2550 2743 2798 2800; x_wconf 90' lang='lat' dir='ltr'><strong>ﬁdelibus</strong></span> <span class='ocrx_word' id='word_1_554' title='bbox 2828 2744 2912 2799; x_wconf 90' lang='lat' dir='ltr'><strong>vel</strong></span> <span class='ocrx_word' id='word_1_555' title='bbox 2960 2745 3293 2802; x_wconf 90' lang='lat' dir='ltr'><strong>insistendus</strong></span> <span class='ocrx_word' id='word_1_556' title='bbox 3317 2762 3350 2802; x_wconf 88' lang='lat' dir='ltr'><strong>a</strong></span> 
     </span>
    </p>
   </div>
   <div class='ocr_carea' id='block_1_74' title="bbox 1767 2829 3351 2906">
    <p class='ocr_par' dir='ltr' id='par_1_74' title="bbox 1767 2829 3351 2906">
     <span class='ocr_line' id='line_1_74' title="bbox 1767 2829 3351 2906; baseline 0.004 -20"><span class='ocrx_word' id='word_1_557' title='bbox 1767 2829 2018 2886; x_wconf 80' lang='lat' dir='ltr'><strong>ﬁdelibus</strong></span> <span class='ocrx_word' id='word_1_558' title='bbox 2040 2872 2054 2896; x_wconf 92' lang='lat'><strong>,</strong></span> <span class='ocrx_word' id='word_1_559' title='bbox 2087 2833 2138 2886; x_wconf 87' lang='lat' dir='ltr'><strong>id</strong></span> <span class='ocrx_word' id='word_1_560' title='bbox 2183 2842 2262 2888; x_wconf 89' lang='lat' dir='ltr'><strong>est</strong></span> <span class='ocrx_word' id='word_1_561' title='bbox 2297 2834 2645 2903; x_wconf 89' lang='lat' dir='ltr'><strong>complendus</strong></span> <span class='ocrx_word' id='word_1_562' title='bbox 2671 2874 2686 2900; x_wconf 91' lang='lat'><strong>,</strong></span> <span class='ocrx_word' id='word_1_563' title='bbox 2752 2850 2872 2889; x_wconf 90' lang='lat' dir='ltr'><strong>cum</strong></span> <span class='ocrx_word' id='word_1_564' title='bbox 2927 2835 3041 2906; x_wconf 91' lang='lat' dir='ltr'><strong>ipse</strong></span> <span class='ocrx_word' id='word_1_565' title='bbox 3072 2836 3262 2905; x_wconf 85' lang='lat' dir='ltr'><strong>David,</strong></span> <span class='ocrx_word' id='word_1_566' title='bbox 3297 2837 3351 2892; x_wconf 89' lang='lat' dir='ltr'><strong>id</strong></span> 
     </span>
    </p>
   </div>
   <div class='ocr_carea' id='block_1_75' title="bbox 1769 2927 3349 2995">
    <p class='ocr_par' dir='ltr' id='par_1_75' title="bbox 1769 2927 3349 2995">
     <span class='ocr_line' id='line_1_75' title="bbox 1769 2927 3349 2995; baseline 0.001 -16"><span class='ocrx_word' id='word_1_567' title='bbox 1769 2934 1851 2980; x_wconf 86' lang='lat' dir='ltr'><strong>est</strong></span> <span class='ocrx_word' id='word_1_568' title='bbox 1879 2935 2162 2995; x_wconf 87' lang='lat' dir='ltr'><strong>postquam</strong></span> <span class='ocrx_word' id='word_1_569' title='bbox 2199 2927 2313 2995; x_wconf 88' lang='lat' dir='ltr'><strong>ipse</strong></span> <span class='ocrx_word' id='word_1_570' title='bbox 2348 2927 2916 2982; x_wconf 89' lang='lat' dir='ltr'><strong>Christusimmutavit</strong></span> <span class='ocrx_word' id='word_1_571' title='bbox 2947 2929 3148 2981; x_wconf 89' lang='lat' dir='ltr'><strong>vultum</strong></span> <span class='ocrx_word' id='word_1_572' title='bbox 3166 2943 3349 2993; x_wconf 88' lang='lat' dir='ltr'><strong>suum,</strong></span> 
     </span>
    </p>
   </div>
   <div class='ocr_carea' id='block_1_76' title="bbox 1767 3016 3351 3085">
    <p class='ocr_par' dir='ltr' id='par_1_76' title="bbox 1767 3016 3351 3085">
     <span class='ocr_line' id='line_1_76' title="bbox 1767 3016 3351 3085; baseline 0.001 -14"><span class='ocrx_word' id='word_1_573' title='bbox 1767 3017 1820 3071; x_wconf 89' lang='lat' dir='ltr'><strong>id</strong></span> <span class='ocrx_word' id='word_1_574' title='bbox 1841 3026 1925 3070; x_wconf 83' lang='lat' dir='ltr'><strong>est</strong></span> <span class='ocrx_word' id='word_1_575' title='bbox 1953 3016 2279 3070; x_wconf 87' lang='lat' dir='ltr'><strong>voluntatem</strong></span> <span class='ocrx_word' id='word_1_576' title='bbox 2305 3032 2456 3072; x_wconf 87' lang='lat' dir='ltr'><strong>suam</strong></span> <span class='ocrx_word' id='word_1_577' title='bbox 2505 3019 2873 3085; x_wconf 88' lang='lat' dir='ltr'><strong>sacriﬁcandi,</strong></span> <span class='ocrx_word' id='word_1_578' title='bbox 2929 3034 3110 3072; x_wconf 85' lang='lat' dir='ltr'><strong>coram</strong></span> <span class='ocrx_word' id='word_1_579' title='bbox 3130 3019 3351 3072; x_wconf 78' lang='lat' dir='ltr'><strong>Abhinc--</strong></span> 
     </span>
    </p>
   </div>
   <div class='ocr_carea' id='block_1_77' title="bbox 1767 3103 3351 3178">
    <p class='ocr_par' dir='ltr' id='par_1_77' title="bbox 1767 3103 3351 3178">
     <span class='ocr_line' id='line_1_77' title="bbox 1767 3103 3351 3178; baseline 0.004 -21"><span class='ocrx_word' id='word_1_580' title='bbox 1767 3104 1918 3172; x_wconf 90' lang='lat' dir='ltr'><strong>lech,</strong></span> <span class='ocrx_word' id='word_1_581' title='bbox 1952 3105 2004 3158; x_wconf 92' lang='lat' dir='ltr'><strong>id</strong></span> <span class='ocrx_word' id='word_1_582' title='bbox 2047 3115 2131 3160; x_wconf 88' lang='lat' dir='ltr'><strong>est</strong></span> <span class='ocrx_word' id='word_1_583' title='bbox 2179 3103 2380 3161; x_wconf 71' lang='lat' dir='ltr'><strong>Judaeis</strong></span> <span class='ocrx_word' id='word_1_584' title='bbox 2415 3124 2430 3160; x_wconf 90' lang='lat'><strong>:</strong></span> <span class='ocrx_word' id='word_1_585' title='bbox 2464 3116 2518 3161; x_wconf 91' lang='lat' dir='ltr'><strong>et</strong></span> <span class='ocrx_word' id='word_1_586' title='bbox 2573 3117 2860 3178; x_wconf 88' lang='lat' dir='ltr'><strong>postquam</strong></span> <span class='ocrx_word' id='word_1_587' title='bbox 2913 3109 3228 3164; x_wconf 88' lang='lat' dir='ltr'><strong>Abimelech</strong></span> <span class='ocrx_word' id='word_1_588' title='bbox 3271 3110 3351 3164; x_wconf 87' lang='lat' dir='ltr'><strong>di-</strong></span> 
     </span>
    </p>
   </div>
   <div class='ocr_carea' id='block_1_78' title="bbox 1767 3195 3350 3271">
    <p class='ocr_par' dir='ltr' id='par_1_78' title="bbox 1767 3195 3350 3271">
     <span class='ocr_line' id='line_1_78' title="bbox 1767 3195 3350 3271; baseline 0.002 -21"><span class='ocrx_word' id='word_1_589' title='bbox 1767 3197 1911 3251; x_wconf 86' lang='lat' dir='ltr'><strong>tuisit</strong></span> <span class='ocrx_word' id='word_1_590' title='bbox 1942 3211 2065 3250; x_wconf 87' lang='lat' dir='ltr'><strong>cum</strong></span> <span class='ocrx_word' id='word_1_591' title='bbox 2100 3195 2408 3263; x_wconf 84' lang='lat' dir='ltr'><strong>Christum,</strong></span> <span class='ocrx_word' id='word_1_592' title='bbox 2444 3205 2497 3251; x_wconf 90' lang='lat' dir='ltr'><strong>et</strong></span> <span class='ocrx_word' id='word_1_593' title='bbox 2523 3198 2636 3268; x_wconf 86' lang='lat' dir='ltr'><strong>ipse</strong></span> <span class='ocrx_word' id='word_1_594' title='bbox 2671 3200 2919 3254; x_wconf 87' lang='lat' dir='ltr'><strong>Christus</strong></span> <span class='ocrx_word' id='word_1_595' title='bbox 2953 3202 3088 3254; x_wconf 84' lang='lat' dir='ltr'><strong>abiit</strong></span> <span class='ocrx_word' id='word_1_596' title='bbox 3110 3201 3176 3256; x_wconf 91' lang='lat' dir='ltr'><strong>ad</strong></span> <span class='ocrx_word' id='word_1_597' title='bbox 3219 3217 3350 3271; x_wconf 84' lang='lat' dir='ltr'><strong>gen-</strong></span> 
     </span>
    </p>
   </div>
   <div class='ocr_carea' id='block_1_79' title="bbox 1767 3285 3344 3360">
    <p class='ocr_par' dir='ltr' id='par_1_79' title="bbox 1767 3285 3344 3360">
     <span class='ocr_line' id='line_1_79' title="bbox 1767 3285 3344 3360; baseline 0.003 -20"><span class='ocrx_word' id='word_1_598' title='bbox 1767 3295 1875 3352; x_wconf 89' lang='lat' dir='ltr'><strong>tes,</strong></span> <span class='ocrx_word' id='word_1_599' title='bbox 1902 3297 1955 3342; x_wconf 89' lang='lat' dir='ltr'><strong>et</strong></span> <span class='ocrx_word' id='word_1_600' title='bbox 1982 3289 2049 3340; x_wconf 88' lang='lat' dir='ltr'><strong>ab</strong></span> <span class='ocrx_word' id='word_1_601' title='bbox 2077 3287 2156 3342; x_wconf 89' lang='lat' dir='ltr'><strong>eis</strong></span> <span class='ocrx_word' id='word_1_602' title='bbox 2177 3285 2378 3342; x_wconf 80' lang='lat' dir='ltr'><strong>Judaeis</strong></span> <span class='ocrx_word' id='word_1_603' title='bbox 2406 3289 2652 3344; x_wconf 82' lang='lat' dir='ltr'><strong>recessit.</strong></span> <span class='ocrx_word' id='word_1_604' title='bbox 2689 3288 2860 3342; x_wconf 84' lang='lat' dir='ltr'><strong>Antea</strong></span> <span class='ocrx_word' id='word_1_605' title='bbox 2905 3305 3137 3360; x_wconf 87' lang='lat' dir='ltr'><strong>namque</strong></span> <span class='ocrx_word' id='word_1_606' title='bbox 3178 3307 3344 3360; x_wconf 89' lang='lat' dir='ltr'><strong>quam</strong></span> 
     </span>
    </p>
   </div>
   <div class='ocr_carea' id='block_1_80' title="bbox 1765 3375 3350 3450">
    <p class='ocr_par' dir='ltr' id='par_1_80' title="bbox 1765 3375 3350 3450">
     <span class='ocr_line' id='line_1_80' title="bbox 1765 3375 3350 3450; baseline 0.001 -17"><span class='ocrx_word' id='word_1_607' title='bbox 1765 3378 2106 3434; x_wconf 89' lang='lat' dir='ltr'><strong>immutasset</strong></span> <span class='ocrx_word' id='word_1_608' title='bbox 2151 3375 2390 3445; x_wconf 90' lang='lat' dir='ltr'><strong>vultum,</strong></span> <span class='ocrx_word' id='word_1_609' title='bbox 2434 3393 2611 3448; x_wconf 90' lang='lat' dir='ltr'><strong>neque</strong></span> <span class='ocrx_word' id='word_1_610' title='bbox 2656 3377 2896 3449; x_wconf 90' lang='lat' dir='ltr'><strong>psalmus</strong></span> <span class='ocrx_word' id='word_1_611' title='bbox 2934 3380 3034 3434; x_wconf 75' lang='lat' dir='ltr'><strong>iste</strong></span> <span class='ocrx_word' id='word_1_612' title='bbox 3084 3379 3350 3450; x_wconf 79' lang='lat' dir='ltr'><strong>intellige-</strong></span> 
     </span>
    </p>
   </div>
   <div class='ocr_carea' id='block_1_81' title="bbox 1762 3461 3346 3540">
    <p class='ocr_par' dir='ltr' id='par_1_81' title="bbox 1762 3461 3346 3540">
     <span class='ocr_line' id='line_1_81' title="bbox 1762 3461 3346 3540; baseline 0.003 -18"><span class='ocrx_word' id='word_1_613' title='bbox 1762 3461 1944 3533; x_wconf 85' lang='lat' dir='ltr'><strong>batur,</strong></span> <span class='ocrx_word' id='word_1_614' title='bbox 1975 3481 2151 3538; x_wconf 88' lang='lat' dir='ltr'><strong>neque</strong></span> <span class='ocrx_word' id='word_1_615' title='bbox 2179 3482 2210 3522; x_wconf 90' lang='lat' dir='ltr'><strong>a</strong></span> <span class='ocrx_word' id='word_1_616' title='bbox 2243 3467 2427 3524; x_wconf 90' lang='lat' dir='ltr'><strong>multis</strong></span> <span class='ocrx_word' id='word_1_617' title='bbox 2457 3469 2849 3540; x_wconf 80' lang='lat' dir='ltr'><strong>complebatur.</strong></span> <span class='ocrx_word' id='word_1_618' title='bbox 2901 3469 2968 3524; x_wconf 78' lang='lat' dir='ltr'><strong>Et</strong></span> <span class='ocrx_word' id='word_1_619' title='bbox 3007 3479 3092 3525; x_wconf 87' lang='lat' dir='ltr'><strong>est</strong></span> <span class='ocrx_word' id='word_1_620' title='bbox 3129 3471 3214 3526; x_wconf 91' lang='lat' dir='ltr'><strong>hic</strong></span> <span class='ocrx_word' id='word_1_621' title='bbox 3245 3488 3346 3526; x_wconf 77' lang='lat' dir='ltr'><strong>vox</strong></span> 
     </span>
    </p>
   </div>
   <div class='ocr_carea' id='block_1_82' title="bbox 1762 3559 3350 3632">
    <p class='ocr_par' dir='ltr' id='par_1_82' title="bbox 1762 3559 3350 3632">
     <span class='ocr_line' id='line_1_82' title="bbox 1762 3559 3350 3632; baseline 0.003 -19"><span class='ocrx_word' id='word_1_622' title='bbox 1762 3559 2166 3631; x_wconf 89' lang='lat' dir='ltr'><strong>primitivorum</strong></span> <span class='ocrx_word' id='word_1_623' title='bbox 2222 3559 2505 3627; x_wconf 88' lang='lat' dir='ltr'><strong>ﬁdelium,</strong></span> <span class='ocrx_word' id='word_1_624' title='bbox 2561 3561 2927 3632; x_wconf 90' lang='lat' dir='ltr'><strong>apostolorum</strong></span> <span class='ocrx_word' id='word_1_625' title='bbox 2983 3563 3237 3619; x_wconf 91' lang='lat' dir='ltr'><strong>videlicet</strong></span> <span class='ocrx_word' id='word_1_626' title='bbox 3292 3575 3350 3618; x_wconf 89' lang='lat' dir='ltr'><strong>et</strong></span> 
     </span>
    </p>
   </div>
   <div class='ocr_carea' id='block_1_83' title="bbox 1763 3652 3350 3726">
    <p class='ocr_par' dir='ltr' id='par_1_83' title="bbox 1763 3652 3350 3726">
     <span class='ocr_line' id='line_1_83' title="bbox 1763 3652 3350 3726; baseline 0.003 -20"><span class='ocrx_word' id='word_1_627' title='bbox 1763 3661 2080 3708; x_wconf 77' lang='lat' dir='ltr'><strong>cmterorum</strong></span> <span class='ocrx_word' id='word_1_628' title='bbox 2112 3652 2497 3723; x_wconf 90' lang='lat' dir='ltr'><strong>discipulorum</strong></span> <span class='ocrx_word' id='word_1_629' title='bbox 2512 3654 2944 3724; x_wconf 89' lang='lat' dir='ltr'><strong>promittentium</strong></span> <span class='ocrx_word' id='word_1_630' title='bbox 2981 3655 3146 3725; x_wconf 87' lang='lat' dir='ltr'><strong>quod,</strong></span> <span class='ocrx_word' id='word_1_631' title='bbox 3177 3672 3350 3726; x_wconf 84' lang='lat' dir='ltr'><strong>quau-</strong></span> 
     </span>
    </p>
   </div>
   <div class='ocr_carea' id='block_1_84' title="bbox 1763 3743 3346 3814">
    <p class='ocr_par' dir='ltr' id='par_1_84' title="bbox 1763 3743 3346 3814">
     <span class='ocr_line' id='line_1_84' title="bbox 1763 3743 3346 3814; baseline 0.003 -15"><span class='ocrx_word' id='word_1_632' title='bbox 1763 3744 2050 3814; x_wconf 86' lang='lat' dir='ltr'><strong>doquidem</strong></span> <span class='ocrx_word' id='word_1_633' title='bbox 2082 3743 2251 3798; x_wconf 85' lang='lat' dir='ltr'><strong>David</strong></span> <span class='ocrx_word' id='word_1_634' title='bbox 2280 3743 2509 3810; x_wconf 89' lang='lat' dir='ltr'><strong>vultum,</strong></span> <span class='ocrx_word' id='word_1_635' title='bbox 2535 3746 2587 3800; x_wconf 92' lang='lat' dir='ltr'><strong>id</strong></span> <span class='ocrx_word' id='word_1_636' title='bbox 2619 3753 2703 3801; x_wconf 89' lang='lat' dir='ltr'><strong>est</strong></span> <span class='ocrx_word' id='word_1_637' title='bbox 2729 3746 3057 3802; x_wconf 86' lang='lat' dir='ltr'><strong>voluntatem</strong></span> <span class='ocrx_word' id='word_1_638' title='bbox 3094 3750 3346 3803; x_wconf 73' lang='lat' dir='ltr'><strong>sacriﬁcii</strong></span> 
     </span>
    </p>
   </div>
   <div class='ocr_carea' id='block_1_85' title="bbox 1761 3832 3349 3914">
    <p class='ocr_par' dir='ltr' id='par_1_85' title="bbox 1761 3832 3349 3914">
     <span class='ocr_line' id='line_1_85' title="bbox 1761 3832 3349 3914; baseline 0.004 -26"><span class='ocrx_word' id='word_1_639' title='bbox 1761 3832 2093 3900; x_wconf 89' lang='lat' dir='ltr'><strong>immutabit,</strong></span> <span class='ocrx_word' id='word_1_640' title='bbox 2108 3847 2229 3889; x_wconf 89' lang='lat' dir='ltr'><strong>eum</strong></span> <span class='ocrx_word' id='word_1_641' title='bbox 2246 3834 2587 3914; x_wconf 80' lang='lat' dir='ltr'><strong>benedicent,</strong></span> <span class='ocrx_word' id='word_1_642' title='bbox 2605 3835 2654 3890; x_wconf 92' lang='lat' dir='ltr'><strong>id</strong></span> <span class='ocrx_word' id='word_1_643' title='bbox 2668 3845 2749 3891; x_wconf 89' lang='lat' dir='ltr'><strong>est</strong></span> <span class='ocrx_word' id='word_1_644' title='bbox 2767 3835 3192 3894; x_wconf 89' lang='lat' dir='ltr'><strong>laudabuntemn</strong></span> <span class='ocrx_word' id='word_1_645' title='bbox 3213 3840 3349 3895; x_wconf 88' lang='lat' dir='ltr'><strong>bene</strong></span> 
     </span>
    </p>
   </div>
   <div class='ocr_carea' id='block_1_86' title="bbox 1759 3923 3348 3998">
    <p class='ocr_par' dir='ltr' id='par_1_86' title="bbox 1759 3923 3348 3998">
     <span class='ocr_line' id='line_1_86' title="bbox 1759 3923 3348 3998; baseline 0.007 -21"><span class='ocrx_word' id='word_1_646' title='bbox 1759 3923 2009 3991; x_wconf 83' lang='lat' dir='ltr'><strong>vivendo,</strong></span> <span class='ocrx_word' id='word_1_647' title='bbox 2035 3934 2090 3980; x_wconf 84' lang='lat' dir='ltr'><strong>et</strong></span> <span class='ocrx_word' id='word_1_648' title='bbox 2112 3925 2230 3982; x_wconf 87' lang='lat' dir='ltr'><strong>aliis</strong></span> <span class='ocrx_word' id='word_1_649' title='bbox 2269 3929 2571 3998; x_wconf 81' lang='lat' dir='ltr'><strong>exemplum</strong></span> <span class='ocrx_word' id='word_1_650' title='bbox 2599 3928 2750 3984; x_wconf 74' lang='lat' dir='ltr'><strong>bona:</strong></span> <span class='ocrx_word' id='word_1_651' title='bbox 2771 3929 2895 3984; x_wconf 81' lang='lat' dir='ltr'><strong>vitae</strong></span> <span class='ocrx_word' id='word_1_652' title='bbox 2921 3931 3205 3986; x_wconf 83' lang='lat' dir='ltr'><strong>tribuendo</strong></span> <span class='ocrx_word' id='word_1_653' title='bbox 3225 3971 3239 3998; x_wconf 91' lang='lat'><strong>,</strong></span> <span class='ocrx_word' id='word_1_654' title='bbox 3267 3948 3348 3988; x_wconf 88' lang='lat' dir='ltr'><strong>sc-</strong></span> 
     </span>
    </p>
   </div>
   <div class='ocr_carea' id='block_1_87' title="bbox 1760 4017 3344 4093">
    <p class='ocr_par' dir='ltr' id='par_1_87' title="bbox 1760 4017 3344 4093">
     <span class='ocr_line' id='line_1_87' title="bbox 1760 4017 3344 4093; baseline 0.005 -21"><span class='ocrx_word' id='word_1_655' title='bbox 1760 4017 1994 4072; x_wconf 91' lang='lat' dir='ltr'><strong>cundum</strong></span> <span class='ocrx_word' id='word_1_656' title='bbox 2019 4019 2157 4087; x_wconf 89' lang='lat' dir='ltr'><strong>quod</strong></span> <span class='ocrx_word' id='word_1_657' title='bbox 2172 4019 2496 4074; x_wconf 76' lang='lat' dir='ltr'><strong>sacriﬁcium</strong></span> <span class='ocrx_word' id='word_1_658' title='bbox 2510 4020 2626 4091; x_wconf 86' lang='lat' dir='ltr'><strong>ejus</strong></span> <span class='ocrx_word' id='word_1_659' title='bbox 2639 4022 2963 4093; x_wconf 78' lang='lat' dir='ltr'><strong>expostulat;</strong></span> <span class='ocrx_word' id='word_1_660' title='bbox 2979 4031 3032 4078; x_wconf 91' lang='lat' dir='ltr'><strong>et</strong></span> <span class='ocrx_word' id='word_1_661' title='bbox 3051 4025 3212 4078; x_wconf 87' lang='lat' dir='ltr'><strong>etiam</strong></span> <span class='ocrx_word' id='word_1_662' title='bbox 3226 4041 3344 4080; x_wconf 84' lang='lat' dir='ltr'><strong>ore.</strong></span> 
     </span>
    </p>
   </div>
   <div class='ocr_carea' id='block_1_88' title="bbox 1758 4106 3344 4186">
    <p class='ocr_par' dir='ltr' id='par_1_88' title="bbox 1758 4106 3344 4186">
     <span class='ocr_line' id='line_1_88' title="bbox 1758 4106 3344 4186; baseline 0.004 -24"><span class='ocrx_word' id='word_1_663' title='bbox 1758 4106 2097 4164; x_wconf 80' lang='lat' dir='ltr'><strong>Adhortatur</strong></span> <span class='ocrx_word' id='word_1_664' title='bbox 2142 4110 2304 4165; x_wconf 90' lang='lat' dir='ltr'><strong>etiam</strong></span> <span class='ocrx_word' id='word_1_665' title='bbox 2358 4111 2493 4168; x_wconf 74' lang='lat' dir='ltr'><strong>alios</strong></span> <span class='ocrx_word' id='word_1_666' title='bbox 2525 4113 2589 4168; x_wconf 90' lang='lat' dir='ltr'><strong>ad</strong></span> <span class='ocrx_word' id='word_1_667' title='bbox 2638 4114 2806 4169; x_wconf 77' lang='lat' dir='ltr'><strong>Deum</strong></span> <span class='ocrx_word' id='word_1_668' title='bbox 2844 4116 3296 4186; x_wconf 86' lang='lat' dir='ltr'><strong>magniﬁcandum</strong></span> <span class='ocrx_word' id='word_1_669' title='bbox 3328 4158 3344 4180; x_wconf 97' lang='lat'><strong>,</strong></span> 
     </span>
    </p>
   </div>
   <div class='ocr_carea' id='block_1_89' title="bbox 1759 4199 3340 4274">
    <p class='ocr_par' dir='ltr' id='par_1_89' title="bbox 1759 4199 3340 4274">
     <span class='ocr_line' id='line_1_89' title="bbox 1759 4199 3340 4274; baseline 0.004 -21"><span class='ocrx_word' id='word_1_670' title='bbox 1759 4199 2095 4256; x_wconf 87' lang='lat' dir='ltr'><strong>ostendendo</strong></span> <span class='ocrx_word' id='word_1_671' title='bbox 2125 4202 2206 4256; x_wconf 92' lang='lat' dir='ltr'><strong>sui</strong></span> <span class='ocrx_word' id='word_1_672' title='bbox 2237 4203 2482 4273; x_wconf 80' lang='lat' dir='ltr'><strong>exemplo</strong></span> <span class='ocrx_word' id='word_1_673' title='bbox 2519 4219 2638 4273; x_wconf 77' lang='lat' dir='ltr'><strong>quae</strong></span> <span class='ocrx_word' id='word_1_674' title='bbox 2669 4206 2875 4260; x_wconf 86' lang='lat' dir='ltr'><strong>utilitas</strong></span> <span class='ocrx_word' id='word_1_675' title='bbox 2927 4205 3048 4260; x_wconf 87' lang='lat' dir='ltr'><strong>inde</strong></span> <span class='ocrx_word' id='word_1_676' title='bbox 3078 4205 3340 4274; x_wconf 89' lang='lat' dir='ltr'><strong>sequitur.</strong></span> 
     </span>
    </p>
   </div>
   <div class='ocr_carea' id='block_1_90' title="bbox 1758 4288 3343 4364">
    <p class='ocr_par' dir='ltr' id='par_1_90' title="bbox 1758 4288 3343 4364">
     <span class='ocr_line' id='line_1_90' title="bbox 1758 4288 3343 4364; baseline 0.004 -21"><span class='ocrx_word' id='word_1_677' title='bbox 1758 4288 1928 4344; x_wconf 77' lang='lat' dir='ltr'><strong>Doret</strong></span> <span class='ocrx_word' id='word_1_678' title='bbox 1961 4307 2174 4362; x_wconf 86' lang='lat' dir='ltr'><strong>quoque</strong></span> <span class='ocrx_word' id='word_1_679' title='bbox 2201 4307 2294 4347; x_wconf 90' lang='lat' dir='ltr'><strong>eos</strong></span> <span class='ocrx_word' id='word_1_680' title='bbox 2319 4309 2515 4364; x_wconf 90' lang='lat' dir='ltr'><strong>corpus</strong></span> <span class='ocrx_word' id='word_1_681' title='bbox 2546 4294 2881 4349; x_wconf 89' lang='lat' dir='ltr'><strong>Dominicum</strong></span> <span class='ocrx_word' id='word_1_682' title='bbox 2921 4303 2975 4350; x_wconf 89' lang='lat' dir='ltr'><strong>et</strong></span> <span class='ocrx_word' id='word_1_683' title='bbox 3027 4295 3343 4364; x_wconf 84' lang='lat' dir='ltr'><strong>sanguinem</strong></span> 
     </span>
    </p>
   </div>
   <div class='ocr_carea' id='block_1_91' title="bbox 1758 4383 3343 4456">
    <p class='ocr_par' dir='ltr' id='par_1_91' title="bbox 1758 4383 3343 4456">
     <span class='ocr_line' id='line_1_91' title="bbox 1758 4383 3343 4456; baseline 0.004 -22"><span class='ocrx_word' id='word_1_684' title='bbox 1758 4397 1862 4434; x_wconf 91' lang='lat' dir='ltr'><strong>non</strong></span> <span class='ocrx_word' id='word_1_685' title='bbox 1892 4390 2121 4446; x_wconf 88' lang='lat' dir='ltr'><strong>temere,</strong></span> <span class='ocrx_word' id='word_1_686' title='bbox 2155 4383 2247 4436; x_wconf 92' lang='lat' dir='ltr'><strong>sed</strong></span> <span class='ocrx_word' id='word_1_687' title='bbox 2280 4400 2398 4436; x_wconf 76' lang='lat' dir='ltr'><strong>eum</strong></span> <span class='ocrx_word' id='word_1_688' title='bbox 2426 4384 2618 4438; x_wconf 60' lang='lat' dir='ltr'><strong>tiu&#39;iore</strong></span> <span class='ocrx_word' id='word_1_689' title='bbox 2645 4395 2862 4456; x_wconf 84' lang='lat' dir='ltr'><strong>gustare</strong></span> <span class='ocrx_word' id='word_1_690' title='bbox 2893 4401 2904 4436; x_wconf 91' lang='lat'><strong>:</strong></span> <span class='ocrx_word' id='word_1_691' title='bbox 2934 4385 3059 4454; x_wconf 84' lang='lat' dir='ltr'><strong>quid</strong></span> <span class='ocrx_word' id='word_1_692' title='bbox 3085 4386 3155 4440; x_wconf 90' lang='lat' dir='ltr'><strong>sit</strong></span> <span class='ocrx_word' id='word_1_693' title='bbox 3178 4385 3343 4440; x_wconf 88' lang='lat' dir='ltr'><strong>etiam</strong></span> 
     </span>
    </p>
   </div>
   <div class='ocr_carea' id='block_1_92' title="bbox 100 4441 3342 4546">
    <p class='ocr_par' dir='ltr' id='par_1_92' title="bbox 100 4441 3342 4546">
     <span class='ocr_line' id='line_1_92' title="bbox 100 4441 3342 4546; baseline 0.01 -51"><span class='ocrx_word' id='word_1_694' title='bbox 100 4441 297 4508; x_wconf 76' lang='lat' dir='ltr'><strong>pellibus</strong></span> <span class='ocrx_word' id='word_1_695' title='bbox 328 4459 672 4505; x_wconf 91' lang='lat' dir='ltr'><strong>mortuorum</strong></span> <span class='ocrx_word' id='word_1_696' title='bbox 715 4455 1031 4511; x_wconf 89' lang='lat' dir='ltr'><strong>animalium</strong></span> <span class='ocrx_word' id='word_1_697' title='bbox 1061 4463 1450 4530; x_wconf 90' lang='lat' dir='ltr'><strong>compositum,</strong></span> <span class='ocrx_word' id='word_1_698' title='bbox 1487 4466 1655 4521; x_wconf 87' lang='lat' dir='ltr'><strong>dulci-</strong></span> <span class='ocrx_word' id='word_1_699' title='bbox 1689 4486 1731 4539; x_wconf 79' lang='grc' dir='ltr'>ι)</span> <span class='ocrx_word' id='word_1_700' title='bbox 1760 4472 1920 4525; x_wconf 90' lang='lat' dir='ltr'><strong>timor</strong></span> <span class='ocrx_word' id='word_1_701' title='bbox 1952 4471 2162 4524; x_wconf 90' lang='lat' dir='ltr'><strong>Domini</strong></span> <span class='ocrx_word' id='word_1_702' title='bbox 2210 4473 2544 4540; x_wconf 80' lang='lat' dir='ltr'><strong>exponendo.</strong></span> <span class='ocrx_word' id='word_1_703' title='bbox 2596 4473 2651 4526; x_wconf 91' lang='lat' dir='ltr'><strong>lu</strong></span> <span class='ocrx_word' id='word_1_704' title='bbox 2702 4475 2807 4530; x_wconf 86' lang='lat' dir='ltr'><strong>ﬁne</strong></span> <span class='ocrx_word' id='word_1_705' title='bbox 2859 4490 3077 4544; x_wconf 65' lang='lat' dir='ltr'><strong>qucque</strong></span> <span class='ocrx_word' id='word_1_706' title='bbox 3137 4475 3342 4546; x_wconf 89' lang='lat' dir='ltr'><strong>agitur,</strong></span> 
     </span>
    </p>
   </div>
   <div class='ocr_carea' id='block_1_93' title="bbox 101 4539 1652 4614">
    <p class='ocr_par' dir='ltr' id='par_1_93' title="bbox 101 4539 1652 4614">
     <span class='ocr_line' id='line_1_93' title="bbox 101 4539 1652 4614; baseline 0.02 -31"><span class='ocrx_word' id='word_1_707' title='bbox 101 4541 166 4585; x_wconf 86' lang='lat' dir='ltr'><strong>ter</strong></span> <span class='ocrx_word' id='word_1_708' title='bbox 199 4547 374 4591; x_wconf 89' lang='lat' dir='ltr'><strong>sonat.</strong></span> <span class='ocrx_word' id='word_1_709' title='bbox 414 4539 516 4607; x_wconf 90' lang='lat' dir='ltr'><strong>Qui</strong></span> <span class='ocrx_word' id='word_1_710' title='bbox 549 4543 713 4598; x_wconf 90' lang='lat' dir='ltr'><strong>etiam</strong></span> <span class='ocrx_word' id='word_1_711' title='bbox 745 4545 998 4604; x_wconf 86' lang='lat' dir='ltr'><strong>Christus</strong></span> <span class='ocrx_word' id='word_1_712' title='bbox 1044 4551 1268 4606; x_wconf 89' lang='lat' dir='ltr'><strong>salivam</strong></span> <span class='ocrx_word' id='word_1_713' title='bbox 1327 4555 1379 4608; x_wconf 95' lang='lat' dir='ltr'><strong>in</strong></span> <span class='ocrx_word' id='word_1_714' title='bbox 1431 4557 1652 4614; x_wconf 85' lang='lat' dir='ltr'><strong>barbam</strong></span> 
     </span>
    </p>
   </div>
   <div class='ocr_carea' id='block_1_94' title="bbox 99 4625 1658 4704">
    <p class='ocr_par' dir='ltr' id='par_1_94' title="bbox 99 4625 1658 4704">
     <span class='ocr_line' id='line_1_94' title="bbox 99 4625 1658 4704; baseline 0.021 -31"><span class='ocrx_word' id='word_1_715' title='bbox 99 4625 283 4692; x_wconf 84' lang='lat' dir='ltr'><strong>emisit,</strong></span> <span class='ocrx_word' id='word_1_716' title='bbox 313 4644 436 4686; x_wconf 85' lang='lat' dir='ltr'><strong>sese</strong></span> <span class='ocrx_word' id='word_1_717' title='bbox 462 4635 712 4690; x_wconf 87' lang='lat' dir='ltr'><strong>manibus</strong></span> <span class='ocrx_word' id='word_1_718' title='bbox 741 4637 930 4694; x_wconf 90' lang='lat' dir='ltr'><strong>detulit</strong></span> <span class='ocrx_word' id='word_1_719' title='bbox 964 4657 976 4692; x_wconf 90' lang='lat'><strong>:</strong></span> <span class='ocrx_word' id='word_1_720' title='bbox 1016 4651 1068 4694; x_wconf 90' lang='lat' dir='ltr'><strong>et</strong></span> <span class='ocrx_word' id='word_1_721' title='bbox 1091 4643 1252 4698; x_wconf 89' lang='lat' dir='ltr'><strong>etiam</strong></span> <span class='ocrx_word' id='word_1_722' title='bbox 1283 4647 1429 4702; x_wconf 88' lang='lat' dir='ltr'><strong>vultu</strong></span> <span class='ocrx_word' id='word_1_723' title='bbox 1462 4649 1658 4704; x_wconf 58' lang='lat' dir='ltr'><strong>innnné</strong></span> 
     </span>
    </p>
   </div>
   <div class='ocr_carea' id='block_1_95' title="bbox 100 4719 1654 4802">
    <p class='ocr_par' dir='ltr' id='par_1_95' title="bbox 100 4719 1654 4802">
     <span class='ocr_line' id='line_1_95' title="bbox 100 4719 1654 4802; baseline 0.021 -38"><span class='ocrx_word' id='word_1_724' title='bbox 100 4719 189 4768; x_wconf 83' lang='lat' dir='ltr'><strong>lato</strong></span> <span class='ocrx_word' id='word_1_725' title='bbox 210 4732 395 4774; x_wconf 88' lang='lat' dir='ltr'><strong>coram</strong></span> <span class='ocrx_word' id='word_1_726' title='bbox 425 4723 738 4780; x_wconf 86' lang='lat' dir='ltr'><strong>Abimcleeh</strong></span> <span class='ocrx_word' id='word_1_727' title='bbox 765 4728 985 4786; x_wconf 90' lang='lat' dir='ltr'><strong>insanus</strong></span> <span class='ocrx_word' id='word_1_728' title='bbox 1017 4732 1163 4787; x_wconf 92' lang='lat' dir='ltr'><strong>visus</strong></span> <span class='ocrx_word' id='word_1_729' title='bbox 1188 4746 1292 4802; x_wconf 90' lang='lat' dir='ltr'><strong>est,</strong></span> <span class='ocrx_word' id='word_1_730' title='bbox 1317 4748 1370 4792; x_wconf 84' lang='lat' dir='ltr'><strong>et</strong></span> <span class='ocrx_word' id='word_1_731' title='bbox 1400 4740 1654 4797; x_wconf 89' lang='lat' dir='ltr'><strong>dimissus</strong></span> 
     </span>
    </p>
   </div>
   <div class='ocr_carea' id='block_1_96' title="bbox 100 4802 1656 4888">
    <p class='ocr_par' dir='ltr' id='par_1_96' title="bbox 100 4802 1656 4888">
     <span class='ocr_line' id='line_1_96' title="bbox 100 4802 1656 4888; baseline 0.022 -35"><span class='ocrx_word' id='word_1_732' title='bbox 100 4802 152 4855; x_wconf 80' lang='lat' dir='ltr'><strong>ab</strong></span> <span class='ocrx_word' id='word_1_733' title='bbox 196 4807 509 4867; x_wconf 86' lang='lat' dir='ltr'><strong>Abimelech</strong></span> <span class='ocrx_word' id='word_1_734' title='bbox 561 4815 714 4871; x_wconf 88' lang='lat' dir='ltr'><strong>abiit.</strong></span> <span class='ocrx_word' id='word_1_735' title='bbox 769 4819 1008 4875; x_wconf 87' lang='lat' dir='ltr'><strong>Salivam</strong></span> <span class='ocrx_word' id='word_1_736' title='bbox 1064 4823 1116 4878; x_wconf 92' lang='lat' dir='ltr'><strong>in</strong></span> <span class='ocrx_word' id='word_1_737' title='bbox 1169 4824 1393 4882; x_wconf 88' lang='lat' dir='ltr'><strong>barbam</strong></span> <span class='ocrx_word' id='word_1_738' title='bbox 1442 4832 1656 4888; x_wconf 84' lang='lat' dir='ltr'><strong>cmissit</strong></span> 
     </span>
    </p>
   </div>
   <div class='ocr_carea' id='block_1_97' title="bbox 99 4903 1650 4985">
    <p class='ocr_par' dir='ltr' id='par_1_97' title="bbox 99 4903 1650 4985">
     <span class='ocr_line' id='line_1_97' title="bbox 99 4903 1650 4985; baseline 0.023 -39"><span class='ocrx_word' id='word_1_739' title='bbox 99 4906 198 4949; x_wconf 88' lang='lat' dir='ltr'><strong>cum</strong></span> <span class='ocrx_word' id='word_1_740' title='bbox 223 4903 482 4968; x_wconf 86' lang='lat' dir='ltr'><strong>apostolis</strong></span> <span class='ocrx_word' id='word_1_741' title='bbox 510 4920 730 4962; x_wconf 89' lang='lat' dir='ltr'><strong>carnem</strong></span> <span class='ocrx_word' id='word_1_742' title='bbox 779 4925 936 4966; x_wconf 91' lang='lat' dir='ltr'><strong>suam</strong></span> <span class='ocrx_word' id='word_1_743' title='bbox 981 4917 1308 4985; x_wconf 89' lang='lat' dir='ltr'><strong>comedere,</strong></span> <span class='ocrx_word' id='word_1_744' title='bbox 1359 4931 1414 4976; x_wconf 92' lang='lat' dir='ltr'><strong>et</strong></span> <span class='ocrx_word' id='word_1_745' title='bbox 1460 4907 1650 4981; x_wconf 82' lang='lat' dir='ltr'><strong>bibere</strong></span> 
     </span>
    </p>
   </div>
   <div class='ocr_carea' id='block_1_98' title="bbox 99 4992 1650 5085">
    <p class='ocr_par' dir='ltr' id='par_1_98' title="bbox 99 4992 1650 5085">
     <span class='ocr_line' id='line_1_98' title="bbox 99 4992 1650 5085; baseline 0.02 -43"><span class='ocrx_word' id='word_1_746' title='bbox 99 4992 391 5085; x_wconf 35' lang='lat' dir='ltr'><strong>san-guinem</strong></span> <span class='ocrx_word' id='word_1_747' title='bbox 435 5001 708 5070; x_wconf 65' lang='lat' dir='ltr'><strong>praecepit.</strong></span> <span class='ocrx_word' id='word_1_748' title='bbox 748 5003 901 5070; x_wconf 88' lang='lat' dir='ltr'><strong>Quod</strong></span> <span class='ocrx_word' id='word_1_749' title='bbox 943 5021 1273 5081; x_wconf 79' lang='lat' dir='ltr'><strong>praeceptum</strong></span> <span class='ocrx_word' id='word_1_750' title='bbox 1333 5015 1454 5070; x_wconf 89' lang='lat' dir='ltr'><strong>ideo</strong></span> <span class='ocrx_word' id='word_1_751' title='bbox 1483 5018 1650 5074; x_wconf 89' lang='lat' dir='ltr'><strong>saliva</strong></span> 
     </span>
    </p>
   </div>
   <div class='ocr_carea' id='block_1_99' title="bbox 100 5074 1648 5170">
    <p class='ocr_par' dir='ltr' id='par_1_99' title="bbox 100 5074 1648 5170">
     <span class='ocr_line' id='line_1_99' title="bbox 100 5074 1648 5170; baseline 0.025 -43"><span class='ocrx_word' id='word_1_752' title='bbox 100 5074 301 5145; x_wconf 87' lang='lat' dir='ltr'><strong>dicitur,</strong></span> <span class='ocrx_word' id='word_1_753' title='bbox 339 5086 463 5153; x_wconf 90' lang='lat' dir='ltr'><strong>quia</strong></span> <span class='ocrx_word' id='word_1_754' title='bbox 507 5090 692 5147; x_wconf 87' lang='lat' dir='ltr'><strong>multis</strong></span> <span class='ocrx_word' id='word_1_755' title='bbox 738 5109 845 5150; x_wconf 93' lang='lat' dir='ltr'><strong>non</strong></span> <span class='ocrx_word' id='word_1_756' title='bbox 881 5074 1306 5168; x_wconf 78' lang='lat' dir='ltr'><strong>intelligeiitibus</strong></span> <span class='ocrx_word' id='word_1_757' title='bbox 1330 5146 1344 5170; x_wconf 92' lang='lat'><strong>,</strong></span> <span class='ocrx_word' id='word_1_758' title='bbox 1396 5109 1555 5164; x_wconf 93' lang='lat' dir='ltr'><strong>stulte</strong></span> <span class='ocrx_word' id='word_1_759' title='bbox 1594 5119 1648 5165; x_wconf 91' lang='lat' dir='ltr'><strong>et</strong></span> 
     </span>
    </p>
   </div>
   <div class='ocr_carea' id='block_1_100' title="bbox 100 5171 1648 5256">
    <p class='ocr_par' dir='ltr' id='par_1_100' title="bbox 100 5171 1648 5256">
     <span class='ocr_line' id='line_1_100' title="bbox 100 5171 1648 5256; baseline 0.023 -36"><span class='ocrx_word' id='word_1_760' title='bbox 100 5171 353 5230; x_wconf 50' lang='lat' dir='ltr'><strong>pueriliter</strong></span> <span class='ocrx_word' id='word_1_761' title='bbox 375 5177 637 5245; x_wconf 90' lang='lat' dir='ltr'><strong>prolatum</strong></span> <span class='ocrx_word' id='word_1_762' title='bbox 661 5198 784 5240; x_wconf 85' lang='lat' dir='ltr'><strong>esse</strong></span> <span class='ocrx_word' id='word_1_763' title='bbox 808 5186 979 5243; x_wconf 89' lang='lat' dir='ltr'><strong>visum</strong></span> <span class='ocrx_word' id='word_1_764' title='bbox 1009 5201 1084 5245; x_wconf 88' lang='lat' dir='ltr'><strong>est</strong></span> <span class='ocrx_word' id='word_1_765' title='bbox 1110 5210 1122 5245; x_wconf 93' lang='lat'><strong>:</strong></span> <span class='ocrx_word' id='word_1_766' title='bbox 1158 5194 1223 5247; x_wconf 91' lang='lat' dir='ltr'><strong>ad</strong></span> <span class='ocrx_word' id='word_1_767' title='bbox 1243 5196 1648 5256; x_wconf 88' lang='lat' dir='ltr'><strong>similitudinem</strong></span> 
     </span>
    </p>
   </div>
   <div class='ocr_carea' id='block_1_101' title="bbox 101 5258 1649 5358">
    <p class='ocr_par' dir='ltr' id='par_1_101' title="bbox 101 5258 1649 5358">
     <span class='ocr_line' id='line_1_101' title="bbox 101 5258 1649 5358; baseline 0.024 -49"><span class='ocrx_word' id='word_1_768' title='bbox 101 5258 253 5356; x_wconf 73' lang='lat' dir='ltr'><strong>saliva:</strong></span> <span class='ocrx_word' id='word_1_769' title='bbox 290 5266 361 5358; x_wconf 79' lang='lat' dir='ltr'><strong>de</strong></span> <span class='ocrx_word' id='word_1_770' title='bbox 405 5283 692 5336; x_wconf 90' lang='lat' dir='ltr'><strong>puerorum</strong></span> <span class='ocrx_word' id='word_1_771' title='bbox 741 5291 836 5331; x_wconf 91' lang='lat' dir='ltr'><strong>ore</strong></span> <span class='ocrx_word' id='word_1_772' title='bbox 885 5283 1172 5338; x_wconf 91' lang='lat' dir='ltr'><strong>manantis.</strong></span> <span class='ocrx_word' id='word_1_773' title='bbox 1232 5285 1383 5341; x_wconf 88' lang='lat' dir='ltr'><strong>Unde</strong></span> <span class='ocrx_word' id='word_1_774' title='bbox 1431 5291 1649 5358; x_wconf 90' lang='lat' dir='ltr'><strong>quidam</strong></span> 
     </span>
    </p>
   </div>
   <div class='ocr_carea' id='block_1_102' title="bbox 101 5353 1651 5440">
    <p class='ocr_par' dir='ltr' id='par_1_102' title="bbox 101 5353 1651 5440">
     <span class='ocr_line' id='line_1_102' title="bbox 101 5353 1651 5440; baseline 0.028 -46"><span class='ocrx_word' id='word_1_775' title='bbox 101 5353 239 5404; x_wconf 79' lang='lat' dir='ltr'><strong>etiam</strong></span> <span class='ocrx_word' id='word_1_776' title='bbox 270 5353 338 5408; x_wconf 88' lang='lat' dir='ltr'><strong>de</strong></span> <span class='ocrx_word' id='word_1_777' title='bbox 367 5355 639 5428; x_wconf 87' lang='lat' dir='ltr'><strong>discipulis</strong></span> <span class='ocrx_word' id='word_1_778' title='bbox 669 5362 870 5420; x_wconf 79' lang='lat' dir='ltr'><strong>dixisse</strong></span> <span class='ocrx_word' id='word_1_779' title='bbox 895 5365 1146 5440; x_wconf 84' lang='lat' dir='ltr'><strong>leguntur</strong></span> <span class='ocrx_word' id='word_1_780' title='bbox 1171 5389 1184 5427; x_wconf 91' lang='lat'><strong>:</strong></span> <span class='ocrx_word' id='word_1_781' title='bbox 1217 5391 1235 5423; x_wconf 72' lang='grc' dir='ltr'>ς</span> <span class='ocrx_word' id='word_1_782' title='bbox 1255 5353 1535 5440; x_wconf 78' lang='lat' dir='ltr'><strong>Quomodo</strong></span> <span class='ocrx_word' id='word_1_783' title='bbox 1563 5382 1651 5437; x_wconf 90' lang='lat' dir='ltr'><strong>hic</strong></span> 
     </span>
    </p>
   </div>
   <div class='ocr_carea' id='block_1_103' title="bbox 103 5441 1646 5535">
    <p class='ocr_par' dir='ltr' id='par_1_103' title="bbox 103 5441 1646 5535">
     <span class='ocr_line' id='line_1_103' title="bbox 103 5441 1646 5535; baseline 0.023 -45"><span class='ocrx_word' id='word_1_784' title='bbox 103 5441 232 5496; x_wconf 84' lang='lat' dir='ltr'><strong>nobis</strong></span> <span class='ocrx_word' id='word_1_785' title='bbox 253 5460 466 5503; x_wconf 90' lang='lat' dir='ltr'><strong>carnem</strong></span> <span class='ocrx_word' id='word_1_786' title='bbox 493 5465 646 5507; x_wconf 88' lang='lat' dir='ltr'><strong>suam</strong></span> <span class='ocrx_word' id='word_1_787' title='bbox 672 5455 817 5512; x_wconf 90' lang='lat' dir='ltr'><strong>dabit</strong></span> <span class='ocrx_word' id='word_1_788' title='bbox 839 5459 905 5512; x_wconf 90' lang='lat' dir='ltr'><strong>ad</strong></span> <span class='ocrx_word' id='word_1_789' title='bbox 931 5463 1396 5521; x_wconf 87' lang='lat' dir='ltr'><strong>manducandum?</strong></span> <span class='ocrx_word' id='word_1_790' title='bbox 1422 5487 1439 5519; x_wconf 73' lang='grc' dir='ltr'><strong>ι</strong></span> <span class='ocrx_word' id='word_1_791' title='bbox 1464 5469 1646 5535; x_wconf 84' lang='lat' dir='ltr'><strong>(Joan.</strong></span> 
     </span>
    </p>
   </div>
   <div class='ocr_carea' id='block_1_104' title="bbox 100 5535 1648 5628">
    <p class='ocr_par' dir='ltr' id='par_1_104' title="bbox 100 5535 1648 5628">
     <span class='ocr_line' id='line_1_104' title="bbox 100 5535 1648 5628; baseline 0.024 -45"><span class='ocrx_word' id='word_1_792' title='bbox 100 5535 324 5628; x_wconf 50' lang='lat' dir='ltr'><strong>ri,_52.)</strong></span> <span class='ocrx_word' id='word_1_793' title='bbox 354 5539 527 5597; x_wconf 80' lang='lat' dir='ltr'><strong>Saliva</strong></span> <span class='ocrx_word' id='word_1_794' title='bbox 573 5548 789 5615; x_wconf 88' lang='lat' dir='ltr'><strong>quidem</strong></span> <span class='ocrx_word' id='word_1_795' title='bbox 840 5551 941 5606; x_wconf 91' lang='lat' dir='ltr'><strong>ista</strong></span> <span class='ocrx_word' id='word_1_796' title='bbox 992 5554 1045 5608; x_wconf 91' lang='lat' dir='ltr'><strong>in</strong></span> <span class='ocrx_word' id='word_1_797' title='bbox 1087 5557 1309 5612; x_wconf 91' lang='lat' dir='ltr'><strong>barbam</strong></span> <span class='ocrx_word' id='word_1_798' title='bbox 1339 5562 1565 5628; x_wconf 87' lang='lat' dir='ltr'><strong>cecidit,</strong></span> <span class='ocrx_word' id='word_1_799' title='bbox 1597 5565 1648 5620; x_wconf 92' lang='lat' dir='ltr'><strong>id</strong></span> 
     </span>
    </p>
   </div>
   <div class='ocr_carea' id='block_1_105' title="bbox 100 5626 1645 5721">
    <p class='ocr_par' dir='ltr' id='par_1_105' title="bbox 100 5626 1645 5721">
     <span class='ocr_line' id='line_1_105' title="bbox 100 5626 1645 5721; baseline 0.026 -49"><span class='ocrx_word' id='word_1_800' title='bbox 100 5633 170 5674; x_wconf 86' lang='lat' dir='ltr'><strong>est</strong></span> <span class='ocrx_word' id='word_1_801' title='bbox 196 5626 243 5678; x_wconf 92' lang='lat' dir='ltr'><strong>iu</strong></span> <span class='ocrx_word' id='word_1_802' title='bbox 273 5634 566 5702; x_wconf 86' lang='lat' dir='ltr'><strong>apostolos,</strong></span> <span class='ocrx_word' id='word_1_803' title='bbox 610 5640 723 5708; x_wconf 91' lang='lat' dir='ltr'><strong>qui,</strong></span> <span class='ocrx_word' id='word_1_804' title='bbox 755 5643 942 5702; x_wconf 88' lang='lat' dir='ltr'><strong>viriles</strong></span> <span class='ocrx_word' id='word_1_805' title='bbox 971 5644 1084 5712; x_wconf 90' lang='lat' dir='ltr'><strong>ejus</strong></span> <span class='ocrx_word' id='word_1_806' title='bbox 1110 5649 1306 5706; x_wconf 90' lang='lat' dir='ltr'><strong>milites</strong></span> <span class='ocrx_word' id='word_1_807' title='bbox 1328 5626 1645 5721; x_wconf 83' lang='lat' dir='ltr'><strong>existentes,</strong></span> 
     </span>
    </p>
   </div>
   <div class='ocr_carea' id='block_1_106' title="bbox 101 5726 1644 5818">
    <p class='ocr_par' dir='ltr' id='par_1_106' title="bbox 101 5726 1644 5818">
     <span class='ocr_line' id='line_1_106' title="bbox 101 5726 1644 5818; baseline 0.028 -52"><span class='ocrx_word' id='word_1_808' title='bbox 101 5726 204 5768; x_wconf 78' lang='lat' dir='ltr'><strong>eam</strong></span> <span class='ocrx_word' id='word_1_809' title='bbox 249 5737 356 5777; x_wconf 87' lang='lat' dir='ltr'><strong>non</strong></span> <span class='ocrx_word' id='word_1_810' title='bbox 407 5727 756 5804; x_wconf 87' lang='lat' dir='ltr'><strong>abjecerunt,</strong></span> <span class='ocrx_word' id='word_1_811' title='bbox 805 5737 918 5810; x_wconf 70' lang='lat' dir='ltr'><strong>sed</strong></span> <span class='ocrx_word' id='word_1_812' title='bbox 964 5740 1252 5812; x_wconf 79' lang='lat' dir='ltr'><strong>diligenter</strong></span> <span class='ocrx_word' id='word_1_813' title='bbox 1296 5746 1644 5818; x_wconf 85' lang='lat' dir='ltr'><strong>intelligendo</strong></span> 
     </span>
    </p>
   </div>
   <div class='ocr_carea' id='block_1_107' title="bbox 1759 4561 3341 4636">
    <p class='ocr_par' dir='ltr' id='par_1_107' title="bbox 1759 4561 3341 4636">
     <span class='ocr_line' id='line_1_107' title="bbox 1759 4561 3341 4636; baseline 0.002 -20"><span class='ocrx_word' id='word_1_814' title='bbox 1759 4563 1825 4616; x_wconf 91' lang='lat' dir='ltr'><strong>de</strong></span> <span class='ocrx_word' id='word_1_815' title='bbox 1856 4577 1979 4615; x_wconf 80' lang='lat' dir='ltr'><strong>eum</strong></span> <span class='ocrx_word' id='word_1_816' title='bbox 2007 4561 2200 4629; x_wconf 78' lang='lat' dir='ltr'><strong>timore</strong></span> <span class='ocrx_word' id='word_1_817' title='bbox 2228 4563 2556 4632; x_wconf 88' lang='lat' dir='ltr'><strong>gnstantituu</strong></span> <span class='ocrx_word' id='word_1_818' title='bbox 2589 4565 2763 4618; x_wconf 87' lang='lat' dir='ltr'><strong>salute</strong></span> <span class='ocrx_word' id='word_1_819' title='bbox 2789 4606 2800 4632; x_wconf 91' lang='lat'><strong>,</strong></span> <span class='ocrx_word' id='word_1_820' title='bbox 2839 4575 2899 4619; x_wconf 94' lang='lat' dir='ltr'><strong>ut</strong></span> <span class='ocrx_word' id='word_1_821' title='bbox 2925 4567 2990 4618; x_wconf 90' lang='lat' dir='ltr'><strong>ad</strong></span> <span class='ocrx_word' id='word_1_822' title='bbox 3015 4567 3341 4636; x_wconf 72' lang='lat' dir='ltr'><strong>gustandum</strong></span> 
     </span>
    </p>
   </div>
   <div class='ocr_carea' id='block_1_108' title="bbox 1758 4654 3341 4728">
    <p class='ocr_par' dir='ltr' id='par_1_108' title="bbox 1758 4654 3341 4728">
     <span class='ocr_line' id='line_1_108' title="bbox 1758 4654 3341 4728; baseline 0.003 -20"><span class='ocrx_word' id='word_1_823' title='bbox 1758 4654 2068 4709; x_wconf 90' lang='lat' dir='ltr'><strong>alliciantnr</strong></span> <span class='ocrx_word' id='word_1_824' title='bbox 2101 4671 2114 4719; x_wconf 93' lang='lat'>;</span> <span class='ocrx_word' id='word_1_825' title='bbox 2155 4662 2210 4708; x_wconf 93' lang='grc' dir='ltr'><strong>ει</strong></span> <span class='ocrx_word' id='word_1_826' title='bbox 2241 4656 2306 4709; x_wconf 91' lang='lat' dir='ltr'><strong>de</strong></span> <span class='ocrx_word' id='word_1_827' title='bbox 2354 4655 2616 4710; x_wconf 88' lang='lat' dir='ltr'><strong>malorum</strong></span> <span class='ocrx_word' id='word_1_828' title='bbox 2679 4672 2782 4711; x_wconf 89' lang='lat' dir='ltr'><strong>non</strong></span> <span class='ocrx_word' id='word_1_829' title='bbox 2834 4658 2970 4712; x_wconf 89' lang='lat' dir='ltr'><strong>bene</strong></span> <span class='ocrx_word' id='word_1_830' title='bbox 3006 4661 3341 4728; x_wconf 83' lang='lat' dir='ltr'><strong>gustantitnn</strong></span> 
     </span>
    </p>
   </div>
   <div class='ocr_carea' id='block_1_109' title="bbox 1757 4745 3341 4817">
    <p class='ocr_par' dir='ltr' id='par_1_109' title="bbox 1757 4745 3341 4817">
     <span class='ocr_line' id='line_1_109' title="bbox 1757 4745 3341 4817; baseline 0.005 -17"><span class='ocrx_word' id='word_1_831' title='bbox 1757 4745 2137 4812; x_wconf 87' lang='lat' dir='ltr'><strong>damnatione,</strong></span> <span class='ocrx_word' id='word_1_832' title='bbox 2189 4753 2248 4800; x_wconf 94' lang='lat' dir='ltr'><strong>ut</strong></span> <span class='ocrx_word' id='word_1_833' title='bbox 2277 4761 2370 4800; x_wconf 92' lang='lat' dir='ltr'><strong>eos</strong></span> <span class='ocrx_word' id='word_1_834' title='bbox 2415 4748 2668 4802; x_wconf 90' lang='lat' dir='ltr'><strong>terrendo</strong></span> <span class='ocrx_word' id='word_1_835' title='bbox 2711 4750 2992 4817; x_wconf 88' lang='lat' dir='ltr'><strong>retrahat,</strong></span> <span class='ocrx_word' id='word_1_836' title='bbox 3025 4761 3078 4805; x_wconf 89' lang='lat' dir='ltr'><strong>et</strong></span> <span class='ocrx_word' id='word_1_837' title='bbox 3107 4751 3173 4806; x_wconf 89' lang='lat' dir='ltr'><strong>ad</strong></span> <span class='ocrx_word' id='word_1_838' title='bbox 3205 4751 3341 4808; x_wconf 81' lang='lat' dir='ltr'><strong>bene</strong></span> 
     </span>
    </p>
   </div>
   <div class='ocr_carea' id='block_1_110' title="bbox 1757 4839 2732 4913">
    <p class='ocr_par' dir='ltr' id='par_1_110' title="bbox 1757 4839 2732 4913">
     <span class='ocr_line' id='line_1_110' title="bbox 1757 4839 2732 4913; baseline 0.008 -23"><span class='ocrx_word' id='word_1_839' title='bbox 1757 4839 2083 4908; x_wconf 85' lang='lat' dir='ltr'><strong>gustandum</strong></span> <span class='ocrx_word' id='word_1_840' title='bbox 2110 4839 2369 4894; x_wconf 89' lang='lat' dir='ltr'><strong>attrahat.</strong></span> <span class='ocrx_word' id='word_1_841' title='bbox 2402 4840 2545 4895; x_wconf 92' lang='lat' dir='ltr'><strong>Dicit</strong></span> <span class='ocrx_word' id='word_1_842' title='bbox 2567 4855 2732 4913; x_wconf 86' lang='lat' dir='ltr'><strong>ergo:</strong></span> 
     </span>
    </p>
   </div>
   <div class='ocr_carea' id='block_1_111' title="bbox 1831 4927 3341 5006">
    <p class='ocr_par' dir='ltr' id='par_1_111' title="bbox 1831 4927 3341 5006">
     <span class='ocr_line' id='line_1_111' title="bbox 1831 4927 3341 5006; baseline 0.01 -29"><span class='ocrx_word' id='word_1_843' title='bbox 1831 4928 1982 4997; x_wconf 68' lang='grc' dir='ltr'><strong>ιθ]</strong></span> <span class='ocrx_word' id='word_1_844' title='bbox 2003 4927 2333 4994; x_wconf 81' lang='lat' dir='ltr'><strong>Beuedicam,</strong></span> <span class='ocrx_word' id='word_1_845' title='bbox 2359 4932 2408 4984; x_wconf 91' lang='lat' dir='ltr'><strong>id</strong></span> <span class='ocrx_word' id='word_1_846' title='bbox 2437 4942 2521 4986; x_wconf 89' lang='lat' dir='ltr'><strong>est</strong></span> <span class='ocrx_word' id='word_1_847' title='bbox 2551 4935 2768 5001; x_wconf 85' lang='lat' dir='ltr'><strong>quando</strong></span> <span class='ocrx_word' id='word_1_848' title='bbox 2792 4935 3009 5006; x_wconf 86' lang='lat' dir='ltr'><strong>quidem</strong></span> <span class='ocrx_word' id='word_1_849' title='bbox 3040 4937 3206 4993; x_wconf 84' lang='lat' dir='ltr'><strong>David</strong></span> <span class='ocrx_word' id='word_1_850' title='bbox 3241 4939 3341 4992; x_wconf 58' lang='lat' dir='ltr'><strong>imo</strong></span> 
     </span>
    </p>
   </div>
   <div class='ocr_carea' id='block_1_112' title="bbox 1757 5019 3337 5093">
    <p class='ocr_par' dir='ltr' id='par_1_112' title="bbox 1757 5019 3337 5093">
     <span class='ocr_line' id='line_1_112' title="bbox 1757 5019 3337 5093; baseline 0.005 -19"><span class='ocrx_word' id='word_1_851' title='bbox 1757 5021 1984 5074; x_wconf 87' lang='lat' dir='ltr'><strong>mutavit</strong></span> <span class='ocrx_word' id='word_1_852' title='bbox 2009 5019 2234 5086; x_wconf 89' lang='lat' dir='ltr'><strong>vnl.um,</strong></span> <span class='ocrx_word' id='word_1_853' title='bbox 2260 5019 2491 5077; x_wconf 90' lang='lat' dir='ltr'><strong>laudabo</strong></span> <span class='ocrx_word' id='word_1_854' title='bbox 2515 5024 2660 5078; x_wconf 90' lang='lat' dir='ltr'><strong>illum</strong></span> <span class='ocrx_word' id='word_1_855' title='bbox 2676 5031 2998 5083; x_wconf 80' lang='lat' dir='ltr'><strong>existentem</strong></span> <span class='ocrx_word' id='word_1_856' title='bbox 3023 5030 3337 5093; x_wconf 80' lang='lat' dir='ltr'><strong>Dominum,-</strong></span> 
     </span>
    </p>
   </div>
   <div class='ocr_carea' id='block_1_113' title="bbox 1755 5105 3388 5188">
    <p class='ocr_par' dir='ltr' id='par_1_113' title="bbox 1755 5105 3388 5188">
     <span class='ocr_line' id='line_1_113' title="bbox 1755 5105 3388 5188; baseline 0.008 -24"><span class='ocrx_word' id='word_1_857' title='bbox 1755 5109 1891 5164; x_wconf 84' lang='lat' dir='ltr'><strong>bene</strong></span> <span class='ocrx_word' id='word_1_858' title='bbox 1917 5111 2209 5180; x_wconf 84' lang='lat' dir='ltr'><strong>operando,</strong></span> <span class='ocrx_word' id='word_1_859' title='bbox 2239 5117 2533 5170; x_wconf 82' lang='lat' dir='ltr'><strong>secundum</strong></span> <span class='ocrx_word' id='word_1_860' title='bbox 2566 5120 2706 5188; x_wconf 86' lang='lat' dir='ltr'><strong>quod</strong></span> <span class='ocrx_word' id='word_1_861' title='bbox 2737 5121 2935 5185; x_wconf 85' lang='lat' dir='ltr'><strong>vultus,</strong></span> <span class='ocrx_word' id='word_1_862' title='bbox 2967 5123 3018 5176; x_wconf 93' lang='lat' dir='ltr'><strong>id</strong></span> <span class='ocrx_word' id='word_1_863' title='bbox 3045 5133 3129 5176; x_wconf 90' lang='lat' dir='ltr'><strong>est</strong></span> <span class='ocrx_word' id='word_1_864' title='bbox 3157 5125 3336 5176; x_wconf 73' lang='lat' dir='ltr'><strong>volun-</strong></span> <span class='ocrx_word' id='word_1_865' title='bbox 3386 5105 3388 5107; x_wconf 16' lang='lat' dir='ltr'><strong>l</strong></span> 
     </span>
    </p>
   </div>
   <div class='ocr_carea' id='block_1_114' title="bbox 1758 5204 3338 5282">
    <p class='ocr_par' dir='ltr' id='par_1_114' title="bbox 1758 5204 3338 5282">
     <span class='ocr_line' id='line_1_114' title="bbox 1758 5204 3338 5282; baseline 0.009 -28"><span class='ocrx_word' id='word_1_866' title='bbox 1758 5211 1838 5255; x_wconf 85' lang='lat' dir='ltr'><strong>tas</strong></span> <span class='ocrx_word' id='word_1_867' title='bbox 1865 5204 2112 5260; x_wconf 76' lang='lat' dir='ltr'><strong>sacrificii</strong></span> <span class='ocrx_word' id='word_1_868' title='bbox 2151 5207 2287 5275; x_wconf 81' lang='lat' dir='ltr'><strong>ejus,</strong></span> <span class='ocrx_word' id='word_1_869' title='bbox 2343 5223 2501 5278; x_wconf 74' lang='lat' dir='ltr'><strong>quem</strong></span> <span class='ocrx_word' id='word_1_870' title='bbox 2559 5211 2881 5279; x_wconf 88' lang='lat' dir='ltr'><strong>iunnutavit,</strong></span> <span class='ocrx_word' id='word_1_871' title='bbox 2917 5214 3240 5282; x_wconf 78' lang='lat' dir='ltr'><strong>expostulat.</strong></span> <span class='ocrx_word' id='word_1_872' title='bbox 3272 5215 3338 5268; x_wconf 69' lang='lat' dir='ltr'><strong>lit</strong></span> 
     </span>
    </p>
   </div>
   <div class='ocr_carea' id='block_1_115' title="bbox 1755 5291 3334 5372">
    <p class='ocr_par' dir='ltr' id='par_1_115' title="bbox 1755 5291 3334 5372">
     <span class='ocr_line' id='line_1_115' title="bbox 1755 5291 3334 5372; baseline 0.009 -28"><span class='ocrx_word' id='word_1_873' title='bbox 1755 5293 1856 5346; x_wconf 89' lang='lat' dir='ltr'><strong>hoc</strong></span> <span class='ocrx_word' id='word_1_874' title='bbox 1884 5291 1937 5346; x_wconf 83' lang='lat' dir='ltr'><strong>in</strong></span> <span class='ocrx_word' id='word_1_875' title='bbox 1962 5297 2102 5348; x_wconf 86' lang='lat' dir='ltr'><strong>omni</strong></span> <span class='ocrx_word' id='word_1_876' title='bbox 2129 5307 2374 5368; x_wconf 83' lang='lat' dir='ltr'><strong>tempore,</strong></span> <span class='ocrx_word' id='word_1_877' title='bbox 2401 5299 2451 5353; x_wconf 91' lang='lat' dir='ltr'><strong>id</strong></span> <span class='ocrx_word' id='word_1_878' title='bbox 2470 5309 2554 5355; x_wconf 88' lang='lat' dir='ltr'><strong>est</strong></span> <span class='ocrx_word' id='word_1_879' title='bbox 2584 5302 2634 5354; x_wconf 92' lang='lat' dir='ltr'><strong>in</strong></span> <span class='ocrx_word' id='word_1_880' title='bbox 2665 5303 2946 5372; x_wconf 88' lang='lat' dir='ltr'><strong>prosperis</strong></span> <span class='ocrx_word' id='word_1_881' title='bbox 2971 5315 3026 5356; x_wconf 86' lang='lat' dir='ltr'><strong>et</strong></span> <span class='ocrx_word' id='word_1_882' title='bbox 3055 5303 3107 5355; x_wconf 91' lang='lat' dir='ltr'><strong>in</strong></span> <span class='ocrx_word' id='word_1_883' title='bbox 3139 5304 3334 5357; x_wconf 86' lang='lat' dir='ltr'><strong>adver-</strong></span> 
     </span>
    </p>
   </div>
   <div class='ocr_carea' id='block_1_116' title="bbox 1754 5386 3336 5463">
    <p class='ocr_par' dir='ltr' id='par_1_116' title="bbox 1754 5386 3336 5463">
     <span class='ocr_line' id='line_1_116' title="bbox 1754 5386 3336 5463; baseline 0.008 -25"><span class='ocrx_word' id='word_1_884' title='bbox 1754 5386 1848 5439; x_wconf 90' lang='lat' dir='ltr'><strong>sis.</strong></span> <span class='ocrx_word' id='word_1_885' title='bbox 1883 5386 1948 5441; x_wconf 89' lang='lat' dir='ltr'><strong>Et</strong></span> <span class='ocrx_word' id='word_1_886' title='bbox 1975 5403 2079 5442; x_wconf 93' lang='lat' dir='ltr'><strong>non</strong></span> <span class='ocrx_word' id='word_1_887' title='bbox 2111 5389 2282 5443; x_wconf 91' lang='lat' dir='ltr'><strong>solum</strong></span> <span class='ocrx_word' id='word_1_888' title='bbox 2313 5391 2624 5448; x_wconf 87' lang='lat' dir='ltr'><strong>benedicam</strong></span> <span class='ocrx_word' id='word_1_889' title='bbox 2657 5408 2846 5463; x_wconf 75' lang='lat' dir='ltr'><strong>opere,</strong></span> <span class='ocrx_word' id='word_1_890' title='bbox 2872 5395 2964 5448; x_wconf 88' lang='lat' dir='ltr'><strong>sed</strong></span> <span class='ocrx_word' id='word_1_891' title='bbox 2995 5411 3197 5462; x_wconf 74' lang='lat' dir='ltr'><strong>semper</strong></span> <span class='ocrx_word' id='word_1_892' title='bbox 3217 5395 3336 5450; x_wconf 75' lang='lat' dir='ltr'><strong>laus</strong></span> 
     </span>
    </p>
   </div>
   <div class='ocr_carea' id='block_1_117' title="bbox 1752 5477 3336 5557">
    <p class='ocr_par' dir='ltr' id='par_1_117' title="bbox 1752 5477 3336 5557">
     <span class='ocr_line' id='line_1_117' title="bbox 1752 5477 3336 5557; baseline 0.011 -28"><span class='ocrx_word' id='word_1_893' title='bbox 1752 5477 1864 5546; x_wconf 75' lang='lat' dir='ltr'><strong>ejus</strong></span> <span class='ocrx_word' id='word_1_894' title='bbox 1889 5481 1990 5533; x_wconf 85' lang='lat' dir='ltr'><strong>erit</strong></span> <span class='ocrx_word' id='word_1_895' title='bbox 2011 5480 2066 5533; x_wconf 83' lang='lat' dir='ltr'><strong>in</strong></span> <span class='ocrx_word' id='word_1_896' title='bbox 2111 5499 2197 5535; x_wconf 81' lang='lat' dir='ltr'><strong>ore</strong></span> <span class='ocrx_word' id='word_1_897' title='bbox 2224 5500 2357 5549; x_wconf 90' lang='lat' dir='ltr'><strong>meo,</strong></span> <span class='ocrx_word' id='word_1_898' title='bbox 2391 5485 2440 5538; x_wconf 92' lang='lat' dir='ltr'><strong>id</strong></span> <span class='ocrx_word' id='word_1_899' title='bbox 2471 5495 2553 5540; x_wconf 91' lang='lat' dir='ltr'><strong>est</strong></span> <span class='ocrx_word' id='word_1_900' title='bbox 2602 5503 2815 5557; x_wconf 87' lang='lat' dir='ltr'><strong>semper</strong></span> <span class='ocrx_word' id='word_1_901' title='bbox 2868 5488 3096 5544; x_wconf 77' lang='lat' dir='ltr'><strong>laudabo</strong></span> <span class='ocrx_word' id='word_1_902' title='bbox 3127 5505 3250 5545; x_wconf 91' lang='lat' dir='ltr'><strong>eum</strong></span> <span class='ocrx_word' id='word_1_903' title='bbox 3279 5502 3336 5547; x_wconf 89' lang='lat' dir='ltr'><strong>et</strong></span> 
     </span>
    </p>
   </div>
   <div class='ocr_carea' id='block_1_118' title="bbox 1751 5569 3335 5638">
    <p class='ocr_par' dir='ltr' id='par_1_118' title="bbox 1751 5569 3335 5638">
     <span class='ocr_line' id='line_1_118' title="bbox 1751 5569 3335 5638; baseline 0.011 -20"><span class='ocrx_word' id='word_1_904' title='bbox 1751 5582 1846 5621; x_wconf 91' lang='lat' dir='ltr'><strong>ore</strong></span> <span class='ocrx_word' id='word_1_905' title='bbox 1867 5569 2110 5638; x_wconf 88' lang='lat' dir='ltr'><strong>corporis</strong></span> <span class='ocrx_word' id='word_1_906' title='bbox 2129 5582 2182 5624; x_wconf 90' lang='lat' dir='ltr'><strong>et</strong></span> <span class='ocrx_word' id='word_1_907' title='bbox 2211 5589 2304 5628; x_wconf 84' lang='lat' dir='ltr'><strong>ore</strong></span> <span class='ocrx_word' id='word_1_908' title='bbox 2329 5574 2477 5628; x_wconf 70' lang='lat' dir='ltr'><strong>cordi</strong></span> <span class='ocrx_word' id='word_1_909' title='bbox 2498 5592 2528 5628; x_wconf 94' lang='grc'><strong>·.</strong></span> <span class='ocrx_word' id='word_1_910' title='bbox 2567 5574 2636 5628; x_wconf 57' lang='lat' dir='ltr'><strong>Et»</strong></span> <span class='ocrx_word' id='word_1_911' title='bbox 2658 5575 2737 5632; x_wconf 88' lang='lat' dir='ltr'><strong>sic</strong></span> <span class='ocrx_word' id='word_1_912' title='bbox 2786 5577 3101 5634; x_wconf 83' lang='lat' dir='ltr'><strong>benedicam</strong></span> <span class='ocrx_word' id='word_1_913' title='bbox 3134 5590 3186 5635; x_wconf 89' lang='lat' dir='ltr'><strong>et</strong></span> <span class='ocrx_word' id='word_1_914' title='bbox 3216 5581 3335 5636; x_wconf 88' lang='lat' dir='ltr'><strong>lau-</strong></span> 
     </span>
    </p>
   </div>
   <div class='ocr_carea' id='block_1_119' title="bbox 1751 5661 3333 5733">
    <p class='ocr_par' dir='ltr' id='par_1_119' title="bbox 1751 5661 3333 5733">
     <span class='ocr_line' id='line_1_119' title="bbox 1751 5661 3333 5733; baseline 0.01 -19"><span class='ocrx_word' id='word_1_915' title='bbox 1751 5661 1910 5726; x_wconf 90' lang='lat' dir='ltr'><strong>dabo,</strong></span> <span class='ocrx_word' id='word_1_916' title='bbox 1941 5665 2084 5733; x_wconf 90' lang='lat' dir='ltr'><strong>quod</strong></span> <span class='ocrx_word' id='word_1_917' title='bbox 2113 5667 2311 5732; x_wconf 84' lang='lat' dir='ltr'><strong>anima,</strong></span> <span class='ocrx_word' id='word_1_918' title='bbox 2345 5667 2501 5724; x_wconf 87' lang='lat' dir='ltr'><strong>idest</strong></span> <span class='ocrx_word' id='word_1_919' title='bbox 2536 5669 2648 5724; x_wconf 81' lang='lat' dir='ltr'><strong>vita</strong></span> <span class='ocrx_word' id='word_1_920' title='bbox 2692 5672 2832 5729; x_wconf 91' lang='lat' dir='ltr'><strong>bona</strong></span> <span class='ocrx_word' id='word_1_921' title='bbox 2864 5691 2980 5730; x_wconf 83' lang='lat' dir='ltr'><strong>mea</strong></span> <span class='ocrx_word' id='word_1_922' title='bbox 3013 5677 3066 5730; x_wconf 84' lang='lat' dir='ltr'><strong>in</strong></span> <span class='ocrx_word' id='word_1_923' title='bbox 3110 5677 3333 5732; x_wconf 64' lang='lat' dir='ltr'><strong>Domina</strong></span> 
     </span>
    </p>
   </div>
   <div class='ocr_carea' id='block_1_120' title="bbox 1749 5755 3333 5837">
    <p class='ocr_par' dir='ltr' id='par_1_120' title="bbox 1749 5755 3333 5837">
     <span class='ocr_line' id='line_1_120' title="bbox 1749 5755 3333 5837; baseline 0.009 -28"><span class='ocrx_word' id='word_1_924' title='bbox 1749 5755 1946 5828; x_wconf 86' lang='lat' dir='ltr'><strong>posita,</strong></span> <span class='ocrx_word' id='word_1_925' title='bbox 1975 5756 2025 5813; x_wconf 92' lang='lat' dir='ltr'><strong>id</strong></span> <span class='ocrx_word' id='word_1_926' title='bbox 2057 5767 2138 5814; x_wconf 86' lang='lat' dir='ltr'><strong>est</strong></span> <span class='ocrx_word' id='word_1_927' title='bbox 2159 5759 2212 5813; x_wconf 92' lang='lat' dir='ltr'><strong>in</strong></span> <span class='ocrx_word' id='word_1_928' title='bbox 2247 5760 2401 5816; x_wconf 86' lang='lat' dir='ltr'><strong>laude</strong></span> <span class='ocrx_word' id='word_1_929' title='bbox 2431 5772 2484 5816; x_wconf 90' lang='lat' dir='ltr'><strong>et</strong></span> <span class='ocrx_word' id='word_1_930' title='bbox 2511 5761 2816 5822; x_wconf 82' lang='lat' dir='ltr'><strong>obedientia</strong></span> <span class='ocrx_word' id='word_1_931' title='bbox 2847 5767 2984 5837; x_wconf 77' lang='lat' dir='ltr'><strong>ejus,</strong></span> <span class='ocrx_word' id='word_1_932' title='bbox 3028 5769 3333 5828; x_wconf 80' lang='lat' dir='ltr'><strong>laudabitur</strong></span> 
     </span>
    </p>
   </div>
   <div class='ocr_carea' id='block_1_121' title="bbox 2538 5941 2606 5970">
    <p class='ocr_par' dir='ltr' id='par_1_121' title="bbox 2538 5941 2606 5970">
     <span class='ocr_line' id='line_1_121' title="bbox 2538 5941 2606 5970; baseline 0 -7"><span class='ocrx_word' id='word_1_933' title='bbox 2538 5941 2606 5970; x_wconf 53' lang='grc' dir='ltr'><strong>ειν</strong></span> 
     </span>
    </p>
   </div>
  </div>
