3862 6322
513 268 609 323 771

1084 260 1140 316 S.
1184 260 1530 318 BRUNONIS
1567 259 2216 319 CARTHUSIANORUM
2259 260 2742 321 lNSTlTUTORIS
2784 264 2935 322 OPP.
2978 262 3160 323 PARS
3190 264 3232 322 l.

3638 274 3720 334 7'3

513 381 581 433 ab
600 377 720 431 aliis
744 392 839 447 pro
864 375 1004 429 bono
1024 378 1269 445 exemplo
1281 389 1395 429 suo.
1414 374 1720 445 llocfautem
1749 374 1887 444 quod
1916 375 2082 430 David
2111 393 2161 451 Α
2188 392 2375 432 versus
2398 393 2502 431 non
2532 387 2826 433 mutantur.
2853 379 2918 434 Et
2945 380 3068 449 quia
3095 396 3294 451 pauper
3312 388 3414 448 est,
3442 380 3716 443 clamantem

515 467 823 522 immutavit
847 466 1049 520 vultum
1070 505 1085 529 ,
1112 474 1165 520 et
1190 480 1289 537 ego
1316 466 1437 521 ideo
1467 466 1763 520 benedicam
1788 467 2087 521 Dominum.
2110 524 2111 527 η

511 560 744 615 Audiam
764 576 895 615 aure
927 560 1107 615 cordis
1130 562 1411 627 mansueti,
1439 559 1491 615 id
1526 570 1608 615 est
1634 560 1839 626 fideles,
1864 562 1955 631 qui
1983 577 2089 617 non

512 658 1027 715 suntcontumaces,
1072 650 1208 705 sicut
1231 650 1304 704 illi
1331 652 1419 720 qui
1459 650 1731 704 dixerunt.
1756 670 1773 701 ι
1809 650 2091 717 Quomodo

512 754 732 796 carnem
771 754 921 793 suam
952 740 1107 794 nobis
1150 740 1301 794 dabit
1339 740 1405 793 ad
1448 740 1873 794 comedendum?
1904 740 2087 811 (Joan.

512 848 587 895 vi,
607 830 715 902 12.)
740 850 756 884 ι
778 831 841 885 Ει
856 830 1123 887 audiendo
1145 830 1407 896 (tutentur,
1430 846 1530 885 nec
1548 832 1938 887 contristentur
1951 833 2092 888 sicut

515 924 590 977 illi
627 924 931 978 contristati
964 932 1107 978 sunt.
1143 920 1295 978 Facit
1326 932 1503 977 autem
1537 923 1774 977 lidelium
1817 924 2089 991 collectio,

510 1015 697 1084 quaeiu
724 1014 822 1069 hoc
845 1015 1050 1085 psalmo
1071 1015 1326 1084 loquitur,
1343 1016 1725 1086 apostropham
1750 1017 1815 1071 ad
1846 1032 2094 1074 mansue-

512 1114 616 1165 tos,
651 1104 987 1159 adhortando
1022 1120 1115 1159 eos
1152 1105 1217 1158 ad
1271 1105 1557 1159 Dominum
1613 1106 2088 1175 niagnilicandum,

512 1197 592 1252 sic
624 1214 637 1250 :
670 1194 813 1264 Ergo
865 1196 990 1264 quia
1056 1197 1312 1266 promitto
1366 1198 1509 1265 quod
1559 1197 1881 1264 benedicam,
1935 1207 1988 1253 et
2014 1199 2094 1255 sic

510 1303 672 1358 opere
714 1288 993 1357 complebo
1025 1304 1119 1343 vos
1152 1290 1411 1342 mansueti
1440 1288 1688 1356 exemplo
1740 1290 1843 1344 mei
1890 1292 2094 1361 magni-

510 1379 663 1447 ﬁcale
688 1376 971 1430 Dontinum
994 1394 1213 1442 mecum,
1244 1386 1349 1432 etc.
1393 1378 1577 1433 Potest
1609 1379 1708 1433 hoc
1737 1379 1894 1432 aliter
1920 1381 2094 1434 conti-

514 1466 667 1520 nuari
704 1481 718 1518 :
752 1466 865 1520 Dixi
898 1467 1196 1521 benedicam
1224 1477 1279 1522 et
1305 1467 1575 1533 laudabo;
1607 1478 1662 1523 et
1713 1477 1773 1523 ut
1803 1469 1892 1524 alii
1950 1469 2094 1525 istud

512 1558 653 1611 idem
684 1557 930 1627 exemplo
962 1558 1067 1612 mei
1104 1556 1327 1622 faciant,
1355 1558 1578 1611 audiant
1618 1571 1747 1611 aure
1778 1558 1956 1613 cordis
1998 1559 2093 1613 ad-

511 1649 875 1703 hortationem
908 1664 1083 1702 meam
1113 1663 1275 1719 quam
1307 1650 1386 1704 eis
1419 1649 1634 1703 faciam.
1662 1650 1729 1703 Et
1764 1649 1904 1703 hanc
1945 1632 2107 1705 man-I

2112 528 2121 545 χ
2192 466 2483 530 exaudivit,
2513 476 2569 520 et
2598 467 2843 522 salvavit.

2262 556 2491 611 Immitet
2518 558 2732 628 angelus
2756 558 2967 613 Domini
2982 560 3037 614 in
3057 560 3279 613 circuitu
3305 559 3588 615 timentium
3607 580 3717 631 eum,

2193 646 2245 702 id
2274 658 2357 701 est
2390 647 2637 703 Christus
2667 648 2758 718 qui
2797 659 2881 704 est
2909 650 3152 720 angelus,
3197 651 3251 705 id
3291 659 3379 706 est
3416 655 3620 709 nuntius
3644 657 3721 711 Do-

2193 739 2323 792 mini
2364 738 2570 804 Patris;
2603 740 2693 809 qui
2725 742 2940 811 angelus
2969 742 3169 797 dicitur
3191 745 3373 812 magni
3426 744 3574 813 102
3619 761 3721 802 con.

2193 828 2341 883 silii:
2375 830 2765 884 immissionem
2822 832 2986 886 faciet
3046 833 3362 903 angelorum
3396 833 3641 890 bonorum
3681 838 3722 893 is

2193 919 2419 971 circuitu
2446 919 2742 972 timentium
2769 906 3101 989 eumeuod
3158 931 3242 977 est
3291 922 3514 977 dicere:
3561 923 3724 981 Muniet

2193 1024 2287 1065 eos
2318 1010 2739 1080 circumquaque
2767 1013 2973 1082 angelis
3002 1015 3134 1068 suis.
3167 1011 3235 1066 Et
3291 1012 3372 1068 sic
3398 1014 3573 1082 eripiet
3617 1031 3724 1071 casa

2195 1098 2634 1154 tribulationibus
2663 1115 2732 1155 ne
2778 1099 3074 1168 deficiant,
3124 1102 3209 1156 vel
3257 1102 3456 1172 eripiet
3482 1103 3533 1158 in
3559 1104 3721 1161 futuro.

2197 1190 2351 1246 Unde
2381 1190 2522 1245 idem
2553 1191 2606 1245 in
2654 1192 2986 1262 Evangelio:
3025 1212 3044 1245 ι
3074 1193 3267 1265 Angeli
3321 1210 3509 1250 eorum
3553 1210 3726 1265 semper

2192 1282 2377 1337 vident
2402 1281 2593 1337 faciem
2624 1282 2802 1340 Patris
2830 1286 2935 1341 mei
2977 1286 3191 1357 (Matth.
3224 1302 3381 1353 xvttt,
3413 1287 3520 1356 10).
3551 1305 3569 1339 ι
3598 1287 3723 1344 Dixi:

2194 1374 2433 1428 Accedite
2456 1384 2502 1427 et
2530 1374 2936 1443 illuminamini;
2966 1386 3020 1433 et
3051 1378 3130 1433 sic
3176 1388 3383 1448 gustate
3430 1393 3613 1448 corpus
3646 1381 3723 1436 Do-

2195 1466 2325 1521 mini
2368 1475 2420 1521 et
2472 1469 2807 1538 sanguinem.
2868 1469 3131 1526 Dominus
3185 1472 3333 1526 enim
3386 1471 3600 1527 dicit:t
3646 1473 3726 1539 Qui

2196 1563 2489 1614 manducat
2538 1575 2646 1627 me,
2680 1562 2815 1615 vivit
2855 1574 3076 1632 propter
3112 1577 3198 1617 me
3232 1561 3417 1633 (Ioan.
3468 1578 3542 1628 vi,
3584 1564 3717 1633 57).:

2196 1648 2263 1703 Et
2299 1649 2565 1717 gustando
2589 1650 2776 1716 videte,
2809 1651 2862 1706 id
2884 1661 2968 1706 est
3015 1652 3326 1722 cognoscite
3356 1652 3472 1721 ipsa
3504 1652 3574 1706 rei
3596 1668 3729 1722 expe-

511 1740 643 1793 sueti
673 1740 918 1803 audiant,
950 1732 1019 1794 id
1042 1748 1126 1794 est
1170 1740 1550 1802 asseutie‘utes,
1599 1754 1704 1792 non
1737 1738 1985 1806 rebelles,
2044 1750 2093 1794 et
2125 1755 2170 1813 Β
2198 1742 2391 1794 rientia
2423 1739 2476 1793 in
2525 1740 2705 1795 futuro
2754 1757 2873 1796 eum
2903 1742 3366 1807 beatificabimini,
3393 1741 3623 1812 quoniam
3649 1742 3729 1794 Do-

513 1830 757 1883 la’tentur
782 1829 848 1883 de
896 1844 983 1894 ea,
1016 1846 1115 1885 nec
1140 1832 1546 1885 contristentur.
1605 1830 1733 1898 Quae
1785 1832 2095 1890 exhortatio

516 1918 639 1973 talis
660 1927 742 1973 est
768 1935 781 1971 :
812 1918 1147 1989 Magniﬁcate
1176 1919 1461 1974 Dominum
1504 1936 1728 1987 mecum,
1778 1921 1831 1975 id
1868 1931 1950 1977 est
1982 1923 2097 1978 lau-

515 2012 661 2076 date,
687 2010 830 2063 sicut
860 2026 979 2079 ego,
1004 2020 1057 2064 et
1084 2027 1245 2080 opere
1265 2021 1319 2065 ct
1347 2027 1461 2066 ore.
1481 2012 1547 2066 Et
1575 2012 1675 2066 hoc
1704 2025 1808 2064 non
1836 2011 2097 2069 faciamus

514 2117 615 2173 ego
640 2110 696 2157 et
721 2117 816 2155 vos
848 2102 1084 2169 liorarie,
1117 2103 1208 2157 sed
1242 2103 1528 2156 exaltemus
1562 2120 1746 2159 nomen
1774 2114 1911 2178 ejus,
1937 2109 1987 2162 id
2016 2115 2099 2161 est

515 2196 923 2265 tuagnilicemus
950 2210 1072 2250 eum
1096 2196 1185 2265 qui
1218 2195 1474 2250 Dominus
1500 2208 1743 2265 vocatur,
1768 2199 2098 2255 exaltatioue

518 2288 771 2341 tendente
797 2288 849 2339 in
874 2288 1121 2356 idipsum,
1150 2289 1202 2341 id
1228 2297 1311 2342 est
1343 2288 1394 2341 in
1428 2292 1914 2358 perseverantiam.
1946 2293 2099 2358 Quod

518 2388 605 2431 est
642 2378 825 2431 dicere
860 2395 872 2429 :
915 2377 1228 2431 Exalteutus
1277 2393 1399 2432 eum
1450 2389 1884 2447 perseveranter.
1924 2381 1991 2434 Et
2045 2381 2098 2436 in

520 2469 623 2523 hoc
671 2483 780 2522 non
830 2468 948 2523 ideo
1001 2469 1351 2539 tuaguilicetis
1394 2478 1453 2522 ut
1504 2470 1705 2539 aliquid
1750 2482 1945 2542 praeter
1975 2488 2096 2526 eum

521 2559 646 2613 inde
669 2558 945 2627 qua-ratis.
979 2557 1085 2612 Sed
1120 2574 1220 2612 mei
1249 2558 1494 2629 exemplo
1516 2561 1785 2630 exquirite
1812 2561 2100 2617 Dominum

524 2647 919 2717 magnilicaudo
943 2663 1085 2712 eum,
1125 2658 1179 2702 et
1208 2649 1320 2717 ipse
1346 2664 1440 2703 vos
1466 2651 1670 2705 audiet.
1719 2651 1852 2705 Nam
1884 2668 1981 2722 ego
2009 2668 2102 2706 ea:-

520 2740 707 2807 quisivi
735 2738 1034 2801 Dominum,
1068 2738 1118 2792 id
1148 2750 1227 2793 est
1260 2750 1411 2794 extra
1438 2742 1618 2795 omnia
1646 2744 1866 2811 quaesivi
1919 2744 2102 2799 Domi-

525 2843 653 2881 tium
683 2825 1076 2897 magnificaudo
1100 2842 1221 2881 eum
1257 2846 1269 2881 :
1294 2839 1339 2882 et
1370 2829 1484 2898 ipse
1522 2832 1783 2886 exaudivit
1811 2850 1911 2899 me,
1938 2835 1989 2888 id
2016 2842 2102 2890 est

523 2918 727 2972 audivit
756 2926 812 2971 ut
846 2918 1210 2988 impetrarem.
1237 2916 1304 2972 Et
1328 2921 1404 2975 sic
1424 2938 1489 2975 ea:
1535 2924 1772 2976 cantibus
1805 2924 2102 2979 tribulatio-

524 3012 674 3064 nibus
718 3010 843 3063 meis
894 3012 1083 3081 eripuit
1113 3027 1193 3065 me
1236 3028 1301 3067 ne
1328 3011 1581 3069 cederem
1626 3015 1733 3082 eis;
1766 3031 1872 3069 non
1906 3026 1963 3069 ut
2007 3032 2100 3071 eas

2198 1834 2370 1887 minus
2400 1849 2557 1903 quem
2581 1832 2862 1903 gustabitis
2889 1835 3066 1886 suavis
3102 1835 3256 1889 cibus
3286 1841 3390 1899 est,
3425 1834 3475 1887 id
3497 1840 3593 1898 est,
3612 1832 3727 1887 dele-

2199 1925 2435 1992 ctabilis,
2488 1927 2621 1980 dans
2680 1925 2846 1976 vitam
2900 1923 3168 1977 fidelibus.
3230 1922 3384 1978 Unde
3435 1922 3487 1976 in
3531 1922 3728 1977 Cauticis

2199 2029 2394 2083 sponsa
2420 2016 2485 2070 de
2510 2029 2707 2085 sponso
2741 2032 2753 2066 :
2793 2032 2808 2063 ι
2844 2013 3072 2067 Fructus
3102 2012 3238 2082 ejus,
3274 2011 3328 2066 id
3385 2021 3471 2068 est
3494 2026 3665 2081 corpus
3689 2022 3730 2065 et

2199 2104 2438 2174 sanguis,
2453 2104 2625 2157 dulcis
2647 2102 2848 2173 gutturi
2863 2117 2981 2157 meo
2996 2100 3174 2169 (Cant.
3191 2118 3252 2166 ιι,
3267 2101 3344 2171 5).
3359 2120 3379 2155 ι
3407 2100 3729 2155 Dicovidetein

2198 2193 2380 2247 futuro
2414 2212 2426 2246 :
2452 2204 2505 2247 et
2535 2193 2621 2247 hic
2645 2193 2861 2246 interim
2891 2202 3107 2262 sperate
3133 2192 3256 2262 quia
3280 2191 3554 2247 videbitis.
3574 2190 3729 2244 Beatus

2199 2282 2344 2335 enim
2380 2283 2458 2335 vir
2483 2282 2584 2335 erit
2614 2282 2702 2352 qui
2729 2291 2899 2350 sperat
2926 2284 2980 2333 in
3004 2297 3083 2336 eo.
3132 2281 3253 2335 Dixi
3283 2295 3301 2335 :
3329 2280 3664 2350 Magni/ictuc,
3694 2292 3730 2332 et

2200 2374 2431 2427 accedite
2490 2382 2537 2427 et
2596 2383 2802 2442 gustate
2846 2390 2859 2425 :
2914 2382 2969 2426 et
3006 2373 3086 2426 sic
3144 2372 3353 2437 timete,
3406 2372 3462 2425 id
3494 2380 3591 2437 est,
3636 2385 3730 2425 cum

2201 2466 2396 2519 timore
2419 2463 2749 2517 veneramiui
2776 2462 3059 2517 Dominum
3091 2477 3283 2517 omnes
3308 2461 3485 2516 sancti
3530 2458 3651 2533 ejus.
3682 2458 3731 2512 Et

2200 2553 2343 2608 bono
2368 2564 2547 2608 vestro
2578 2554 2834 2608 timebitis
2867 2570 2881 2618 ;
2917 2542 3172 2622 quoniam
3209 2568 3316 2606 non
3339 2562 3427 2607 est
3456 2552 3623 2620 inOpia
3646 2549 3730 2603 reti

2201 2644 2329 2698 boui
2361 2644 2673 2697 timentibus
2710 2656 2852 2695 eum.
2893 2642 3046 2697 Unde
3077 2642 3206 2697 alibi
3230 2642 3430 2697 dicitur
3457 2658 3469 2693 :
3500 2658 3519 2691 ι
3553 2639 3728 2693 Timen-

2202 2734 2345 2788 tibus
2381 2736 2543 2787 Deum
2580 2734 2713 2787 nihil
2738 2734 2889 2789 deest
2918 2732 3088 2804 (Eccl.
3140 2749 3181 2798 ι,
3233 2732 3349 2803 28).
3389 2752 3408 2784 ι
3461 2731 3576 2785 Dixi
3622 2727 3732 2797 quod

2202 2826 2501 2879 timentibus
2534 2842 2635 2879 non
2663 2835 2737 2879 est
2771 2826 2980 2895 inopia;
3016 2827 3197 2879 divites
3226 2834 3410 2879 autent
3441 2830 3667 2893 eguerunt
3696 2828 3731 2872 et

2202 2920 2518 2972 esuriat-unt.
2576 2918 3025 2987 Praeposteratum
3081 2928 3186 2972 est.
3228 2916 3387 2983 Quod
3430 2914 3729 2969 estdicere:

2202 3007 2397 3061 Divites
2420 3008 2631 3078 Spiritu,
2664 3006 2716 3060 id
2747 3017 2830 3062 est
2856 3007 3092 3077 superbi,
3123 3008 3444 3070 esurierunt,
3466 3015 3521 3060 et
3541 3005 3733 3059 esuriem

525 3116 628 3153 non
670 3108 911 3167 paterer;
948 3099 1027 3152 vel
1068 3099 1282 3168 eripuit,
1344 3100 1395 3154 id
1451 3109 1533 3156 est
1579 3102 1771 3171 eripiet
1810 3102 1863 3155 iu
1898 3101 2100 3157 futuro.
2131 3096 2172 3154 C
2206 3115 2442 3169 semper,
2484 3100 2538 3154 id
2583 3108 2667 3153 est
2718 3099 3103 3154 desiderabunt
3143 3098 3276 3152 illud
3330 3098 3552 3151 bonum.
3587 3095 3733 3148 Nullus

527 3192 676 3256 Dico,
706 3190 1057 3261 magniﬁcate.
1090 3190 1157 3244 Et
1189 3199 1247 3244 ut
1300 3191 1438 3247 bene
1467 3194 1819 3263 magnificare
1856 3194 2100 3262 possitis,

524 3281 751 3337 accedite
779 3283 845 3335 ad
876 3297 992 3334 eum
1023 3281 1269 3350 passibus
1298 3281 1444 3347 fidei,
1477 3292 1531 3337 et
1556 3286 1874 3341 accedentes
1899 3285 2102 3339 illumi-

528 3374 727 3429 uamini
756 3374 1029 3427 intellectu
1059 3374 1346 3443 spirituali.
1376 3376 1695 3431 Aceedendo
1722 3378 1864 3433 enim
1908 3379 1972 3432 ad
2000 3379 2105 3433 Do-

528 3468 754 3530 minum,
793 3463 1125 3517 illuminatur
1179 3466 1505 3535 ignorantia.
1543 3466 1611 3520 Et
1648 3478 1930 3538 postquam
1981 3468 2103 3522 illu-

527 3559 714 3613 minati
752 3558 925 3623 eritis,
958 3556 1118 3625 facies
1150 3566 1328 3611 vestra:
1358 3574 1461 3612 non
1486 3559 1889 3627 confundentur,
1940 3560 1990 3614 id
2020 3571 2103 3615 est

527 3648 883 3719 cogitationes
911 3663 1045 3716 quas
1075 3648 1341 3703 habebitis
1372 3649 1437 3703 de
1460 3648 1568 3704 Deo
1595 3650 1732 3704 bene
1756 3650 2103 3721 intelligendo

527 3753 633 3792 non
672 3738 1168 3803 contui-imbuuntur;
1201 3739 1341 3793 sicut
1367 3754 1555 3794 eorum
1604 3738 1791 3807 facies,
1822 3743 1935 3811 qui,
1979 3759 2102 3797 eum

529 3831 805 3885 audissent
839 3846 867 3883 a
898 3830 1156 3886 Domino:
1197 3849 1215 3882 ι
1245 3830 1357 3886 Nisi
1386 3833 1731 3888 cometleritis
1779 3850 1997 3889 cat'uem
2044 3835 2104 3887 fi-

534 3922 589 3975 lii
618 3924 867 3989 hominis,
902 3941 1005 3979 nou
1031 3924 1303 3979 habebitis
1341 3926 1505 3978 vitam
1533 3927 1583 3979 iu
1634 3927 1785 3981 vobis
1815 3926 1995 3998 (Joan.
2027 3942 2101 3993 vt,

527 4017 646 4089 60),
683 4038 701 4070 ι
736 4019 984 4075 abierunt
1012 4028 1178 4075 retro.
1207 4017 1393 4073 Facies
1418 4036 1515 4089 pro
1543 4023 1831 4091 cognitione
1855 4006 2105 4092 ponitur;

531 4112 655 4181 quia
672 4112 864 4180 oculis,
898 4113 988 4181 qui
1019 4113 1070 4167 iu
1094 4112 1234 4167 facie
1260 4122 1405 4176 sunt,
1439 4114 1843 4184 cognoscimus;
1875 4116 1954 4169 vel
1981 4117 2104 4185 quia

528 4203 583 4257 in
616 4204 752 4258 facie
785 4204 1010 4281 quilibet
1036 4204 1197 4260 citius
1229 4206 1594 4269 cognoscitur.
1624 4204 1753 4259 Dico
1782 4223 1795 4259 :
1831 4203 1969 4271 Quia
2015 4223 2106 4260 ea:-

526 4298 714 4365 qnisivi
740 4297 1044 4363 Dominum,
1073 4307 1119 4351 et
1149 4298 1411 4352 exaudivit
1440 4314 1541 4351 me.
1574 4297 1641 4351 Et
1664 4299 1765 4353 hoc
1809 4313 1913 4353 non
1959 4300 2105 4354 solus

532 4388 654 4443 feci.
680 4387 785 4442 Sed
810 4399 866 4441 ut
893 4388 1145 4443 libentius
1175 4390 1278 4444 hoc
1309 4404 1403 4444 vos
1427 4388 1638 4443 faciatis
1659 4430 1673 4455 ,
1729 4389 1917 4444 scitote
1963 4390 2104 4460 quod

528 4480 624 4535 iste
649 4496 867 4549 panper,
895 4494 1056 4549 quem
1087 4479 1371 4534 Dominum
1402 4480 1511 4534 dixi
1544 4480 1813 4549 superius,
1844 4481 2101 4535 dicendo:

531 4573 831 4627 benedicam
855 4571 1158 4639 Dominum,
1183 4582 1314 4638 etc.,
1349 4572 1400 4627 id
1421 4583 1502 4628 est
1537 4564 2103 4640 Cluistushlamavit,

529 4660 585 4717 id
610 4670 691 4716 est
717 4662 927 4717 iutenso
953 4662 1188 4718 clamore
1216 4664 1397 4733 operis
1440 4673 1490 4718 et
1518 4666 1629 4718 oris
1672 4666 1961 4735 exquisivit
1998 4667 2108 4719 Do-

532 4751 758 4805 minum.
788 4749 856 4803 Et
889 4750 1143 4806 Dominus
1171 4753 1434 4806 exaudivit
1464 4770 1604 4820 eum,
1645 4763 1750 4808 etc.
1806 4754 1872 4807 Et
1902 4754 2025 4819 hoc,
2052 4764 2111 4808 ut

530 4842 778 4911 superius
800 4844 1093 4913 exponitur
1123 4858 1138 4897 :
1169 4843 1421 4898 Christus
1477 4846 1623 4898 enim
1683 4859 1806 4898 cum
1849 4844 2109 4899 Dominus

533 4936 772 4990 omnium
803 4946 969 5005 esset,
996 4953 1195 5007 pauper
1224 4937 1396 4992 factus
1415 4946 1521 5003 est,
1574 4937 1624 4991 id
1650 4946 1734 4992 est
1788 4937 1936 4993 Patri
1984 4940 2110 4995 obe-

535 5032 687 5085 dieus
714 5047 809 5101 per
831 5031 1034 5096 omnia,
1072 5039 1131 5084 ut
1155 5045 1358 5100 pauper
1381 5030 1533 5084 diviti
1578 5029 1840 5085 obedieus
1878 5038 1980 5085 est.
2016 5029 2109 5085 Vel

534 5132 712 5191 potest
750 5137 871 5178 esse
927 5122 1200 5191 repetitio,
1249 5121 1376 5189 quia
1418 5123 1812 5190 interposuerat
1861 5124 2108 5189 accedite,

535 5225 667 5279 etc.,
704 5225 763 5270 ut
786 5216 950 5270 addat
977 5232 992 5268 :
1025 5215 1093 5268 Et
1130 5214 1367 5282 loquitur
1396 5214 1461 5267 de
1491 5229 1549 5268 se
1576 5214 1811 5268 fidelium
1840 5216 2109 5283 collectio,

534 5319 656 5373 qua:
685 5305 737 5358 in
775 5305 877 5359 hoc
904 5303 1115 5372 psalmo
1143 5303 1274 5372 agit,
1301 5311 1358 5354 ut
1397 5302 1463 5356 de
1499 5303 1658 5357 tertia
1698 5318 1945 5371 persona,
1984 5306 2064 5360 sic
2093 5325 2108 5362 :

533 5394 653 5448 Dixi
680 5398 807 5465 quia
838 5395 1124 5465 exquisivi;
1154 5403 1210 5447 et
1241 5407 1427 5446 verum
1465 5391 1582 5460 est;
1620 5396 1715 5448 iste
1744 5397 1886 5450 enim
1913 5414 2113 5467 pauper

537 5484 628 5552 qai
660 5486 917 5555 loquitur,
953 5485 1005 5538 id
1032 5492 1115 5537 est
1159 5497 1281 5552 ego,
1327 5482 1593 5553 clamavit,
1649 5487 1701 5540 id
1746 5496 1832 5541 est
1876 5488 2111 5546 clamore

539 5572 751 5631 iutenso
791 5572 1083 5643 exquisivit
1133 5571 1442 5641 Dominum,
1492 5584 1598 5631 etc.
1632 5575 1923 5650 Sequentia
1956 5581 2113 5652 hujus

2204 3192 2345 3246 enim
2375 3194 2510 3247 adeo
2535 3192 2728 3260 impius
2756 3192 2845 3260 qui
2878 3206 3148 3245 summum
3190 3189 3393 3243 bonum
3421 3204 3526 3242 non
3569 3188 3734 3241 deside-

2206 3294 2307 3351 ret,
2338 3286 2585 3354 quamvis
2616 3285 2682 3337 ad
2704 3285 2876 3353 ipsum
2901 3292 3047 3337 recte
3076 3298 3181 3336 non
3212 3284 3421 3338 tendat.
3448 3282 3514 3336 Et
3532 3290 3734 3351 eguerunt

2206 3374 2295 3428 illo
2327 3376 2465 3428 bono
2499 3384 2551 3428 et
2576 3377 2808 3444 egebant
2835 3389 3068 3442 semper,
3123 3375 3173 3425 id
3206 3382 3290 3428 est
3319 3372 3597 3427 carebunt.
3622 3371 3735 3426 Unde

2206 3467 2463 3520 Dominus
2488 3466 2539 3519 in
2570 3466 2913 3535 Evangelico.
2959 3485 2977 3516 ι
3015 3466 3250 3519 Facilius
3277 3474 3363 3520 est
3393 3465 3641 3518 camelutu
3665 3476 3736 3532 per

2206 3558 2447 3610 foramen
2492 3572 2621 3610 acus
2678 3558 2930 3619 transire,
2986 3572 3147 3626 quant
3186 3556 3415 3610 divitem
3472 3557 3522 3609 in
3558 3569 3736 3624 rrguum

2204 3646 2461 3701 caelorum
2501 3647 2705 3701 intrare
2732 3646 2947 3716 \Mttll/t.
2975 3663 3124 3712 λιιιιι,
3155 3647 3309 3718 24),»
3338 3648 3557 3702 divitem
3585 3646 3737 3715 spititu

2206 3724 2431 3796 scilicet.
2461 3740 2595 3806 Quia
2623 3756 2748 3794 vero
2772 3749 3024 3809 posuerat
3046 3756 3149 3793 non
3174 3749 3249 3794 est
3278 3740 3459 3809 inopia
3489 3738 3737 3792 timentibus

2205 3849 2342 3897 eum,
2384 3834 2604 3901 exponit
2648 3849 2749 3885 non
2783 3828 2859 3885 est
2890 3832 3086 3901 inopia,
3126 3832 3222 3886 sic.
3258 3832 3391 3886 Dico
3426 3832 3547 3899 quia
3596 3830 3737 3883 divites

2206 3936 2451 3993 eguerunt
2482 3934 2528 3977 et
2559 3924 2883 3989 esurierunt;
2914 3925 3235 3994 inquirentcs
3263 3933 3440 3978 autem
3480 3924 3736 3984 Dominum,

2208 4017 2260 4071 id
2290 4026 2369 4071 est
2404 4031 2668 4087 pauperes
2697 4026 2751 4071 et
2775 4018 3048 4083 timentes,
3079 4016 3231 4071 valde
3265 4024 3573 4086 quaerentes
3598 4014 3739 4069 Domi-

2208 4125 2352 4173 num,
2388 4125 2489 4161 non
2540 4108 2840 4161 minuentur
2891 4109 3031 4162 omni
3080 4109 3236 4176 bono,
3284 4111 3340 4164 id
3377 4125 3460 4166 est
3509 4122 3738 4182 nunquam

2208 4200 2480 4254 habebunt
2529 4198 2730 4263 minus,
2760 4200 2903 4269 quod
2938 4201 3039 4271 ipsi
3074 4212 3320 4271 quaerent
3368 4204 3644 4258 Dominum
3674 4200 3739 4271 qui

2208 4300 2291 4346 est
2314 4308 2473 4348 omne
2502 4293 2722 4358 bonum,
2741 4294 2793 4349 id
2816 4303 2922 4359 est,
2946 4310 3068 4348 cum
3088 4295 3160 4349 sit
3186 4310 3462 4350 summum
3484 4296 3740 4359 bonum,ab

2210 4380 2326 4450 ipso
2350 4390 2432 4435 est
2465 4397 2624 4436 omne
2679 4383 2902 4437 bonum.
2949 4383 3086 4450 Quia
3137 4400 3269 4439 vero
3305 4386 3540 4452 dixerat,
3588 4387 3738 4447 timete,

2211 4481 2268 4525 ut
2303 4482 2489 4541 postea
2523 4473 2712 4527 doceat
2739 4489 2832 4529 eos
2855 4475 3094 4529 timorem
3121 4476 3357 4542 Domini,
3407 4479 3488 4531 sie
3533 4478 3740 4533 adhorta-

2211 4572 2295 4616 tur
2319 4563 2382 4616 ad
2405 4565 2753 4618 audiendum:
2788 4568 2929 4630 Dixi,
2961 4569 3155 4621 timete.
3186 4570 3255 4622 Et
3288 4570 3546 4624 utsciatis
3572 4572 3735 4629 timere,

2208 4670 2240 4709 ο
2267 4671 2381 4721 vos,
2403 4656 2520 4724 ﬁlii,
2556 4672 2659 4710 non
2684 4658 2980 4712 secundum
3004 4676 3226 4714 carnem
3249 4664 3343 4715 sed
3370 4664 3653 4718 secundum
3673 4663 3740 4716 do-

2208 4746 2458 4813 ctrinam,
2490 4749 2654 4801 venite
2699 4749 2948 4817 passibus
2996 4750 3323 4817 affectionis,
3376 4764 3433 4808 et
3482 4754 3646 4807 audite
3685 4767 3740 4803 me

2210 4839 2391 4893 auditu
2420 4841 2614 4904 cordis,
2649 4849 2703 4894 et.
2735 4841 2814 4894 sic
2848 4841 3089 4896 timorem
3113 4843 3330 4897 Domini
3361 4846 3554 4899 docebo
3578 4862 3667 4898 vos.
3693 4841 3742 4896 Ut

2211 4940 2388 4986 autem
2424 4933 2592 5003 magis
2621 4934 2839 5003 instiget
2868 4936 2934 4989 ad
2974 4936 3078 4990 hoc
3104 4937 3250 5004 quod
3286 4938 3534 4992 dicturus
3561 4948 3651 5000 est,
3688 4948 3743 4987 su:

2214 5025 2368 5093 quasi
2396 5025 2783 5095 interrogative
2806 5029 3166 5095 prtehortatur
3187 5044 3283 5084 eos
3312 5047 3327 5084 :
3364 5032 3496 5086 Dico
3523 5032 3650 5101 quod
3675 5028 3744 5079 do-

2211 5117 2333 5168 cebo
2358 5133 2462 5169 vos.
2496 5116 2560 5169 Et
2587 5133 2654 5171 ne
2690 5118 2892 5171 frustra
2935 5119 3182 5187 doceam,
3224 5122 3343 5189 quis
3392 5133 3468 5175 est
3504 5123 3644 5174 [tanta
3678 5114 3744 5184 qui

2212 5209 2320 5262 vult
2372 5211 2569 5262 vitam?
2598 5210 2664 5263 Et
2707 5212 2927 5281 ettpouit
2967 5228 3131 5280 quant
3186 5218 3367 5279 vitam,
3400 5231 3522 5269 cum
3555 5211 3745 5282 adjuugit

2213 5300 2447 5355 scilicet:
2469 5304 2582 5372 quis
2609 5313 2681 5355 est
2704 5305 2858 5358 homo
2881 5307 2970 5374 qui
2990 5306 3353 5376 diligitvidere
3386 5310 3498 5377 ipsa
3526 5308 3596 5361 rei
3621 5319 3747 5373 expe-

2213 5389 2409 5444 rientia
2450 5391 2560 5444 dies
2590 5392 2772 5459 bonos,
2801 5394 2854 5448 id
2884 5402 2969 5448 est
3002 5395 3117 5450 dies
3147 5397 3272 5450 vitae
3299 5408 3538 5462 arteriae,
3572 5399 3618 5452 in
3657 5395 3747 5465 qui-

2212 5484 2313 5538 bus
2339 5483 2482 5536 nulla
2516 5485 2796 5540 tribulatio
2824 5497 2958 5555 erit,
2986 5491 3215 5560 ideoque
3242 5494 3371 5548 boni
3402 5497 3654 5550 dicuntur.
3679 5492 3746 5545 lsti

2213 5591 2343 5633 vero
2363 5578 2479 5633 dies
2524 5579 2650 5633 mali
2686 5580 2960 5650 dicuntur,
2995 5600 3100 5640 non
3130 5587 3275 5656 quod
3328 5588 3382 5644 in
3412 5588 3632 5645 essentia
3674 5601 3747 5641 sna

2138 4432 2183 4489 D
