3862 6322
116 292 197 345 773

997 280 1358 340 EXPOSITIO
1396 281 1463 337 IN
1489 281 2113 339 PSALMOS.—PSAL.
2156 281 2397 338 XXXIV.

3218 292 3320 348 774

114 405 219 460 mali
239 399 638 474 sing’ied'quta
670 402 722 457 in
748 401 829 456 eis
851 397 991 453 mala
1038 400 1374 453 diversarum
1424 394 1647 450 tribula-
1675 402 1721 456 Α
1746 395 1921 460 modi;
1946 405 2002 451 et
2022 410 2141 464 qua:
2160 396 2228 450 ab
2243 396 2365 451 aliis
2387 395 2708 463 inferuntur,
2735 410 2793 454 ut
2815 399 3091 471 ﬂagellari,
3120 406 3313 459 occidi.

114 496 290 549 lionum
335 493 672 548 immineant.
699 491 811 546 Hoc
843 498 1017 544 autem
1051 496 1139 541 est
1190 501 1254 541 ac
1279 486 1325 541 si
1350 484 1493 540 dicat
1522 501 1536 538 :
1568 482 1647 537 Tu

114 585 267 647 homo,
295 583 386 653 qui
410 582 495 637 vis
519 584 708 647 vitam,
731 580 856 634 audi
904 575 1162 648 quidquid
1196 576 1286 630 alii
1332 574 1565 638 iaciant;
1593 580 1649 628 et

110 674 175 729 sic
185 672 362 726 docebo
375 681 424 725 te
438 671 679 725 timorem
690 668 928 734 Domini,
943 667 1151 724 scilicet
1179 665 1393 736 prohibe
1413 665 1646 734 linguam

111 774 273 816 tuama
294 760 448 827 malo,
477 761 529 815 id
550 768 634 816 est
655 761 723 815 ab
742 758 945 813 amaris
966 757 1168 813 verbis.
1194 756 1260 810 Et
1280 756 1405 826 quia
1428 755 1645 825 quidam

110 866 199 906 non
222 851 385 904 amari
410 850 463 905 in
498 849 678 905 verbis
703 848 887 902 dolosa
932 847 1246 917 loquuntur,
1268 855 1323 899 et
1352 845 1430 899 sic
1457 845 1648 898 timen-

112 952 177 995 tes
202 953 295 992 non
324 947 468 1003 sunt,
498 938 647 993 addit
678 955 691 992 :
726 936 794 990 Et
834 936 973 989 labia
1004 945 1097 989 tua
1140 951 1203 989 ne
1241 934 1523 1005 loquantur
1547 935 1641 986 do-

108 1028 216 1093 lum,
242 1026 289 1081 id
322 1037 406 1082 est
442 1027 625 1083 dolosa
648 1028 845 1092 verba;
891 1035 946 1082 et
986 1027 1151 1080 etiam
1190 1025 1383 1079 diverte
1437 1042 1469 1078 a
1507 1024 1645 1078 malo

108 1130 311 1186 aelu;et
336 1121 459 1190 quia
490 1137 595 1176 non
621 1120 908 1187 sumceret,
944 1120 1030 1190 [ac
1070 1120 1282 1184 bonum,
1310 1130 1365 1174 et
1388 1121 1491 1175 hoc
1537 1135 1643 1175 non

107 1225 187 1279 pro
218 1211 443 1265 humano
488 1209 695 1276 favore,
740 1211 834 1265 sed
891 1225 988 1281 per
1049 1210 1166 1265 haec
1217 1211 1417 1278 inquire
1467 1228 1645 1280 pacem

106 1313 360 1366 a'ternam;
407 1310 459 1355 et
500 1317 609 1355 non
651 1302 850 1370 tepide,
917 1301 1010 1355 sed
1071 1316 1376 1370 persequere
1422 1317 1557 1366 eam,
1593 1301 1644 1355 id

105 1402 173 1445 est
198 1400 598 1460 perseveranter
622 1391 701 1445 sic
725 1390 939 1460 inquire
966 1405 1105 1445 eam.
1130 1389 1280 1456 Quod
1310 1398 1394 1445 est
1416 1390 1596 1445 dicere
1626 1406 1642 1444 :

105 1479 215 1533 Cum
247 1478 530 1534 diverteris
555 1494 585 1532 a
618 1479 779 1546 malo,
824 1488 880 1535 et
930 1479 1121 1534 feceris
1150 1479 1370 1546 bonum,
1411 1480 1498 1534 fac
1542 1481 1646 1534 hoc

105 1569 313 1623 contuitu
344 1570 495 1638 pacis
517 1578 751 1636 aeternae,
802 1570 852 1625 id
884 1579 968 1625 est
1021 1569 1244 1637 Christi,
1276 1574 1367 1641 qui
1418 1582 1500 1627 est
1541 1588 1640 1645 pax

105 1669 227 1707 vera.
253 1652 409 1707 Juxta
446 1654 575 1709 illud
597 1654 839 1724 Apostoli
879 1671 894 1708 :
951 1672 970 1705 ι
1014 1654 1132 1725 lpse
1166 1665 1251 1711 est
1294 1672 1399 1726 pax
1430 1668 1640 1723 nostra,

1746 476 1816 531 Et
1841 494 1907 533 ex
1927 481 2163 533 omnibus
2184 481 2265 535 his
2291 480 2529 535 liberabit
2556 500 2641 535 eos
2669 483 2943 538 Dominus.
2981 488 3089 542 Iloc
3134 498 3315 542 autem

1746 576 1830 623 est
1856 569 2123 638 expositio
2164 571 2323 640 hujus
2352 574 2494 640 quod
2538 574 2785 642 superius
2832 577 3050 641 posuit:
3095 579 3316 633 humiles

1745 663 1929 732 spiritu
1954 663 2193 718 salvabit.
2218 664 2348 720 Dico
2376 666 2518 735 quod
2549 664 2768 720 salvabit
2796 665 2849 720 in
2886 666 3088 723 luturo.
3128 669 3195 723 Et
3238 670 3321 723 in-

1747 756 1903 810 terim
1944 758 2167 811 custodit
2219 757 2474 811 Dominus
2522 759 2697 812 omnia
2740 775 2882 822 ossa,
2911 758 2965 813 id
3013 770 3093 814 est
3130 775 3320 815 omnes

1744 848 1973 904 virtutes
1989 865 2197 915 eorum,
2229 851 2306 905 sic
2345 851 2486 920 quod
2506 867 2667 905 unum
2688 867 2753 905 ea:
2778 851 2852 905 eis
2877 868 2979 904 non
3002 867 3050 905 σι
3066 860 3298 906 πενίην

1746 940 1800 996 id
1829 951 1909 998 est
1946 957 2051 997 non
2082 946 2428 1004 .destruetur.
2482 942 2600 997 Dixi
2636 943 2778 1012 quod
2820 942 2997 1012 justas
3052 943 3272 996 salvabit
3300 984 3316 1009 ,

1744 1047 2027 1107 postquam
2067 1038 2273 1094 scilicet
2302 1038 2606 1091 morientur
2654 1048 2825 1092 morte
2875 1038 3167 1107 corporali,
3199 1053 3321 1110 quae

1746 1126 1853 1181 erit
1876 1127 1955 1181 eis
2006 1136 2162 1195 porta
2214 1126 2359 1180 vitae.
2402 1125 2547 1180 Mors
2595 1134 2776 1180 autem
2830 1140 2892 1195 pe
2923 1140 2950 1178 c
2986 1132 3160 1179 tor..m
3213 1140 3319 1179 non

1744 1224 2024 1293 erit-porta
2055 1223 2197 1284 vitae,
2223 1220 2316 1276 sed
2343 1221 2567 1290 pessima
2598 1219 2720 1282 erit,
2752 1218 2805 1272 il
2837 1227 2921 1273 cst
2950 1230 3103 1288 porta
3131 1220 3322 1273 mortis

1743 1325 2035 1385 perpetua).
2066 1314 2131 1368 Et
2164 1314 2275 1368 dixi
2326 1331 2341 1381 ς
2392 1313 2649 1366 Dominus
2696 1313 2921 1366 custodit
2968 1328 3090 1365 ossa
3133 1328 3314 1364 earum

1740 1405 2008 1475 iustorum
2066 1420 2131 1460 ne
2189 1414 2431 1473 peccent.
2468 1404 2532 1457 Et
2566 1418 2629 1456 ex
2662 1403 2909 1473 opposito
2958 1403 3047 1472 qui
3098 1400 3320 1455 ederunt

1736 1499 1961 1567 justum,
1990 1497 2039 1550 id
2075 1504 2157 1550 est
2182 1506 2516 1565 peccatores,
2550 1494 2845 1564 delinquent
2874 1493 3051 1547 eundo
3080 1492 3145 1545 de
3176 1491 3323 1548 malo

1744 1590 1797 1644 in
1828 1590 1999 1658 pejus.
2034 1588 2263 1657 Exponit
2292 1597 2473 1641 autem
2504 1586 2774 1656 quomodo
2813 1584 3066 1638 liberabit
3114 1581 3313 1650 justos,

1744 1688 1797 1735 et
1825 1680 2094 1749 quomodo
2117 1678 2351 1732 custodit
2380 1676 2466 1730 hic
2487 1676 2679 1744 iustos,
2714 1676 2793 1730 sic
2820 1693 2831 1727 :
2862 1675 2992 1727 Dico
3022 1672 3160 1742 quod
3184 1670 3318 1726 libe-

104 1743 314 1836 qtlilecil
358 1752 587 1836 utraque
651 1761 816 1836 unum
862 1742 1090 1836 ,(Ephes:
1126 1762 1189 1812 ιι,
1248 1747 1360 1817 Μ).
1413 1767 1432 1800 ι
1492 1749 1637 1816 Dico.
1671 1742 1716 1800 Β
1744 1742 1881 1824 rabit
1904 1767 2103 1836 justas,
2134 1766 2341 1821 scilicet
2370 1742 2607 1834 redimet,
2646 1766 2695 1820 id
2725 1775 2807 1819 est
2858 1776 3009 1820 eruet
3059 1763 3317 1817 Dominus

102 1833 264 1885 diserte
288 1849 318 1885 a
341 1834 501 1898 malo,
524 1842 631 1888 etc.
663 1833 729 1888 Et
759 1836 827 1888 ad
860 1834 959 1888 hoc
983 1841 1034 1888 te
1064 1834 1208 1890 Deus
1238 1837 1533 1906 adjuvabit.

159 1922 293 1977 Oculi
322 1938 559 1994 namque
585 1923 797 1979 Domini
827 1934 949 1980 sunt
976 1942 1130 1995 super
1150 1926 1323 1994 justas
1349 1929 1643 1997 respicien-

101 2024 186 2079 tes,
220 2015 268 2069 id
296 2023 381 2070 est
409 2016 584 2085 gratia
627 2015 742 2084 ejus
774 2017 995 2087 respicit
1021 2032 1183 2088 super
1212 2033 1306 2073 eos
1344 2028 1401 2073 ut
1441 2022 1641 2074 conﬁr-

100 2115 210 2169 met,
238 2120 297 2159 ne
327 2106 583 2161 deﬁciant
617 2122 649 2160 a
684 2106 1038 2162 similitudine
1077 2107 1241 2174 illius,
1265 2110 1356 2178 qui
1380 2124 1538 2178 quem
1565 2111 1643 2164 di-

100 2195 193 2265 ligit
214 2196 442 2265 respicit.
470 2196 542 2249 Et
558 2213 734 2265 aures,
764 2198 817 2252 id
842 2205 923 2253 est
951 2198 1061 2267 ipsa
1087 2200 1283 2268 gratia,
1303 2210 1429 2255 sunt
1449 2202 1501 2254 in
1526 2218 1646 2270 pre-

100 2305 165 2341 res
190 2304 376 2352 eorum,
405 2288 457 2341 id
486 2298 569 2343 est
595 2303 761 2358 prope
806 2304 996 2359 preces
1018 2304 1228 2356 eorum,
1290 2299 1350 2350 ut
1387 2294 1644 2353 exaudiat

99 2396 189 2447 eos,
212 2389 261 2436 et
281 2381 352 2435 sit
375 2381 455 2443 eis
478 2391 797 2458 cooperator
827 2389 879 2443 in
911 2386 1131 2442 bonum.
1181 2387 1366 2443 Gratia
1396 2406 1525 2444 vero
1551 2391 1644 2446 be-

98 2498 153 2535 ne
176 2482 359 2535 dicitur
384 2490 439 2535 et
467 2482 618 2536 auris
655 2491 708 2536 et
736 2482 950 2547 oculus,
1003 2495 1068 2535 eo
1125 2481 1265 2550 quod
1309 2497 1405 2552 per
1448 2497 1569 2537 eam
1613 2499 1643 2537 a

99 2573 292 2628 Domino
312 2581 368 2628 et
388 2573 749 2628 exaudiamur
776 2582 830 2629 et
860 2572 1163 2628 videamur.
1200 2571 1296 2628 Vel
1321 2575 1463 2643 quod
1516 2576 1646 2631 dicit

98 2666 276 2731 prohibe
300 2664 536 2735 linguam
577 2665 732 2735 103
763 2676 907 2719 tuam
934 2682 965 2719 a
987 2666 1146 2730 malo,
1188 2667 1495 2736 specialiter
1543 2667 1644 2738 legi

97 2763 243 2823 potest
271 2754 347 2809 sic
370 2770 387 2810 :
413 2755 575 2808 Dixi:
614 2754 832 2810 Gustate
854 2764 903 2809 et
926 2756 1117 2820 timete,
1148 2755 1202 2809 id
1230 2764 1312 2809 est
1337 2769 1458 2808 cum
1490 2756 1647 2810 timo-

99 2853 375 2913 regustate.
408 2844 480 2898 Et
518 2852 578 2898 ut
605 2860 729 2899 cum
763 2846 957 2900 timore
985 2854 1189 2915 gustes,
1239 2852 1295 2899 tu
1342 2845 1433 2915 qui
1481 2846 1644 2898 vitam

98 2936 266 3006 diligis,
289 2938 508 3007 prohibe
540 2936 774 3007 linguam
825 2946 968 2989 luant
1008 2955 1038 2989 a
1069 2936 1228 3003 ntalo,
1274 2934 1323 2989 id
1364 2944 1448 2989 est
1477 2953 1505 2987 a
1535 2935 1647 2989 bla-

99 3028 301 3096 sphemia
331 3029 694 3093 sacramenti;
724 3038 779 3082 et
806 3030 968 3082 etiam
992 3027 1131 3081 labia
1160 3038 1250 3080 tua
1276 3043 1338 3080 ne
1363 3026 1647 3093 loquuntur

97 3119 268 3184 dolum,
298 3119 346 3173 id
377 3128 466 3174 est
514 3120 676 3173 verba
698 3119 885 3174 dolosa
913 3119 980 3174 de
1023 3120 1138 3189 ipso
1189 3128 1551 3183 sacramento,
1584 3128 1642 3173 ut

97 3209 221 3264 dicas
262 3212 398 3265 bene
433 3214 504 3265 de
529 3224 613 3273 eo,
645 3218 699 3262 et
727 3210 867 3263 male
920 3209 1205 3279 intelligas.
1255 3208 1460 3263 Caetera
1514 3224 1642 3264 vero

97 3315 182 3353 non
206 3310 501 3355 mutantur.
528 3299 642 3355 Hoc
668 3307 844 3353 autem
863 3300 1006 3370 quod
1033 3301 1162 3353 dicit
1174 3298 1387 3367 prohibe
1407 3299 1642 3370 linguam

96 3402 204 3458 etc.,
230 3408 330 3445 non
362 3402 451 3447 est
490 3393 650 3448 timor
679 3393 913 3457 Domini,
944 3392 1038 3447 sed
1064 3389 1290 3445 ell‘ectus
1319 3391 1543 3443 timoris.
1579 3390 1644 3444 Et

97 3497 174 3551 per
199 3482 441 3537 allectum
500 3498 719 3538 causam
773 3483 1040 3551 designat.
1102 3481 1399 3552 Sequitur:
1459 3479 1642 3535 Vultus

94 3586 260 3640 autem,
286 3585 393 3629 etc.
424 3574 565 3642 Quia
601 3576 813 3629 dixerat
833 3574 1020 3629 oculos
1049 3572 1258 3627 Domini
1281 3587 1441 3642 super
1465 3572 1642 3641 jnstos

95 3677 234 3729 esse,
276 3680 341 3718 ex
404 3665 654 3734 opposito
701 3665 986 3719 ostendere
1029 3664 1259 3718 intendit
1304 3663 1431 3732 quid
1489 3663 1642 3718 inalis

95 3756 359 3826 continget,
392 3770 463 3810 ne
491 3771 611 3810 sese
632 3764 821 3825 putent
843 3756 1151 3826 impunitos,
1182 3756 1258 3809 sic
1288 3772 1300 3807 :
1333 3757 1461 3809 Dico
1498 3755 1641 3824 quod

94 3846 208 3899 oruli
228 3846 440 3900 Domini
465 3856 589 3900 sunt
616 3862 771 3916 super
805 3845 998 3914 justas.
1050 3846 1126 3899 Ex
1174 3846 1422 3914 apposito
1463 3855 1642 3900 autem

93 3938 259 4006 vultus,
282 3940 331 3993 id
356 3950 444 3994 est
469 3939 789 3993 vultuositas
818 3938 1029 3991 Domini
1077 3947 1161 3992 est
1211 3954 1367 4007 super
1392 3936 1642 4005 facientes

92 4027 230 4095 mala,
262 4029 312 4082 id
357 4038 447 4084 est
480 4029 562 4082 ira
590 4028 705 4095 ejus
752 4043 916 4097 super
943 4043 1056 4090 eos,
1093 4038 1146 4081 ut
1177 4027 1358 4097 perdat
1390 4026 1453 4079 de
1504 4037 1643 4080 terra

92 4117 355 4173 virentium
385 4120 555 4173 etiam
585 4121 885 4172 memoriam
925 4135 1124 4185 eorum,
1167 4129 1223 4171 ut
1255 4133 1352 4171 nec
1378 4118 1442 4171 de
1463 4118 1541 4173 eis
1571 4119 1642 4173 ibi

92 4212 268 4265 mentio
294 4211 390 4265 ﬁat
436 4226 539 4265 nec
574 4212 769 4265 oratio.
812 4209 1025 4264 Vultum
1076 4228 1173 4281 pro
1204 4212 1282 4265 ira
1310 4214 1490 4282 ponit,
1516 4213 1642 4283 quia

90 4297 154 4351 ira
181 4299 307 4354 solet
331 4302 385 4354 in
420 4300 571 4354 vultu
598 4314 880 4368 apparere.
913 4300 994 4353 lra
1018 4316 1146 4355 vero
1181 4302 1274 4356 Dei
1324 4303 1456 4356 nihil
1498 4303 1641 4358 aliud

92 4402 157 4445 est
175 4409 328 4449 uuam
357 4395 623 4449 vindicta.
656 4394 775 4447 Dixi
814 4394 956 4462 quod
992 4410 1145 4447 aures
1193 4395 1403 4449 Domini
1434 4405 1558 4450 sunt
1588 4396 1640 4449 in

90 4499 237 4549 preces
256 4501 463 4539 eorum.
486 4485 552 4538 Et
586 4485 689 4539 hoc
713 4492 892 4554 potest
931 4484 1096 4538 videri
1123 4498 1220 4554 per
1268 4485 1464 4540 simile.
1511 4485 1644 4538 Nam

113 4571 420 4630 lamarerunt
472 4577 629 4646 justi,
664 4577 715 4630 id
746 4586 831 4631 est
861 4577 1099 4632 clamore
1155 4579 1367 4632 intenso
1419 4586 1647 4647 egerunt

87 4659 269 4728 justum
294 4666 467 4719 veteri
503 4666 640 4736 lege,
699 4666 971 4720 Abraham
1022 4668 1230 4722 scilicet
1280 4678 1335 4722 et
1387 4669 1556 4733 Isaac,
1592 4678 1647 4722 et

90 4756 245 4808 caeteri
296 4757 632 4827 huiusmodi.
684 4756 753 4811 Et
802 4758 1056 4814 Degumus
1100 4760 1365 4814 exaudivit
1414 4773 1553 4813 eos:
1598 4769 1645 4814 et

90 4844 236 4900 sicea:
280 4850 525 4903 omnibus
568 4850 989 4905 tribulationibus
1030 4869 1209 4906 eorum
1254 4853 1488 4908 liberavit
1537 4870 1642 4907 eos.

91 4932 294 5006 Ideoque
346 4955 448 5010 per
497 4940 802 5010 exemplum
856 4956 1043 5008 eorum
1083 4952 1258 5013 potest
1303 4945 1645 5013 eomproiari

90 5028 207 5093 quod
220 5029 400 5098 juxta,
442 5030 494 5085 id
526 5042 607 5085 est
636 5048 800 5101 prope
838 5042 911 5086 est
961 5033 1216 5089 Dominus
1269 5036 1353 5091 his
1387 5040 1476 5106 qui
1524 5046 1645 5091 sunt

89 5120 434 5175 contribulato
462 5123 638 5187 corde,
662 5123 715 5177 id
753 5134 835 5179 est
862 5124 981 5180 illos
998 5127 1220 5181 exaudit
1254 5128 1345 5196 qui
1396 5128 1647 5183 scindunt

90 5207 249 5275 corda,
274 5212 542 5279 gemenda
563 5212 629 5265 de
650 5214 904 5282 pcecatis,
937 5223 993 5268 et
1028 5231 1133 5269 non
1191 5218 1532 5272 vestimenta.
1579 5218 1647 5274 Et

91 5298 212 5365 ipsos
243 5301 426 5370 justus
453 5304 673 5356 humiles
712 5306 918 5374 spiritu,
954 5322 1058 5360 non
1086 5309 1368 5375 superbos,
1398 5308 1643 5377 salvabit.

89 5387 252 5443 Canam
276 5393 526 5448 insertio.
551 5394 700 5461 Quod
729 5398 1009 5452 estdicere
1036 5416 1048 5451 :
1096 5398 1220 5454 Ideo
1251 5400 1473 5457 salvabit
1518 5407 1645 5475 quia

90 5488 195 5528 sunt
223 5480 450 5533 humiles
499 5481 551 5533 in
589 5484 795 5548 spiritu.
841 5485 907 5538 Et
950 5501 1170 5541 necesse
1215 5498 1299 5543 est
1339 5498 1396 5543 ut
1452 5493 1641 5548 salvet.

90 5560 255 5618 llultw
283 5583 522 5638 namque
549 5579 672 5624 sunt
714 5572 1075 5629 tribulationes
1112 5576 1402 5647 juslorum,
1435 5592 1490 5636 et
1525 5599 1645 5652 qua:

88 5664 170 5719 per
211 5672 265 5711 se
312 5660 657 5731 contingunt,
692 5676 749 5718 ut
798 5663 1114 5736 lebricitari,
1146 5679 1201 5723 et
1234 5680 1427 5729 caetera
1457 5673 1641 5743 hujus-

1740 1873 1839 1928 per
1866 1859 2097 1927 pretium
2129 1857 2317 1911 mortis
2345 1872 2454 1911 sua:
2488 1858 2556 1911 ab
2584 1856 2712 1927 ipsis
2737 1856 3171 1911 tribulationibus
3201 1871 3318 1907 am-

1743 1968 1855 2004 mas
1879 1966 2142 2004 servorum
2168 1964 2400 2004 suorum.
2431 1948 2493 2001 Et
2521 1950 2640 2003 dico
2671 1950 2812 2017 quod
2835 1947 3060 2001 custodit
3087 1963 3206 2000 ossa
3229 1962 3313 1997 eo—

1748 2056 1888 2105 rum;
1908 2051 1955 2094 et
1981 2040 2058 2093 sic
2074 2041 2489 2110 nondelinquent
2512 2038 2863 2093 criminaliter
2887 2054 3064 2091 omnes
3083 2037 3171 2107 qui
3205 2052 3320 2104 spe-

1744 2139 1860 2182 rant
1873 2127 2015 2199 inleo,
2032 2128 2083 2183 id
2097 2139 2198 2194 est,
2215 2129 2343 2183 nulli
2357 2128 2768 2201 delinquentqttf
2785 2141 2933 2201 spem
2945 2126 3214 2201 ponnntiu
3227 2138 3314 2183 eo.

2173 2221 2239 2280 ιιι
2270 2221 2605 2281 ρδλιιιιιιι
2636 2226 2875 2303 xuiv.

1810 2313 2023 2374 Titulus
2051 2318 2310 2374 tricesimi
2356 2319 2560 2389 quarti.
2614 2317 2861 2371 Psalmus
2890 2316 2991 2386 ipsi
3024 2314 3215 2379 David,
3262 2313 3315 2368 id

1744 2418 1827 2465 est
1879 2410 2180 2477 signiﬁcato
2232 2409 2398 2463 David
2430 2450 2446 2474 ,
2489 2410 2707 2465 Christo
2754 2408 2958 2462 scilicet
3016 2407 3318 2460 attribuen.

1744 2499 1863 2552 dus.
1907 2498 2222 2567 Ubicunque
2260 2500 2475 2568 ponitur
2523 2498 2576 2552 in
2604 2497 2824 2568 psalmis
2854 2496 2953 2566 ipsi
2988 2495 3180 2562 David,
3231 2493 3319 2549 in-

1744 2589 2018 2658 telligitur.
2102 2589 2393 2657 Christus,
2446 2604 2608 2645 verus
2682 2588 2874 2644 David.
2956 2586 3319 2643 lntroducitnr

1744 2678 1835 2733 hic
1861 2686 2021 2746 caput
2050 2691 2215 2748 agens
2272 2678 2585 2735 concessive
2630 2678 2698 2733 de
2745 2675 3055 2732 Iudaeorum
3087 2674 3316 2746 judicio,

1744 2778 1805 2824 ut
1829 2770 2084 2825 cxcmcati
2110 2785 2207 2838 pro
2232 2770 2390 2825 malis
2416 2771 2624 2826 meritis
2653 2771 2767 2825 suis
2817 2770 2872 2824 in
2935 2778 3165 2823 mortem
3194 2781 3317 2821 eum

1747 2863 1977 2915 tradant.
2004 2861 2136 2916 Orat
2162 2862 2326 2916 etiam
2375 2862 2441 2916 de
2483 2863 2825 2932 superatione
2871 2861 3237 2923 inimicorum,
3264 2868 3320 2911 et

1747 2953 1812 3009 de
1835 2955 2157 3017 constantia,
2185 2967 2250 3006 ne
2290 2953 2447 3007 cedat
2473 2954 2523 3007 in
2579 2954 2850 3021 passione,
2879 2962 2931 3008 ει
2979 2953 3045 3006 de
3077 2966 3321 3005 resurre-

1673 3084 1714 3141 Ο
1748 3044 1944 3098 ctione.
1982 3042 2115 3097 Orat
2141 3044 2479 3112 postmodum
2510 3059 2608 3113 pro
2629 3044 2948 3113 quibusdam
2973 3043 3316 3097 inimicormn

1746 3135 2035 3188 salvandis.
2067 3135 2130 3188 Et
2159 3138 2470 3191 concessive
2499 3137 2608 3206 agit
2632 3137 2698 3191 de
2739 3136 3060 3204 quibusdam
3085 3135 3317 3205 perden-

1744 3227 1847 3283 dis.
1883 3227 2129 3282 Ostendit
2177 3243 2393 3298 quoque
2428 3244 2649 3284 causam
2696 3226 3058 3282 damnationis
3091 3240 3318 3289 eorum;

1743 3333 1974 3378 mortem
1999 3320 2249 3375 videlicet
2272 3331 2325 3376 et
2347 3322 2657 3392 opprobria,
2691 3335 2813 3391 qum
2845 3320 2892 3375 ei
2916 3320 3084 3390 gratis
3126 3318 3322 3372 intuleo

1744 3422 1869 3467 runt
1902 3428 2059 3482 :quae
2084 3424 2268 3483 postea
2302 3413 2478 3483 ample
2520 3412 2653 3467 satis
2688 3412 2931 3479 exponit,
2987 3409 3321 3464 ostendendo

1743 3519 1955 3575 quoque
1982 3518 2239 3575 quantam
2292 3518 2422 3575 erga
2444 3518 2539 3559 eos
2580 3500 2830 3556 habuerit
2876 3500 3233 3555 humilitatem
3266 3508 3322 3555 et

1719 3598 2193 3653 benevolentiam.
2251 3595 2365 3651 Hoc
2408 3598 2588 3649 autem
2626 3608 2690 3648 ea
2743 3591 3041 3646 intentione
3109 3590 3321 3645 videtur

1745 3707 1905 3762 agere
1935 3731 1951 3757 ,
1988 3699 2048 3745 ut
2094 3699 2149 3745 et
2195 3689 2444 3745 inimicos
2470 3686 2538 3741 de
2566 3685 2845 3755 impietate
2867 3684 3106 3754 ipsorum
3136 3691 3321 3739 exter-

1746 3791 1865 3837 reat
1895 3824 1910 3850 ,
1944 3791 1997 3836 et
2024 3798 2117 3837 eos
2138 3781 2259 3852 (pro
2313 3794 2545 3849 quorum
2599 3777 2774 3833 salute
2820 3777 2961 3845 orat)
3010 3775 3114 3830 sibi
3151 3774 3325 3845 magis

1745 3871 2007 3926 obnoxios
2029 3871 2236 3925 reddat.

1814 3960 2027 4022 Iudico,
2065 3960 2305 4020 Domine.
2335 3965 2571 4012 nocentes
2594 3972 2696 4011 me.
2744 3954 2908 4023 Quasi
2965 3955 3152 4011 dicat:
3198 3951 3325 4009 Scio

1745 4051 1888 4120 quod
1912 4034 2252 4119 exigentibus
2279 4047 2434 4102 malis
2460 4045 2667 4101 meritis
2711 4045 2823 4100 suis
2869 4044 3146 4114 judicandi
3198 4050 3325 4097 sunt

1745 4141 2053 4204 Judaeiate,
2084 4140 2135 4195 id
2164 4147 2273 4205 est,
2302 4139 2644 4205 cxcazrandi;
2668 4137 2871 4191 utmihi
2897 4148 3125 4191 noceant
3168 4134 3326 4206 104

1746 4232 1799 4286 in
1828 4230 2128 4293 voluntate,
2152 4246 2255 4285 non
2296 4230 2346 4284 in
2376 4238 2529 4294 actu,
2553 4229 2780 4281 νυΙι-ιιιιο
2811 4227 3015 4281 scilicet
3052 4229 3101 4280 in
3151 4238 3324 4281 morte

1745 4337 1832 4377 me
1861 4322 2123 4375 detinere.
2156 4321 2520 4390 thuiascio,
2554 4317 2812 4374 concedo.
2836 4317 3054 4383 Judica,
3085 4317 3321 4379 Domine,

1678 4419 1721 4473 D
1747 4429 1841 4467 eos
1875 4412 2195 4467 excatcando
2231 4421 2289 4464 nt
2331 4412 2440 4465 sint
2476 4421 2713 4465 nocentes
2740 4427 2820 4464 me
2850 4448 2866 4474 ,
2920 4424 3024 4464 non
3064 4410 3115 4463 in
3166 4418 3321 4474 actu,

1747 4501 1840 4556 sed
1872 4511 2069 4553 mente.
2094 4499 2158 4553 Et
2177 4499 2339 4554 etiam
2370 4515 2637 4568 expugna,
2682 4498 2733 4552 id
2771 4506 2854 4553 est
2882 4499 3178 4566 expugnari
3208 4499 3325 4553 sine

1746 4605 1840 4645 eos
1870 4606 1899 4644 a
1931 4590 2103 4659 prima
2134 4589 2567 4659 concupiscentia
2598 4603 2723 4655 sua,
2751 4598 2807 4641 ut
2834 4587 2933 4653 illi,
2956 4587 3046 4657 qui
3082 4586 3327 4657 aliquan-

1749 4681 1916 4735 tulum
1946 4682 2203 4735 resistunt
2228 4683 2280 4734 in
2306 4696 2493 4736 amore
2538 4682 2663 4745 mei,
2693 4682 2812 4746 sed,
2845 4682 3140 4735 secundum
3182 4680 3324 4748 quod

1749 4774 1959 4828 ratione
2001 4788 2096 4828 sua
2145 4783 2409 4844 coguntur
2448 4774 2792 4842 acquiescere
2834 4788 3013 4842 prava:
3061 4769 3323 4825 \olnntati

1747 4877 1856 4916 sua:
1884 4863 1949 4916 de
1976 4872 2147 4916 morte
2161 4877 2277 4916 mea
2295 4902 2307 4921 .
2338 4863 2627 4932 expugnati
2670 4864 2736 4916 ab
2769 4863 2884 4932 ipsa
2909 4861 3183 4916 voluntate
3201 4899 3216 4924 ,
3246 4875 3273 4914 s
3295 4875 3325 4913 c

1747 4963 1807 5006 ut
1836 4955 2025 5006 cedant
2045 4951 2116 5015 ei,
2146 4953 2256 5006 sint
2281 4952 2639 5021 impugnantes
2668 4968 2749 5006 me
2774 4952 3069 5006 secundum
3101 4964 3321 5005 carnem

1748 5052 1807 5097 ut
1832 5058 1915 5096 me
1934 5041 2282 5097 interﬁciant.
2308 5042 2472 5098 Facta
2501 5044 2879 5112 concessione,
2922 5053 3041 5098 0"at
3068 5042 3135 5096 de
3159 5056 3321 5108 supu-

1748 5135 1954 5189 ratione
1976 5135 2312 5189 inimicorum
2332 5177 2347 5202 ,
2388 5144 2445 5189 et
2475 5137 2540 5190 de
2569 5144 2820 5191 constant
2842 5152 2871 5188 a
2896 5176 2912 5202 ,
2954 5142 3031 5189 sic
3058 5151 3071 5186 :
3110 5135 3183 5187 De
3219 5132 3323 5185 illis

1748 5223 1989 5278 concessi
2015 5232 2072 5277 nt
2090 5223 2330 5293 judiccs,
2372 5233 2430 5278 ut
2476 5234 2655 5279 autem
2696 5225 2827 5278 mihi
2876 5222 3183 5288 auxilieris,
3225 5236 3323 5274 oro

1746 5313 2073 5383 apprehende
2098 5329 2246 5367 arma
2268 5323 2315 5369 et
2345 5324 2549 5369 scutum
2566 5356 2581 5381 ,
2612 5314 2661 5367 id
2685 5322 2764 5367 est
2795 5312 2883 5367 fac
2907 5326 2995 5367 me
3023 5309 3323 5379 apprehen-

1747 5404 1875 5459 dere
1906 5418 2090 5471 arma,
2126 5404 2177 5458 id
2205 5413 2288 5460 est
2318 5407 2555 5461 rationes
2586 5392 2805 5469 ﬁrmas,
2837 5413 2893 5458 et
2931 5401 3193 5457 miracula
3217 5442 3234 5468 ,
3266 5410 3323 5455 et

1747 5499 1851 5553 alia
1878 5514 2041 5570 opera
2070 5501 2265 5570 quibus
2309 5511 2493 5572 aperte
2526 5516 2620 5555 eos
2659 5501 2975 5554 convincam
3020 5507 3080 5551 ut
3132 5497 3320 5552 armis.

1745 5588 1814 5642 Et
1846 5588 1930 5644 lac
1956 5605 2040 5645 me
2077 5591 2481 5660 apprehendere
2510 5598 2720 5645 scutum
2747 5626 2762 5652 ,
2806 5588 2857 5641 id
2880 5601 2965 5644 est
3006 5602 3155 5656 spem
3198 5603 3326 5656 pro-

1750 5678 1997 5736 lectionis
2049 5690 2149 5735 tum
2181 5695 2301 5743 ante
2347 5695 2432 5737 me
2481 5687 2759 5744 protegat,
2798 5679 2865 5733 ad
2913 5679 3322 5735 similitudinem
