3862 6322
542 327 642 382 773

1107 319 1162 374 S.
1207 317 1548 375 BllUNONlS
1578 313 2214 375 CARTllUSlANORUM
2257 313 2738 372 lNSTITUTORlS
2775 314 2925 371 OPP.
2960 315 3138 371 PARS
3177 317 3216 371 1.
3632 327 3711 382 778

538 438 696 501 senti,
735 449 802 490 ne
849 434 1158 488 convincar.
1197 431 1294 488 Vel
1335 437 1413 488 sic
1443 435 1553 487 sola
1607 432 1955 486 similitudine
2000 429 2099 499 legi
2130 436 2176 492 Α
2205 428 2378 482 cessio
2399 427 2644 496 sequitur
2668 426 2734 480 de
2763 428 3145 496 perdendis,ut
3169 428 3300 482 fiant
3329 435 3565 500 tanquam
3581 440 3715 504 plllt'is

537 536 711 602 potest
742 544 754 580 :
788 525 1123 595 Appreltende
1164 540 1312 577 arma
1343 534 1391 578 et
1420 534 1622 577 scutum
1644 563 1659 588 ,
1694 522 1744 576 id
1799 531 1878 576 est
1913 520 2104 575 similis

536 627 654 674 esto
677 614 1096 690 appreltendenti
1123 628 1271 665 arma
1315 612 1368 666 in
1405 613 1503 666 huc
1533 621 1588 665 ut
1619 625 1705 664 me
1732 610 1910 663 ifacias
1949 625 2105 679 snpe-

537 721 661 759 rare
721 705 861 758 sicut
885 701 971 757 ille
996 701 1084 770 qui
1115 700 1465 769 apprehendit
1491 714 1638 752 arma
1658 708 1715 752 ut
1738 698 1950 767 adjuvet
1972 697 2106 750 ami-

533 809 665 849 cum
689 794 750 846 ad
776 791 1150 862 superandum.
1180 789 1246 842 Et
1287 789 1477 842 similis
1522 796 1640 844 esto
1684 787 2103 855 apprcltendenti

537 899 748 946 soluunt
776 880 1100 954 protegendo
1149 895 1233 934 me
1257 894 1323 933 ne
1351 880 1662 944 convincar,
1707 877 1850 932 sicut
1887 877 1975 931 ille
2012 877 2103 947 qui

539 994 750 1033 scutum
778 972 1126 1044 apprehendit
1153 980 1208 1026 et
1236 970 1454 1040 opponit
1492 968 1688 1038 jaculis
1730 968 2100 1032 inimicorum,

539 1067 862 1138 protegendo
891 1064 1118 1118 amicum
1149 1077 1214 1117 ne
1240 1063 1608 1116 convincatur.
1669 1061 1734 1114 Et
1761 1060 1868 1124 sic,
1922 1059 1972 1113 id
2021 1067 2106 1114 est

539 1159 987 1231 aperebendcmlo
1018 1171 1163 1210 arma
1193 1163 1248 1208 et
1282 1161 1489 1209 scutum
1509 1193 1524 1218 ,
1575 1168 1790 1221 exsurge
1817 1152 1868 1204 in
1892 1151 2106 1220 adjuto-

540 1253 673 1306 rium
702 1251 856 1313 mihi,
884 1257 943 1301 ιιι
971 1247 1285 1302 convincam
1313 1258 1368 1299 et
1398 1261 1500 1298 non
1532 1245 1732 1297 vincar.
1770 1244 1896 1297 Dico
1915 1243 2103 1312 judico

535 1354 582 1396 (ι
617 1357 873 1410 expugna.
907 1338 969 1393 Ει
1000 1345 1118 1408 post
1140 1344 1365 1390 mortem
1397 1349 1566 1389 nicum
1595 1334 1802 1402 effunde
1827 1332 2100 1400 frumenta,

537 1433 587 1486 id
624 1439 704 1484 est
733 1429 1018 1498 multiplica
1056 1428 1344 1481 vindictam
1379 1435 1519 1479 tuam
1544 1440 1706 1494 super
1740 1439 1850 1477 eos.
1898 1424 1954 1475 E.
1987 1440 2103 1476 con-

533 1522 703 1588 clude,
737 1521 787 1576 id
811 1529 893 1575 est
923 1519 1322 1574 conclusionem
1354 1518 1405 1570 in
1435 1532 1524 1570 eos
1543 1516 1649 1578 fac,
1681 1515 1833 1569 idest
1855 1516 2102 1567 adversus

531 1629 637 1673 eos.
669 1611 719 1664 id
749 1619 832 1664 est
855 1609 1252 1664 conclusionem
1281 1625 1400 1679 qum
1443 1609 1513 1662 sit
1557 1609 1818 1663 adversus
1842 1624 1965 1669 eos,
1997 1623 2099 1676 qua

531 1701 922 1758 convincuntur
939 1716 1039 1752 non
1057 1705 1303 1768 potentes
1331 1701 1601 1754 resistere.
1617 1699 1767 1765 Quod
1783 1707 1865 1751 est
1889 1699 2099 1752 dicere:

2207 526 2332 574 ante
2371 519 2599 582 faciem,
2657 518 2708 572 id
2759 526 2843 572 est
2895 519 3239 588 prasentiam
3289 521 3455 574 venti.
3492 521 3622 588 Quod
3658 542 3718 585 est

2207 609 2418 664 dicere:
2450 609 2502 664 in
2525 608 2677 662 initio
2699 607 3076 662 excazcationis
3097 623 3208 662 sua:
3230 607 3362 662 fiant
3384 615 3720 679 comparabiles

2205 697 2458 768 pulveri;
2501 699 2592 768 qui
2639 714 2759 752 cum
2814 697 2997 752 aridus
3044 685 3284 753 existens
3342 697 3487 755 nullo
3545 702 3721 764 humore

2208 799 2363 844 terra:
2393 789 2794 859 conglutinetur
2816 830 2831 854 ,
2864 804 2893 842 a
2925 788 3061 844 facie
3092 790 3261 858 ipsius
3283 792 3428 844 venti
3457 789 3626 846 leviter
3647 795 3723 853 huc

2205 891 2260 936 et
2285 881 2410 936 illuc
2434 880 2726 950 impellitur
2751 900 2764 932 :
2796 880 2866 934 ita
2893 889 2946 932 et
2969 880 3068 950 ipsi
3089 880 3236 934 nullo
3262 881 3721 952 humorevirtutum,

2205 973 2490 1039 Ecclesiae,
2519 988 2640 1042 qua:
2669 973 2820 1026 firma
2857 981 2998 1026 terra
3029 981 3136 1036 est,
3173 973 3529 1037 adhaerentes,
3563 988 3588 1026 a
3621 977 3723 1030 mala

2204 1065 2639 1136 concupiscentia
2668 1080 2765 1119 sua
2790 1064 3042 1118 facillime
3073 1079 3168 1134 per
3191 1063 3379 1118 illicita
3411 1063 3721 1134 impellantur.

2205 1158 2334 1225 Quae
2375 1156 2804 1227 concupiscentia
2861 1155 2984 1210 ideo
3033 1164 3227 1210 ventus
3277 1156 3496 1220 dicitur,
3531 1159 3637 1226 quia
3674 1162 3726 1215 ad

2204 1246 2343 1302 male
2381 1247 2644 1316 agendum
2698 1245 2920 1314 impellit
2952 1245 3018 1297 ad
3047 1245 3262 1298 modum
3311 1245 3456 1299 venti
3498 1247 3720 1314 pulverem

2204 1339 2546 1409 impcllentis.
2577 1339 2705 1392 Dico
2736 1356 2748 1391 :
2776 1337 2906 1406 ﬁant
2935 1348 3181 1406 tanquam
3209 1336 3380 1407 puluis
3425 1347 3538 1391 ante
3583 1340 3726 1408 facim:

2203 1432 2370 1496 uenti,
2398 1441 2470 1496 et,
2509 1439 2564 1484 ιιι
2606 1428 2757 1500 pejus
2806 1429 2982 1482 adhuc
3008 1429 3088 1482 eis
3117 1429 3226 1492 sit,
3263 1427 3487 1498 Angelus
3531 1428 3727 1497 Domini,

2205 1521 2257 1576 id
2289 1530 2372 1577 est
2398 1521 2622 1591 angelus
2669 1519 2952 1588 malignus,
2979 1519 3067 1587 qui
3111 1519 3306 1587 vinde;
3358 1527 3442 1572 est
3485 1519 3664 1574 Domini
3690 1525 3728 1575 in

2204 1614 2374 1668 malos
2403 1655 2416 1676 ,
2469 1614 2539 1667 sit
2585 1622 2857 1665 coarctans
2886 1627 2972 1664 eos
3007 1610 3440 1679 suggestionibus
3476 1611 3536 1662 ad
3564 1611 3726 1665 illicita.

2277 1707 2343 1760 Et
2372 1705 2666 1761 notandum
2707 1703 2847 1773 quod
2898 1702 3212 1774 priusquam
3246 1702 3444 1771 aliquis
3492 1703 3555 1756 ab
3582 1705 3730 1772 angelo

529 1791 1000 1863 Aperteconvincc
1014 1789 1374 1843 rationibuset
1393 1789 1666 1844 miraculis
1696 1789 2096 1858 discipulorum;
2134 1779 2176 1837 Β
2206 1798 2344 1852 malo
2369 1805 2707 1861 com-cietur,
2735 1811 2763 1848 a
2787 1795 2920 1848 mala
2953 1795 3227 1848 voluntate
3257 1811 3320 1848 ex
3355 1809 3414 1848 se
3437 1803 3548 1846 om
3581 1795 3728 1864 impr].

532 1895 581 1938 ct
620 1880 1016 1936 resurrectione
1043 1889 1096 1934 et
1122 1881 1485 1950 assumptione
1524 1881 1627 1933 mei
1655 1879 1772 1933 illos
1801 1880 1889 1948 qui
1924 1895 2102 1948 perse-

530 1984 770 2044 quuntur
794 1987 878 2028 me
904 1971 969 2025 ad
997 1971 1212 2024 modum
1237 1972 1324 2041 qui
1357 1971 1702 2026 conclusione
1739 1971 2098 2026 convincitur.

532 2068 759 2121 Framea
774 2079 904 2118 vero
928 2078 1025 2134 pro
1051 2063 1278 2116 vindicta
1313 2063 1549 2133 ponitur,
1567 2065 1690 2133 quia
1715 2063 1920 2118 framea
1936 2066 2104 2118 vindi-

529 2166 612 2211 cta
627 2155 762 2212 solet
777 2154 1036 2209 exerceri.
1057 2155 1184 2207 Dico
1198 2153 1466 2218 conclude,
1484 2154 1562 2207 sic
1575 2153 1801 2219 scilicet,
1817 2155 1900 2206 dic
1912 2156 2102 2210 anima:

529 2266 656 2304 metu
680 2264 696 2303 :
721 2245 876 2303 Salus
907 2258 996 2301 tua
1026 2263 1116 2316 ego
1145 2263 1280 2300 sum.
1319 2246 1470 2312 Quod
1496 2255 1580 2302 est
1610 2246 1789 2303 dicere
1822 2264 1835 2300 :
1868 2246 1968 2300 Per
2001 2247 2104 2303 hoc

531 2341 780 2396 conclude
809 2340 950 2410 quod
999 2341 1149 2394 dicas
1197 2329 1390 2393 animae
1431 2357 1578 2404 mem,
1613 2355 1721 2393 non
1778 2341 1979 2404 verbis,
2009 2340 2100 2393 sed

533 2437 648 2501 ipsa
687 2431 764 2485 rei
793 2430 1145 2499 experientia,
1187 2429 1392 2483 scilicet
1417 2429 1795 2484 resuscitando
1819 2444 1924 2495 me,
1954 2429 2102 2483 salus

534 2523 634 2594 ipsi
666 2523 718 2576 in
755 2523 862 2577 Deo
892 2520 1026 2588 ejus.
1066 2521 1154 2575 Vel
1184 2521 1262 2575 sic
1282 2538 1502 2591 exsurge
1523 2523 1576 2574 in
1607 2522 1930 2590 adjutorium
1951 2521 2098 2586 mihi,

532 2615 586 2667 in
615 2613 864 2684 passione
891 2612 1116 2676 scilicet,
1170 2621 1222 2666 et
1249 2621 1371 2684 post
1411 2612 1462 2666 in
1497 2613 1866 2668 resuscitando
1889 2628 1974 2667 me
2017 2614 2102 2667 dic

535 2709 725 2759 aninta:
747 2720 874 2758 mea:
901 2721 914 2756 :
946 2702 1103 2758 Salus
1129 2715 1218 2757 tua
1243 2721 1333 2774 ego
1361 2721 1498 2759 sunt.
1529 2773 1538 2784 ‘

603 2796 697 2852 \‘el
727 2798 803 2852 sic
833 2813 1022 2852 versus
1057 2798 1156 2852 istc
1209 2795 1308 2866 legi
1337 2806 1506 2866 potest
1542 2811 1560 2848 :
1593 2796 1830 2868 Exsurge
1873 2799 1926 2852 in
1954 2799 2104 2868 adju-

531 2891 740 2953 torinm,
774 2900 826 2944 et
852 2898 970 2959 post
997 2889 1226 2958 effunde,
1257 2891 1413 2943 idest
1445 2889 1681 2955 notilica,
1721 2891 1968 2960 gentibus
1991 2892 2104 2960 fra-

531 2995 698 3032 meam
724 2988 892 3044 tuam,
934 2993 1018 3032 me
1045 2978 1257 3031 scilicet
1287 2979 1377 3047 qui
1411 2995 1529 3032 sum
1589 2979 1799 3050 gladius
1836 2991 1975 3044 tuus,
2009 2999 2104 3051 per

530 3085 702 3138 quem
747 3068 1018 3124 diabolum
1065 3070 1374 3136 convinces,
1435 3079 1481 3124 et
1520 3087 1616 3140 per
1645 3073 1749 3126 mei
1785 3072 2100 3129 effusionem

532 3159 777 3211 ronclude
826 3159 1076 3212 adversus
1127 3175 1212 3212 eos
1236 3159 1325 3229 qui
1379 3172 1760 3230 persequuntur
1793 3179 1896 3226 me,
1935 3163 1983 3216 id
2021 3173 2103 3218 est

532 3247 934 3302 conclusionem
987 3247 1072 3302 fac
1122 3249 1379 3302 adversus
1421 3265 1534 3303 eos.
1591 3250 1740 3317 Quod
1764 3261 1847 3305 est
1877 3253 2101 3308 dicere:

532 3337 634 3407 Ipsi
669 3339 830 3394 nimis
873 3340 1103 3408 superbe
1137 3339 1203 3393 de
1247 3354 1333 3394 me
1380 3340 1646 3409 loquendo
1695 3343 1848 3412 quasi
1878 3344 1995 3414 vagi
2026 3345 2104 3398 vi-

533 3430 750 3494 dentur,
781 3428 873 3484 sed
921 3438 974 3482 tu
1019 3430 1106 3484 fac
1133 3430 1185 3483 in
1228 3445 1322 3484 eos
1371 3431 1770 3487 conclusionem
1804 3449 1923 3503 qua:
1953 3433 2108 3489 valde

533 3521 604 3576 sit
637 3521 714 3575 eis
733 3519 1026 3586 contraria,
1049 3520 1099 3575 id
1125 3531 1204 3576 est
1225 3533 1442 3577 coarcta
1466 3539 1560 3578 eos
1591 3538 1686 3594 per
1713 3524 1813 3577 mei
1833 3524 2110 3579 exaltatio-

537 3628 660 3668 nem
683 3623 738 3668 et
790 3613 1232 3682 notilicatiouem,
1264 3631 1328 3668 ne
1361 3617 1569 3685 possint
1621 3616 1692 3670 ita
1728 3617 1778 3670 in
1810 3617 1988 3670 verbis
2015 3618 2111 3671 ad-

535 3719 751 3760 versum
786 3721 869 3758 me
899 3705 1103 3776 vagari,
1145 3722 1175 3760 a
1237 3707 1589 3763 similitudine
1619 3709 1762 3762 illius
1790 3709 1878 3778 qtti
1913 3710 1962 3762 in
1991 3725 2110 3764 car-

537 3810 664 3849 cere
687 3795 1044 3861 conelnditur,
1075 3811 1141 3850 ne
1167 3798 1393 3867 vagandi
1421 3797 1619 3853 habeat
1637 3799 1962 3854 libertatem.
1983 3801 2110 3855 Dico

537 3891 768 3960 effunde,
789 3903 842 3946 et
889 3893 968 3947 sic
1017 3893 1228 3948 scilicet
1280 3894 1533 3963 effunde:
1570 3894 1668 3948 Die
1720 3897 1914 3949 animm
1961 3913 2108 3961 metu,

537 3983 911 4038 resuscitando
947 4000 957 4035 :
998 3981 1153 4036 Salus
1202 3994 1290 4037 tua
1317 4001 1407 4054 ego
1432 4001 1570 4038 eum.
1597 3984 1746 4050 Quod
1778 3995 1860 4040 est
1881 3987 2061 4042 dicere
2093 4004 2108 4040 :

538 4072 818 4128 Resuscita
833 4089 915 4128 me
933 4082 985 4126 et
1007 4074 1082 4129 sic
1107 4075 1343 4140 notilica,
1359 4075 1481 4144 quia
1507 4076 1689 4143 paucis
1709 4077 1952 4145 cognitus
1971 4093 2110 4132 sum.

539 4165 798 4233 Sequitur
844 4164 1020 4218 oratio
1051 4179 1149 4233 pro
1205 4164 1439 4218 inimicis
1493 4164 1786 4230 salvandis,
1817 4165 1895 4219 sic
1937 4183 1950 4219 :
1996 4166 2111 4220 Dixi

538 4253 747 4322 e/funde
777 4267 884 4318 me,
907 4261 963 4308 et
987 4252 1065 4307 sic
1093 4267 1186 4308 eos
1210 4252 1482 4315 conclude,
1509 4261 1562 4307 et
1589 4267 1710 4307 cum
1735 4253 1970 4307 conclusi
1999 4253 2114 4309 fue-

539 4347 651 4399 rint
681 4360 779 4416 per
807 4345 911 4399 mei
968 4343 1307 4409 ell‘usionem,
1355 4344 1577 4414 quidam
1621 4360 1810 4399 eorum
1871 4345 2112 4399 salvundi

542 4435 958 4504 confundantur,
991 4434 1040 4489 id
1071 4444 1152 4489 est
1180 4435 1524 4499 erubescant,
1543 4444 1588 4489 et
1619 4434 1829 4489 confusi
1848 4451 2114 4488 reverem-
2142 4454 2192 4513 ι)

543 4535 647 4588 tur,
676 4525 727 4578 id
752 4535 834 4578 est
865 4523 1093 4578 timeant
1123 4539 1361 4593 poenam,
1387 4539 1450 4579 eo
1476 4525 1615 4593 quod
1641 4523 1840 4578 fuerint
1874 4540 2114 4594 quiet-en-

544 4626 619 4669 tes
646 4617 876 4667 animam
925 4631 1090 4667 meum
1132 4615 1366 4680 auferre,
1397 4623 1449 4669 et
1487 4615 1781 4670 reverendo
1816 4623 2118 4666 arertantur

545 4705 613 4759 ab
642 4705 916 4773 impietate
947 4720 1064 4768 sua,
1099 4715 1414 4767 retrorsum,
1463 4704 1518 4757 id
1545 4712 1630 4758 est
1681 4711 1802 4772 post
1855 4718 1939 4755 tne
1973 4704 2118 4757 ince-

546 4796 753 4850 dentes.
791 4793 941 4860 Quod
963 4803 1048 4850 est
1098 4795 1275 4850 dicere
1303 4813 1314 4847 :
1341 4795 1442 4860 Qui
1474 4795 1632 4847 modo
1655 4793 1957 4846 voluntates
1994 4810 2120 4848 suas

547 4885 684 4940 meis
713 4882 1076 4937 voluntatibus
1106 4892 1442 4952 prmponunt,
1463 4892 1515 4936 et
1538 4884 1615 4936 sic
1638 4897 1722 4935 me
1754 4885 2116 4948 antecedunt,

546 4983 674 5023 suas
699 4983 992 5022 econverso
1017 4977 1344 5037 postponam
1373 4968 1528 5033 meis,
1547 4977 1601 5022 et
1624 4968 1702 5022 sic
1725 4976 1948 5036 postme
1970 4977 2118 5033 eant,

548 5060 600 5114 id
640 5067 724 5113 est
752 5075 1016 5130 sequaces
1061 5061 1164 5113 mei
1199 5061 1326 5122 sint,
1354 5068 1435 5124 ct,
1476 5069 1763 5128 postquam
1809 5068 2122 5112 avertentur

552 5162 846 5206 retrorsum
878 5161 1000 5221 post
1025 5167 1108 5204 me
1136 5152 1330 5215 eundo,
1373 5152 1802 5219 confundantur,
1832 5151 1974 5204 idest
1996 5167 2120 5204 eru-

551 5243 774 5295 bcscant
821 5256 1035 5311 semper
1066 5241 1237 5309 magis
1277 5250 1330 5293 et
1381 5242 1552 5311 magis
1585 5241 1651 5295 de
1684 5240 1787 5292 hoc
1821 5241 1962 5306 quod
2010 5241 2125 5294 fue-

554 5338 680 5382 runt
734 5333 1015 5400 cogitantes
1069 5328 1209 5382 mala
1241 5329 1388 5395 mihi,
1441 5329 1492 5382 id
1527 5336 1616 5384 est
1675 5327 1960 5381 adversum
1989 5345 2120 5382 me:

555 5420 716 5487 Quasi
739 5423 916 5476 dicat:
947 5421 1062 5475 Non
1091 5419 1261 5473 solum
1291 5427 1446 5472 antea
1471 5435 1630 5489 quam
1660 5426 1980 5482 avertuntur,
2001 5435 2125 5473 con-

555 5513 869 5579 fundantur;
883 5514 975 5566 sed
1011 5519 1130 5581 post
1152 5510 1490 5564 aversionem
1519 5512 1572 5565 in
1605 5509 1926 5565 confusione
1959 5512 2128 5581 magis

555 5613 605 5654 et
653 5602 820 5670 magis
852 5608 1229 5669 perseverent,
1281 5608 1337 5652 ttt
1371 5609 1519 5656 tanto
1549 5600 1725 5668 magis
1749 5601 1960 5654 veniam
2015 5619 2130 5657 nte--

560 5698 798 5741 reantur.
837 5687 991 5756 105
1039 5688 1197 5741 Facta
1242 5688 1483 5746 oratione
1519 5705 1618 5760 pro
1648 5687 1941 5756 salvandis,
1995 5708 2130 5746 eon-

2205 1889 2348 1942 litur.
2395 1887 2684 1957 Postquam
2735 1901 2862 1940 vero
2915 1887 3042 1939 fient
3089 1896 3337 1955 tanquam
3384 1886 3578 1953 pultis,
3615 1888 3730 1939 etab

2203 1981 2395 2050 angelo
2439 1979 2901 2034 coarctabuntnr:
2941 1977 3034 2046 fiat
3088 1977 3169 2030 uia
3215 1976 3428 2028 illorum
3475 1992 3565 2046 per
3603 1993 3729 2046 quam

2203 2070 2420 2123 venient
2441 2069 2506 2121 ad
2531 2077 2759 2122 mortem
2788 2067 3040 2131 tenebrat,
3068 2065 3119 2120 id
3143 2074 3223 2119 est
3249 2066 3576 2135 ignorantia,
3607 2078 3645 2120 et
3665 2067 3730 2118 lu.

2204 2161 2404 2213 bricum
2427 2199 2442 2224 ,
2469 2159 2520 2213 id
2546 2168 2629 2213 est
2651 2157 2941 2212 lubricatio
2970 2156 3036 2211 de
3060 2155 3192 2210 vitio
3214 2157 3267 2210 in
3300 2155 3488 2210 vitium
3512 2195 3527 2222 ,
3556 2157 3612 2210 de
3625 2158 3734 2212 malo

2202 2267 2366 2322 opere
2395 2251 2448 2306 in
2481 2249 2650 2321 pejus.
2693 2248 2845 2316 Quod
2876 2257 2958 2304 est
2981 2249 3164 2304 dicere
3177 2263 3206 2317 ,τ
3233 2248 3545 2319 Postquam,
3565 2266 3589 2302 a
3609 2261 3733 2304 vento

2203 2341 2652 2413 concupiscentia:
2681 2339 2935 2411 impulsi,
2992 2340 3060 2394 ab
3101 2339 3293 2410 angelo
3327 2340 3731 2400 coarctabuntur.

2204 2435 2258 2491 in
2288 2438 2540 2492 tenebras
2569 2434 2764 2488 cadant
2791 2433 3138 2503 ignorantize,
3188 2449 3257 2489 ne
3296 2433 3604 2502 quandoque
3627 2435 3733 2487 resi-

2203 2529 2446 2601 piscant;
2472 2537 2525 2582 et
2549 2528 2626 2582 sic
2652 2526 2899 2580 labantur
2924 2527 2991 2579 dc
3023 2524 3162 2578 malo
3191 2524 3242 2578 in
3272 2523 3458 2594 pejus,
3489 2533 3540 2577 ct
3577 2527 3661 2580 hoc
3682 2526 3735 2577 sit

2204 2619 2282 2673 eis
2307 2621 2390 2670 via
2423 2617 2486 2670 ad
2517 2624 2794 2670 mortem:
2837 2623 2888 2668 et
2938 2624 2994 2668 ιιι
3041 2616 3212 2684 magis
3260 2624 3388 2668 eant
3436 2614 3734 2677 lubricando,

2203 2708 2424 2778 angelus
2451 2705 2678 2771 Domini,
2712 2705 2974 2774 malignus
2998 2705 3227 2770 scilicet,
3248 2705 3318 2758 sit
3346 2721 3633 2774 persequens
3653 2722 3735 2766 eos,

2204 2809 2265 2853 ut
2288 2815 2383 2869 per
2407 2799 2586 2852 omnia
2615 2797 2798 2851 illicita
2839 2796 3087 2851 deducat.
3124 2797 3189 2850 Et
3215 2797 3349 2850 bene
3386 2798 3533 2866 ponit
3557 2798 3737 2850 tenebm'

2205 2901 2261 2945 et
2311 2889 2608 2954 lubricum,
2673 2903 2770 2958 per
2813 2887 3254 2953 similitudinem,
3311 2887 3464 2955 quasi
3520 2886 3736 2940 diceret:

2207 2977 2340 3032 Tam
2370 2976 2507 3030 male
2529 2977 2804 3046 contingat
2829 2975 2936 3041 eis,
2962 2975 3101 3028 sicut
3129 2974 3200 3028 illi
3238 2976 3354 3043 qui,
3388 2990 3506 3029 cum
3529 2989 3638 3028 eum
3665 2975 3738 3026 ini-

2206 3069 2376 3124 micus
2398 3084 2526 3122 suus
2551 3067 2891 3137 persequitur
2913 3108 2926 3131 ,
2950 3083 3044 3136 per
3074 3068 3414 3121 tenebrosam
3443 3076 3494 3121 et
3521 3067 3738 3119 lubricam

2207 3162 2347 3216 viam
2375 3161 2612 3215 incedit:
2661 3160 2772 3228 ipse
2823 3159 2965 3212 enim
3023 3158 3278 3211 facillime
3331 3158 3493 3211 cadit.
3522 3155 3741 3225 Suppont

2206 3262 2382 3307 autem
2414 3267 2631 3306 causam
2656 3266 2823 3320 quare
2848 3251 2947 3303 ltoc
2972 3250 3050 3303 eis
3082 3250 3275 3302 debeat
3302 3250 3627 3317 contingere,
3648 3248 3707 3299 sic
3730 3264 3739 3296 ε

2207 3344 2453 3400 Concedo
2479 3344 2620 3413 quod
2650 3343 2780 3396 fiant
2811 3352 3060 3410 tanquam
3086 3341 3260 3408 pulvis
3285 3380 3299 3405 ,
3332 3349 3437 3393 etc.
3471 3339 3533 3392 Et
3553 3339 3740 3399 metito;

2208 3435 2453 3506 quoniam
2476 3433 2670 3504 gratis,
2701 3432 2751 3486 id
2776 3439 2857 3485 est
2885 3431 3000 3486 sine
3031 3445 3223 3495 causa,
3253 3430 3619 3483 absconderant
3645 3429 3742 3479 mihi

2207 3525 2475 3578 interitum
2497 3523 2699 3592 laquei,
2735 3523 2787 3577 id
2815 3530 2898 3576 est
2927 3522 3186 3575 absconse
3214 3536 3411 3590 parare
3452 3520 3574 3574 mihi
3625 3530 3743 3588 puta-

2211 3625 2400 3670 verunt
2425 3615 2698 3670 interitum
2725 3613 2812 3682 qui
2843 3622 2986 3667 esset
3012 3627 3172 3665 caus-1
3199 3613 3412 3680 laquei,
3447 3611 3496 3664 id
3520 3618 3742 3664 estcausa

2209 3723 2376 3778 quare
2433 3707 2756 3776 illaquearc'r
2803 3712 2856 3758 et
2905 3704 3176 3757 detinerer
3221 3718 3286 3756 ne
3331 3716 3689 3771 resurgerem:
3724 3715 3744 3748 τι

2211 3799 2563 3854 similitudine
2589 3798 2728 3851 illius
2757 3797 2844 3865 qui
2866 3838 2880 3860 ,
2922 3812 3044 3849 cum
3079 3801 3271 3864 laqueo
3294 3795 3542 3848 detentus
3563 3797 3646 3852 sit,
3667 3805 3747 3843 non

2214 3889 2375 3943 liabet
2399 3889 2700 3944 libertatem
2731 3887 2892 3942 eundi
2923 3903 3030 3956 quo
3064 3887 3206 3940 velit.
3254 3885 3452 3954 Laquei
3498 3885 3611 3938 dico
3647 3883 3748 3950 ipsis

2214 3977 2407 4042 futuri,
2439 3979 2490 4031 id
2527 3988 2610 4030 est
2641 3992 2736 4046 per
2755 3991 2913 4046 quem
2940 3977 2990 4029 in
3027 3986 3254 4030 mortem
3295 3975 3394 4042 ipsi
3423 3973 3747 4041 illaqueabun-

2216 4079 2332 4131 tur.
2365 4079 2420 4122 et
2443 4071 2878 4138 exprobrauerunt
2915 4068 3147 4119 animum
3185 4082 3385 4128 nteant,
3413 4065 3464 4120 id
3491 4075 3572 4120 est
3592 4062 3748 4134 probra

2217 4159 2731 4214 intulernntanitme
2769 4174 2936 4222 meae,
2991 4158 3216 4211 dicendo
3267 4172 3386 4210 eam
3434 4155 3749 4210 seduetricem

2215 4251 2718 4320 peccatricetnqne;
2801 4249 2942 4303 unde
2988 4264 3082 4302 eos
3131 4248 3334 4302 dixisse
3394 4247 3446 4301 in
3505 4244 3751 4312 Evangelio

2219 4343 2453 4413 legitur:
2492 4361 2510 4393 ι
2551 4341 2657 4395 Nos
2689 4346 2889 4396 scimus
2934 4341 3058 4409 quia
3091 4341 3177 4393 hic
3221 4340 3382 4392 homo
3436 4347 3671 4407 peccator
3691 4341 3752 4386 est

2219 4433 2398 4504 (Juan.
2429 4449 2512 4498 ις,
2559 4433 2687 4503 24);
2721 4451 2738 4484 ι
2773 4440 2829 4487 et
2874 4431 3034 4485 alibi:
3084 4447 3102 4481 ι
3138 4429 3362 4484 Seducit
3395 4430 3583 4482 turbas
3606 4425 3750 4492 (loeti.

2219 4540 2324 4588 vn,
2357 4524 2464 4592 1‘2);
2507 4543 2526 4575 ι
2562 4532 2616 4577 et
2661 4523 2763 4576 hoc
2808 4537 3152 4590 supervacue.
3195 4521 3246 4574 id
3288 4529 3374 4573 est
3417 4519 3584 4583 falso,
3631 4515 3752 4571 vacui

2217 4614 2370 4668 valde
2391 4613 2534 4668 omni
2567 4611 2866 4667 rationabili
2903 4627 3084 4665 causa.
3117 4610 3182 4664 Et
3208 4612 3328 4665 ideo
3356 4611 3496 4664 bene
3533 4607 3752 4680 ponitur,

2219 4718 2548 4774 supervacue
2574 4745 2588 4769 ,
2626 4704 2776 4772 quasi
2813 4701 3036 4754 multum
3062 4717 3252 4755 vacue.
3281 4701 3416 4754 Dico
3446 4701 3537 4770 qui
3567 4699 3754 4752 abscon-

2221 4796 2408 4849 det-un!
2441 4795 2567 4847 milii
2599 4795 2878 4846 interitum
2911 4792 3118 4861 laquei,
3153 4802 3207 4845 et
3235 4791 3358 4846 ideo
3404 4792 3570 4844 ueniat
3596 4788 3664 4840 illi
3706 4801 3753 4838 et

2222 4887 2515 4956 improviso
2539 4886 2778 4955 laqueus,
2809 4884 2860 4938 id
2882 4894 2964 4938 est
2989 4899 3134 4938 mors
3166 4900 3192 4936 a
3221 4882 3345 4937 Tito
3367 4891 3422 4938 et
3444 4881 3752 4952 Vespasiano.

2225 4977 2388 5042 Quem
2444 4977 2646 5046 ignorat
2685 4976 3046 5044 nunc;:unde
3076 4974 3336 5028 Dominus
3371 4976 3428 5026 in
3469 4971 3754 5042 Evangelia:

2230 5089 2248 5120 ι
2288 5069 2436 5122 Nunc
2459 5078 2635 5121 autem
2661 5067 2972 5121 abscondita
3023 5075 3148 5120 sunt
3189 5066 3256 5118 ab
3302 5066 3477 5119 oculis
3509 5069 3612 5118 tuis
3636 5061 3753 5132 (Luc.
3833 5105 3835 5115 .

2224 5177 2346 5225 XIX,
2398 5160 2528 5227 4-9.);
2570 5179 2587 5208 ι
2626 5159 2706 5212 vel
2734 5174 2890 5226 quem
2915 5159 3160 5226 ignorat,
3201 5156 3252 5208 id
3280 5165 3360 5208 est
3403 5153 3658 5224 ignorabit
3681 5147 3756 5202 sibi

2226 5249 2538 5317 emitingere
2563 5262 2658 5316 pro
2683 5247 2889 5299 meritis
2914 5248 3042 5300 suis.
3081 5246 3232 5299 Adeo
3262 5259 3500 5312 namque
3525 5244 3759 5295 induratus

2226 5341 2328 5394 erit
2353 5380 2367 5405 ,
2399 5349 2455 5393 ut
2481 5353 2580 5393 nec
2607 5340 2656 5390 in
2689 5339 2922 5392 vindicta
2955 5337 3160 5406 peccati
3191 5337 3438 5406 positus,
3484 5336 3642 5404 ipsam
3673 5331 3760 5382 vin-
3831 5377 3833 5397 ε

2229 5433 2424 5485 dictam
2463 5440 2775 5502 cognoscat,
2804 5440 2856 5484 et
2886 5431 3066 5484 veniat
3089 5429 3162 5482 illi
3195 5430 3367 5497 captio
3397 5444 3556 5497 quant
3582 5426 3759 5478 abscon-

2230 5524 2340 5587 dit,
2383 5523 2432 5577 id
2461 5525 2621 5577 estin
2648 5523 2962 5576 abscondito
2993 5522 3121 5574 mihi
3159 5536 3353 5589 parare
3393 5521 3614 5590 putavit.
3645 5511 3761 5580 Quod

2231 5623 2310 5664 cst
2343 5612 2568 5665 dicere:
2606 5612 2796 5680 Captio
2847 5611 2949 5664 ntei
2985 5626 3089 5678 qua
3137 5627 3222 5664 nte
3265 5613 3434 5679 cmpit
3461 5650 3475 5672 ,
3525 5613 3590 5664 sit
3637 5617 3762 5658 causa
3829 5633 3831 5679 ε

2235 5715 2398 5766 quare
2426 5707 2480 5753 ct
2514 5701 2608 5768 ipsi
2634 5702 2810 5770 captio
2842 5701 3040 5755 veniat.
3065 5701 3211 5754 Dixi:
3237 5702 3432 5757 Veniat
3458 5703 3529 5757 illi
3555 5701 3764 5766 latpteusi
