3838 6328
111 390 188 443 777
968 374 1329 434 EXPOSlTlO
1377 374 1821 459 IN'PSALMOS.
1857 405 1926 416 —
1962 374 2156 430 PS.\L.
2199 374 2445 430 XXXIV.

3234 378 3335 433 778

109 511 150 556 et
174 498 242 553 sic
261 496 366 559 sit,
393 493 553 548 cadat
586 491 797 548 scilicet
827 492 879 547 in
907 491 1183 562 laqueum,
1213 493 1267 546 in
1301 492 1474 561 ipsum
1499 505 1655 559 quem
1691 491 1733 546 Α
1763 490 1884 543 bam
1913 490 2054 559 quod
2084 504 2181 545 eos
2216 491 2524 550 induerem.
2560 489 2611 544 id
2649 497 2730 543 est
2758 490 2884 543 milii
2914 489 3297 563 coniungerent
3323 537 3337 559 ,

109 588 211 645 mihi
240 599 428 655 parare
460 583 625 638 voluit
654 602 666 635 :
710 591 769 636 ut
798 582 1107 637 detineatur
1149 582 1202 635 iu
1253 591 1457 643 morte,
1513 581 1655 635 sicut

107 694 174 734 me
194 676 429 730 detinere
460 673 646 727 voluit.
674 672 828 739 Quod
867 672 1053 741 ponit:
1082 672 1238 725 cndal
1285 673 1340 725 in
1386 670 1651 740 laqueum,

107 767 218 820 idem
252 773 334 819 est
370 762 512 832 quod
539 760 787 830 superius
824 759 990 825 dixit,
1045 759 1225 813 veniat
1264 758 1337 812 illi
1390 758 1651 827 laqueus:

104 853 180 909 sed
204 853 315 907 ideo
344 850 540 921 repetit
568 857 627 904 ιιι
654 848 1004 911 determinet,
1059 848 1305 902 addendo
1359 847 1412 901 in
1462 848 1653 915 ipsum.

104 941 375 997 Notandum
423 949 603 994 autem
652 939 796 1008 quod
843 939 1025 1008 captio
1074 938 1292 1008 ponitur
1338 947 1393 991 et
1435 936 1657 1005 laqueus

103 1032 369 1089 secundum
400 1031 667 1084 diversos.
694 1029 923 1096 Quidam
953 1044 1018 1084 ex
1047 1028 1126 1083 eis
1150 1029 1292 1098 capti
1335 1038 1461 1083 sunt
1491 1042 1506 1080 :
1537 1027 1657 1096 qni-

103 1123 200 1177 dam
220 1120 495 1190 illaqueati
526 1129 738 1175 morte:
791 1119 912 1174 dico
949 1121 1094 1189 quod
1126 1119 1197 1172 illi
1233 1119 1413 1172 veniat
1442 1117 1657 1187 laqueus

100 1223 138 1267 et
154 1212 306 1281 captio
333 1253 349 1277 ,
391 1221 447 1265 et
471 1212 541 1265 ita
561 1212 689 1264 erit.
719 1212 911 1263 Anima
946 1220 1121 1263 autem
1152 1228 1263 1263 utea
1305 1224 1367 1263 ex
1414 1210 1658 1279 opposito

100 1317 197 1371 qua:
242 1302 527 1370 potabitur
575 1301 860 1369 illaqueata
901 1300 1183 1354 exsultabit
1231 1299 1284 1353 in
1327 1298 1552 1353 Domino
1594 1298 1660 1352 de

102 1395 473 1448 resurrectione
498 1407 614 1446 mea
638 1431 652 1445 .
688 1391 751 1444 Et
776 1392 941 1445 etiam
974 1390 1318 1444 delectabitur
1338 1406 1494 1458 super
1515 1388 1660 1442 salu-

101 1484 183 1536 tari
204 1500 332 1548 suo,
370 1483 424 1538 id
452 1491 536 1537 est
576 1483 644 1537 de
692 1482 995 1535 salvatione
1048 1481 1170 1544 sui,
1218 1494 1338 1549 qua:
1384 1481 1661 1547 continget

101 1576 305 1630 humano
336 1576 522 1646 generi
555 1589 652 1643 per
677 1588 781 1627 me.
836 1574 899 1626 Et
925 1572 1089 1625 etiam
1119 1574 1297 1625 omnia
1343 1587 1463 1623 ossa
1512 1585 1656 1637 mea,

102 1668 235 1721 idest
278 1666 543 1742 discipuli
571 1668 661 1737 qui
708 1673 834 1720 sunt
885 1663 1139 1718 fortiores
1188 1663 1322 1728 mei,
1381 1662 1563 1716 dicent
1607 1671 1662 1714 et

100 1759 249 1812 verbis
273 1770 331 1812 et
356 1758 691 1828 cogitatione
724 1774 737 1809 :
769 1756 813 1811 0
845 1754 1083 1816 Domine,
1113 1756 1229 1825 quis
1255 1764 1338 1810 est
1364 1754 1550 1807 similis
1586 1754 1659 1807 ιιιί

100 1852 139 1905 in
166 1850 395 1918 potentia
423 1849 448 1901 ?
470 1848 675 1902 Nullus.
707 1846 784 1901 Tu
804 1888 819 1912 ,
854 1848 975 1902 dico
1002 1887 1017 1911 ,
1052 1845 1304 1911 Domine,
1345 1847 1435 1914 qui
1465 1861 1523 1899 es
1555 1846 1660 1898 eri-
1696 1836 1738 1890 Β

99 1940 215 2007 piens
236 1939 449 2009 inapem
470 1938 723 2009 populum
748 1948 896 1992 tuum
920 1978 935 2001 ,
970 1938 1035 1990 de
1062 1953 1221 1990 manu
1246 1935 1523 2004 fortiorum
1548 1935 1662 2004 ejus

103 2032 233 2102 106
264 2032 317 2085 id
342 2041 431 2086 est
450 2032 517 2085 de
541 2039 807 2101 potestate
829 2030 1184 2099 malignorum
1209 2027 1496 2098 spirituum
1524 2042 1537 2079 :
1569 2028 1661 2095 qui

101 2123 346 2193 hucusque
407 2124 661 2178 fortiores
694 2121 943 2185 fuerunt,
1015 2120 1331 2175 deducendo
1378 2118 1429 2173 in
1474 2120 1664 2173 mortis

100 2215 322 2270 tenebras
350 2231 457 2285 per
484 2216 693 2285 culpam
724 2214 875 2269 Adm.
918 2212 1072 2279 Quod
1095 2220 1277 2267 autem
1305 2211 1456 2280 ponit
1479 2211 1665 2265 fortio-

100 2320 192 2359 rum
216 2309 330 2378 ejus
378 2322 538 2363 more
594 2307 905 2363 Grazcorum
957 2306 1126 2361 facit:
1160 2306 1253 2376 qui
1289 2321 1387 2375 pro
1429 2304 1664 2361 ablativo

97 2416 182 2468 quo
207 2411 434 2465 carent,
471 2400 765 2472 genitivum
796 2408 1026 2471 ponunt.

153 2491 209 2543 Et
236 2502 287 2544 tu
323 2493 500 2546 etiam
532 2506 587 2546 es
612 2491 851 2560 eripiens
878 2505 1093 2560 egenum
1122 2499 1168 2544 et
1193 2506 1473 2560 pauperem
1497 2504 1664 2559 popu-
1718 2502 1721 2509 ·

98 2580 182 2636 lum
208 2592 355 2637 luunt
388 2600 425 2636 α
448 2582 810 2650 diripientibus
844 2599 993 2647 eum,
1038 2596 1104 2636 ne
1126 2582 1357 2652 amplius
1384 2582 1663 2651 diripiattt,

100 2676 241 2729 idest
271 2690 301 2729 a
338 2675 600 2745 malignis
646 2676 928 2744 spiritibus
951 2716 965 2740 ,
1008 2675 1098 2744 qui
1132 2675 1233 2729 sibi
1264 2676 1490 2730 virtutes
1536 2691 1664 2729 suas

95 2777 225 2820 antea
247 2767 591 2837 diripiebant
618 2784 631 2821 :
666 2768 821 2836 inops
852 2767 1085 2833 dicitur,
1131 2768 1223 2836 qtti
1252 2769 1368 2822 sine
1398 2784 1500 2838 ope
1529 2768 1656 2824 alte-

98 2857 188 2911 rius
205 2868 327 2912 est:
358 2873 572 2928 pauper
598 2867 777 2912 autem
804 2897 819 2923 ,
850 2858 941 2928 qui
974 2859 1093 2913 sine
1118 2874 1247 2925 sua;
1280 2872 1483 2929 egenus
1515 2874 1663 2923 vero,

94 2951 166 3017 qui
196 2952 333 3004 idem
366 2960 456 3004 est
500 2950 642 3020 quod
674 2959 727 3005 ct
772 2951 1051 3006 mendicus
1086 2969 1100 3006 :
1157 2952 1245 3007 ille
1293 2952 1491 3006 dicitur
1541 2968 1663 3006 eum

96 3050 298 3109 utraque
327 3055 440 3109 ope
465 3050 651 3094 careat
675 3057 690 3107 ;
719 3041 1016 3106 mendicat,
1051 3041 1103 3096 id
1138 3051 1221 3097 est
1249 3058 1370 3097 cum
1393 3042 1590 3111 gemitu
1614 3052 1669 3096 et.

95 3129 396 3185 confusione
448 3131 642 3199 quaerit
693 3146 837 3186 eam.
896 3131 1048 3198 Quod
1101 3141 1270 3186 totum
1327 3132 1378 3185 in
1432 3132 1667 3186 humano

96 3221 406 3290 populofuit.
433 3219 716 3291 Nunquam
732 3222 875 3275 enim
891 3236 1066 3290 neque
1090 3236 1187 3276 sua
1212 3236 1386 3291 neque
1410 3221 1541 3292 legis
1564 3236 1665 3290 ope

95 3313 245 3379 potuit
273 3312 547 3378 liberari,
602 3313 829 3382 ideoque
857 3328 956 3367 sua
986 3313 1155 3382 ipsius
1191 3313 1406 3366 miseria
1449 3312 1666 3366 liberari

99 3403 435 3458 mendicavit.
472 3404 737 3469 Quoniam
774 3414 954 3459 autem
993 3413 1249 3474 posuerat
1282 3405 1523 3473 eripiens,
1558 3414 1663 3458 etc.

96 3494 207 3560 Quia
224 3503 418 3565 posset
440 3511 557 3564 qua:
567 3497 607 3548 ri
623 3497 892 3565 quomodo
909 3505 991 3550 est
1010 3497 1263 3565 eripiens:
1280 3496 1383 3551 hoc
1399 3509 1669 3565 exponere

96 3589 306 3645 intendit
332 3591 420 3645 sic
437 3630 452 3652 ,
484 3590 599 3659 ipsa
622 3605 745 3645 ossa
771 3591 974 3657 dicent,
994 3592 1135 3661 quod
1158 3607 1259 3661 ego
1281 3607 1399 3645 sum
1423 3594 1665 3661 eripiens.

97 3680 227 3734 ctsic
252 3690 363 3735 est.
397 3680 465 3733 Et
491 3694 586 3749 per
612 3679 717 3734 hoc
743 3695 861 3734 sum
888 3681 1132 3749 eripiens,
1164 3680 1306 3749 quod
1341 3680 1456 3735 haec
1486 3681 1668 3734 omnia

95 3782 196 3834 quae
229 3770 417 3823 dicam
445 3770 709 3839 patienter
736 3786 929 3840 passus
959 3786 1098 3825 sum.
1138 3769 1441 3825 Notandum
1486 3781 1667 3825 autem
1700 3824 1705 3828 .

94 3861 215 3925 quod
248 3860 340 3914 illa
381 3876 505 3930 qua:
551 3861 640 3916 hic
686 3877 753 3914 ex
806 3861 970 3915 nimia
1025 3863 1350 3917 certitudine
1399 3864 1671 3931 praeterito

95 3950 455 4014 denuntiatur,
486 3951 663 4006 future
685 3953 995 4023 accipienda
1019 3965 1145 4009 sunt
1171 3972 1184 4008 :
1217 3955 1426 4010 St‘iliCCl
1453 3973 1670 4024 surgen-

96 4050 157 4093 tes
178 4042 225 4094 in
246 4060 327 4097 me
350 4052 508 4096 testes
532 4044 726 4112 iniqui,
750 4060 867 4113 qua:
891 4044 1221 4114 ignorabant,
1246 4061 1350 4099 non
1382 4046 1668 4114 sapientia,

94 4132 174 4185 sed
198 4134 270 4187 rei
300 4134 645 4202 experientia
669 4136 1056 4205 interrogabant
1091 4153 1202 4203 me,
1248 4137 1299 4191 id
1323 4147 1404 4191 est
1432 4138 1670 4206 impone-

96 4223 209 4278 bant
238 4226 379 4280 mihi
411 4242 442 4280 a
464 4226 820 4281 similitudine
847 4227 1059 4281 illorum
1090 4228 1180 4297 qui
1235 4228 1341 4282 tale
1392 4229 1519 4296 quid
1570 4228 1670 4283 ali-

96 4329 236 4383 qtem
268 4317 647 4386 interrogant,
688 4318 829 4386 quod
862 4318 1070 4388 ignorat
1098 4359 1113 4384 ,
1162 4328 1222 4373 ut
1275 4319 1326 4374 in
1381 4319 1670 4392 Evangelio

97 4407 279 4463 dixisse
308 4409 586 4477 leguntur.
630 4428 649 4459 ‹
686 4407 875 4463 Nonne
916 4410 1052 4463 bene
1093 4410 1323 4465 dicimus
1365 4428 1492 4478 nos,
1544 4414 1669 4482 quia

100 4498 465 4555 Samaritanus
487 4515 546 4555 es
578 4511 653 4565 tu,
677 4510 731 4554 et
757 4501 1077 4555 dtemoaium
1100 4501 1309 4557 babes?
1344 4503 1524 4574 (Joan.
1552 4521 1669 4571 vni,

100 4588 194 4659 l8.)
229 4610 248 4642 ι
284 4592 352 4646 Ει
375 4592 723 4646 retribuebant
768 4586 897 4645 ini/ti
926 4592 1067 4646 mala
1105 4610 1198 4663 pro
1237 4595 1413 4663 bonis,
1446 4610 1563 4665 qua:
1592 4598 1671 4652 eis

113 4693 319 4735 cceram
352 4682 706 4751 pnedicaudo
732 4721 747 4747 ,
796 4692 1038 4737 mortuos
1086 4684 1431 4752 suscitando,
1482 4696 1537 4741 et
1565 4687 1670 4741 alia

100 4770 349 4825 miracula
378 4771 630 4826 faciendo
660 4812 673 4836 ,
725 4782 779 4826 et
819 4774 1043 4842 exponit
1071 4774 1122 4827 in
1166 4777 1519 4845 sequentibus
1554 4792 1672 4846 qua:

100 4862 225 4914 mala
262 4865 659 4920 retribuebanl.
707 4867 773 4920 Et
818 4868 984 4921 etiam
1028 4868 1379 4923 retribuebant
1410 4880 1671 4940 quantum

101 4954 156 5003 td
186 4953 526 5023 impietatem
560 4972 748 5019 suam,
800 4957 1123 5011 sterilitatem
1169 4960 1361 5013 anima:
1404 4975 1573 5025 mear,
1618 4969 1674 5013 ut

101 5056 206 5095 cum
230 5059 331 5113 per
352 5047 799 5116 praedicationem
828 5047 990 5102 vellet
1035 5063 1130 5103 eos
1159 5058 1420 5118 quantum
1454 5049 1520 5103 :id
1546 5066 1672 5120 gra-

100 5137 216 5189 tiam
245 5147 303 5191 et
332 5138 769 5193 benevolentiam
810 5154 1004 5210 parere
1030 5181 1046 5206 ,
1077 5141 1319 5196 sterilem
1348 5157 1466 5195 eam
1507 5158 1676 5211 quan—

101 5234 201 5279 tum
233 5227 307 5280 ad
352 5244 476 5284 sese
524 5229 805 5295 facerent,
866 5231 1023 5299 juxta
1085 5231 1227 5302 quod
1278 5233 1331 5286 in
1386 5233 1675 5304 Evangelio

100 5319 340 5387 tegitur:
405 5339 425 5373 ι
484 5321 711 5389 Quoties
757 5324 897 5378 volui
949 5339 1280 5395 congregare
1325 5325 1466 5381 ﬁlios
1522 5336 1672 5391 tuos,

101 5411 549 5475 quemadmodum
590 5414 789 5484 gallina
842 5427 1132 5486 congregat
1176 5416 1349 5487 pullos
1392 5417 1495 5471 sub
1521 5417 1673 5481 alas,

100 5508 148 5553 et
171 5502 387 5557 noluisti
418 5503 569 5575 (an.
593 5521 690 5559 xui
709 5547 723 5569 ,
752 5505 864 5578 54).
893 5526 911 5559 ι
939 5508 1055 5561 Dixi
1078 5509 1218 5578 quod
1239 5509 1472 5562 animam
1500 5525 1676 5564 meum

100 5593 340 5648 sterilem
358 5596 643 5652 faciebant.
666 5598 776 5668 Ego
801 5588 972 5653 autem
996 5617 1113 5655 cum
1138 5600 1265 5654 mihi
1287 5600 1489 5654 molesti
1510 5612 1675 5654 essent

100 5698 192 5750 pro
222 5685 321 5739 illa
342 5689 489 5742 steril
517 5696 621 5743 late
651 5730 665 5756 ,
695 5690 950 5744 induebar
980 5691 1082 5744 illis
1107 5691 1274 5745 cilicio
1305 5689 1531 5756 futuris,
1572 5705 1676 5745 non

102 5789 155 5828 re
185 5778 429 5844 scilicet,
471 5782 563 5835 sed
590 5797 704 5850 spe.
742 5783 895 5849 Quod
920 5792 1003 5837 est
1026 5783 1205 5839 dicere
1232 5797 1245 5835 :
1291 5780 1401 5852 jam
1430 5781 1681 5851 provide-

498 5876 772 5935 ιἈτιιοι..
817 5875 999 5937 CLII.

1756 598 1786 638 a
1815 583 2167 639 similitudine
2197 585 2395 650 vesds,
2428 598 2582 653 quae,
2632 582 2759 637 dum
2803 582 3071 649 induitur,
3119 587 3337 655 corpori

1756 678 2102 749 coniungitur
2133 694 2146 730 :
2188 686 2243 732 et
2290 678 2428 732 bene
2459 676 2588 729 dicit
2622 674 2855 729 cilicium
2889 674 3124 740 futuros,
3173 677 3228 731 id
3256 689 3341 732 est

1755 771 2120 840 ptenitentes:
2154 769 2330 824 cilicio
2359 782 2592 837 namque
2632 767 2960 837 pmnitentes
3002 766 3338 833 induuntur;

1759 869 1811 916 et
1841 876 1964 916 cum
1991 862 2093 915 hoc
2115 859 2462 928 providebam
2494 859 2636 927 quod
2681 871 2775 912 eos
2821 856 3108 911 induturus
3145 870 3294 911 eram
3326 897 3341 917 ,

1759 953 2099 1007 humiliabam
2143 952 2197 1006 in
2236 952 2446 1021 jejunio
2509 950 2741 1003 animum
2786 966 2977 1003 meum.
3012 946 3190 1014 Quod
3261 959 3347 1003 est

1760 1044 1981 1099 dicere:
2041 1043 2176 1099 Cum
2231 1056 2446 1113 possem
2507 1041 2674 1095 libere
2728 1055 2892 1110 super
2925 1054 3019 1094 eos
3048 1039 3344 1094 vindictam

1760 1151 1934 1189 meam
1957 1134 2357 1204 exaltare.quia
2380 1148 2464 1187 me
2480 1130 2722 1203 jejunum
2754 1148 2785 1185 a
2812 1131 2892 1185 sui
2910 1130 3348 1199 incorporatione

1760 1228 2040 1291 facerent,
2074 1225 2483 1296 illudjejuniutn
2518 1224 2792 1279 humiliter
2828 1224 2880 1277 in
2917 1232 3128 1278 secreto
3152 1223 3348 1277 anima:

1760 1320 2026 1391 patiebar,
2051 1329 2105 1375 et
2132 1320 2234 1375 hoc
2267 1320 2384 1374 ideo
2406 1318 2532 1388 quia
2559 1318 2726 1371 oratio
2753 1333 2864 1370 mea
2884 1318 2938 1370 in
2962 1316 3140 1370 sinum
3165 1330 3345 1371 mrum

1761 1423 2104 1468 eonvertetur.
2146 1411 2461 1483 Empliatice
2506 1409 2707 1464 dictum
2736 1417 2852 1471 est,
2903 1407 2955 1461 id
2987 1416 3071 1461 est
3119 1406 3195 1460 illi
3249 1422 3348 1476 pro

1761 1504 1960 1573 quibus
1980 1517 2239 1566 oravero,
2300 1501 2527 1568 ideoque
2571 1498 2740 1552 oratio
2792 1512 2907 1550 mea
2950 1494 3235 1558 dicuntur,
3280 1496 3348 1547 ad

1761 1595 2151 1666 prmectionem
2224 1607 2399 1646 meam
2446 1597 2878 1651 convertentur,
2946 1602 2976 1639 a
3028 1600 3134 1655 qua
3208 1583 3350 1637 male

1765 1687 1992 1742 vivendo
2039 1687 2428 1740 discesserunt.
2467 1681 2631 1735 Mittit
2666 1680 2755 1734 hic
2800 1693 2899 1733 nos
2934 1677 3000 1731 ad
3037 1674 3351 1730 similitudi-

1764 1796 1887 1833 ncm
1918 1779 2159 1833 historia:
2204 1777 2272 1832 de
2319 1775 2530 1846 Moyse,
2582 1772 2667 1826 cui
2715 1770 2977 1825 Dominus
3008 1766 3263 1836 praecepit
3292 1775 3352 1818 nt

1764 1883 1982 1924 manum
2009 1867 2062 1921 itt
2090 1867 2265 1920 sinum
2286 1865 2504 1918 missam
2528 1863 2652 1917 inde
2672 1860 2987 1916 extraheret
3009 1855 3206 1928 (Exod.
3238 1854 3347 1926 tv).

1763 1958 1895 2026 Quae
1924 1973 2045 2013 cum
2079 1965 2321 2011 extracta
2352 1955 2563 2024 leprosa
2592 1951 2962 2023 apparuisset,
3005 1947 3353 2019 praecipiente

1765 2052 2013 2112 Domino,
2044 2063 2235 2104 rursus
2265 2047 2527 2111 immissa,
2558 2054 2748 2100 sanata
2772 2052 2854 2097 est
2884 2060 2896 2096 :
2932 2041 3035 2095 line
3069 2048 3251 2094 autem
3281 2038 3353 2093 ad

1763 2143 2071 2198 Iudaeorum
2103 2141 2306 2196 factum
2346 2146 2429 2194 est
2458 2139 2706 2209 ﬁguram.
2759 2134 2860 2202 Qui
2903 2132 3117 2188 Domini
3165 2139 3351 2202 prote-

1766 2234 1931 2289 etioni
1964 2231 2203 2297 subditi,
2241 2229 2358 2285 sani
2404 2229 2459 2283 in
2492 2227 2784 2282 virtutibus
2808 2224 3137 2280 exstiterunt
3167 2240 3180 2276 :
3230 2221 3355 2276 inde

1752 2340 1895 2381 vero
1925 2325 2037 2380 suis
2076 2323 2231 2379 malis
2267 2322 2475 2377 meritis
2506 2319 2768 2385 extracti,
2808 2318 2975 2372 variis
3008 2324 3355 2387 peccatorum

1767 2417 2016 2481 maculis,
2046 2416 2112 2472 ad
2147 2415 2364 2471 modum
2396 2414 2592 2482 leprae,
2623 2410 2864 2480 corrupti
2888 2418 3034 2465 sunt.
3063 2407 3197 2464 Cum
3226 2420 3355 2461 vero

1766 2523 1893 2579 pars
1922 2522 2110 2562 eorum
2140 2505 2205 2560 ad
2246 2505 2413 2576 ipsius
2439 2502 2833 2574 protectionem
2864 2514 2959 2569 per
2985 2496 3354 2567 apostolorum

1767 2599 2206 2670 przcdicatiouem
2236 2612 2453 2651 reversa
2477 2604 2591 2659 est,
2624 2602 2873 2648 resauata
2900 2600 3002 2646 est.
3055 2589 3119 2643 Et
3145 2588 3251 2643 hoc
3274 2597 3357 2643 est

1765 2688 1908 2759 quod
1948 2687 2036 2742 hic
2061 2686 2213 2741 dicit.
2247 2684 2434 2759 Oratio
2471 2700 2585 2737 mea
2626 2682 2676 2734 in
2708 2680 2887 2735 sinum
2925 2693 3103 2732 meum
3142 2691 3353 2730 conver-

1766 2790 1924 2843 tetur,
1948 2778 2068 2833 dico
2088 2776 2229 2846 quod
2252 2774 2593 2831 humiliubam
2609 2776 2839 2825 animam
2858 2785 2938 2823 me
2956 2785 3025 2821 tm
3052 2769 3106 2821 in
3118 2767 3352 2836 jejunio.

1766 2871 1831 2927 Et
1853 2870 2014 2925 ctiam
2033 2870 2109 2922 sic
2121 2867 2506 2937 complacebam
2530 2864 2681 2927 milii,
2705 2861 3042 2915 adnronrndo
3063 2872 3180 2924 eos,
3205 2858 3254 2911 id
3273 2867 3357 2912 est

1766 2962 1847 3016 sic
1876 2959 2184 3016 delectabar
2228 2957 2300 3011 ibi
2332 2955 2488 3025 quasi
2534 2954 2588 3007 in
2638 2940 2979 3007 admonendo
3023 2948 3352 3018 proximum.

1768 3052 1835 3106 Et
1862 3049 2085 3119 esponit
2128 3062 2287 3119 quem
2319 3046 2658 3116 proximum,
2709 3057 2830 3097 cum
2858 3039 3045 3094 addit:
3085 3038 3249 3106 Quasi
3301 3036 3355 3092 in

1694 3176 1738 3237 C
1769 3140 2110 3198 admonendo
2165 3140 2386 3209 fratrem
2429 3145 2684 3190 nostrum.
2734 3132 2869 3189 Cum
2906 3132 3040 3186 dicit
3081 3140 3352 3195 nostrum,

1770 3232 1950 3287 innuit
1979 3229 2279 3284 trinitatem
2307 3240 2685 3297 personarum.
2718 3222 2871 3290 Quod
2901 3231 2985 3276 est
3010 3236 3074 3276 ac
3104 3220 3147 3276 si
3178 3221 3351 3274 dicat:

1768 3322 1846 3377 lla
1883 3319 2193 3376 delectabar
2222 3318 2276 3372 in
2324 3315 2694 3371 admonitione
2734 3315 2951 3374 eorum',
3003 3326 3101 3367 ceu
3131 3310 3359 3381 quilibet

1770 3416 1823 3471 in
1857 3412 2225 3467 admonitione
2274 3410 2500 3465 fratris:
2550 3419 2604 3463 et
2642 3408 2721 3461 sic
2767 3404 3121 3469 humiliabar,
3172 3404 3223 3459 id
3271 3414 3359 3460 est

1770 3503 2049 3574 alligebar
2079 3515 2333 3567 mcerore,
2359 3513 2601 3554 meorum
2626 3494 2991 3560 induratione;
3016 3494 3170 3564 quasi
3203 3502 3355 3563 pater

1771 3596 1858 3651 vel
1885 3594 2093 3649 amicus
2122 3592 2310 3662 lugens
2336 3601 2388 3646 et
2423 3590 2782 3646 contristatus
2813 3588 2879 3641 de
2912 3588 3102 3640 morte
3148 3585 3241 3640 ﬁlii
3273 3586 3356 3640 vel

1771 3687 1953 3741 amici.
1970 3685 2229 3753 Sequitur
2247 3684 2513 3752 expositio
2527 3681 2807 3740 malorum,
2824 3680 2890 3733 de
2902 3678 3097 3748 quibus
3109 3677 3358 3748 superius

1776 3780 1930 3850 107
1955 3778 2117 3833 dixit:
2143 3775 2512 3830 Retribuebant
2536 3772 2697 3827 mala.
2720 3773 2846 3826 Dico
2872 3770 3358 3839 quodjtumiliabnr

1774 3887 1872 3941 pro
1900 3870 2002 3935 eis,
2024 3878 2079 3923 et
2106 3868 2207 3939 ipsi
2234 3866 2540 3923 ccontrario
2570 3864 2733 3918 lwtati
2760 3872 2879 3917 sunt
2904 3872 2950 3916 et
2985 3871 3354 3935 convenerunt.

1843 3964 2297 4032 Praepostcratum
2343 3968 2448 4015 est.
2514 3956 2873 4012 Convenerunt
2937 3954 3211 4007 adversum
3259 3970 3340 4007 me

1770 4054 2093 4126 capiendum
2117 4062 2162 4107 et
2180 4052 2473 4106 lwtatisunt
2506 4050 2573 4104 de
2609 4063 2693 4103 me
2712 4057 2894 4117 capto,
2924 4055 2979 4100 et
3020 4046 3088 4099 ab
3114 4044 3193 4098 eis
3226 4061 3354 4098 con-

1772 4155 1986 4217 gregata
2017 4152 2136 4198 sunt
2161 4158 2317 4210 super
2354 4158 2452 4205 me,
2493 4139 2542 4194 id
2569 4147 2651 4193 est
2685 4138 2750 4191 ad
2796 4134 3206 4205 opprimendum
3244 4147 3353 4193 tne.

1775 4234 2019 4306 ﬂagella;
2049 4241 2103 4288 ct
2139 4232 2454 4302 ignorabam
2481 4244 2700 4306 causam
2734 4242 2839 4295 qua
2867 4224 3198 4293 llagellabar.
3239 4220 3352 4275 Non

1773 4338 2035 4399 quantum
2069 4326 2135 4381 ad
2168 4325 2487 4394 sapientiam
2517 4363 2533 4387 ,
2570 4303 2951 4389 sed'quanttnn
2994 4319 3060 4370 ad
3093 4315 3170 4369 rei
3193 4329 3352 4381 expe-

1777 4421 2048 4477 rientiam.
2078 4418 2231 4485 Quod
2266 4425 2349 4471 est
2399 4416 2581 4469 dicere
2630 4432 2643 4466 :
2689 4411 2803 4465 Non
2860 4424 3010 4463 cram
3044 4424 3192 4462 rcus.
3253 4408 3356 4460 Per

1704 4514 1877 4568 Dlioc
1918 4511 2060 4581 quod
2116 4508 2300 4579 ponit,
2338 4515 2651 4575 congregata
2704 4512 2824 4557 sunt
2875 4501 3124 4571 ﬂagella,
3177 4500 3356 4553 diver-

1774 4603 1991 4657 sitatem
2022 4608 2077 4654 et
2104 4597 2557 4667 multiplicitatctn
2590 4595 2920 4669 ﬂagellorum
2962 4592 3157 4646 innuit.
3220 4591 3355 4644 Mul-

1779 4694 1976 4749 titnode
2000 4699 2231 4761 namque
2258 4692 2337 4758 (ut
2364 4690 2415 4743 in
2451 4689 2742 4758 Evangelia
2777 4685 2993 4756 legitur)
3054 4684 3356 4754 lligellatus

1774 4800 1858 4845 est
1906 4787 2119 4860 (Matth.
2152 4802 2322 4850 xxvn,
2368 4785 2460 4855 ‘26)
2522 4784 2584 4839 Et
2629 4783 2753 4852 quia
2807 4783 2921 4835 luce
2955 4780 3356 4845 fecerunt,'dis-

1775 4882 2094 4952 sipatisunt,
2123 4879 2176 4933 ill
2201 4888 2284 4934 est
2314 4877 2598 4939 destructi,
2642 4876 2693 4929 in
2739 4872 3054 4935 virtutibus,
3092 4888 3183 4925 nec
3214 4887 3353 4924 com-

1777 4969 1956 5038 puncti
1987 4976 2112 5022 sunt
2136 4978 2318 5036 postea
2357 4967 2424 5021 ad
2478 4965 2879 5036 paenitentiam;
2912 4978 2939 5017 a
2969 4964 3076 5018 Deo
3138 4962 3351 5016 luerunt

1778 5058 2045 5129 dissipati.
2089 5058 2183 5112 Vel
2214 5058 2290 5111 sic
2320 5075 2333 5110 :
2361 5058 2496 5111 Cum
2520 5063 2914 5126 congregarent
2943 5069 3104 5122 super
3136 5068 3220 5105 me
3258 5052 3355 5103 [lac

1721 5213 1729 5222 ,
1778 5150 1913 5222 gella
1943 5148 2183 5218 dissipati
2244 5159 2385 5213 sunt,
2418 5149 2468 5201 id
2501 5156 2584 5202 est
2632 5146 2788 5200 divisi
2836 5160 2865 5199 a
2921 5143 3242 5212 quibusdam
3290 5140 3353 5193 de

1777 5241 1967 5296 eodem
2012 5238 2229 5309 populo,
2281 5239 2372 5308 qui
2421 5238 2819 5293 condoluerunt
2869 5232 3027 5287 morti
3059 5245 3211 5294 mem,
3264 5245 3357 5298 qn.

1778 5333 1943 5387 etiam
1972 5330 2223 5401 leguntur
2251 5329 2484 5395 ﬂevisse,
2503 5330 2698 5400 quibus
2712 5336 2763 5383 et
2793 5328 2905 5396 ipse
2934 5324 3069 5379 dixit
3093 5341 3106 5377 :
3139 5341 3157 5374 ι
3183 5320 3359 5375 Nolite

1780 5420 1907 5475 ﬂere
1959 5434 2119 5489 super
2160 5434 2244 5474 me
2276 5418 2427 5490 (Luc.
2474 5435 2640 5483 xxttt,
2670 5418 2783 5487 28).
2818 5433 2840 5469 ι
2890 5412 3000 5468 Nec
3045 5424 3164 5467 sunt
3216 5426 3352 5465 com-

1782 5511 1960 5578 puncti
1988 5523 2116 5579 erga
2142 5524 2228 5563 me
2256 5509 2460 5579 pietate
2484 5506 2734 5575 exemplo
2755 5520 2965 5560 eorum.
2994 5503 3097 5557 Per
3134 5503 3235 5556 boc
3263 5516 3359 5553 au-

1786 5608 1890 5654 tem
1923 5614 2109 5654 eorum
2137 5600 2390 5654 duritiam
2431 5597 2654 5652 nimiam
2677 5595 2851 5650 innuit
2874 5594 3068 5656 fuisse;
3114 5592 3199 5647 vel
3228 5606 3308 5644 src
3340 5628 3354 5642 .

1783 5690 1917 5757 Quia
1939 5688 2102 5743 ltetati
2144 5698 2264 5742 sunt
2294 5698 2340 5741 et
2372 5694 2734 5750 convenerunt,
2764 5684 3004 5754 dissipati
3023 5692 3168 5748 sunt,
3202 5682 3254 5735 id
3277 5690 3359 5736 est

1783 5778 2193 5850 dissipabuntur
2222 5793 2318 5850 per
2349 5785 2520 5834 totum
2554 5777 2762 5834 orbem.
2797 5774 2907 5832 Nec
2962 5776 3092 5857 ideo
3112 5788 3357 5845 compun-

2979 5853 3076 5929 ’ρει
