3838 6328
531 339 636 419 776

1093 343 1161 430 is.
1196 356 1546 415 caeso-ras
1573 325 2224 416 caurtiusuxouuu
2266 359 2751 419 :asrtraroms
2781 359 2930 417 ore.
2972 361 3150 418 rans
3182 364 3229 456 ιε

3629 375 3752 457 no

531 479 600 532 cti
629 485 790 533 erant
833 475 901 532 ad
948 475 1326 545 paenitentiam
1355 490 1478 530 cum
1531 484 1657 530 tunc
1685 475 1972 546 compungi
2011 475 2109 529 de-
2139 485 2186 542 Α
2215 476 2445 530 tnalibus
2469 493 2484 542 ;
2511 476 2792 531 iracundia
2824 493 2952 534 vero
2973 478 3261 546 bonorum,
3290 490 3374 538 est
3405 495 3585 544 contra
3636 495 3751 550 vitia

527 570 742 625 bercnt.
792 569 861 623 Et
921 569 1000 625 sic
1046 583 1260 638 quoque
1314 581 1504 622 eorum
1551 569 1807 623 duritiam
1859 569 2038 622 innuit
2090 583 2105 620 :

529 660 654 718 Dixi
700 662 843 733 quod
889 671 1267 727 convenerunt,
1325 670 1431 716 etc.
1465 661 1529 714 Et
1569 662 1731 716 etiam
1789 671 2111 716 tentarerunt

528 768 636 819 me,
663 754 930 808 dicentes:
965 771 982 802 ε
1003 750 1327 821 Pr0phetiza
1351 752 1565 821 qaisest
1591 751 1680 820 qui
1711 761 1760 806 tc
1788 751 2107 822 percussit?»

529 843 683 910 (Luc.
703 857 840 907 χλιι,
869 841 983 910 64.)
1012 840 1565 907 Etsubsannaverant,
1585 843 1636 896 id
1671 854 1754 897 est
1779 843 2136 912 deriserunt,-

527 951 610 988 me
630 935 1062 996 subsannatione,
1089 933 1142 988 id
1170 943 1254 1011 est
1283 933 1446 986 nimia
1475 933 1746 988 derisioue
1780 951 1792 987 :
1833 953 1850 984 ι
1881 934 1990 988 Vah
2017 935 2108 1004 qui

523 1024 814 1088 destruis,»
866 1038 972 1079 etc.
1016 1022 1214 1092 (Marc.
1243 1039 1332 1088 xv,
1380 1023 1494 1093 29.)
1535 1023 1885 1079 Subsaunarc
1920 1035 2002 1079 est
2045 1025 2112 1080 ad

523 1115 757 1168 nimiam
820 1114 1154 1169 derisioncm
1187 1130 1354 1169 nares
1405 1117 1976 1187 eorrugare,ideoquc
2025 1118 2113 1172 hic

528 1221 628 1275 pro
678 1205 842 1259 nimia
895 1204 1175 1260 derisionc
1233 1206 1471 1274 ponitur.
1525 1207 1676 1273 Quod
1726 1217 1906 1262 autem
1964 1207 2112 1262 addit

528 1294 939 1348 subsannatione
959 1334 973 1357 ,
1004 1293 1072 1348 ad
1104 1293 1322 1348 nimiam
1355 1297 1853 1361 subsannationem,
1889 1312 2112 1367 expres-

527 1387 738 1442 sionem
767 1385 917 1441 facit.
940 1385 1187 1440 Etetiam
1207 1386 1547 1456 frenduerunt
1563 1389 1803 1442 dentibus
1826 1390 1934 1443 suis
1956 1405 2112 1460 super

533 1497 616 1534 me
639 1480 960 1544 existentes,
995 1479 1048 1533 id
1083 1488 1164 1533 est
1193 1477 1260 1532 ad
1289 1480 1700 1548 opprimendum
1728 1497 1814 1535 me
1839 1480 2036 1550 parati,
2078 1496 2108 1534 a

529 1570 887 1625 similitudine
930 1568 1076 1623 illius
1111 1569 1202 1639 qui
1254 1585 1416 1638 super
1453 1569 1686 1637 aliquem
1743 1579 1853 1623 stat
1885 1580 1942 1624 ut
1985 1585 2108 1624 eam

525 1661 814 1730 Opprimat.
842 1660 975 1714 Cum
1000 1659 1128 1712 dicit
1151 1659 1494 1728 [renduerunt
1539 1660 1777 1714 denibus
1811 1701 1825 1726 ,
1857 1661 1996 1715 idcnt
2027 1671 2110 1716 est

527 1767 593 1806 ac
619 1753 662 1807 si
697 1753 842 1806 dicat
881 1769 894 1805 :
929 1749 1105 1804 Tanta
1136 1762 1327 1806 contra
1355 1766 1439 1806 me
1467 1751 1545 1805 ira
1567 1762 1891 1806 exarserunt
1917 1761 1976 1806 ut
2009 1769 2108 1808 nec

507 1841 673 1912 _loqui
716 1849 961 1910 possent,
1015 1841 1110 1895 sed
1155 1840 1408 1896 dentibus
1463 1841 1788 1896 frendebant
1824 1859 1836 1894 :
1879 1840 2108 1896 Ostcusa
2143 1833 2185 1887 Β

525 1934 775 2004 passione
812 1932 995 2004 futura
1040 1948 1136 2002 per
1184 1941 1391 2001 tempus
1438 1933 1795 2002 prictcritam.
1850 1933 2111 2001 Sequitur

536 2027 716 2082 oratio
778 2028 846 2082 de
898 2026 1297 2081 resurrectione
1343 2026 1469 2080 sic:
1526 2025 1644 2079 Dixi
1697 2026 1840 2094 quod
1901 2025 1977 2079 ita
2054 2032 2112 2078 ιιι

523 2121 746 2175 narravi
779 2119 911 2174 mihi
963 2120 1207 2174 fecerunt
1235 2158 1251 2184 ,
1280 2128 1334 2172 et
1383 2133 1507 2172 cum
1558 2117 1835 2171 humiliter
1869 2125 2108 2185 paterer,

507 2209 675 2263 .visus
697 2224 816 2263 sum
841 2207 1096 2264 oblivioni
1129 2207 1380 2262 traditus.
1401 2206 1467 2259 Ει
1496 2217 1574 2270 ιιι,
1615 2205 1856 2270 Domine,
1896 2206 2109 2276 quando

525 2299 791 2368 respicies,
819 2299 914 2366 qui
944 2297 1147 2352 videris
1175 2311 1259 2351 me
1289 2297 1358 2350 ob
1385 2296 1551 2350 ivioni
1573 2295 1822 2349 dedisse?
1846 2293 1965 2349 Noli
1995 2311 2112 2348 am-

520 2393 667 2459 plius
692 2391 950 2446 oblivioni
981 2405 1066 2444 me
1100 2389 1338 2456 tradere,
1370 2388 1465 2442 sed
1482 2389 1694 2442 restitue
1740 2388 1956 2457 corpori
1987 2390 2111 2442 ani-

525 2501 667 2539 mam
695 2500 864 2537 meam
891 2523 907 2550 ,
953 2500 986 2536 a
1032 2482 1358 2553 malignitate
1392 2497 1572 2535 eorum
1621 2490 1913 2535 extortam.
1959 2478 2110 2546 Quod

525 2584 615 2628 est
635 2575 854 2628 dicere:
887 2587 1050 2642 quam
1083 2573 1183 2642 ipsi
1222 2573 1439 2640 maligni
1472 2573 1538 2626 de
1568 2586 1794 2639 corpore
1841 2571 2108 2625 auferent.

525 2665 595 2719 L‘t
620 2666 844 2735 apponit
886 2681 1108 2720 causam
1160 2681 1266 2735 qua
1320 2667 1515 2719 debeat
1575 2665 1812 2730 restitui,
1867 2665 1992 2719 sic:
2037 2665 2107 2718 Et

514 2768 742 2820 restitue
772 2758 982 2812 unicam
1009 2774 1177 2811 nteant
1205 2776 1235 2812 a
1276 2757 1508 2812 leonibus
1534 2767 1824 2813 extortam.
1853 2743 2005 2824 Quod
2030 2768 2114 2813 est

517 2849 706 2910 dicere
745 2867 758 2903 :
802 2849 867 2904 Et
889 2850 1010 2904 ideo
1053 2851 1283 2916 restitue,
1315 2850 1441 2920 quia
1467 2850 1625 2904 unica
1670 2861 1775 2915 est,
1806 2851 1858 2904 id
1886 2860 1969 2904 est
1995 2853 2110 2905 sin-

515 2941 733 3012 gularis
754 2941 806 2997 in
831 2943 1145 3008 sanctitate,
1171 2952 1226 2998 et
1253 2945 1350 3014 ipsi
1385 2943 1568 2999 leones
1586 2954 1733 3010 sunt,
1754 2945 1803 2998 id
1819 2954 1900 2998 est
1921 2948 2111 3000 crude-

524 3036 631 3100 les,
661 3035 982 3091 crudelitate
1003 3052 1121 3092 eam
1147 3036 1478 3102 auferentes,
1531 3053 1636 3092 noa
1693 3040 1909 3094 merito.
1934 3042 2110 3106 Quam

525 3127 571 3181 si
599 3128 925 3193 restitueris,
945 3128 1231 3197 conﬁtebor
1255 3129 1346 3181 tibi
1378 3129 1431 3182 in
1465 3128 1702 3183 Ecclesia
1725 3146 1938 3200 ntagna,
1962 3133 2013 3183 id
2030 3141 2112 3184 est

517 3218 738 3276 laudem
794 3221 890 3276 tibi
939 3236 1131 3291 agant,
1187 3237 1286 3292 per
1327 3237 1576 3292 magnam
1631 3225 2107 3292 congregationem

521 3313 893 3366 membrorum
923 3328 1169 3367 meorum
1197 3352 1214 3378 ,
1259 3330 1378 3383 qua:
1429 3329 1535 3368 non
1585 3315 1692 3368 erit
1727 3331 1916 3382 parva,
1969 3316 2112 3369 sicut

522 3401 814 3472 Synagoga
842 3401 964 3456 fuit.
995 3401 1062 3455 Et
1096 3401 1186 3454 illa
1213 3402 1456 3456 Ecclesia
1490 3419 1596 3457 non
1631 3405 1734 3456 erit
1759 3404 1893 3458 levis
1914 3406 1982 3458 ad
2013 3404 2111 3458 dc-

525 3491 850 3546 llcctcudam
883 3491 935 3544 in
968 3491 1123 3556 vitia,
1157 3500 1216 3544 ut
1251 3492 1556 3561 Synagoga,
1585 3495 1680 3546 sed
1723 3492 1954 3545 laudabo
1981 3506 2030 3546 te
2057 3494 2112 3546 in

525 3580 716 3650 papula
745 3581 910 3650 gravi.
943 3581 1095 3647 Quod
1118 3591 1200 3636 est
1229 3582 1410 3637 dicere
1438 3597 1455 3634 :
1484 3581 1720 3651 Populus
1743 3598 1893 3637 incus
1909 3584 2108 3653 gratis,

529 3671 584 3724 id
609 3680 692 3724 est
726 3669 1060 3739 ponderosas
1083 3671 1136 3724 in
1163 3671 1450 3725 virtutibus
1477 3687 1581 3725 non
1607 3672 1714 3726 cito
1737 3673 1966 3738 mobilis,
1996 3673 2110 3726 lau-

529 3761 682 3815 dabit
710 3771 761 3815 te
783 3761 1094 3816 onmimoda
1117 3761 1294 3818 laude.
1322 3761 1441 3816 Dixi
1469 3762 1590 3816 ideo
1618 3765 1827 3818 restitue
1855 3766 2112 3830 animmn,

527 3853 656 3922 quia
683 3853 843 3908 unica
867 3861 984 3918 est,
1016 3863 1071 3908 et
1101 3854 1228 3924 quia
1273 3856 1578 3922 conﬁtebor.
1630 3855 1694 3908 Et
1737 3855 1857 3910 ideo
1913 3857 2114 3922 adhuc,

536 3961 600 3998 ne
627 3945 1048 4014 supergattdeant
1095 3946 1222 3999 mihi
1275 3947 1364 4015 qui
1397 3945 1758 4009 adversantur,
1799 3947 1851 4001 id
1879 3958 1964 4002 est
1991 3957 2118 4003 sunt

533 4039 795 4092 contrarii
829 4038 956 4091 mihi
985 4037 1188 4108 inique,
1215 4055 1322 4093 non
1355 4054 1421 4092 ex
1448 4039 1642 4094 merito
1675 4059 1688 4093 :
1719 4041 1872 4107 Quod
1919 4051 2003 4096 est
2031 4043 2112 4096 di-

529 4149 654 4188 cere
687 4151 699 4186 :
732 4132 808 4188 Ne
837 4131 1108 4202 gaudeant
1165 4134 1232 4188 de
1277 4133 1581 4188 retentione
1638 4135 1747 4189 mei
1803 4135 1856 4188 in
1914 4147 2114 4202 morte,

528 4226 620 4296 qui
652 4235 780 4279 tunc
818 4231 1004 4278 essent
1063 4239 1227 4292 super
1275 4238 1384 4290 me,
1419 4224 1472 4278 id
1517 4232 1600 4278 est
1650 4224 1960 4294 superiores
2008 4241 2115 4292 me,

527 4320 922 4374 convincentcs
949 4333 1053 4373 me.
1084 4318 1348 4384 Quoniam
1379 4329 1557 4375 autem
1585 4319 1799 4374 dixerat
1821 4319 2116 4384 indetinite,

525 4412 879 4467 adversantur
911 4428 979 4467 ne
1004 4412 1222 4481 quidam
1239 4413 1381 4468 sicut
1399 4411 1619 4480 paciﬁca
1653 4413 1939 4482 loquentes
1969 4411 2118 4466 vide-

531 4513 840 4559 renturnon
859 4503 1236 4571 adversantes,
1263 4515 1319 4560 et
1337 4505 1417 4560 sic
1442 4503 1839 4560 inexcusabilcs
1861 4500 2029 4558 addit.
2051 4503 2120 4557 Et

535 4596 782 4664 quamvis
805 4595 1394 4661 otmtesadversentur,
1419 4595 1639 4666 quidam
1669 4603 1907 4648 annuunt
1925 4632 1941 4657 ,
1967 4593 2017 4647 id
2037 4603 2122 4647 est

533 4685 718 4740 favent
731 4686 896 4739 oculis
911 4685 1063 4740 meis.
1083 4686 1238 4753 Quod
1254 4687 1528 4742 estdicere
1546 4705 1560 4741 :
1579 4685 1618 4740 F
1623 4694 1847 4741 aventes
1859 4692 2122 4740 suntante

531 4775 724 4832 oculos
737 4791 909 4840 meos,
925 4777 980 4831 id
993 4778 1147 4832 estin
1164 4778 1453 4848 praesentia
1472 4794 1592 4834 mea
1602 4819 1616 4844 ,
1634 4778 1726 4833 sed
1739 4792 1859 4832 cum
1874 4791 1980 4831 non
1998 4783 2123 4830 sunt

536 4877 668 4923 ante
685 4881 790 4932 me,
807 4866 1030 4922 tnullttm
1042 4872 1407 4937 adversantur,
1426 4870 1508 4926 vel
1521 4867 1960 4933 annuuntoculis,
1975 4868 2024 4922 id
2040 4876 2124 4922 est

539 4957 843 5014 secundum
857 4966 1065 5028 gestum
1085 4959 1364 5015 oculorum
1383 4977 1626 5027 suorum,
1672 4969 1797 5016 non'
1825 4959 2120 5014 secundum

533 5051 720 5107 carnis
741 5064 1044 5117 assensum,
1105 5060 1166 5106 ut
1217 5052 1292 5106 illi
1328 5054 1417 5122 qui
1443 5055 1697 5108 dixerunt
1729 5071 1742 5105 :
1784 5072 1802 5104 ‹
1837 5051 2118 5123 Magister,

535 5140 742 5198 scimus
768 5140 896 5211 quia
921 5155 1082 5196 verax
1106 5156 1186 5206 cs,
1221 5150 1357 5196 etc.»
1386 5143 1577 5214 (Marc.
1613 5159 1720 5210 xu,
1759 5143 1827 5198 M
1856 5143 1874 5212 )

533 5285 536 5288 .
610 5233 846 5304 Exponit
867 5242 1047 5289 autem
1081 5251 1177 5304 per
1198 5235 1551 5307 praeteritam,
1574 5238 1847 5306 quomodo
1879 5247 2126 5290 annuunt

537 5328 655 5384 sic:
684 5327 881 5382 Verum
907 5337 988 5384 est
1007 5329 1152 5400 quod
1175 5328 1300 5383 dico
1315 5327 1436 5383 illos
1450 5329 1576 5383 mihi
1592 5342 1853 5392 annuere,
1876 5328 2124 5398 quoniam

538 5421 669 5475 mihi
695 5421 905 5488 quidem
926 5421 1526 5492 paciﬁceloquebantur,
1552 5431 1598 5474 et
1627 5420 1892 5491 loquentes
1917 5421 2120 5491 cogita-

539 5510 820 5565 bantdolos
831 5511 1115 5567 adversum
1129 5526 1214 5568 me
1229 5519 1287 5564 ut
1302 5525 1388 5566 me
1409 5511 1693 5580 perderent
1715 5511 2050 5580 losethoc
2071 5512 2123 5564 in

540 5603 819 5658 iracundia
845 5615 999 5660 terrw
1029 5621 1139 5660 sua:
1161 5605 1494 5660 amittenda;
1523 5604 1989 5658 Metuebantenim
2028 5619 2127 5672 per

544 5707 631 5746 me
653 5705 854 5750 terram
876 5696 1146 5760 amittere,
1179 5697 1258 5750 vel
1286 5697 1384 5760 sic,
1436 5712 1540 5751 non
1574 5695 1626 5748 in
1656 5694 1793 5748 bona
1819 5695 1920 5758 ira,
1949 5695 2041 5748 sed
2071 5695 2125 5746 in

546 5785 823 5840 iracundia
849 5797 1022 5852 ωτι-α’,
1055 5789 1201 5842 idest
1224 5789 1452 5844 terrenis
1485 5787 1806 5856 pertinente,
1835 5800 1939 5839 non
1967 5785 2126 5840 sniri-

2216 566 2398 621 irasci.
2440 567 2588 622 Unde
2628 569 2755 623 alibi
2792 567 3075 626 Psalmista
3107 589 3120 624 :
3159 590 3177 623 ι
3219 573 3515 632 lrascimini
3538 590 3588 636 et
3613 585 3755 641 nolite

2215 673 2440 726 peccare
2490 658 2714 730 (Psalm.
2741 677 2814 726 iv,
2853 663 2930 733 5)
2979 683 2996 715 ι
3028 665 3157 720 Dico
3199 668 3341 736 quod
3369 673 3578 740 paci/ica
3617 675 3755 734 locati

2214 759 2361 812 sunt,
2394 759 2448 804 et
2483 767 2586 805 non
2612 753 2786 808 solum
2812 755 2934 822 hoc,
2961 757 3056 810 sed
3071 758 3234 812 etiam
3258 776 3414 829 super
3441 781 3518 818 me
3549 768 3756 824 existen-

2217 849 2322 905 tes,
2362 841 2516 898 idest
2548 846 2954 912 snperioresme
2967 864 3065 918 pro
3094 853 3431 920 reputatione
3455 871 3567 920 sua,
3588 859 3756 914 dilata-

2216 945 2395 987 verunt
2427 953 2482 988 os
2545 937 2803 1002 suum,id
2831 949 2918 992 est
2967 941 3194 996 dilatate
3243 953 3299 998 et
3345 952 3571 1016 saperbe
3620 951 3759 1009 locuti

2213 1027 2620 1082 suntdicentes:
2640 1047 2657 1079 ι
2672 1029 3146 1101 Crucilige(Marc.
3169 1049 3256 1097 xv,
3278 1036 3416 1107 15).»
3433 1037 3496 1092 Et
3516 1043 3762 1109 gaudendo

2213 1119 2454 1173 dixerunt
2481 1136 2498 1172 :
2528 1120 2696 1190 Euge,
2718 1138 2874 1192 euge,
2908 1123 2959 1177 id
2976 1124 3212 1180 estbene
3241 1127 3396 1182 nobis
3415 1139 3527 1196 est;
3556 1133 3759 1186 viderunt

2214 1210 2357 1263 enim
2393 1211 2533 1264 oculi
2584 1215 2775 1279 nostri,
2815 1215 2956 1282 quod
2989 1217 3452 1285 desiderabamus,
3497 1237 3613 1276 eum
3643 1225 3762 1279 vide-

2213 1301 2338 1357 licet
2361 1303 2589 1372 turpiter
2619 1305 2959 1358 morientem.
2987 1305 3116 1361 Dico
3145 1309 3286 1376 quod
3335 1309 3671 1365 dilataverunt
3715 1331 3762 1368 es

2211 1409 2364 1446 suum
2403 1403 2459 1448 et
2500 1404 2696 1448 caetera
2747 1410 2868 1464 qua:
2912 1406 3130 1451 ostensa
3198 1407 3351 1464 sunt,
3418 1400 3671 1464 fecerunt,
3717 1414 3763 1456 et

2211 1497 2310 1552 ego
2357 1483 2536 1536 omnia
2570 1483 2848 1536 humiliter
2877 1485 3232 1551 sustinebam,
3257 1497 3311 1542 et
3341 1496 3397 1542 tu
3453 1491 3640 1556 vidisti,
3676 1489 3765 1542 Do-

2211 1575 2369 1637 mine,
2400 1587 2452 1627 et
2482 1573 2584 1627 mei
2614 1573 2971 1642 dejectionem
2999 1587 3054 1629 et
3089 1575 3362 1644 justitiam
3393 1595 3566 1632 meam
3597 1590 3644 1633 et
3684 1597 3762 1635 eu—

2211 1677 2329 1715 rum
2377 1663 2718 1732 iniquitatem
2757 1671 2810 1718 et
2834 1666 3224 1733 arrogantiam.
3259 1667 3401 1738 Ergo
3439 1685 3502 1722 ne
3533 1671 3676 1723 sileas
3723 1673 3764 1723 iu

2210 1767 2306 1808 eos
2347 1754 2558 1809 scilicet
2589 1769 2619 1808 a
2650 1753 3032 1824 redargutione
3057 1757 3330 1824 vindictae,
3363 1761 3468 1814 etsi
3513 1762 3660 1814 modo
3701 1762 3762 1813 ri-

2213 1847 2358 1900 deris
2389 1845 2569 1900 silere.
2626 1845 2778 1913 Quod
2806 1855 2889 1901 est
2914 1847 3097 1902 dicere
3129 1865 3144 1901 :
3171 1847 3482 1920 Comproba
3537 1869 3624 1906 eos
3650 1855 3765 1905 male

2211 1938 2386 2009 egisse
2415 1952 2511 2006 per
2552 1937 2847 1992 vindictam
2871 1953 3035 2007 quam
3063 1939 3462 2009 inferesjuste,
3487 1958 3550 1998 ac
3591 1945 3630 1998 si
3667 1960 3766 1998 vcr-

2212 2031 2295 2085 bis
2327 2030 2660 2084 ostenderes.
2689 2029 2759 2084 Et
2799 2029 3136 2098 respiciendo
3177 2031 3540 2088 humilitatem
3588 2051 3758 2099 meam,

2214 2135 2276 2173 ne
2297 2119 2594 2172 discedasa
2634 2134 2756 2184 me,
2805 2119 2908 2172 etsi
2956 2118 3192 2174 videaris
3240 2120 3592 2190 discessisse;
3639 2128 3764 2194 Qllitsl

2214 2211 2365 2264 dicat
2394 2227 2406 2262 :
2441 2209 2559 2265 Noli
2585 2209 2844 2263 auxilium
2873 2219 3024 2264 tuam
3073 2210 3332 2282 elongare
3358 2229 3389 2268 a
3417 2229 3524 2270 me.
3578 2216 3672 2270 Sed
3693 2233 3765 2268 tr-

2213 2319 2371 2372 surge
2399 2341 2414 2367 ,
2471 2302 2693 2356 Domine
2720 2341 2735 2369 ,
2775 2301 2830 2357 id
2857 2310 2938 2357 est
2961 2310 3154 2373 potens
3201 2319 3405 2374 appare
3429 2346 3447 2372 ,
3491 2309 3768 2362 aaxihando

2213 2393 2368 2459 inihi,
2399 2392 2490 2461 qui
2521 2393 2600 2446 eis
2631 2392 2901 2462 impotens
2944 2394 3167 2450 videris.
3218 2395 3287 2448 Et
3347 2398 3559 2454 intende
3590 2400 3766 2469 judicio

2213 2500 2348 2549 meo,
2379 2485 2428 2538 id
2467 2494 2551 2539 est
2583 2485 2796 2539 inteuse
2825 2485 3111 2556 diligenter
3139 2489 3446 2556 considera,
3473 2507 3577 2546 non
3605 2506 3768 2546 secan-

2215 2579 2340 2632 dum
2373 2577 2888 2644 considerationem,
2931 2594 3055 2632 cum
3084 2595 3300 2651 semper
3346 2584 3533 2636 omnia
3584 2584 3759 2639 videas.

2215 2671 2310 2724 sed
2359 2671 2655 2724 secundum
2706 2671 3238 2726 remunerationem:
3291 2674 3558 2744 judicium
3617 2690 3766 2728 meum

2215 2762 2432 2832 quidem
2459 2759 2720 2829 injustam
2751 2770 2854 2826 est,
2885 2777 3010 2817 cum
3047 2763 3103 2817 in
3127 2774 3357 2819 mortem
3388 2767 3458 2820 ab
3486 2767 3567 2822 eis
3582 2766 3762 2834 judica-

2219 2864 2302 2908 tus
2327 2854 2451 2922 sim,
2476 2855 2654 2908 ethoc
2682 2869 2780 2924 pro
2801 2855 2876 2908 tui
2901 2855 3212 2912 obcdienlia
3236 2859 3516 2914 humiliter
3541 2861 3760 2915 sustinui.

2215 2945 2367 3011 Quod
2402 2943 2696 2999 estdicere
2739 2962 2752 2997 :
2783 2944 3090 3000 Renutnera
3136 2947 3292 3014 mihi,
3339 2951 3482 3018 quod
3511 2966 3604 3020 pro
3631 2959 3676 3004 te
3697 2949 3766 3017 ja-

2215 3034 2428 3088 dicatus
2457 3049 2576 3087 sum
2625 3033 2844 3101 injuste,
2881 3043 2934 3088 tu
2979 3036 3070 3104 qui
3125 3051 3185 3090 es
3219 3037 3362 3092 Deus
3394 3056 3566 3107 meus,
3619 3041 3665 3094 id
3698 3049 3764 3094 est

2215 3136 2454 3188 creator,
2483 3134 2541 3179 et
2575 3135 2628 3179 tu
2657 3126 2750 3196 qui
2789 3141 2849 3181 es
2875 3126 3130 3182 Dominus
3161 3145 3327 3196 meus,
3362 3133 3447 3186 cui
3481 3149 3577 3202 per
3617 3133 3766 3188 omnia

2213 3221 2390 3274 servio
2417 3259 2430 3282 ,
2464 3219 2671 3278 intende
2727 3219 2782 3272 in
2821 3235 3036 3274 causam
3078 3237 3268 3286 meam,
3307 3238 3409 3292 pro
3457 3240 3560 3294 qua
3607 3240 3769 3295 passas

2214 3327 2356 3376 sum,
2387 3326 2548 3381 quam
2602 3312 2825 3365 houesta
2854 3311 2944 3367 sit.
3013 3313 3080 3366 Et
3131 3315 3252 3370 ideo
3304 3332 3615 3372 remunera.
3668 3318 3764 3374 Non

2213 3404 2356 3459 enim
2393 3419 2554 3458 causa
2587 3403 2872 3472 cujuslibet
2894 3404 3074 3460 delicti
3112 3422 3306 3476 passus
3333 3425 3474 3474 sum,
3517 3411 3608 3464 sed
3629 3425 3766 3466 causa

2214 3495 2406 3551 salutis
2443 3496 2742 3550 hominum.
2787 3495 2854 3550 Et
2904 3496 3069 3551 etiam
3106 3497 3296 3567 judico
3327 3517 3429 3564 me,
3471 3518 3574 3557 non
3619 3503 3766 3556 solum

2215 3603 2377 3656 supra
2410 3587 2612 3641 dictum
2642 3587 2905 3656 judicium
2955 3598 3010 3642 et
3057 3603 3278 3643 causam
3308 3629 3326 3654 ,
3371 3593 3467 3644 sed
3509 3593 3766 3646 secundum

2208 3679 2482 3749 justitiam
2516 3689 2686 3742 tuam,
2745 3677 2798 3732 id
2836 3688 2920 3732 est
2941 3681 3206 3734 resuscita
3233 3720 3249 3746 ,
3277 3681 3546 3751 glorilica,
3571 3694 3625 3737 et
3665 3683 3770 3752 quia

2211 3773 2484 3843 judicatus
2512 3789 2632 3828 smn
2667 3789 2764 3843 pro
2808 3783 2860 3828 te
2915 3785 2970 3828 et
3011 3785 3234 3846 prepter
3276 3779 3421 3834 hanc
3473 3796 3682 3835 causam
3727 3785 3771 3832 et

2217 3866 2343 3936 quia
2367 3864 2548 3934 justas
2576 3881 2656 3921 es.
2687 3864 2976 3934 Etjustum
2998 3877 3083 3920 est
3110 3877 3169 3920 ut
3195 3869 3296 3923 hoc.
3318 3869 3489 3925 facias
3522 3886 3638 3926 cum
3659 3883 3763 3940 pro-

2219 3958 2540 4023 mt-ruerim;
2574 3965 2629 4011 et
2653 3956 2772 4011 ideo
2798 3957 2973 4010 adhuc
2993 3957 3179 4026 judico
3213 3975 3294 4013 me
3328 3959 3621 4015 secundum
3644 3958 3766 4029 quod

2215 4047 2540 4116 jadicandus
2561 4063 2702 4111 sum,
2736 4057 2790 4100 ut
2817 4063 2921 4100 non
2952 4050 3378 4118 supergaudeant
3406 4053 3550 4104 mihi.
3570 4053 3632 4105 Et
3660 4053 3760 4112 hoc,

2221 4150 2279 4194 ut
2303 4139 2558 4210 superius
2585 4140 2899 4211 exponitur,
2925 4140 3065 4206 quod
3105 4155 3169 4194 ex
3199 4140 3486 4196 affectione
3520 4142 3676 4196 nimia
3702 4155 3770 4193 re-

2218 4235 2443 4304 petitum
2470 4243 2574 4289 est.
2619 4232 2734 4287 Non
2779 4231 2922 4286 enim
2955 4229 3122 4285 semel
3161 4245 3324 4286 orare
3383 4233 3594 4297 sullicit,
3641 4228 3766 4301 quod

2221 4327 2374 4381 valde
2403 4327 2690 4381 desiderat.
2747 4324 2812 4378 Et
2857 4323 3096 4377 ostendit
3142 4323 3286 4378 unde
3337 4339 3448 4378 non
3502 4325 3764 4394 gaudeant,

2222 4432 2344 4471 cum
2374 4416 2544 4481 addit,
2581 4415 2829 4470 scilicet:
2866 4411 2989 4465 Non
3043 4412 3221 4465 dicant
3271 4413 3328 4467 in
3355 4415 3592 4468 cordibus
3631 4413 3768 4465 suis:

2150 4520 2195 4573 ι)
2225 4508 2391 4578 Euge,
2423 4524 2549 4577 euge
2589 4507 2781 4560 anima:
2813 4513 3028 4558 nostrte.
3060 4502 3212 4568 Quod
3241 4513 3325 4559 est
3350 4505 3527 4560 dicere
3557 4521 3569 4556 :
3601 4503 3669 4558 Illi
3692 4500 3770 4572 qui

2224 4598 2404 4653 verbis
2433 4637 2448 4663 ,
2477 4605 2538 4651 ut
2573 4596 2824 4666 superius
2873 4596 3108 4661 ostendi,
3140 4595 3419 4659 dixerunt,
3482 4594 3618 4666 Euge
3641 4609 3766 4662 euge.

2223 4705 2327 4742 non
2367 4689 2547 4742 dicant
2580 4688 2684 4743 hoc
2715 4687 2770 4740 in
2798 4687 3071 4753 cordibus,
3100 4687 3152 4741 id
3175 4695 3258 4742 est
3287 4696 3347 4740 ut
3398 4687 3680 4758 intelligant
3707 4683 3770 4738 sic

2222 4795 2362 4846 esse,
2399 4788 2459 4833 ut
2490 4779 2713 4834 vocibus
2760 4779 2970 4845 dicunt,
3020 4781 3115 4834 sed
3169 4794 3254 4834 me
3286 4790 3593 4851 resurgeute
3630 4792 3769 4847 appa-

2226 4883 2382 4927 reant
2405 4871 2508 4926 sibi
2546 4871 2834 4926 mendaces
2862 4872 2914 4925 in
2943 4872 3280 4926 conscientia
3339 4889 3460 4936 sua,
3491 4873 3584 4926 etsi
3613 4868 3769 4924 verbis

2225 4965 2354 5020 illud
2387 4973 2605 5034 negent.
2636 4963 2887 5018 Ostendit
2933 4974 3116 5018 autem
3143 4964 3284 5017 unde
3311 4981 3414 5018 non
3451 4964 3619 5016 dicunt
3663 4975 3768 5026 euge

2225 5071 2347 5112 cum
2379 5055 2528 5108 addit
2554 5053 2766 5110 scilicet
2802 5094 2816 5120 ,
2847 5070 2951 5107 non
2975 5054 3154 5106 dicant
3185 5053 3239 5105 in
3273 5052 3520 5105 cordibus
3535 5049 3765 5103 devorabi-

2225 5165 2340 5203 mus
2375 5164 2518 5213 eum,
2552 5147 2602 5201 id
2629 5155 2715 5200 est
2751 5161 2815 5200 ex
2843 5154 2955 5199 toto
2985 5144 3356 5198 destruximus
3385 5160 3452 5197 ne
3479 5135 3768 5211 resnrgatad

2227 5238 2443 5293 modum
2475 5252 2618 5292 esea:
2639 5252 2760 5305 quin
2785 5237 3096 5290 devoratur.
3131 5231 3264 5285 Nam
3296 5233 3341 5285 si
3367 5248 3554 5287 revera
3584 5233 3770 5300 passeiit

2225 5332 2405 5388 dicere
2460 5329 2846 5390 derorabimus,
2887 5327 3074 5396 utique
3124 5323 3373 5379 dicerent
3419 5341 3565 5395 euge,
3614 5329 3660 5374 ει
3704 5317 3768 5370 sic

2226 5422 2689 5492 supergaudcrent
2719 5419 2848 5472 mihi
2880 5433 2895 5474 :
2935 5417 3054 5472 dico
3085 5435 3188 5471 non
3247 5416 3674 5487 supergnndeant,
3695 5405 3769 5460 sed

2226 5514 2528 5569 erubescant
2562 5511 2614 5565 in
2671 5510 2871 5564 bonum
2895 5518 2940 5562 et
2972 5517 3332 5574 ret'ercantur,
3365 5509 3527 5562 id.est
3577 5503 3770 5557 timeant

2227 5603 2628 5660 danmationcm
2669 5602 2733 5656 de
2762 5601 2863 5655 hoc
2892 5599 3036 5668 quod
3059 5599 3198 5652 male
3232 5608 3464 5666 egerunt
3495 5597 3544 5650 iu
3577 5607 3673 5654 mc,
3713 5585 3771 5640 illi

2226 5699 2312 5763 qui
2341 5693 2684 5765 gratulantur
2702 5691 3042 5748 solummodo
3072 5692 3136 5744 de
3160 5691 3312 5744 malis
3339 5691 3466 5744 meis
3489 5687 3642 5743 simul
3673 5696 3772 5737 cum

2237 5786 2339 5840 illis
2361 5785 2448 5840 qui
2497 5793 2549 5840 et
2604 5785 2944 5842 gratulantur
3001 5791 3054 5835 ct
3105 5791 3421 5836 onerantur.
3473 5779 3616 5834 Multi
3653 5776 3772 5830 enim
