3862 6322
88 375 160 430 78l
934 356 1295 415 EXPOSITIO
1336 356 1400 412 IN
1439 354 1777 410 PSALSIOS.
1816 385 1886 396 —-
1918 353 2112 408 PSAL.
2158 352 2374 407 XXXV.
3198 357 3308 413 732

90 491 210 545 luere
245 482 573 555 gratulantes
600 521 615 545 ,
647 480 736 550 qui
764 479 892 533 nihil
922 478 1128 547 aperati
1154 488 1301 531 sunt.
1356 476 1509 543 Quod
1537 483 1621 541 est
1652 480 1696 539 Α
1728 482 1924 545 potest.
1952 471 2083 526 Nam
2121 472 2337 542 iniquus
2368 472 2503 526 dixit
2537 481 2590 525 ut
2614 471 2897 541 delinqttat,
2938 471 2989 525 id
3012 479 3094 526 est
3117 471 3308 526 statuit

88 579 256 639 dicere,
281 581 335 625 et
354 571 428 625 illi
457 575 760 625 erubescant
788 570 876 639 qui
905 568 1112 638 operati
1139 578 1285 633 sunt,
1312 575 1366 622 et
1393 568 1485 637 qui
1536 580 1626 620 so-
1727 566 1875 636 prius
1900 566 1951 617 iu
1984 565 2145 619 corde
2169 580 2266 619 suo
2298 574 2352 617 ut
2383 563 2673 630 delinquat,
2698 573 2753 616 et
2784 578 2888 615 non
2940 576 3009 615 ex
3061 561 3304 615 necessi-

88 665 325 724 lumutodo
350 663 629 734 gratulati.
1730 661 1842 707 tate
1868 652 2215 720 providentia:
2253 652 2469 716 divinat,
2504 650 2586 705 vel
2630 665 2696 704 ex
2725 649 3046 704 necessitate
3095 658 3304 702 natura:

143 755 417 811 Notandum
444 764 647 817 autem,
675 753 815 821 quod
845 767 948 805 nou
981 767 1078 820 pro
1100 751 1375 813 omnibus,
1405 751 1499 804 sed
1528 763 1627 819 pro
1728 760 1856 810 suae,
1896 746 1988 798 sed
2021 746 2122 799 hoc
2148 756 2230 799 est
2256 745 2311 798 in
2340 746 2633 814 semetipso,
2658 744 2710 797 id
2741 752 2849 807 est,
2873 741 2953 796 sui
3000 739 3139 809 juris
3180 749 3301 794 est:

89 844 321 904 saltandis
347 853 487 908 orat,
518 843 1321 914 alioquininfructuoseoraret.
1369 841 1629 911 Superius
1729 846 1910 906 potest
1945 838 2046 891 hoc
2079 852 2139 891 ex
2184 837 2357 890 libero
2411 837 2643 890 arbitrio
2695 834 2878 888 facere
2914 843 2969 886 et
3014 832 3309 886 dimittere.

88 936 342 994 veroistud
366 936 505 989 idem
520 934 825 1000 oravit,sed
844 950 909 989 ex
936 932 1218 987 allectioue
1246 934 1409 986 nimia
1435 933 1630 1001 repeti-
1730 927 1871 981 Nihil
1903 943 2031 997 ergo
2066 928 2191 982 inde
2219 927 2540 996 culpandum
2572 938 2672 992 est,
2701 926 2801 980 nisi
2830 926 2963 995 ipse.
3208 966 3221 971 -

90 1026 1165 1090 tumest,dicoerubescantetrevereautur,
1194 1032 1248 1077 et
1270 1040 1373 1078 non
1405 1037 1625 1091 parum,
1803 1005 2084 1084 Qttiereret
2157 1018 2355 1088 aliquis
2403 1037 2417 1071 :
2474 1018 2586 1074 Cur
2632 1032 2761 1088 ergo
2818 1014 3118 1085 delinquit?
3178 1013 3311 1068 Res-

86 1117 847 1188 sediuduanturconfusione,id
861 1117 1025 1170 estad
1045 1118 1262 1170 modum
1285 1115 1631 1185 eorporisin-
1730 1110 2000 1178 pandetur
2030 1125 2044 1160 :
2081 1107 2216 1174 Quia
2238 1126 2339 1163 non
2366 1117 2440 1162 est
2472 1109 2628 1161 timor
2664 1107 2762 1160 Dei
2789 1107 2843 1161 in
2870 1106 2980 1171 illo,
3005 1104 3306 1160 secundum

89 1209 318 1278 dutiquod
344 1210 580 1262 vestibus
604 1207 989 1268 circumdatur,
1016 1207 1395 1261 erubescentia
1413 1216 1465 1260 et
1484 1220 1629 1260 reve-
1730 1200 1979 1255 effectum
2009 1202 2216 1256 scilicet
2276 1202 2460 1256 Timor
2491 1203 2612 1256 dico
2638 1210 2761 1254 ante
2784 1200 2962 1254 oculos
2987 1200 3100 1269 ejus
3117 1213 3310 1269 propo-

87 1301 233 1355 rentia
250 1299 679 1361 circumdentur,
705 1307 759 1352 et
794 1298 847 1351 in
876 1298 1054 1350 anima
1084 1306 1135 1351 et
1161 1297 1213 1349 in
1239 1312 1486 1366 corpore.
1525 1297 1627 1361 Qui
1730 1291 1865 1344 situs
1890 1332 1905 1355 ,
1935 1302 2059 1346 ante
2088 1292 2274 1347 oculos
2304 1293 2483 1347 cordis
2514 1293 2742 1355 scilicet,
2775 1300 2827 1345 et
2871 1291 2923 1345 in
2957 1291 3060 1345 hoc
3082 1296 3307 1359 apparet

85 1388 283 1457 maligna
304 1388 585 1457 loquuntur
604 1403 760 1456 super
780 1386 947 1449 me,id
965 1395 1046 1439 est
1072 1386 1138 1439 de
1160 1395 1331 1447 me,ct
1359 1386 1434 1438 sic
1452 1384 1627 1454 porni-
1730 1381 1869 1451 quod
1898 1398 2004 1436 non
2031 1394 2104 1436 est
2128 1383 2286 1436 timor
2311 1383 2403 1437 Dei
2460 1384 2512 1437 iu
2559 1400 2647 1447 eo,
2677 1383 2754 1437 sic
2812 1392 2871 1435 ut
2918 1397 3042 1435 eum
3094 1395 3310 1434 cessare

86 1490 225 1534 team.
249 1479 310 1532 Et
337 1494 399 1531 ex
434 1479 680 1547 opposito
700 1477 956 1531 exsultent
983 1487 1027 1529 et
1053 1477 1418 1542 lwtentur,qui
1450 1478 1627 1529 volunt
1731 1472 1915 1538 iaciat,
1940 1476 2184 1544 quoniam
2221 1475 2399 1529 dolose
2414 1477 2540 1545 egit,
2572 1483 2625 1528 et
2660 1476 2760 1528 hoc
2786 1475 2839 1526 in
2866 1481 3143 1539 conspectu
3165 1472 3303 1540 ejus.

86 1569 304 1635 justitiam
327 1584 513 1631 meam,
534 1567 585 1621 id
610 1576 690 1621 est
709 1568 1163 1622 resurrectionem
1186 1582 1307 1637 qum
1327 1568 1454 1621 mibi
1478 1569 1625 1637 juste
1729 1564 1879 1630 Quod
1906 1574 1988 1619 est
2010 1565 2191 1619 dicere
2224 1580 2237 1617 :
2268 1567 2548 1633 Quodipse
2570 1564 2864 1632 consp'cit,
2893 1563 3021 1616 licet
3049 1561 3297 1613 homines

87 1659 337 1727 contingit,
366 1658 622 1728 discipuli
646 1659 876 1714 scilicet.
904 1659 1058 1726 Quod
1108 1660 1239 1713 dicit
1284 1660 1538 1713 exsultent
1578 1671 1626 1713 et
1730 1653 1914 1718 lateat,
1959 1664 2015 1709 et
2073 1656 2152 1710 sic
2192 1655 2376 1710 dolose
2414 1657 2542 1725 egit,
2580 1665 2633 1707 ut
2663 1655 2975 1713 invertatur.
3012 1652 3063 1705 id
3087 1660 3170 1705 est
3218 1651 3293 1705 ita

87 1750 756 1817 latenturprmposteratum
807 1759 890 1803 est
924 1748 1379 1819 109;Quodest
1402 1766 1465 1805 ac
1481 1752 1521 1803 si
1540 1751 1620 1803 di-
1729 1752 1788 1796 ttl
1817 1745 2146 1816 intelligatur
2172 1746 2239 1800 ab
2260 1747 2446 1801 eodem
2478 1748 2592 1814 ipso
2630 1746 2875 1815 iniquitas
2902 1746 3016 1813 ejus
3065 1757 3187 1797 esse
3234 1742 3302 1796 ad

85 1836 669 1903 catzLa'tentur,etuon
684 1854 895 1907 parum,
917 1840 1011 1892 sed
1032 1839 1309 1905 exsultent,
1330 1840 1380 1893 id
1396 1850 1476 1893 est
1501 1840 1635 1892 mul-
1671 1831 1713 1889 :i
1745 1840 1922 1891 odium
1954 1839 2091 1907 apud
2130 1838 2324 1902 Deum;
2352 1838 2495 1908 quod
2527 1847 2609 1892 est
2630 1855 2691 1891 ac
2723 1839 2765 1891 si
2804 1838 2948 1891 dicat
2975 1852 2990 1889 :
3020 1836 3155 1890 Vere
3205 1851 3311 1888 non

89 1940 178 1983 tum
219 1930 479 1995 laetentur,
508 1929 594 1984 vel
648 1932 738 2001 qui
785 1931 961 1984 volunt
992 1930 1256 1999 justitiam
1297 1948 1488 1994 meam,
1546 1933 1625 1985 iu-
1734 1934 1980 1985 esttimor
2002 1931 2100 1985 Dei
2130 1931 2181 1984 in
2213 1931 2347 1999 ipso.
2378 1929 2509 1983 Nam
2542 1930 2620 1984 sic
2643 1928 2820 1983 dolose
2835 1931 2957 1997 egit,
2989 1931 3130 1997 quod
3157 1926 3313 1981 intel-

86 2030 307 2090 quantum
342 2031 568 2089 possunt
606 2021 828 2075 imitari.
860 2021 926 2075 Et
968 2022 1067 2090 ipsi
1107 2024 1194 2092 qui
1230 2023 1405 2075 volunt
1444 2039 1625 2091 parem
1731 2023 1862 2078 lexit
1898 2023 2233 2093 iniquitatem
2281 2037 2433 2075 suam
2468 2021 2591 2076 odio
2614 2036 2734 2075 esse
2774 2022 2919 2084 Dco;
2960 2019 3183 2088 exponit
3213 2032 3310 2071 au-

88 2114 192 2166 servi
230 2112 367 2180 ejus,
396 2112 448 2166 id
475 2122 560 2167 est
605 2127 796 2181 pacem
842 2122 1100 2166 aeternam
1160 2112 1408 2181 adipisci,
1462 2128 1625 2180 quam
1732 2123 1838 2168 tem
1868 2114 2207 2182 iniquitatem
2236 2111 2351 2180 ejus
2375 2126 2467 2181 per
2492 2121 2673 2180 partes
2691 2112 2769 2165 sic
2804 2128 2816 2162 :
2856 2111 3070 2165 Diceret
3093 2108 3311 2178 aliquis,

82 2205 278 2272 egojam
298 2203 487 2267 habeo,
523 2205 613 2273 qui
643 2220 763 2259 sum
793 2220 981 2259 servus
1005 2205 1142 2273 ejus,
1170 2205 1377 2258 scilicet
1415 2204 1625 2258 Domini
1730 2206 1857 2277 quid
1906 2207 2042 2261 dicis
2089 2204 2477 2275 iniquitatem?
2530 2203 2907 2273 Respondetur
2949 2221 2961 2256 :
3009 2201 3171 2255 Verba
3205 2202 3313 2255 oris

86 2295 228 2347 Patris
250 2296 540 2349 secundum
571 2310 791 2350 carnem
814 2336 828 2361 ,
857 2296 1001 2350 idest
1028 2311 1124 2365 per
1152 2296 1333 2350 omnia
1370 2296 1468 2363 ipsi
1494 2296 1627 2349 obe-
1729 2299 1843 2367 ejus
1869 2299 2115 2367 iniquitas
2147 2307 2193 2351 et
2218 2297 2391 2363 dolus,
2423 2296 2764 2350 iutrausitive
2802 2295 3001 2348 dictum
3031 2304 3143 2358 est;
3170 2295 3314 2363 quod

87 2386 227 2451 diens,
256 2387 431 2439 dicant
455 2395 509 2440 ct
531 2401 628 2441 ore
654 2396 709 2440 et
737 2385 1022 2441 all‘ectione
1052 2390 1107 2440 et
1137 2401 1329 2455 opere;
1377 2386 1627 2439 Dominus
1730 2401 1812 2446 est
1850 2393 2028 2446 dicere
2060 2409 2071 2443 :
2108 2391 2299 2444 Dolosa
2316 2389 2468 2443 verba
2494 2388 2600 2441 oris
2631 2387 2744 2456 ejus
2770 2397 2893 2441 sunt
2922 2386 3169 2456 iniquitas
3200 2401 3218 2439 :
3253 2392 3310 2439 et

86 2476 413 2545 magniﬁcetur
444 2492 680 2547 semper,
709 2478 860 2532 idest
895 2478 1142 2531 laudetur
1178 2477 1248 2532 de
1278 2478 1628 2547 generatione
1732 2483 1927 2536 ltoeest
1949 2480 2360 2550 iniquitas,quia
2378 2476 2542 2532 noluit
2581 2475 2867 2546 intelligere
2901 2486 2954 2528 ut
2970 2476 3095 2528 bene
3116 2484 3312 2544 ageret,

88 2569 129 2620 iu
170 2567 587 2637 generationem,
639 2569 692 2622 in
742 2568 1098 2623 conversione
1160 2568 1422 2633 fidelium,
1472 2576 1527 2621 et
1574 2567 1627 2620 in
1732 2570 1784 2625 id
1805 2580 1887 2624 est
1927 2570 2098 2623 noluit
2128 2570 2457 2623 intellectum
2491 2582 2651 2637 quem
2685 2566 2918 2621 habebat
2945 2565 3313 2620 benefaciendi

93 2660 201 2711 bona
226 2660 540 2727 eperatione
571 2675 783 2714 eorum.
812 2660 878 2714 Et
917 2660 961 2715 si
1007 2659 1399 2715 exsultaveriut
1448 2659 1628 2727 lingua
1732 2663 1798 2716 ad
1828 2663 1930 2716 hoc
1981 2662 2264 2723 deducere,
2300 2671 2353 2713 ut
2387 2661 2514 2714 bene
2558 2670 2756 2730 ageret.
2800 2657 2990 2712 Nullus
3019 2658 3153 2712 adeo
3183 2658 3311 2711 bru-

86 2766 194 2813 mea,
222 2749 269 2803 id
295 2758 381 2805 est
420 2766 667 2804 meorum
703 2751 1064 2816 meditabitur,
1098 2750 1242 2804 idest
1265 2749 1630 2819 cumdiligen-
1733 2763 1819 2806 tus
1841 2761 1923 2805 est
1945 2760 1999 2805 et
2029 2752 2298 2820 stupidus,
2331 2751 2420 2819 qui
2475 2751 2612 2805 bene
2644 2752 2912 2819 agendum
2939 2762 3059 2802 esse
3090 2762 3196 2801 non
3229 2746 3310 2800 in-

87 2841 144 2894 tia
172 2840 397 2910 proferet
429 2850 484 2897 et
511 2841 827 2912 prmdieabit
850 2841 1249 2910 aliisjustitiam
1273 2850 1437 2901 luant,
1472 2840 1522 2891 id
1547 2848 1630 2892 est
1734 2843 1956 2912 tclligat.
1998 2842 2061 2895 Et
2103 2843 2429 2910 iniquitatem
2475 2842 2756 2894 meditatus
2795 2851 2869 2893 est
2918 2841 2971 2892 in
2999 2838 3158 2892 cubili
3187 2855 3304 2899 suo,

85 2948 215 3001 quam
242 2932 416 3001 justus
439 2932 611 2988 fueris
641 2935 695 2987 in
718 2933 841 2997 hoc,
872 2932 1012 3001 quod
1047 2946 1133 2985 me
1190 2932 1327 2984 bene
1367 2930 1632 2997 promcri-
1734 2935 1784 2988 id
1807 2943 1892 2987 est
1926 2934 1977 2987 in
2009 2933 2172 2986 eorde
2204 2946 2319 2995 suo,
2349 2931 2494 3001 quod
2524 2930 2701 2984 cubile
2731 2931 2931 2984 dicitur
2956 2945 3022 2984 eo
3051 2929 3197 2998 quod
3254 2928 3309 2983 in

86 3036 176 3079 tum
201 3026 550 3088 resuscitasli,
583 3033 639 3079 et
667 3035 776 3077 tota
800 3024 909 3087 die,
947 3023 999 3076 id
1024 3031 1105 3077 est
1140 3022 1342 3092 jugiter
1360 3020 1633 3073 meditabi-

1739 3039 1798 3079 eo
1827 3024 2074 3079 diabolus
2099 3024 2258 3078 cubet
2295 3040 2307 3079 :
2341 3033 2396 3077 et
2429 3023 2530 3077 hoc
2561 3032 2645 3077 est
2703 3024 2974 3092 iniquitas,
3028 3022 3169 3091 quod
3218 3039 3308 3074 as-

87 3117 356 3170 turlaudem
398 3128 578 3181 tuam,
618 3116 668 3169 id
701 3124 784 3169 est
841 3130 963 3168 cum
1005 3113 1281 3182 diligentia
1316 3110 1632 3182 praedicabit
1665 3172 1698 3183 Α
1734 3115 1836 3169 titit
1853 3116 1993 3168 omni
2015 3115 2109 3168 via:
2131 3130 2231 3167 non
2259 3116 2425 3176 bonw,
2447 3113 2595 3167 idest
2619 3113 2847 3168 libenter
2867 3112 3312 3183 stetitoperaudo

87 3208 182 3262 afiis
212 3217 263 3261 et
294 3222 390 3262 ore
425 3216 483 3261 et
538 3206 788 3275 exemplo
836 3215 897 3259 ut
944 3204 1166 3259 laudent
1193 3214 1243 3258 te
1288 3202 1622 3256 omnimodo.
1658 3202 1699 3228 υ
1734 3208 1785 3261 in
1805 3207 1948 3261 omni
1977 3221 2141 3275 prava
2196 3205 2427 3272 actione,
2474 3220 2593 3274 qua:
2620 3215 2703 3259 est
2749 3206 2833 3257 via
2880 3220 2986 3258 non
3031 3205 3191 3270 bona,
3217 3207 3313 3260 sed

87 3300 210 3364 Quod
236 3301 365 3353 dicit
396 3298 916 3362 meditabitur,idcm
943 3309 1025 3350 est
1047 3312 1111 3350 ac
1140 3296 1184 3349 si
1209 3304 1374 3364 ponat
1405 3294 1631 3362 diligcn-
1733 3301 1895 3364 mala,
1926 3300 1990 3353 ad
2035 3309 2262 3354 ιηοιοιθιιι
2317 3299 2521 3353 ducens
2554 3317 2565 3351 ε
2596 3299 2679 3351 vel
2735 3297 2895 3367 ιιο
2924 3298 3115 3363 astitit,
3149 3298 3200 3351 id
3229 3305 3313 3352 est

88 3398 153 3444 ter
174 3391 487 3454 enuntiabit,
516 3405 545 3442 a
575 3388 923 3443 similitudine
948 3388 1084 3442 bene
1110 3386 1506 3447 meditantium,
1538 3384 1629 3453 qui
1734 3392 2328 3464 persevcrmnerstetit.
2363 3392 2505 3447 Bene
2527 3390 2743 3461 quidem
2774 3406 2868 3459 per
2898 3388 3307 3443 similitudinem

88 3481 190 3534 nihil
213 3490 412 3535 temere
438 3481 644 3535 ιίῐειιιιι.
677 3479 793 3533 Non
820 3490 1003 3532 autem
1034 3477 1629 3548 poniturmcditabitur,
1733 3484 1971 3554 operari,
2002 3493 2148 3537 stare
2170 3483 2388 3537 dicitur,
2422 3481 2576 3537 Sicul
2604 3498 2837 3551 namque
2887 3481 3114 3550 quilibet,
3165 3482 3313 3535 inca-

89 3583 133 3626 ut
157 3573 433 3643 discipulos
468 3572 719 3627 meditari
746 3578 1042 3641 oporteret,
1061 3572 1127 3625 de
1170 3570 1302 3640 ipsis
1343 3568 1630 3637 discipulis
1734 3577 1895 3641 deus,
1927 3584 2211 3645 postquam
2240 3588 2348 3643 quo
2380 3573 2632 3627 tendebat
2660 3572 2907 3641 pervenit
2941 3572 3012 3625 ibi
3063 3580 3200 3635 stat;
3231 3571 3312 3626 sic

85 3664 198 3715 θ¹¹ί¹¹¹
226 3663 420 3733 legitur
452 3680 465 3714 ⁵
498 3681 514 3713 ⁸
536 3661 708 3716 Νυιίιθ
728 3661 968 3730 cogitare
998 3660 1123 3729 ‘ll'id
1154 3658 1501 3728 ll’qlli‘mill'ﬂ
1524 3666 1626 3710 οπο·
1734 3678 1782 3723 et
1819 3667 2015 3737 aliquis
2054 3682 2150 3737 per
2180 3667 2375 3721 malam
2429 3665 2813 3735 cogitationem
2845 3665 2995 3735 prius
3022 3666 3308 3729 incedens,

86 3750 266 3819 (Matth.
296 3769 325 3806 ι
345 3793 360 3817 ,
400 3753 515 3822 i9.)
558 3751 652 3806 Vel
688 3752 734 3805 si
767 3751 831 3804 ad
858 3751 993 3805 alios
1017 3750 1199 3805 ﬁdeles
1223 3750 1512 3812 referatur,
1540 3763 1634 3817 po-

1739 3768 2019 3829 postquam
2044 3757 2109 3810 ad
2138 3767 2316 3810 actum
2332 3756 2596 3825 pervenit,
2639 3756 2709 3808 ibi
2724 3756 2999 3821 subsistit;
3027 3756 3136 3810 dixi
3167 3756 3312 3825 quod

1658 3172 1699 3228 C

86 3851 170 3894 test
208 3843 304 3897 dici
350 3843 709 3911 meditabitur,
736 3842 894 3897 idest
928 3841 1183 3895 meditate
1212 3838 1448 3909 proferet
1471 3879 1485 3904 ,
1528 3852 1633 3892 non

87 3946 277 3990 temere.

480 4024 548 4079 IN
600 4023 933 4080 PSALMUM
991 4022 1206 4078 XXXV.

140 4117 331 4173 Titulus
367 4118 634 4188 trigesimi
664 4117 862 4186 quinti.
910 4115 975 4169 In
1022 4116 1179 4183 ﬁnem
1222 4130 1369 4168 servo
1423 4112 1637 4167 Domini

85 4206 226 4261 David
248 4208 518 4263 Psalmus.
567 4207 722 4274 Quod
765 4207 845 4260 sic
875 4206 1160 4274 exponitur
1200 4204 1484 4259 :I’salmus
1535 4205 1636 4259 iste

85 4301 432 4355 attribuendus
452 4308 536 4354 est
572 4314 730 4354 servo
758 4298 993 4361 Domini,
1032 4297 1083 4351 id
1106 4306 1189 4351 est
1218 4296 1438 4350 cuilibet
1470 4296 1634 4361 ﬁdeli,

86 4393 155 4459 qui
180 4403 326 4460 prout
351 4401 535 4462 potest
560 4406 776 4445 servum
807 4406 866 4445 se
892 4389 1020 4443 fecit
1051 4388 1290 4451 Domini;
1324 4388 1633 4450 servodico,

1739 3849 2031 3913 invenitur,
2071 3847 2120 3900 id
2137 3856 2214 3900 est
2245 3845 2563 3916 intelligitur
2589 3845 2839 3914 iniquitas
2864 3844 2976 3914 ejus
2998 3846 3067 3898 ad
3091 3846 3268 3898 odium
3295 3859 3316 3898 :

1739 3939 2001 3993 Malitiam
2023 3948 2197 3991 autem
2235 3954 2336 3991 non
2377 3938 2561 4004 odirit,
2596 3937 2758 3991 idest
2788 3939 2994 3993 scilicet
3041 3938 3164 3991 ideo
3205 3953 3309 3990 non

1738 4031 1894 4084 adivit
1921 4030 2089 4100 ipsam
2120 4027 2399 4093 malitiam,
2434 4027 2482 4081 id
2510 4038 2592 4083 est
2625 4028 2981 4097 iniquitatem.
3022 4027 3315 4096 Postquam

1738 4121 2129 4193 ostenditquod
2162 4122 2393 4192 injustus
2416 4137 2601 4176 nones
2636 4122 2981 4181 ttethSsitate,
3014 4120 3107 4173 sed
3136 4132 3231 4186 per
3253 4131 3315 4171 se

1740 4213 1912 4284 ipsum
1938 4221 2148 4283 peccat,
2174 4214 2409 4267 ostendit
2432 4213 2571 4281 quod
2598 4213 2698 4267 hoc
2728 4211 3071 4281 quocllileles
3109 4209 3314 4263 cmlum

1740 4317 1867 4362 sunt
1891 4323 1956 4362 ex
1982 4309 2353 4383 misericordia
2380 4308 2471 4361 Dei
2504 4316 2606 4369 est,
2634 4308 2773 4361 sicut
2796 4307 3058 4374 dixiquod
3078 4304 3312 4373 iniustus

1739 4415 1861 4454 cum
1890 4400 2169 4469 delinquit,
2191 4400 2242 4453 in
2271 4400 2561 4468 semetipso
2579 4398 2908 4466 delinquit,o
2941 4396 3183 4461 Domine;
3215 4401 3312 4451 sed

84 4485 305 4538 cxistenti
345 4483 517 4538 David
557 4484 609 4537 iu
647 4482 833 4547 linem,
866 4482 918 4535 id
940 4491 1041 4545 est,
1064 4481 1154 4547 qui
1195 4495 1355 4533 manu
1383 4480 1535 4533 fertis
1557 4488 1635 4532 est

1742 4489 1793 4543 in
1808 4489 1931 4543 cado
1943 4499 2024 4543 est
2045 4490 2400 4543 misericordia
2414 4500 2526 4541 tua:
2542 4498 2588 4540 et
2604 4488 2872 4549 veritas,i.l
2887 4487 3183 4554 estju-titia
3200 4497 3314 4544 tua.

86 4574 125 4624 in
142 4574 561 4641 perseverantia,
589 4572 817 4625 viriliter
843 4570 1047 4641 agendo
1072 4580 1258 4625 contra
1286 4570 1558 4623 diabolum
1584 4580 1638 4624 et

82 4668 207 4719 vitia.
238 4666 477 4721 luteudit
509 4665 595 4720 hic
625 4664 797 4719 ﬁdelis
820 4664 1048 4734 quilibet
1078 4664 1306 4733 injustos
1332 4678 1390 4717 se
1420 4664 1485 4716 de
1513 4677 1638 4731 pec—

84 4758 194 4811 catis
218 4765 561 4817 excusantes,
596 4765 649 4810 et
677 4755 891 4823 culpam
923 4770 1075 4807 suam
1103 4752 1413 4807 necessitati
1444 4753 1638 4806 divina:

82 4848 403 4909 providentia:
436 4847 798 4900 attribuentes
825 4845 1150 4900 convincere
1184 4861 1198 4895 :
1247 4861 1351 4896 non
1384 4844 1636 4911 ponendo

84 4939 176 5007 ipsa
200 4942 354 4996 verba
392 4942 745 5010 injustorum,
771 4939 863 4994 sed
895 4947 1086 4993 contra
1126 4952 1219 4989 eos
1249 4935 1458 5004 agendo
1493 4951 1505 4987 :
1539 4950 1634 4987 os-

86 5034 279 5087 tendens
306 5034 455 5104 quod
481 5041 761 5101 peccatum
788 5047 948 5085 omne
970 5047 1075 5085 non
1114 5047 1141 5084 a
1162 5029 1398 5101 Deo,sed
1429 5044 1457 5079 a
1483 5026 1634 5081 liberi

86 5125 261 5179 arbitrii
310 5125 579 5179 abusione
603 5124 867 5193 procedit.
924 5123 1281 5177 Commendat
1325 5124 1489 5178 etiam
1542 5124 1632 5177 Dei

87 5213 510 5277 misericordiam,
537 5212 655 5267 siue
690 5226 796 5281 qua
828 5227 986 5265 nemo
1042 5211 1318 5279 perlectus
1363 5211 1500 5265 effici
1546 5229 1637 5280 po-

89 5312 187 5367 test,
222 5320 337 5373 qum
362 5306 529 5359 etiam
564 5305 651 5357 hic
674 5313 727 5356 et
755 5303 925 5357 bonos
947 5311 999 5354 et
1026 5301 1199 5355 malos
1222 5304 1490 5371 corporali
1548 5317 1635 5356 sa-

86 5390 192 5459 late,
212 5396 399 5448 salvat.
426 5396 548 5465 Agit
569 5408 783 5463 quoque
806 5394 869 5445 de
885 5393 1146 5446 bonorum
1165 5393 1512 5456 beatitudine,
1539 5409 1636 5462 pro

88 5497 170 5552 qua
196 5486 535 5555 adipiscenda
566 5494 710 5539 orat.

144 5574 270 5627 Dixit
294 5578 549 5646 injustas,
580 5586 633 5628 ut
660 5574 926 5645 delinquat
956 5574 1008 5625 in
1032 5574 1350 5641 'semetipso;
1378 5575 1634 5642 quasidi-

88 5675 156 5717 cat
183 5684 193 5719 :
216 5667 442 5734 Quidam
467 5684 524 5723 se
553 5676 901 5732 excusantes,
925 5666 1111 5719 dicunt
1136 5680 1194 5719 se
1218 5680 1282 5719 ex
1308 5666 1634 5722 necessimte

87 5771 301 5827 peccare,
339 5761 436 5816 sed
477 5775 637 5817 nemo
662 5759 1053 5814 rationabiliter
1099 5759 1225 5813 inde
1275 5774 1332 5813 se
1374 5768 1635 5813 chusare

1742 4581 1893 4647 Quod
1908 4579 2215 4644 estdicere,
2239 4579 2339 4633 hoc
2355 4579 2496 4647 quod
2516 4578 2710 4647 aliquis
2738 4578 3017 4646 delinquit,
3042 4595 3105 4632 ex
3137 4596 3194 4634 se
3208 4589 3313 4647 est,

1740 4670 1832 4724 sed
1848 4668 2105 4737 hocquod
2133 4668 2326 4736 aliquis
2339 4665 2651 4730 estca‘lum,
2676 4663 2834 4720 edicit
2859 4665 3226 4720 misericordia
3259 4676 3315 4720 et

1735 4756 1945 4825 justitia
1965 4767 2050 4810 tua
2069 4774 2083 4821 ;
2100 4759 2252 4825 quasi
2275 4757 2445 4810 dicat:
2466 4756 2577 4810 Non
2593 4756 2694 4809 ltoc
2711 4773 2776 4809 ex
2790 4770 2853 4810 eo
2866 4765 2950 4810 est
2976 4773 2987 4808 :
3021 4755 3316 4812 Misericor-

1739 4852 1828 4903 dia
1841 4862 1885 4903 et
1903 4850 2091 4903 veritas
2118 4849 2257 4913 dico,
2286 4856 2527 4917 potentes
2548 4848 2786 4914 usquead
2808 4848 2965 4902 nubes
2985 4850 3316 4904 constituen-

1739 4940 1921 4997 das.id
1936 4949 2151 5008 estquae
2185 4939 2356 5007 ipsum
2372 4937 2565 4992 coelum
2585 4946 2807 5008 possunt
2830 4937 3005 4993 facere
3035 4940 3223 5007 nubes,
3262 4941 3314 4994 id

1740 5041 1823 5087 est
1846 5032 2223 5101 prccdicatores
2252 5031 2342 5099 qui
2375 5029 2507 5083 alios
2530 5030 2858 5099 compluaut,
2885 5031 2949 5083 ad
2969 5032 3180 5084 modum
3207 5047 3309 5084 nu-

1738 5128 1885 5181 bium
1932 5135 2132 5179 terram
2173 5124 2613 5193 compluentium,
2644 5135 2699 5177 et
2749 5125 2948 5187 iustitia
2989 5134 3108 5186 tua,
3147 5125 3306 5177 idest

1735 5218 1862 5288 justi
1892 5217 1964 5269 tui
1996 5224 2120 5270 sunt
2151 5230 2245 5284 per
2287 5214 2527 5267 eamdem
2574 5213 2995 5266 miscricordiam
3026 5221 3079 5264 et
3118 5213 3315 5266 verita-

1741 5318 1847 5364 tem
1878 5309 2008 5362 sicut
2035 5317 2230 5361 montes
2258 5306 2375 5371 Dei,
2397 5305 2543 5360 idest
2565 5317 2662 5359 ate
2688 5305 2795 5358 Deo
2817 5305 3115 5358 constituti.
3146 5304 3299 5371 Quod

1738 5411 1821 5455 est
1848 5396 2376 5463 dieere,suut.lirmi
2419 5396 2473 5449 in
2509 5394 2817 5456 virtutibus,
2861 5403 2917 5446 et
2967 5393 3186 5447 stabiles
3240 5398 3308 5449 ad

1741 5490 1955 5543 modum
2017 5488 2273 5541 montium
2305 5484 2689 5546 immobilium;
2752 5481 2832 5533 vel
2885 5491 3010 5535 sunt
3046 5481 3314 5552 refugium

1740 5580 2032 5642 minorutn,
2090 5587 2310 5647 propter
2334 5575 2671 5629 sanctitatem
2703 5585 2853 5623 snam
2875 5612 2889 5633 ,
2919 5573 3057 5624 sicut
3101 5586 3316 5629 tuontcs

1744 5669 2008 5739 refugium
2039 5680 2163 5723 sunt
2201 5667 2511 5723 titncutiltus
2541 5674 2761 5733 propter
2787 5662 2888 5716 hoc
2916 5666 3038 5733 quia
3067 5666 3179 5719 lora
3202 5685 3312 5720 litt!-

1741 5762 1852 5813 nEta
1877 5771 2017 5811 Sllttl.
