3862 6322
537 334 639 389 783

1101 328 1161 385 S.
1196 329 1546 387 BRUNONIS
1583 327 2222 385 CARTHUSIANORUM
2262 326 2744 385 INSTITUTORIS
2782 328 2933 387 OPP.
2973 329 3152 386 PARS
3191 330 3232 385 1.

3670 337 3746 395 ἰιι

606 444 886 511 Qumreret
916 440 1114 510 aliquis
1149 460 1163 496 :
1197 439 1526 510 Cumjustos
1573 440 1715 495 Deus
1756 439 1921 494 faciat
1958 455 2110 493 mou-
2140 445 2189 502 Α
2227 437 2525 493 Videbimus
2566 449 2616 494 te
2652 440 2826 495 lumen
2872 456 3061 495 verum
3087 482 3103 507 ,
3148 440 3594 512 contemplatione
3624 447 3748 517 Spiri-

542 545 627 590 tes
658 575 673 600 ,
707 548 876 603 quare
934 533 1164 603 injustos
1194 548 1300 587 non
1335 531 1620 601 justiﬁeat,
1652 540 1710 584 ut
1763 531 1928 585 etiam
1959 530 2124 584 l'aciat

540 625 792 683 montes?
818 626 1195 694 Respondetur
1227 622 1299 679 :0
1321 625 1482 691 Deus,
1516 626 1630 678 haec
1643 621 1957 691 judiciatua
1980 620 2123 690 quod

539 716 775 786 injustos
821 715 1035 786 judicas
1079 730 1200 771 esse
1262 715 1664 785 repudiandos,
1717 721 1845 767 sunt
1900 714 2121 783 abyssus

541 811 734 874 multa,
770 808 821 863 id
849 817 935 864 est
961 808 1189 863 multum
1212 808 1499 878 profunda.
1527 807 1679 874 Quod
1702 817 1786 860 est
1819 806 2020 871 dicere,
2050 806 2125 860 in-

543 900 854 958 scrutabilia
884 910 1011 956 sunt
1049 900 1116 954 ad
1159 900 1375 954 modum
1424 898 1607 969 abyssi
1658 896 2118 967 profundissimte,

542 992 695 1060 cujus
740 992 928 1061 nequit
985 1000 1127 1046 meta
1182 990 1403 1060 attingi;
1452 990 1582 1053 dixi,
1636 988 1858 1058 quodin
1883 986 2010 1041 caelo
2040 995 2124 1043 est

542 1082 902 1135 misericordia
926 1090 1038 1144 tua,
1063 1088 1119 1135 et
1140 1079 1306 1134 etiam
1336 1078 1569 1132 homines
1594 1088 1642 1131 et
1656 1078 1922 1147 jumenta,
1961 1077 2013 1131 id
2039 1085 2126 1132 est

544 1180 598 1226 et
627 1171 745 1225 illos
767 1170 857 1240 qui
891 1168 1290 1224 rationabiliter
1317 1183 1376 1223 se
1390 1167 1592 1223 habent
1613 1176 1671 1220 ut
1693 1166 2021 1232 homines,id
2041 1174 2126 1221 est

537 1261 738 1329 justos,
769 1272 823 1317 et
856 1261 973 1314 illos
1004 1261 1093 1330 qui
1138 1259 1589 1314 irrationabiliter
1618 1267 1676 1313 ut
1717 1258 1987 1328 jumenta,
2013 1258 2122 1313 sci-

542 1352 670 1406 licet
703 1352 930 1420 injustos
952 1350 1197 1415 salvebis,
1230 1349 1472 1416 Domine,
1489 1349 1912 1404 misericorditer
1927 1363 2121 1418 corpo-

542 1443 642 1497 rali
697 1443 1036 1508 salvatione,
1080 1443 1260 1497 dando
1324 1443 1403 1499 eis
1459 1442 1737 1499 scccularia
1794 1443 2121 1498 necessaria.

540 1530 682 1599 Ergo
708 1568 723 1596 ,
748 1545 780 1584 ο
810 1531 973 1598 Deus,
1015 1532 1479 1601 quemadmodum,
1505 1532 1556 1587 id
1580 1543 1662 1587 est
1684 1531 1939 1602 qualiter,
1989 1531 2127 1585 mul-

540 1623 785 1691 tiplicnsti
833 1626 1247 1679 misericordiam
1288 1634 1431 1678 tuam
1453 1626 1477 1679 ?
1502 1626 1655 1692 Quod
1690 1636 1775 1680 est
1801 1625 1981 1681 dicere
2004 1626 2126 1681 inde

540 1722 786 1783 apparet,
820 1728 982 1782 quam
1032 1713 1384 1784 multiplicem
1419 1716 1619 1770 habeas
1661 1715 2120 1781 misericordiam;

541 1802 643 1857 hoc
668 1813 850 1857 autem
880 1803 1210 1859 admirative
1240 1804 1373 1859 dicit
1397 1805 1464 1859 ad
1493 1804 1704 1858 laudem
1737 1805 2126 1860 misericordia:

540 1894 660 1949 Dei.
706 1893 826 1947 Dixi
869 1895 1013 1964 quod
1058 1894 1282 1949 salvabis
1318 1893 1407 1948 tali
1466 1894 1764 1948 salvatione
1798 1895 2032 1947 homines
2077 1902 2125 1948 et

533 1984 801 2051 junteuta,
829 1992 883 2038 et
907 1982 1152 2053 jumenta
1182 1984 1382 2038 nullam
1411 1982 1573 2037 aliam
1600 1992 1843 2052 quzcrent
1869 1983 2128 2038 salvatio-

541 2088 697 2137 nem;
724 2073 824 2141 [xlii
857 2083 1033 2127 autent
1060 2074 1353 2137 hominum,
1383 2072 1433 2127 id
1456 2082 1539 2128 est
1568 2072 1640 2125 illi
1656 2072 1746 2141 qui
1778 2072 2128 2126 rationabiles

549 2173 679 2219 sunt
702 2164 1059 2229 uthomiues,
1090 2164 1140 2217 id
1171 2173 1251 2219 est
1271 2163 1426 2235 justi,
1457 2163 1738 2232 sperabunt
1761 2162 1922 2215 aliam
1953 2160 2129 2216 salva-

542 2255 763 2319 tionem,
789 2254 1026 2308 futuram
1065 2254 1314 2319 scilicet,
1367 2254 1527 2323 positi
1556 2254 1609 2306 in
1634 2251 1857 2322 tegmine
1920 2250 2128 2304 alarum

540 2355 775 2409 tuarum,
809 2344 862 2398 id
891 2354 975 2398 est
1005 2344 1059 2397 in
1110 2346 1448 2414 protectione
1498 2344 1725 2399 duarum
1759 2343 1934 2412 legunt
1960 2382 1974 2407 ,
2007 2357 2129 2412 quae

543 2434 739 2489 solatio
762 2435 1157 2489 sententiarum
1196 2452 1414 2490 suarum
1465 2444 1760 2505 protegunt
1790 2449 1907 2498 eos,
1945 2449 2012 2488 ne
2035 2434 2128 2489 de-

544 2526 729 2581 tieiant
755 2526 807 2580 in
838 2526 1115 2597 prosperis
1138 2535 1231 2580 aut
1261 2526 1315 2579 in
1343 2526 1587 2580 adversis
1612 2566 1626 2591 ,
1670 2526 1737 2580 ad
1764 2525 1981 2580 modum
2014 2526 2129 2580 ala-

545 2636 663 2673 rum
694 2620 965 2686 volucris,
994 2635 1112 2690 quae
1140 2629 1428 2691 protegunt
1451 2618 1625 2688 pullos
1652 2619 1719 2673 ab
1744 2628 1880 2674 testu
1930 2629 1985 2674 et
2011 2619 2130 2689 plu-

541 2712 657 2777 via;
690 2712 773 2765 vel
800 2715 879 2767 sic
907 2730 920 2766 :
952 2712 1193 2782 Domine,
1230 2730 1285 2767 in
1323 2711 1449 2766 caelo
1470 2712 1832 2765 misericordia
1859 2722 1951 2765 tua
1975 2712 2081 2767 erit
2111 2729 2124 2766 :

541 2800 751 2854 scilicet
781 2812 835 2856 et
859 2801 1032 2872 ipsum
1056 2801 1256 2856 emlum
1293 2801 1656 2856 constituetur
1696 2815 1763 2855 ex
1817 2801 2129 2857 hominibus

539 2903 595 2948 et
636 2895 917 2961 jumentis,
988 2895 1041 2949 id
1068 2903 1242 2950 estex
1288 2893 1649 2963 sapientibus,
1696 2902 1752 2947 et
1789 2888 2132 2950 bene'ratio-

538 2984 827 3051 habilibus,
878 2985 970 3056 qui
1002 2986 1122 3041 ideo
1172 2985 1418 3040 homines
1475 2986 1561 3039 hic
1612 2993 1899 3050 vocantur,
1951 2994 2005 3039 et
2035 2985 2127 3056 ju-

538 3076 777 3143 mentis,
834 3091 902 3131 ex
992 3074 1215 3130 rudibus
1272 3074 1480 3130 scilicet
1533 3083 1588 3130 et
1634 3074 1972 3143 simplicibus
2027 3089 2126 3129 nec

542 3168 773 3222 multum
807 3167 1243 3232 rationabilibus,
1277 3166 1368 3236 qui
1401 3166 1523 3221 ideo
1562 3165 1811 3237 jumenta
1844 3176 2121 3220 vocantur.

538 3261 682 3329 Ergo
730 3258 1169 3330 quemadmodum
1203 3297 1217 3323 ,
1286 3265 1392 3311 etc.
1450 3254 1575 3311 Haec
1624 3270 1731 3309 non
1821 3263 2120 3309 mutantur.

538 3349 607 3404 Et
629 3365 734 3403 non
780 3348 954 3403 solum
1019 3348 1119 3401 hoc
1162 3347 1476 3410 habebunt,
1505 3356 1565 3400 ut
1616 3353 1741 3399 sunt
1790 3344 1985 3399 etelum
2023 3345 2125 3413 ﬁlii

539 3453 711 3493 autent
766 3440 1069 3503 hominum,
1121 3437 1174 3491 id
1228 3444 1313 3492 est
1367 3435 1575 3492 scilicet
1625 3435 1724 3504 ipsi
1770 3435 1879 3505 jam
1925 3434 2125 3489 catlum

540 3529 641 3597 ﬁlii
698 3528 967 3582 hominum
1020 3527 1345 3594 existentes,
1414 3525 1469 3579 id
1508 3534 1592 3579 est
1638 3524 2013 3589 rationabiles,
2069 3525 2125 3577 in

540 3619 765 3688 tegmine
792 3618 1003 3670 alarum
1027 3630 1238 3670 tuarum
1268 3616 1429 3686 positi
1445 3614 1726 3684 sperabunt
1763 3613 1924 3669 aliam
1954 3613 2128 3668 salva-

547 3711 769 3762 tionem.
795 3708 863 3762 Et
893 3708 1005 3763 haec
1032 3723 1140 3762 non
1171 3716 1477 3772 mutantur,
1502 3705 1625 3761 dico
1650 3706 1931 3776 sperabunt
1964 3704 2126 3759 aliam

539 3800 920 3864 salvationem,
947 3799 1156 3855 scilicet
1186 3800 1481 3868 sperabunt
1517 3798 1773 3853 inebriari
1798 3797 1861 3851 ab
1892 3798 2126 3852 ubertate

541 3894 730 3946 donius
757 3901 966 3945 tuw:et
1008 3907 1196 3946 revera
1234 3889 1653 3954 inebriabuntur,
1706 3887 1756 3941 id
1786 3897 1868 3942 est
1908 3888 2128 3957 copiose

544 3984 893 4054 replebuntur
922 3983 986 4036 ab
1025 3984 1279 4042 ubertate.
1314 3982 1369 4035 id
1403 3989 1487 4036 est
1515 3995 1545 4033 a
1572 3980 1726 4050 ecpia
1782 3981 1968 4032 domus
1998 3989 2124 4046 tum,

542 4075 754 4130 scilicet
778 4073 1111 4129 beatitudine
1138 4088 1301 4143 quam
1328 4072 1528 4126 habent
1559 4071 1631 4125 illi
1660 4071 1751 4140 qui
1776 4068 1888 4139 jam
1916 4079 2042 4125 sunt
2070 4070 2125 4124 in

541 4167 704 4219 domo
729 4174 842 4230 tua,
877 4163 1213 4219 Hierusalem
1236 4162 1467 4218 caelesti.
1492 4160 1638 4216 Bene
1670 4176 1796 4215 vero
1833 4162 1986 4230 ponit
2011 4162 2126 4216 ine-

540 4255 855 4309 briabuntur
878 4270 973 4325 per
994 4252 1424 4320 similitudinem,
1458 4253 1511 4308 id
1532 4262 1644 4320 est,
1672 4252 1750 4307 sic
1778 4251 2129 4321 replebuutur

543 4353 605 4399 ut
633 4346 812 4399 omnis
844 4353 1060 4399 terrena
1104 4342 1428 4398 scnsualitas
1474 4342 1539 4398 ab
1584 4341 1663 4397 eis
1688 4340 2005 4411 experiatur,
2059 4342 2126 4396 ad

544 4437 760 4491 modum
798 4437 1094 4503 ebriorum,
1119 4435 1210 4506 qui
1254 4434 1506 4491 omnibus
1527 4433 1671 4489 curis
1700 4433 1939 4504 expediti
1977 4443 2124 4489 sunt.

542 4527 779 4599 Exponit
798 4539 978 4583 autem
1007 4528 1165 4582 istam
1192 4528 1496 4581 ubertatem
1512 4526 1612 4581 sic:
1631 4526 1772 4597 dico,
1789 4524 2129 4579 inebriabun-

542 4628 628 4672 tur
655 4630 709 4675 et
736 4621 837 4675 hoc
858 4636 955 4689 per
984 4628 1056 4674 te.
1087 4619 1168 4674 Tu
1189 4619 1332 4674 enim
1344 4619 1548 4689 potabis
1574 4635 1685 4683 eos,
1709 4620 1759 4674 id
1775 4630 1858 4675 est
1884 4621 2129 4686 satiabis,

542 4720 771 4763 tarrente
802 4709 1080 4780 voluptatis
1108 4720 1234 4776 lua’,
1268 4710 1319 4763 id
1345 4719 1429 4764 est
1455 4709 1760 4765 delectabili
1813 4711 1983 4781 gloria
2016 4722 2127 4780 tua,

544 4816 666 4870 qua:
698 4801 835 4855 bene
862 4810 1075 4856 torrens
1109 4802 1327 4864 dicitur,
1361 4801 1415 4857 id
1440 4810 1526 4857 est
1576 4802 2046 4858 abundantissime
2073 4814 2132 4857 ut

546 4906 783 4959 torrens,
841 4894 923 4949 vel
961 4894 1233 4963 depellens
1286 4897 1469 4949 omnia
1526 4901 1752 4952 adversa
1790 4912 1821 4951 a
1858 4896 2125 4962 ﬁdelibus,

542 4988 609 5042 ad
643 4990 862 5042 modum
894 4988 1172 5049 torrentis,
1199 4986 1290 5055 qui
1324 5002 1447 5041 cum
1493 4987 1697 5057 impetu
1732 4990 1905 5046 ﬂuens
1945 4992 2126 5044 omnia

540 5080 812 5135 obstantia
850 5079 1089 5151 depellit.
1128 5080 1285 5149 111
1328 5079 1394 5134 Et
1447 5096 1573 5136 vere
1632 5092 1819 5152 potare
1860 5098 1955 5137 eos
2002 5083 2128 5139 inde

540 5181 718 5239 potes.
774 5170 1039 5237 Quoniam
1089 5172 1229 5242 apud
1274 5180 1322 5224 te
1367 5182 1441 5227 est
1489 5173 1608 5242 [oris
1640 5172 1759 5226 vita:
1788 5173 2061 5238 Christus,
2095 5188 2125 5227 a

541 5280 649 5334 quo
684 5273 896 5319 torrens
918 5265 1007 5321 ille
1031 5267 1294 5335 procedit;
1328 5265 1471 5321 unde
1498 5265 1775 5321 Joannes:
1812 5266 1897 5319 «lu
1922 5266 2125 5333 princi-

542 5357 631 5423 pio
668 5364 788 5409 erat
817 5357 1043 5423 verbum
1078 5356 1265 5426 (Joan.
1296 5360 1419 5428 t,l).
1455 5376 1472 5408 ι

612 5444 747 5499 Cum
778 5454 957 5500 autem
988 5448 1141 5516 ponit
1168 5448 1310 5517 apud
1338 5458 1415 5513 te,
1449 5446 1819 5502 diversitatem
1855 5461 2119 5516 persona-

540 5547 662 5588 rum
694 5534 892 5597 innuit,
922 5547 968 5590 et
1002 5537 1127 5605 quia
1159 5537 1275 5604 fons
1305 5537 1422 5593 vita:
1459 5546 1540 5593 est
1568 5537 1709 5606 apud
1736 5546 1806 5604 te,
1837 5538 1893 5590 in
1927 5536 2120 5591 lumine

542 5632 666 5688 tuo,
706 5625 759 5679 id
804 5634 885 5679 est
922 5627 974 5680 in
1015 5626 1151 5681 Filio
1194 5638 1316 5693 tuo,
1364 5628 1456 5698 qui
1493 5636 1579 5683 est
1618 5628 1796 5683 lumen
1836 5637 2018 5693 tuum,
2061 5643 2120 5682 ιιι

542 5710 775 5769 Joannes
804 5724 1035 5770 testatur
1064 5734 1075 5769 :
1109 5718 1264 5772 «Erat
1290 5720 1379 5774 lux
1406 5735 1586 5787 vera,»
1621 5729 1729 5775 etc.
1757 5720 1941 5789 (Joan.
1971 5737 2009 5789 ι,
2039 5720 2116 5791 9.)

2229 520 2375 581 tuali.
2422 526 2570 583 Unde
2617 529 2757 584 idem
2793 530 2847 583 iu
2892 531 3230 601 Evangelio:
3282 550 3302 583 ι
3340 531 3439 598 Qui
3485 533 3617 588 videt
3655 552 3749 605 me,

2225 618 2372 673 videt
2408 628 2463 674 et
2498 618 2714 675 Patrem
2756 619 2941 692 (Joan.
2979 638 3093 689 xiv,
3135 623 3212 691 9).
3262 642 3281 675 υ
3325 622 3458 678 Orat
3492 636 3649 681 autem
3680 644 3751 698 pro

2225 709 2341 779 ipsa
2372 710 2757 777 inebriatione,
2797 712 2878 767 sic
2916 712 3040 767 dico
3074 714 3473 767 inebriabuntur
3499 715 3590 782 ﬁlii
3624 718 3734 773 hami

2225 817 2380 868 num,
2417 812 2473 856 et
2502 811 2559 855 ut
2587 802 2938 867 inebrieutur,
2976 806 3260 874 prwtende,
3304 805 3551 873 Domine,
3586 808 3659 865 hic
3679 828 3756 865 trn-

2225 892 2562 945 sericordiam
2597 900 2742 945 luant
2781 893 3062 948 scientibus
3097 904 3176 961 te,
3224 895 3278 950 id
3320 906 3405 951 est
3440 897 3757 956 misericordia

2228 990 2319 1035 tua
2350 982 2668 1038 innocentes
2699 981 2783 1038 fac
2807 981 2967 1038 ﬁdem
2994 1000 3122 1057 erga
3153 995 3205 1040 te
3222 986 3336 1056 jam
3364 985 3630 1053 habentes,
3653 1004 3756 1044 non-

2227 1072 2353 1126 dum
2392 1081 2571 1125 tamen
2604 1072 2942 1129 innocentes.
2976 1072 3043 1128 Et
3082 1075 3162 1129 his
3190 1076 3279 1145 qui
3305 1086 3443 1130 recto
3481 1088 3592 1129 sunt
3616 1081 3756 1145 corde,

2220 1155 2334 1225 jam
2368 1158 2683 1214 innocentes
2711 1161 2973 1229 prmtende
2993 1162 3259 1232 justitiam
3290 1174 3466 1233 tuam,
3497 1164 3545 1218 id
3572 1175 3641 1219 est
3666 1180 3760 1223 ante

2228 1248 2643 1306 inebriationem
2677 1253 2851 1319 illam,
2898 1263 2957 1308 ιιι
2993 1256 3059 1309 ad
3099 1256 3242 1310 illam
3270 1258 3552 1326 pervenire
3578 1262 3759 1327 possint,

2227 1340 2293 1394 da
2324 1340 2404 1394 eis
2425 1339 2692 1408 justitiam
2726 1350 2903 1407 tuam,
2936 1343 2987 1398 id
3026 1354 3109 1400 est
3136 1360 3231 1401 eos
3256 1345 3514 1416 justilica.
3549 1347 3677 1414 Quod
3700 1361 3764 1405 est

2228 1445 2293 1485 ac
2324 1430 2367 1485 si
2398 1430 2574 1486 dicat:
2603 1432 2724 1488 lllos
2751 1449 2818 1488 ex
2847 1434 3036 1502 nobis,
3065 1438 3155 1505 qui
3190 1438 3508 1493 innocentes
3533 1455 3628 1493 non
3652 1453 3761 1509 sunt,

2228 1521 2546 1578 innocentes
2570 1522 2675 1590 fac,
2702 1532 2755 1578 ut
2780 1534 2897 1594 post
2918 1525 3304 1595 justiticentur,
3331 1538 3385 1584 et
3408 1530 3488 1585 sic
3510 1531 3759 1587 salveutur.

2227 1610 2547 1669 innocentes
2595 1631 2813 1688 quoque
2859 1616 3135 1686 justiﬁca,
3185 1630 3243 1675 et
3308 1621 3388 1676 sic
3439 1621 3762 1680 salvabuntur.

2228 1701 2521 1773 Postquam
2576 1715 2755 1761 autem
2804 1707 2937 1761 recti
2984 1708 3150 1763 corde
3195 1708 3444 1774 erimus,
3494 1728 3591 1765 non
3633 1714 3763 1766 uernat

2157 1787 2199 1845 Β
2227 1796 2389 1860 mihi,
2423 1813 2524 1852 nec
2563 1797 2669 1853 illis
2710 1815 2828 1869 pes,
2874 1799 2927 1854 id
2964 1808 3050 1854 est
3080 1799 3295 1857 affectio
3335 1803 3616 1872 superbia,
3650 1814 3699 1858 ut
3724 1806 3764 1858 in

2230 1886 2393 1942 nobis
2421 1904 2488 1943 ex
2521 1890 2848 1946 rectitudine
2875 1890 3158 1961 gloriando
3186 1908 3526 1947 corruamus.
3555 1893 3646 1949 Pes
3667 1910 3765 1952 vero

2227 1992 2328 2047 pro
2357 1978 2640 2035 affectione
2668 1981 2906 2052 ponitur,
2933 1997 3001 2037 eo
3030 1984 3172 2052 quod
3200 1984 3419 2039 animus
3445 1984 3765 2042 all'ectiouibus

2227 2072 2525 2142 gradiatur.
2578 2070 2646 2126 Et
2684 2089 2906 2137 manus,
2949 2074 3001 2129 id
3031 2082 3117 2129 est
3158 2075 3414 2145 impulsio
3458 2079 3767 2147 suggestionis

2227 2163 2537 2231 peccatoris,
2573 2162 2625 2217 id
2651 2174 2735 2218 est
2765 2163 2995 2231 diaboli,
3026 2166 3461 2222 antonotnastiee
3492 2170 3764 2237 peccatoris,

2229 2252 2314 2307 vel
2345 2254 2648 2322 peccatoris
2682 2253 2994 2325 cujuslibet,
3036 2273 3140 2312 non
3174 2268 3375 2313 moveat
3408 2275 3489 2312 me
3526 2274 3617 2314 nec
3649 2260 3765 2323 illos,

2228 2359 2260 2399 a
2286 2346 2429 2401 bono
2455 2346 2758 2416 proposito,
2794 2348 3052 2417 quoniam
3082 2357 3266 2403 autem
3312 2350 3559 2403 manibus
3583 2351 3768 2421 impelli-

2230 2451 2352 2490 mus
2386 2450 2399 2489 :
2434 2451 2628 2492 manus
2663 2452 2764 2507 pro
2803 2437 3127 2507 impulsione
3167 2438 3411 2509 ponitur,
3444 2439 3514 2491 ibi
3554 2439 3707 2506 enim,
3730 2441 3767 2496 id

2229 2538 2313 2582 est
2352 2528 2404 2583 in
2450 2530 2705 2599 superbia
2730 2571 2745 2596 ,
2789 2533 3086 2585 ceciderunt
3130 2532 3186 2585 in
3235 2532 3665 2597 damnationem,
3702 2535 3767 2602 qui

2230 2630 2512 2689 Operantur
2539 2621 2867 2690 iniquitatem
2896 2622 3256 2685 incessanter,
3293 2622 3347 2677 id
3387 2632 3470 2677 est
3498 2622 3676 2677 diaboli
3696 2642 3706 2677 τ
3730 2636 3769 2678 et

2232 2708 2352 2765 ideo
2374 2711 2581 2779 expulsi
2608 2721 2734 2766 sunt
2760 2711 2827 2767 de
2855 2712 3014 2779 coelo,
3044 2729 3135 2767 nec
3162 2724 3443 2782 potueram
3470 2726 3642 2784 postea
3663 2726 3769 2768 nare

2231 2812 2287 2858 et
2320 2803 2439 2873 ipso
2478 2804 2648 2868 ctelo,
2690 2803 2773 2857 vel
2812 2804 2923 2870 sic,
2955 2804 3025 2858 ibi
3075 2807 3372 2859 ceciderunt
3408 2810 3496 2869 qui
3536 2818 3770 2876 operantur

2229 2893 2583 2963 iniquitatem,
2622 2893 2794 2948 Adam
2830 2903 2885 2949 et
2912 2894 3061 2961 Eva,
3103 2904 3158 2949 et
3197 2894 3317 2964 ejus
3352 2897 3673 2962 conformes,
3700 2898 3767 2966 qui

2230 2984 2409 3040 adhuc
2455 2985 2510 3039 in
2556 2985 2967 3041 successoribus
3005 2997 3305 3057 operantur
3355 2989 3703 3059 iniquitatem,
3730 2998 3769 3044 et

2231 3077 2352 3132 ideo
2383 3078 2587 3147 expulsi
2643 3086 2762 3132 sunt
2798 3079 2865 3133 ab
2894 3079 3205 3136 innocentia
3244 3089 3299 3134 et
3334 3081 3475 3147 vita,
3507 3098 3593 3135 nec
3622 3094 3769 3151 potue-

2229 3178 2349 3220 runt
2380 3176 2564 3237 postea
2591 3178 2731 3224 stare
2757 3168 2812 3225 in
2852 3184 2915 3225 ea
2944 3183 3041 3241 per
3073 3185 3162 3237 se,
3194 3170 3299 3226 nisi
3345 3171 3440 3227 Dei
3483 3174 3642 3243 gratia
3676 3187 3770 3228 suc-

2233 3269 2509 3314 currente.

2661 3348 2728 3403 IN
2770 3347 3101 3407 PSALMUM
3138 3349 3380 3405 XXXVI.

2299 3436 2511 3495 Titulus
2563 3439 2823 3495 tricesimi
2876 3441 3035 3496 sexti.
3091 3439 3342 3497 Psalmus
3376 3442 3479 3511 ipsi
3529 3441 3683 3497 Dario
3711 3451 3770 3494 at-

2230 3528 2546 3584 tribuendus
2572 3570 2587 3595 ,
2638 3531 2689 3585 id
2736 3541 2821 3587 est
2864 3532 3125 3587 Christo:
3164 3532 3249 3587 vel
3296 3534 3344 3588 si
3391 3534 3627 3588 dicamus
3654 3532 3772 3585 Psal-

2226 3633 2345 3671 mus
2399 3618 2568 3673 David
2626 3620 2963 3677 solummodo
3013 3622 3169 3691 juxta
3227 3625 3495 3693 quosdam
3543 3625 3773 3693 exposito-

2229 3722 2358 3773 res,
2410 3709 2517 3763 erit
2563 3725 2664 3765 vox
2713 3710 2968 3780 perfecta:
3017 3713 3294 3768 Ecclesiae.
3348 3715 3666 3768 Adhortatur
3708 3714 3773 3765 uic

2229 3798 2500 3865 Christus,
2530 3800 2615 3856 vel
2636 3801 2901 3870 Ecclesia,
2931 3803 3261 3873 simpliciora
3291 3807 3535 3861 membra
3554 3845 3570 3870 ,
3600 3820 3659 3859 ne
3678 3820 3771 3859 cum

2229 3888 2464 3943 viderint
2500 3891 2695 3961 impios
2727 3892 2779 3945 in
2814 3894 2915 3948 hoc
2943 3895 3144 3949 mundo
3174 3894 3401 3961 ﬂorere,
3439 3904 3492 3949 et
3522 3896 3679 3949 bonos
3701 3909 3773 3959 op-

2229 3978 2412 4048 primi,
2448 3980 2755 4036 irascantur
2784 3983 2927 4049 iude,
2961 3985 3203 4053 putando
3236 3984 3319 4039 vel
3356 3986 3528 4040 Deum
3561 3984 3770 4052 injustam

2230 4084 2385 4137 esse,
2429 4070 2515 4123 vel
2554 4086 2641 4126 res
2671 4074 2973 4128 mundanas
3008 4088 3112 4129 non
3161 4090 3391 4143 curare,
3438 4091 3608 4145 neque
3642 4076 3773 4127 velint

2230 4175 2347 4226 eos,
2378 4162 2505 4231 quia
2536 4162 2751 4230 ﬂorent,
2786 4164 2839 4218 in
2872 4165 3220 4237 malignando
3251 4167 3479 4233 imitari,
3510 4169 3602 4223 Sed
3633 4169 3773 4238 potius

2229 4252 2346 4308 haec
2373 4253 2588 4309 occulta
2620 4255 2713 4310 Dei
2739 4254 2942 4325 judicia
2972 4258 3243 4327 patienter
3273 4259 3596 4314 sustineant.
3625 4258 3773 4313 Osten-

2229 4343 2309 4400 dit
2336 4359 2552 4414 quoque
2582 4345 2649 4399 ad
2678 4346 2807 4415 quid
2836 4346 3122 4417 impiorum
3151 4349 3520 4419 prosperitas,
3552 4348 3772 4403 bonorum

2160 4462 2203 4517 Β
2231 4451 2360 4492 vero
2392 4436 2688 4491 deventura
2717 4438 2805 4492 'sit
2840 4439 3171 4505 adversitas,
3199 4441 3461 4495 admouet
3488 4455 3580 4495 eos
3620 4448 3669 4493 ut
3693 4452 3770 4490 non

2233 4527 2287 4583 in
2334 4543 2394 4583 se
2420 4567 2436 4594 ,
2474 4528 2567 4583 sed
2615 4529 2668 4583 in
2718 4529 2947 4585 Domino
2981 4540 3201 4599 sperent
3246 4540 3304 4585 et
3352 4531 3694 4591 delectentur,
3733 4536 3772 4581 et

2233 4620 2276 4675 si
2307 4621 2731 4691 peccaverint'ei
2770 4621 3052 4678 humiliter
3079 4621 3466 4689 conﬁteantur,
3495 4624 3571 4679 sic
3600 4622 3772 4676 veniam

2233 4714 2591 4785 impetrando,
2627 4715 2892 4787 justitiam
2920 4716 3311 4785 adipiscentur.

2303 4805 2433 4859 Noli
2467 4806 2741 4872 a'mulari,
2777 4806 2830 4861 id
2867 4814 2950 4862 est
2983 4806 3144 4862 irasci
3181 4808 3236 4861 in
3271 4806 3699 4878 malignantibus,
3734 4803 3772 4855 id

2230 4907 2313 4953 est
2351 4898 2406 4951 in
2454 4897 2888 4953 consideratione
2932 4899 3313 4969 prosperitatis
3359 4900 3771 4971 malignantiuin.

2232 4988 2458 5043 dicendo
2505 4987 2674 5041 Deum
2724 4986 2921 5057 injuste
2969 4989 3049 5043 eis
3090 4988 3193 5041 hoc
3234 4991 3540 5042 concedere
3579 5001 3593 5040 :
3630 4984 3774 5051 Neque

2233 5079 2499 5144 zelavem,
2531 5078 2585 5132 id
2623 5088 2708 5134 est
2744 5080 3022 5146 dilexeris,
3068 5087 3126 5134 ut
3167 5080 3399 5134 imiteris
3429 5081 3667 5149 facientes
3692 5077 3772 5128 ini-

2229 5170 2501 5239 quitatem.
2535 5168 2649 5224 Hoc
2688 5178 2869 5223 autem
2908 5169 2962 5223 in
3001 5171 3356 5240 sequentibus
3386 5170 3615 5226 lucidius
3640 5169 3771 5225 dicet.

2231 5261 2354 5315 dico
2386 5279 2399 5315 :
2433 5260 2562 5315 Noli
2603 5260 2845 5316 aemulari
2874 5302 2888 5316 .
2924 5260 3188 5326 Quoniam
3228 5273 3467 5318 arescent
3508 5261 3724 5317 velociter
3750 5271 3773 5308 ι

2226 5350 2359 5407 ﬂore
2385 5353 2761 5426 prosperitatis
2794 5367 2907 5407 sua:
2941 5367 3061 5406 cum
3095 5354 3421 5419 morientur,
3454 5363 3688 5421 tanquam
3716 5348 3774 5417 fe-

2231 5461 2355 5499 num
2384 5445 2700 5513 existentes,
2737 5445 2880 5514 quod
2910 5447 3019 5500 cito
3054 5442 3255 5501 arescit
3285 5461 3316 5499 a
3350 5446 3488 5502 ﬂore
3517 5445 3713 5509 viroris,
3737 5450 3773 5495 et

2229 5539 2335 5592 cito
2365 5538 2601 5592 derident
2626 5539 2695 5595 ab
2717 5538 2807 5592 illa
2833 5538 3213 5608 prosperitate,
3237 5539 3537 5595 existentes
3560 5549 3774 5607 tanquam

2228 5627 2373 5680 olera
2398 5628 2700 5693 herbarum,
2732 5628 2783 5683 id
2813 5636 2897 5683 est
2931 5627 3078 5682 olera
3117 5627 3338 5695 viridia,
3366 5644 3491 5700 qua:
3516 5637 3658 5684 secta
3691 5628 3775 5679 cito

2232 5727 2496 5773 marcent.
2524 5717 2830 5776 Notandum
2854 5720 2996 5789 quod
3023 5718 3326 5789 pcrfenum
3356 5722 3676 5777 deuotantur
3699 5714 3773 5771 mi
