3862 6322
92 340 174 397 733
921 332 1284 391 EXPOSITIO
1323 334 1390 391 IN
1426 336 1766 395 PSALMOS.
1811 370 1879 381 -—
1910 332 2106 398 PSAL.
2148 342 2388 400 XXXVI.
3168 357 3303 415 .786

91 465 173 507 nus
213 446 413 504 divites.
463 444 571 502 Per
620 444 770 501 olera
821 458 948 499 vero
995 444 1239 499 ditiores.
1294 445 1621 505 Pretiosiora
1650 453 1701 511 Α
1728 458 1813 506 est
1856 452 2037 508 dicere
2075 470 2087 507 :
2134 454 2634 513 l'thteredabuntur
2680 475 2708 516 a
2764 470 2909 521 terra
2957 468 3255 527 viventium
3284 516 3298 539 ,

90 555 288 609 namque
321 538 443 594 leno
482 539 632 595 olera
662 549 816 607 sunt,
856 541 980 597 dum
1030 554 1318 615 utrumque
1363 551 1416 602 ln
1447 552 1627 603 virore
1726 556 1887 611 quam
1918 558 1975 598 se
2000 560 2350 613 possessnros
2386 551 2745 621 nequidquam
2770 570 3137 624 praesumunt:
3171 563 3306 620 Sns~

89 620 322 697 subsistit,
359 633 477 687 dico
504 633 617 687 noli
648 635 930 701 aemulari,
967 636 1061 691 sed
1096 654 1247 707 spera
1277 639 1330 693 in
1364 639 1584 696 Domino
1606 682 1622 707 ,
1725 633 1941 686 tinentes
1985 644 2157 688 autent
2202 635 2481 690 Dominum
2535 654 2601 694 ex
2646 644 2928 711 opposito.
2975 648 3024 701 id
3070 662 3152 705 est
3186 654 3304 709 sine

88 728 131 781 id
152 733 225 781 est
246 738 395 793 spera
420 732 625 781 aeterna
653 725 811 791 bona,
843 740 960 795 quae
986 738 1114 783 sunt
1144 729 1195 783 in
1223 731 1473 798 Domino,
1499 733 1625 801 quia
1725 737 2004 780 murmure
2034 725 2299 795 patientes
2323 725 2526 796 judicia
2572 730 2805 795 Domini,
2839 736 2927 804 qui
2963 737 3172 805 judicnt
3214 743 3302 797 hic

87 829 189 885 spes
221 814 330 869 sine
360 828 525 883 opere
558 816 910 885 praesumptio
936 826 1055 883 est,
1100 819 1187 889 fac
1224 820 1524 887 bonitatem,
1570 822 1623 878 id
1724 820 1896 876 malos
1925 822 2121 877 llorere
2144 865 2157 889 ,
2192 832 2247 877 et
2288 822 2459 878 honos
2503 825 2769 894 opprimi,
2802 829 2900 897 ipsi
2929 831 3019 899 qui
3058 833 3189 887 viles
3219 836 3305 891 hic

85 915 153 960 est
177 904 301 959 bona
329 919 517 973 opera,
544 915 593 959 et
622 906 855 961 inhabita
887 917 1081 962 terram
1110 920 1280 976 tuam,
1312 912 1363 967 id
1392 924 1471 968 εει
1501 929 1625 984 pos-
1726 910 1978 967 videmur
2000 923 2053 968 et
2080 913 2274 984 ahjccti
2304 956 2319 981 ,
2358 915 2735 971 hwreditabunt
2766 928 2961 975 terram
2988 922 3300 979 viventium.

85 996 198 1059 side,
225 1003 277 1050 et
302 1010 456 1065 rege,
493 1003 549 1051 et
576 996 712 1051 bene
737 997 923 1053 excole
962 1000 1364 1057 sensualitatem
1396 1012 1624 1060 terrena:
1725 1002 1859 1070 Quia
1888 1020 2014 1059 vero
2055 1014 2329 1075 posuerat,
2362 1007 2672 1063 sustinentes
2718 1010 2995 1066 Dominum
3025 1015 3305 1070 lim-edita-

82 1084 236 1141 carnis
263 1093 383 1150 tute,
414 1088 714 1142 resecando
738 1088 868 1143 vitia
910 1097 964 1144 et
1001 1095 1139 1144 mala
1167 1106 1370 1161 opera,
1408 1094 1477 1149 ad
1506 1110 1626 1151 mo-
1725 1097 1851 1151 bunt
1882 1106 2100 1163 terram,
2132 1113 2199 1153 ne
2222 1098 2440 1154 cuilibet
2460 1101 2727 1156 sustinere
2770 1102 2897 1158 illud
2925 1116 3069 1161 esset
3112 1109 3300 1168 tzedio.

83 1178 187 1232 dum
230 1176 349 1231 boni
395 1177 746 1245 habitatoris,
797 1182 887 1250 qui
938 1180 1079 1237 bene
1124 1185 1326 1239 excolit
1376 1192 1577 1241 terram
1604 1226 1621 1251 ,
1724 1189 1857 1246 dicit
1892 1192 2035 1259 quod
2087 1208 2277 1262 parum
2316 1193 2688 1249 sustinendum
2732 1196 2872 1264 erit,
2912 1198 2990 1253 sic
3032 1199 3141 1254 dixi
3177 1201 3305 1270 quia

82 1266 342 1322 resecando
379 1267 561 1337 Spinas
587 1277 644 1323 et
672 1280 869 1325 etetera
910 1270 1121 1326 inutilia
1155 1290 1169 1328 :
1205 1285 1253 1328 et
1279 1275 1323 1330 si
1356 1275 1625 1331 inhabita-
1723 1280 2033 1336 sustinentes
2063 1282 2461 1337 lttcreditabunt.
2492 1282 2561 1337 Et
2584 1285 2683 1351 ipsi
2713 1287 2884 1341 adhuc
2912 1290 3157 1357 pusillum
3189 1266 3307 1347 sus-

83 1356 222 1421 veris,
248 1358 495 1423 pasceris,
536 1357 590 1412 id
625 1368 707 1413 est
737 1358 997 1416 reﬁcieris
1034 1362 1088 1415 in
1116 1364 1325 1430 anima,
1348 1366 1403 1420 in
1430 1367 1622 1421 divitiis
1726 1368 1972 1424 tinebunt
1995 1409 2011 1437 ,
2043 1379 2090 1425 et
2121 1381 2241 1441 post
2270 1374 2373 1429 hoc
2401 1374 2684 1443 pusillum,
2716 1393 2818 1432 non
2846 1356 2941 1433 erit
2984 1394 3221 1450 peccator
3254 1385 3304 1438 in

85 1443 216 1513 112
252 1444 364 1514 ejus
398 1454 586 1512 terra};
631 1447 838 1503 scilicet
882 1451 935 1504 in
972 1453 1226 1520 operibus
1270 1454 1462 1523 bonis,
1504 1473 1623 1526 qme
1726 1461 1829 1515 hoc
1859 1469 2002 1516 statu
2054 1462 2106 1516 in
2147 1478 2254 1533 quo
2301 1480 2442 1520 nunc
2482 1474 2606 1532 est,
2655 1468 2864 1524 scilicet
2909 1443 2993 1525 ita.
3027 1472 3224 1530 ﬂorens
3252 1487 3309 1531 et

82 1539 339 1602 precedent
383 1536 453 1591 ab
496 1537 762 1593 exercitio
806 1539 953 1596 illius
998 1550 1175 1597 terrae.
1219 1544 1363 1600 Bene
1402 1546 1620 1615 quidem
1719 1550 1898 1621 justos
1942 1552 2253 1621 opprimens
2284 1562 2343 1608 ut
2370 1554 2558 1621 modo,
2589 1567 2636 1610 et
2670 1566 2721 1611 tu
2753 1559 2946 1629 aliquis
2992 1578 3193 1631 qutcres
3221 1580 3303 1618 ra~

82 1625 278 1695 positum
307 1634 392 1680 est
423 1628 692 1695 pasceris;
721 1628 864 1684 sicut
888 1631 1031 1686 enim
1059 1633 1181 1689 cibo
1210 1650 1471 1705 corporeo
1500 1652 1622 1693 cor-
1725 1640 1873 1695 tione
1905 1651 1961 1697 et
2003 1643 2309 1712 cognitione
2337 1653 2423 1699 tua
2468 1644 2638 1699 locum
2667 1649 2814 1717 ejus,
2845 1660 2892 1703 et
2924 1667 3027 1705 non
3057 1653 3303 1707 invenies.

82 1731 161 1784 pus
182 1716 433 1784 pascitur,
465 1718 540 1772 ita
567 1719 724 1775 bonis
747 1722 1002 1791 operibus
1030 1725 1208 1780 anima
1240 1728 1541 1797 saginatur,
1569 1739 1624 1786 et
1656 1799 1697 1815 ἢ
1725 1732 1877 1798 Quod
1915 1743 1998 1789 est
2027 1735 2206 1790 dicere
2235 1752 2247 1789 :
2283 1736 2337 1789 Si
2373 1746 2426 1790 tu
2457 1739 2666 1793 ratione
2692 1716 2749 1793 et
2780 1743 3128 1797 meditatione
3156 1762 3307 1815 qua:-

81 1806 292 1861 iacientlo
323 1808 645 1874 bonitatem,
677 1823 731 1866 et
765 1813 1116 1871 inhabitando
1144 1826 1366 1886 terram,
1396 1836 1502 1876 non
1531 1821 1623 1877 de-
1654 1799 1698 1853 Β
1724 1823 1904 1889 sieris,
1948 1841 2014 1879 an
2061 1826 2346 1882 habiturus
2388 1829 2457 1884 sit
2500 1830 2568 1883 ibi
2618 1830 2791 1885 locum
2830 1834 3169 1903 superbiendi
3194 1876 3209 1901 ,
3253 1846 3309 1891 et

81 1897 262 1953 lectoris
288 1900 340 1954 in
373 1910 423 1955 te
453 1904 802 1961 attribuenda
829 1907 924 1962 tibi
956 1910 1058 1965 hoc
1090 1930 1103 1965 :
1136 1910 1242 1968 Sed
1270 1915 1525 1971 delectare
1559 1919 1624 1973 de
1728 1917 1899 1972 honos
1921 1919 2282 1989 opprimendi,
2312 1938 2417 1976 non
2447 1923 2686 1978 invenies
2710 1924 2906 1992 loemn,
2933 1927 2984 1982 id
3010 1936 3092 1983 est
3114 1945 3309 2000 Oppor-

80 1989 163 2045 hoc
199 1993 248 2045 in
272 1988 564 2060 'Domino,
599 1998 651 2052 id
687 2008 773 2054 est
817 2002 1070 2071 gaudium
1112 2015 1167 2060 et
1214 2007 1622 2067 delectationem
1728 1988 2011 2063 tunitatem
2040 2010 2178 2081 ejus.
2210 2012 2501 2081 Postquam
2530 2014 2674 2067 enim
2706 2031 2896 2069 aurum
2942 2017 3078 2073 bene
3107 1988 3307 2088 proba-

80 2078 194 2134 hahe
219 2081 280 2137 de
309 2084 412 2138 hoc
446 2084 499 2138 in
534 2086 781 2156 Domino,
811 2090 915 2147 hoc
956 2093 1056 2162 ipsi
1089 2096 1464 2165 attribuendo,
1493 2111 1542 2155 et
1579 2103 1623 2157 si
1726 2108 1838 2154 tum
1870 2108 1982 2163 est,
2017 2078 2192 2172 ignem
2230 2103 2282 2156 in
2315 2078 2531 2159 fornace
2567 2106 2759 2161 ardere
2800 2124 2907 2161 non
2943 2118 3027 2164 est
3052 2120 3309 2181 opportu-

80 2168 262 2238 leceris,
287 2174 434 2228 dabit
463 2176 559 2229 tibi
586 2181 910 2251 quandoque
943 2186 1214 2253 petitiones
1241 2192 1413 2245 cordis
1441 2194 1537 2261 tui,
1573 2196 1624 2250 id
1727 2207 1874 2246 nutn.
1909 2190 2004 2246 Vel
2034 2168 2236 2263 qua'res
2263 2194 2434 2248 locum
2462 2197 2597 2266 ejus,
2630 2197 2681 2251 id
2708 2207 2789 2252 est
2819 2201 3001 2254 statim
3034 2211 3111 2254 an
3133 2203 3204 2256 ibi
3237 2203 3309 2257 sit

78 2269 169 2325 est,
204 2261 300 2316 hoc
333 2264 480 2331 quod
525 2269 794 2337 sperando
822 2274 958 2341 petit
993 2290 1089 2330 cor
1121 2286 1271 2335 tuum
1314 2282 1452 2338 bona
1498 2283 1626 2341 atl‘e-
1726 2298 2014 2338 mansurus
2042 2261 2162 2339 cum
2194 2284 2379 2354 justis,
2412 2295 2467 2341 et
2492 2304 2598 2342 non
2646 2289 2907 2346 invenies.
2944 2292 3097 2347 Unde
3130 2295 3309 2348 Domi-

78 2352 253 2420 ctione,
281 2355 498 2413 scilicet
527 2369 730 2416 aeterna
766 2366 926 2419 bona.
961 2366 1092 2423 Etsi
1125 2374 1457 2439 peccaveris,
1484 2377 1625 2446 quod
1728 2391 1829 2430 nus
1857 2376 1908 2429 in
1940 2352 2231 2448 Evangelia
2263 2378 2392 2433 dicit
2424 2397 2439 2433 :
2478 2399 2495 2432 ι
2532 2381 2770 2436 Exibunt
2796 2385 2970 2454 angeli
3008 2396 3062 2440 et
3089 2402 3310 2457 separa-

80 2443 339 2499 humanum
368 2456 484 2510 est,
520 2450 685 2505 revela
714 2463 974 2521 quantum
1019 2459 1088 2512 ad
1116 2468 1190 2525 te,
1221 2463 1476 2532 Domino,
1500 2443 1626 2521 _hu-
1726 2467 2046 2523 huntmalos
2064 2443 2128 2523 de
2146 2468 2603 2538 mediojustorum
2625 2471 2841 2542 (Matth.
2863 2443 2982 2539 ;lll,
3002 2477 3110 2547 49).
3138 2443 3165 2529 ι’
3180 2479 3310 2534 Dico

79 2533 169 2587 mili
204 2534 577 2607 confessione,
608 2543 745 2597 viam
775 2554 955 2612 tuam,
987 2562 1149 2617 quam
1176 2552 1287 2623 iam
1330 2558 1477 2611 novit
1502 2573 1627 2628 pro.
1726 2560 1849 2628 quia
1886 2570 2141 2630 peccator
2169 2575 2275 2615 non
2316 2562 2538 2617 habebit
2568 2563 2741 2618 locum
2777 2583 2789 2618 :
2835 2566 3101 2623 Mansueti
3134 2581 3308 2624 autem

76 2623 174 2679 vida
206 2629 667 2700 consideratione,
716 2635 770 2690 id
807 2644 892 2692 est
918 2651 1201 2708 peccatum
1247 2648 1389 2716 quod
1421 2650 1503 2703 via
1538 2660 1625 2707 tua
1725 2653 2105 2709 litereditabunt
2131 2663 2326 2708 terram
2358 2655 2671 2710 viventium.
2719 2656 2878 2712 Juxta
2912 2659 3040 2714 illud
3068 2661 3309 2733 Evzmge-

76 2725 193 2771 osset
230 2719 295 2773 ad
324 2730 585 2789 mortem,
626 2726 673 2780 si
704 2731 1017 2787 excusando
1056 2742 1128 2801 te,
1162 2736 1293 2792 illud
1323 2742 1626 2800 occultares
1726 2744 1782 2799 lii
1813 2763 1827 2798 :
1867 2765 1884 2796 ι
1918 2745 2063 2819 Beati
2096 2746 2286 2811 mites,
2318 2746 2572 2816 quoniam
2601 2748 2698 2818 ipsi
2729 2749 3079 2818 possidebunt
3108 2759 3309 2807 terram

76 2818 124 2863 ut
150 2808 325 2867 Adam.
363 2813 441 2868 Et
472 2817 764 2875 revelando
800 2838 951 2892 spera
987 2825 1042 2879 in
1076 2843 1136 2881 eo
1164 2830 1374 2885 veniam
1394 2874 1409 2900 ,
1438 2846 1485 2888 et
1518 2837 1627 2907 ipse
1728 2816 1946 2906 (Matth.
1977 2852 2029 2901 v,
2056 2836 2137 2903 5),
2157 2857 2175 2890 ι
2208 2808 2314 2892 hoc
2336 2808 2517 2892 autem
2546 2808 2795 2909 superius
2818 2841 2995 2909 posuit
3026 2859 3147 2897 cum
3176 2843 3311 2899 dixit

77 2898 219 2966 faciet,
248 2901 298 2956 id
323 2914 406 2959 est
440 2909 732 2979 complebit
753 2914 893 2981 quod
917 2917 1182 2985 sperabis,
1213 2930 1299 2988 et,
1336 2898 1623 2995 postquam
1725 2898 2035 2983 sustinentes
2067 2898 2223 2999 113
2247 2898 2628 2983 ltmreditabuni
2652 2940 2869 2996 terram,
2902 2932 2995 2987 sed
3031 2938 3223 3004 repetit
3252 2944 3309 2989 ut

76 2987 341 3060 indulserit,
381 2993 710 3065 iustiﬁcahit
741 3012 811 3057 te.
852 3004 919 3059 Et
953 3006 1055 3061 hoc
1083 3020 1167 3065 est
1192 2987 1352 3067 extra
1383 2987 1579 3071 librum
1606 3062 1620 3085 ,
1726 3022 1922 3085 addat,
1976 3031 2025 3076 et
2067 2987 2220 3076 cuni
2240 3021 2625 3076 lucreditabunt
2681 3039 2786 3078 non
2836 3025 2887 3078 in
2944 3026 3308 3084 sollicitudine

74 3080 149 3196 sed
172 3097 229 3138 ex
259 3091 620 3156 sequentibus
665 3094 909 3152 innuitur
938 3116 1060 3157 cum
1089 3104 1222 3159 dicit
1256 3123 1269 3159 :
1304 3104 1373 3159 Et
1402 3110 1581 3163 educet
1653 3139 1693 3196 ο
1727 3115 2105 3168 Imreditabunt
2149 3131 2167 3169 :
2213 3114 2306 3168 sed
2355 3114 2753 3169 delectabantur
2806 3116 2857 3171 in
2912 3118 2997 3171 illa
3050 3129 3192 3175 terra
3250 3123 3305 3177 in

73 3168 116 3226 id
136 3181 207 3228 est
229 3178 535 3236 notilicahit
558 3182 678 3239 aliis
697 3186 965 3256 justitiam
991 3202 1137 3247 tuam
1172 3204 1419 3266 tanquam
1452 3198 1626 3255 lumen
1653 3168 1693 3196 υ
1727 3205 2064 3259 multitudine
2110 3208 2286 3276 pacis,
2320 3206 2371 3260 id
2413 3216 2496 3261 est
2534 3208 2588 3262 in
2635 3208 2802 3264 multa
2844 3227 2995 3281 pace.
3029 3214 3180 3279 Quod
3224 3226 3310 3271 est

75 3264 382 3337 existentem,
416 3273 473 3327 id
502 3283 586 3329 est
613 3276 687 3331 ita
720 3290 963 3350 apertam
993 3284 1154 3342 faciet
1180 3264 1315 3344 sicut
1353 3289 1531 3347 lumen
1573 3294 1624 3348 in
1728 3264 2125 3352 haereditabuni
2154 3306 2355 3352 terram
2384 3298 2527 3352 illam
2550 3314 2673 3353 cum
2699 3301 3055 3357 delectatione
3075 3314 3129 3359 et
3153 3321 3303 3375 pace.

80 3360 307 3455 tenebris,
334 3372 395 3418 ut
419 3375 477 3421 et
506 3366 598 3423 alii
620 3373 867 3443 exemplo
896 3385 987 3433 tuo
1011 3377 1278 3449 justitiam
1306 3397 1623 3455 operentur,
1726 3385 1842 3440 Non
1887 3401 2015 3440 vero
2042 3387 2196 3456 ponit
2242 3386 2645 3443 multitudinem
2692 3390 2886 3457 pacis;
2920 3393 3064 3461 quod
3125 3360 3307 3452 multm

70 3444 195 3513 juxta
230 3451 354 3537 illud
406 3455 563 3511 Isaiae
610 3476 625 3513 :
684 3479 704 3512 ι
736 3462 955 3521 Orietur
1000 3469 1053 3523 in
1103 3444 1357 3529 tenebris.
1392 3475 1482 3530 lux
1536 3487 1624 3532 tua
1725 3492 1888 3546 paces
1915 3477 1983 3531 ibi
2018 3477 2213 3532 futura:
2242 3478 2378 3544 sint,
2409 3479 2502 3533 sed
2539 3480 2665 3549 quia
2712 3497 2815 3535 una
2863 3498 2965 3551 pax
2998 3494 3200 3541 mterna
3239 3489 3306 3545 de

75 3536 202 3607 (Ιωί.
228 3536 378 3613 tvm,
411 3547 525 3618 19).
558 3569 577 3601 ι
610 3548 678 3605 Et
700 3552 968 3622 judicium
996 3569 1163 3625 tuum,
1197 3579 1303 3632 quo
1332 3575 1385 3620 tu
1410 3567 1626 3636 judicas
1728 3536 2168 3619 tribulationibus
2191 3536 2396 3629 multis,
2422 3564 2527 3619 imo
2558 3536 2624 3620 de
2652 3536 2903 3623 omnibiis
2924 3570 3003 3625 eis
3032 3572 3303 3636 adfuura,

75 3636 115 3683 te
139 3640 189 3687 ut
212 3648 426 3692 servum
474 3638 588 3696 Deo
626 3651 681 3698 et
720 3644 950 3704 Domino
981 3650 1031 3704 in
1069 3656 1324 3711 omnibus
1361 3660 1580 3715 obedire
1606 3702 1621 3727 ,
1725 3666 1780 3712 et
1810 3672 1906 3726 per
1942 3656 2045 3711 hoc
2070 3656 2254 3711 veniet
2298 3657 2363 3711 ad
2408 3657 2555 3712 illam
2601 3674 2823 3728 pacem,
2855 3662 2977 3729 quia
3013 3664 3097 3719 hic
3126 3667 3305 3720 obser-

73 3721 228 3780 educel
252 3737 509 3800 tanquam
540 3735 827 3802 meridiem,
858 3740 910 3794 id
936 3751 1018 3797 est
1045 3755 1286 3813 apertum
1317 3748 1477 3806 faciet
1506 3721 1625 3808 aliis
1722 3721 1861 3803 vabit
1894 3757 2135 3817 Ριτεαίον
2166 3747 2407 3816 Ῑηδιηηιν
2457 3749 2510 3803 id
2543 3758 2628 3803 εει
2671 3750 3215 3823 ίιιδίάίίλὺίίυνίηδίοο
3248 3765 3308 3809 ³η

73 3814 352 3874 admodum
381 3822 651 3889 meridiei,
682 3837 810 3883 utet
834 3832 923 3886 alii
948 3836 1193 3904 exemplo
1216 3848 1306 3894 tuo
1329 3841 1455 3897 illud
1483 3845 1621 3900 idem
1724 3814 1959 3909 decipiat
2012 3814 2179 3893 eum;
2228 3839 2298 3892 Et
2363 3840 2601 3894 stridebit
2662 3842 2905 3897 dentibus
2968 3862 3127 3915 super
3186 3862 3304 3901 eum

66 3901 290 3971 judicium
317 3913 800 3974 habeant.Etcum
830 3921 911 3977 sic
934 3901 1150 3994 educet,
1170 3930 1273 3983 noli
1297 3931 1622 4003 indesuper-
1724 3901 2039 3995 exisiendo,
2102 3930 2153 3984 id
2203 3939 2288 3986 est
2340 3930 2559 3986 habebit
2613 3931 2752 3986 iram
2796 3933 3206 3991 immoderatam
3251 3949 3308 3993 et

69 3994 200 4066 hire,
228 4002 321 4058 sed
348 4005 602 4061 subditus
634 4019 743 4064 esto
780 4011 1008 4069 Domino
1053 4020 1222 4089 magis
1249 4030 1306 4076 et
1345 3994 1544 4095 magis,
1574 4038 1621 4082 et
1727 4022 2154 4077 irrationabilem
2243 4023 2309 4077 ad
2395 4039 2519 4078 eum
2616 4024 3065 4094 opprimendum,
3153 4044 3305 4086 more

69 4101 144 4141 0m
168 4106 277 4145 eum
304 4102 365 4148 ut
400 4111 512 4152 non
542 4098 784 4167 delicias,
826 4105 921 4158 sed
952 4108 1121 4176 magis
1149 4108 1493 4179 justiticeris,
1537 4132 1625 4172 τε-
1725 4111 2037 4166 animalium
2119 4110 2548 4176 irrationalium,
2635 4127 2755 4181 quae
2827 4114 2967 4170 irata
3050 4118 3304 4172 dentibus

67 4180 178 4246 petit
213 4192 392 4239 autem
438 4191 583 4257 quod
630 4191 683 4245 in
724 4194 992 4264 principio
1035 4201 1248 4267 posuit,
1296 4211 1353 4256 ut
1392 4202 1619 4263 lucidius
1723 4203 1955 4260 strident
1987 4217 2002 4256 :
2030 4213 2085 4257 et
2128 4212 2280 4272 post,
2323 4201 2556 4273 gladium
2598 4180 3033 4273 euaginaverunt,
3081 4217 3188 4262 etc.
3234 4207 3302 4262 Ut

68 4269 187 4325 dicat
211 4274 331 4329 sic:
366 4277 515 4350 Ergo
540 4270 667 4350 quia
705 4284 1189 4353 educet-justitiam
1230 4292 1371 4347 sicut
1398 4292 1616 4362 lumen,
1723 4293 1993 4363 decipiant
2030 4269 2341 4361 pauperem,
2378 4301 2483 4345 etc.
2525 4292 2591 4345 Et
2632 4292 2734 4347 hoc
2775 4302 2946 4348 totum
2995 4305 3078 4351 est
3141 4312 3206 4351 ac
3255 4298 3299 4351 si

66 4360 101 4413 si
125 4366 356 4423 subditus
380 4370 435 4425 ei
477 4368 668 4438 fueris,
700 4374 809 4429 noli
836 4377 1081 4433 aemulari
1107 4381 1160 4434 in
1187 4398 1247 4435 eo
1274 4422 1289 4447 ,
1323 4384 1374 4437 id
1400 4394 1485 4440 est
1511 4360 1617 4442 noli
1722 4360 1866 4439 dicat
1896 4401 1910 4437 :
1943 4360 2048 4438 Per
2090 4384 2193 4437 hoc
2241 4384 2530 4436 devenient
2578 4383 2645 4436 ad
2696 4383 2842 4437 illam
2891 4400 3113 4453 pacem,
3157 4392 3300 4455 quod

66 4449 202 4509 irasci
225 4457 279 4511 in
312 4461 754 4520 consideratione
779 4464 923 4534 ejus,
954 4471 1044 4539 qui
1070 4485 1411 4541 prosperatur
1448 4473 1509 4531 in
1535 4478 1618 4532 ria
1651 4478 1696 4533 D
1722 4475 1813 4529 hic
1840 4474 2241 4527 insidiabantur
2268 4472 2347 4528 eis
2383 4466 2726 4540 peccatores;
2757 4482 2811 4529 et
2838 4476 3141 4531 stridelmnt
3165 4479 3300 4532 dcn~

64 4559 161 4611 sua,
186 4550 394 4607 scilicet
424 4553 535 4609 noli
564 4555 725 4612 irasci
751 4558 805 4611 in
828 4559 1038 4615 nomine
1062 4563 1283 4631 faciente
1310 4568 1589 4636 injustitias

1772 4563 1899 4628 bus;
1937 4571 1990 4615 et
2014 4561 2376 4631 evagiuabunt
2401 4561 2670 4630 gladium,
2702 4573 2753 4617 et
2794 4565 3139 4621 trucidabunt
3173 4584 3297 4637 eos,

64 4635 108 4690 id
140 4649 217 4695 est
240 4644 348 4698 noli
388 4645 554 4702 irasci
594 4647 649 4701 in
691 4652 1050 4719 prosperitate
1093 4655 1328 4712 hominis
1365 4635 1619 4718 facienti;
1721 4662 1776 4708 et
1804 4653 2085 4708 intendent
2112 4666 2297 4706 arcmu
2330 4661 2389 4706 ut
2442 4651 2743 4721 decipiant,
2776 4665 2831 4709 et
2860 4670 2964 4709 non
2995 4666 3253 4725 poterunt
3283 4679 3296 4715 .-

63 4726 349 4800 injustitias,
380 4752 508 4807 qua:
535 4752 696 4794 erunt
724 4742 774 4796 ei
804 4742 887 4797 via
915 4744 981 4799 ad
1012 4755 1240 4801 mortem
1275 4766 1288 4801 :
1317 4752 1412 4805 sed
1441 4753 1587 4821 potiu

1779 4760 1844 4801 co
1868 4744 2008 4815 quod
2036 4751 2287 4813 peccator
2309 4743 2622 4799 observahit
2646 4752 2700 4798 et
2723 4746 3009 4812 stridebit;
3040 4748 3299 4808 Dominus

63 4818 214 4877 desine
246 4827 312 4879 ab
341 4829 428 4882 ira
471 4844 639 4899 parva
662 4871 678 4897 ,
725 4843 772 4886 ει
810 4833 1109 4907 denum,”
1151 4838 1382 4907 [ανονεηι
1405 4883 1419 4905 ,
1442 4818 1508 4899 ’ίά
1535 4854 1620 4901 εει
1721 4841 1898 4885 autem
1945 4830 2197 4883 deridebit
2239 4845 2357 4883 eum
2381 4868 2396 4894 ,
2443 4843 2566 4884 cum
2602 4830 2708 4886 hoc
2755 4831 2976 4898 fecerit,
3027 4835 3077 4888 id
3109 4845 3191 4891 est
3222 4839 3274 4891 di

63 4923 283 4980 magnam
330 4915 497 4971 iram.
529 4918 683 4986 Quod
719 4922 1011 4979 estdicere
1042 4942 1056 4978 ε
1088 4925 1205 4981 Non
1250 4928 1452 4985 habeas
1493 4932 1619 4988 inde
1720 4937 1883 4993 gnum
1917 4919 2185 4975 derisione
2214 4917 2480 4988 iudicabit
2527 4932 2650 4975 eum
2698 4921 2750 4974 in
2789 4922 3124 4990 providentia
3151 4940 3246 4978 sua
3281 4948 3297 4981 :

62 5012 211 5067 neque
238 5018 469 5073 parvam
507 5022 683 5077 neque
723 5024 973 5081 magnam
1018 5013 1174 5068 iram.
1208 5015 1424 5087 Repetit
1450 5021 1616 5077 etiam
1720 5012 1968 5081 quoniam
1999 5010 2276 5079 prospicit,
2306 5010 2358 5064 id
2388 5020 2470 5064 est
2498 5011 2719 5079 provide
2748 5013 2926 5077 videt,
2957 5016 3096 5083 quod
3129 5016 3298 5068 veniat

60 5090 194 5149 aliam
222 5109 438 5167 partem
475 5116 635 5171 quam
665 5103 716 5157 in
752 5106 917 5173 priori
948 5122 1108 5163 versu
1150 5112 1361 5180 posuit,
1389 5114 1581 5171 dicend

1773 5108 1830 5158 'es
1850 5103 1992 5171 ejus,
2026 5103 2081 5158 id
2104 5112 2189 5158 est
2225 5103 2341 5159 dies
2361 5101 2548 5172 judicii
2571 5144 2585 5170 ,
2611 5104 2701 5174 qui
2750 5106 2857 5160 erit
2898 5106 3014 5161 dies
3065 5108 3298 5162 retribu-

60 5199 111 5239 ηε
151 5190 397 5247 setaeeris
425 5233 443 5261 ,
482 5204 588 5251 etc.
642 5195 712 5252 Ut
758 5213 953 5253 causas
999 5212 1303 5271 supponat,
1350 5205 1461 5260 dixi
1510 5207 1617 5261 noli
1723 5198 1884 5253 ιίοιιῖδ
1921 5196 2057 5265 eius-

59 5280 293 5347 temulari,
324 5284 376 5338 id
407 5295 494 5340 est
521 5286 681 5342 irasci
709 5288 761 5342 in
788 5290 1006 5346 homine
1029 5290 1260 5349 faciente
1288 5295 1575 5363 injustitias

1792 5288 2050 5357 Sequitur
2079 5303 2093 5340 :
2127 5285 2374 5341 Gladium
2421 5288 2853 5358 cuaginaverunt,
2900 5296 3006 5343 etc.
3038 5287 3183 5342 Istud
3215 5289 3295 5344 sic

59 5374 103 5417 et
130 5369 281 5424 etiam
310 5374 425 5427 noli
457 5376 725 5440 a'tnulari,
754 5377 805 5432 id
834 5387 917 5433 est
944 5379 1142 5435 imitari
1166 5397 1289 5438 eum
1318 5386 1584 5446 hominem

1771 5385 2110 5448 razposterate
2168 5377 2382 5447 legitur.
2425 5377 2540 5432 Non
2589 5378 2930 5433 solummodo
2980 5395 3135 5446 super
3173 5396 3296 5435 eum

59 5466 104 5511 ιιι
129 5461 426 5535 maligneris
456 5467 703 5536 exemplo
739 5469 854 5536 eius
880 5510 893 5533 ,
931 5479 992 5524 nt
1017 5478 1072 5524 et
1099 5472 1351 5530 similiter
1395 5494 1618 5551 prOSpe-
1718 5471 1958 5525 dentibus
1995 5468 2330 5534 Stridebunt,
2378 5470 2472 5524 sed
2517 5478 2812 5539 peccatores
2842 5470 3173 5524 intenderunt
3201 5488 3293 5525 ar-

59 5552 193 5606 mis.
221 5553 357 5610 Nam
385 5556 436 5611 si
464 5557 790 5629 malignatus
817 5558 1014 5624 fueris,
1048 5562 1190 5615 malo
1221 5573 1310 5620 tuo
1336 5566 1524 5624 iacies.
1718 5581 1837 5617 cum
1862 5578 2036 5624 suum,
2069 5562 2120 5615 id
2140 5572 2224 5615 est
2252 5562 2519 5616 intensam
2544 5561 2747 5615 facient
2773 5563 3141 5631 deceptionem
3167 5578 3297 5633 sug-

117 5641 369 5711 Quoniam
400 5649 494 5719 qui
521 5649 898 5720 malignantur,
925 5653 1429 5726 exterminabuntur,
1463 5661 1512 5714 id
1534 5672 1615 5715 est

1771 5658 2021 5711 :stionurn
2051 5672 2305 5723 suarum,
2336 5669 2393 5711 ut
2416 5652 2688 5721 decipiant
2713 5655 2985 5710 blanditiis
3013 5670 3296 5723 pauperem

60 5744 189 5793 extra
230 5743 500 5799 terminos
546 5758 788 5813 supernae
829 5745 1018 5816 patrim
1065 5750 1414 5820 expelluntur.
1464 5751 1613 5818 Quod
1720 5763 1766 5805 et
1819 5752 2054 5820 inopem,
2109 5752 2158 5807 id
2204 5766 2283 5807 ρει
2316 5752 2517 5821 justum
2549 5764 2707 5817 quem
2739 5748 2961 5803 credent
3002 5761 3296 5816 Ρθυρθνθηι
