3838 6328
555 305 658 362 787

1111 306 1169 362 S.
1210 304 1558 364 BRUNONIS
1595 307 2236 368 CARTIIUSIANORL'M
2265 311 2750 372 INSTITUTORIS
2789 313 2942 372 OPP.
2980 315 3162 373 PARS
3199 317 3236 372 Ι.

3672 321 3757 382 788

553 437 704 486 esse,
735 421 788 476 id
815 430 899 477 est
925 419 1330 477 insuﬁicientem
1362 437 1464 492 ope
1505 440 1604 480 sua
1647 424 1863 480 liberari
1895 440 1913 478 :
1957 436 2014 481 et
2044 426 2130 481 in-
2163 430 2208 487 A
2236 436 2506 498 poteSIate
2538 438 2594 482 ut.
2626 429 2736 484 sint
2769 444 2927 501 reges
2964 431 3050 486 vel
3081 431 3306 487 alterius
3337 432 3478 488 modi
3507 435 3762 508 principes,

556 527 752 584 Opem,
783 513 834 568 id
863 523 943 567 est
968 521 1246 569 carentem
1287 513 1512 569 alterius
1533 531 1634 585 ope
1655 515 1722 569 ad
1769 515 2130 571 liberandum.

553 603 687 658 Cum
733 611 914 656 autem
964 618 1068 657 non
1103 611 1355 672 poterunt
1401 605 1648 674 decipere
1690 620 1850 672 arcu,
1897 605 2134 675 gladium

555 697 979 764 evaginaeerunt,
1005 694 1055 749 id
1081 704 1163 749 est
1185 704 1426 764 apertam
1453 705 1844 751 tormentorum
1869 705 1924 751 et
1945 697 2136 753 martis

553 783 986 853 persecutionem
1015 783 1322 853 proferent,
1356 798 1411 838 ut
1441 787 1736 851 trucident,
1775 785 1826 841 id
1853 795 1938 841 est
1967 786 2136 840 inter-

555 875 742 928 ticiant
769 875 1126 945 corporaliter
1150 885 1314 930 rectos
1336 875 1523 940 corde,
1552 875 1603 930 id
1631 885 1714 930 est
1733 876 1932 946 justos.
1960 876 2134 930 Arcus

555 973 736 1019 autem
764 1005 779 1026 ,
807 965 931 1034 quia
977 979 1074 1034 per
1104 979 1226 1017 cum
1273 964 1326 1018 in
1376 965 1692 1020 abscondito
1722 974 1776 1020 et
1822 969 2136 1036 ignoranter

555 1057 879 1124 percutitur,
899 1072 994 1126 pro
1019 1056 1337 1126 deceptione
1365 1057 1603 1126 ponitur.
1630 1056 1820 1112 Plures
1846 1057 1990 1112 enim
2036 1058 2137 1112 im-

556 1147 661 1218 pii,
689 1163 876 1202 servos
906 1146 999 1202 Dei
1025 1147 1304 1202 blanditiis
1333 1147 1436 1202 sibi
1470 1150 1813 1204 conformarc
1845 1151 2132 1203 nituntur:

556 1240 809 1308 quoniam
836 1253 965 1294 vero
991 1239 1043 1292 in
1067 1238 1247 1308 gladio
1275 1248 1460 1308 aperte
1481 1241 1802 1310 percutitur,
1828 1256 1926 1310 pro
1951 1249 2136 1311 aperta

559 1329 796 1384 ﬁdelium
824 1329 1203 1398 persecutione
1225 1329 1462 1398 ponitur.
1489 1329 1624 1396 Quia
1647 1346 1767 1385 cum
1785 1331 1962 1401 justos
1986 1330 2135 1400 impii

554 1420 832 1476 blanditiis
863 1429 1137 1491 nequeunt
1174 1422 1480 1487 attrahere,
1512 1433 1699 1492 aperta
1745 1423 1936 1478 saltem
1964 1424 2139 1478 mina-

556 1526 674 1565 rum
720 1520 776 1565 et
827 1511 1239 1566 tribulationum
1293 1513 1704 1580 persecutione,
1759 1513 2001 1567 nituntur
2050 1529 2136 1568 re-

557 1614 802 1656 vocare:
852 1617 984 1672 ergo
1029 1603 1154 1672 quia
1207 1603 1573 1672 cvaginabunt
1613 1604 1846 1674 gladium
1898 1605 2138 1660 concedo

557 1693 701 1764 quod
730 1693 942 1764 gladius
979 1711 1159 1749 eorum
1207 1695 1361 1748 intret
1391 1695 1443 1748 in
1474 1696 1634 1750 corda
1677 1698 1942 1764 ipsorum,
1977 1697 2028 1750 id
2056 1706 2139 1751 est

2243 527 2422 574 tamen
2468 519 2698 574 interius
2726 521 2970 588 deﬁcient
2997 534 3017 572 :
3056 521 3356 590 deﬁcientes
3378 525 3766 592 quemadmodum

2237 609 2414 678 fumus
2443 609 2494 662 in
2521 609 2746 674 divitiis,
2777 610 2830 664 id
2857 619 2942 664 est
2967 611 3033 664 ad
3066 611 3282 665 modqu
3305 609 3436 664 fumi
3455 651 3470 675 ,
3493 611 3576 680 qui
3601 625 3767 682 quanto

2236 700 2396 754 altius
2422 700 2694 766 ascendit,
2727 709 2878 756 tanto
2911 701 3074 756 citius
3107 701 3312 758 deﬁcit.
3344 703 3474 758 Dico
3510 706 3639 773 quod
3663 723 3768 776 pec-

2237 801 2452 846 catores
2485 791 2768 861 peribunt,
2800 799 2856 846 et
2901 793 3130 857 merito,
3177 793 3302 861 quia
3347 805 3578 863 peccator
3596 808 3768 850 mutua-

2239 882 2379 936 bitur
2405 899 2433 936 a
2468 884 2732 946 Domino,
2770 883 3102 938 intellectqu
3151 884 3362 940 scilicet
3405 895 3459 940 et
3503 886 3692 940 divitias
3729 899 3770 941 et

2237 972 2524 1027 sanitatem
2544 1012 2560 1036 ,
2587 982 2642 1026 ct
2669 981 2868 1028 caetera
2894 972 3157 1028 beneﬁcia
3179 1012 3194 1040 ,
3235 983 3282 1027 et
3310 990 3414 1027 non
3441 974 3588 1028 solvet
3612 974 3705 1028 Deo
3728 976 3768 1028 in

2238 1079 2481 1119 usuram.
2514 1063 2581 1118 Et
2609 1065 2749 1119 bene
2784 1064 2938 1133 ponit
2961 1079 3068 1118 non
3105 1073 3404 1129 mutuatur,
3435 1063 3524 1118 sed
3553 1065 3770 1117 mutuabi-

2239 1165 2349 1220 tur,
2381 1155 2593 1211 scilicet
2621 1163 3040 1224 perseveranter
3069 1171 3082 1208 :
3131 1156 3222 1209 dat
3252 1154 3400 1210 enim
3437 1154 3572 1208 Deus
3597 1155 3675 1207 uni
3710 1155 3772 1207 in-

2242 1246 2514 1301 tellectum
2543 1255 2603 1301 ut
2631 1247 2770 1302 bene
2795 1247 3144 1316 praedicando
3167 1261 3407 1310 usuram,
3432 1245 3480 1299 id
3503 1255 3579 1299 est
3601 1244 3771 1299 lucrum

2240 1337 2476 1392 ﬁliorum
2504 1337 2996 1393 convertendorum
3031 1337 3141 1392 Deo
3171 1337 3380 1401 solvat;
3414 1337 3505 1391 dat
3526 1336 3672 1390 etiam
3703 1335 3772 1389 alii

2240 1429 2531 1484 sanitatem
2566 1439 2621 1484 et
2647 1429 2898 1494 divitias,
2931 1436 2986 1482 ιιι
3032 1443 3253 1482 usuram
3285 1441 3510 1498 operum
3555 1427 3773 1481 bonorum

2241 1520 2357 1576 Deo
2390 1521 2599 1576 reddat.
2625 1521 2744 1590 Ipse
2767 1537 2898 1575 vero
2923 1535 3044 1574 cum
3070 1521 3184 1574 haec
3207 1517 3467 1575 beneﬁcia
3494 1528 3665 1572 mutuo
3685 1534 3776 1572 sus-

2243 1613 2409 1680 cipiat
2445 1629 2474 1666 a
2510 1613 2651 1678 Deo,
2690 1612 2824 1666 nihil
2864 1611 3046 1666 solvit.
3069 1611 3257 1665 Justus
3287 1621 3461 1664 autem
3487 1626 3549 1664 ex
3574 1610 3776 1681 opposito

2241 1705 2517 1757 miseretur
2529 1705 2819 1773 sui'ipsius,
2837 1704 2971 1758 bene
2985 1704 3235 1758 vivendo.
3257 1702 3411 1758 Unde
3434 1702 3672 1770 scriptum
3685 1712 3771 1756 est:

553 1800 654 1855 pro
683 1784 862 1855 gladio
895 1785 986 1840 illo
1016 1786 1299 1856 contingat
1328 1802 1472 1841 mors
1501 1787 1552 1841 in
1586 1789 1872 1843 animabus
1895 1802 2080 1843 eorum
2118 1807 2130 1843 :
2171 1771 2214 1830 Β
2247 1811 2264 1843 ι
2289 1793 2544 1848 Miserere
2566 1771 2903 1859 animantum,
2926 1792 3146 1862 placens
3169 1791 3486 1864 Deo(Eccli.
3511 1792 3773 1862 ωαξης»

557 1893 587 1932 a
617 1878 974 1934 similitudine
1004 1879 1177 1944 illius,
1207 1877 1358 1947 cujus
1386 1879 1597 1950 gladius
1623 1881 1676 1935 in
1706 1897 1802 1936 cor
1823 1898 1978 1935 suum
2009 1897 2137 1936 con-

553 1968 960 2034 vertitur,'cum
990 1969 1153 2024 alium
1202 1985 1266 2024 eo
1311 1972 1512 2041 cogitat
1559 1973 1836 2039 sauciare;
1865 1985 1910 2028 et
1942 1990 2132 2037 arcus,

554 2059 610 2113 id
653 2067 739 2112 est
785 2058 1032 2128 deceptio
1085 2059 1473 2115 blanditiarum
1504 2079 1682 2116 eorum
1717 2073 2034 2126 conteratur,
2084 2065 2136 2118 id

554 2157 730 2206 estex
755 2158 869 2204 toto
897 2151 1231 2216 destruatur,
1279 2167 1344 2205 ne
1370 2151 1534 2221 justis
1579 2153 1886 2221 praevaleat.
1928 2152 2135 2206 Nolan-

558 2245 684 2297 dum
735 2257 870 2298 sane
920 2243 1062 2312 quod
1113 2243 1350 2314 gladium
1402 2260 1510 2299 non
1555 2255 1676 2299 orat
1721 2246 1988 2315 confringi
2026 2263 2039 2300 :
2071 2245 2136 2300 ad

557 2344 908 2402 augmentum
960 2336 1106 2388 enim
1160 2344 1246 2390 est
1292 2351 1508 2390 coronae
1556 2335 1795 2390 ﬁdelium
1843 2346 2139 2405 spontanee

556 2425 913 2496 patientium,
951 2425 1107 2495 juxta
1153 2425 1284 2480 illud
1337 2425 1677 2480 Dominicttm
1725 2444 1737 2480 :
1797 2445 1815 2478 ι
1853 2426 1998 2480 Beati
2045 2426 2136 2496 qui

556 2516 987 2586 persecutionem
1035 2516 1339 2585 patiuntur,
1396 2525 1618 2586 propter
1650 2515 1941 2585 justitiam.
1981 2537 1999 2569 ι
2032 2525 2135 2570 etc.

561 2607 778 2678 (Matth.
808 2623 860 2674 ν,
894 2607 1006 2677 10.)
1033 2608 1236 2663 Arcum
1260 2624 1422 2675 vero,
1458 2609 1586 2678 quia
1617 2607 1778 2678 justis
1801 2609 2006 2664 inutilis
2031 2619 2136 2675 est,

535 2691 680 2754 'orat
727 2699 995 2771 confringi
1061 2700 1182 2755 Dixi
1234 2702 1378 2771 quod
1424 2703 1693 2757 mansueti
1743 2701 2140 2756 lmreditabunt

557 2803 791 2860 terram,
821 2804 875 2849 et
905 2793 1048 2864 quod
1079 2793 1289 2865 gladius
1314 2805 1660 2864 peccatorum
1691 2796 1856 2850 intret
1883 2797 1936 2850 in
1973 2797 2140 2850 corda

554 2889 840 2958 ipsorum:
874 2888 1103 2957 ideoque
1151 2887 1338 2942 melius
1382 2897 1455 2943 est
1493 2890 1644 2958 justo
1689 2890 1952 2943 modicum
1982 2904 2137 2955 esse,

556 2980 612 3035 id
639 2989 724 3034 est
750 2992 1039 3050 pauperem
1078 2988 1131 3034 ct
1161 2978 1405 3048 inopem,
1441 2996 1596 3047 super
1637 2979 1849 3032 divitias
1891 2991 2136 3048 peccato-

562 3089 680 3126 rum
708 3072 902 3126 multas
936 3071 988 3127 id
1034 3080 1310 3140 estquam
1364 3071 1505 3140 quod
1553 3071 1666 3140 ipse
1715 3071 1912 3126 tnultas
1945 3073 2142 3126 habeat

559 3161 778 3220 divitias
815 3171 870 3218 et
911 3173 1170 3234 peccator
1218 3163 1306 3218 sit.
1343 3163 1410 3217 Et
1445 3162 1723 3234 subjungit
1772 3179 1992 3219 causam
2039 3163 2140 3230 sic,

557 3254 680 3310 ideo
707 3253 914 3310 scilicet
947 3264 1028 3310 est
1048 3254 1196 3324 justo
1229 3255 1412 3309 melius
1433 3295 1448 3321 ,
1487 3257 1736 3325 quoniam
1770 3255 1984 3308 brachia
2022 3271 2143 3324 pec-

560 3355 799 3400 catorum
825 3355 1176 3411 conterentur,
1209 3345 1260 3398 id
1287 3355 1372 3400 cst
1401 3347 1751 3401 destruentur
1798 3362 1862 3400 ex
1919 3356 2028 3401 toto
2067 3347 2146 3400 di-

565 3438 712 3494 vitia:
739 3447 792 3492 et
823 3437 1063 3508 potentia
1101 3451 1322 3501 eorum,
1353 3452 1474 3506 quae
1519 3437 1740 3490 brachia
1773 3436 2048 3500 dicuntur,
2081 3452 2146 3490 eo

562 3530 709 3591 quod
739 3531 790 3584 in
817 3531 896 3585 eis
922 3531 1205 3585 conﬁdunt
1232 3545 1329 3584 ceu
1353 3529 1582 3598 quilibet
1607 3530 1659 3582 iu
1685 3529 1999 3584 fortitudine
2025 3529 2147 3582 bra-

559 3622 838 3687 chiorum;
862 3620 1040 3690 justas
1065 3630 1240 3674 autem
1269 3620 1544 3688 conﬁrmat
1588 3620 1843 3674 Dominus
1873 3635 1970 3690 per
2003 3621 2146 3690 ipsas

561 3713 970 3778 tribulationcs,
1006 3722 1064 3766 ut
1093 3713 1356 3767 clariores
1387 3711 1518 3767 ﬁant
1547 3722 1602 3767 et
1645 3712 1900 3768 fortiores
1948 3713 2000 3767 in
2033 3713 2142 3767 vir-

561 3808 788 3864 tutihus.
836 3807 902 3862 Et
949 3807 1068 3862 ideo
1098 3807 1274 3862 adhuc
1304 3806 1484 3862 melius
1541 3818 1616 3861 est
1663 3807 1926 3860 rnodicum
1964 3807 2145 3875 justo,

566 3898 695 3968 quia
727 3898 864 3952 novit
896 3896 1152 3950 Dominus
1173 3937 1188 3961 ,
1220 3896 1272 3951 id
1318 3905 1398 3952 est
1427 3895 1538 3964 jam
1573 3899 1624 3950 in
1655 3887 2149 3967 providentia/pro-

562 3978 700 4045 vidit
730 3990 840 4044 dies
866 3985 1358 4054 immnculatorum,
1382 3988 1592 4043 scilicet
1636 3988 1750 4042 dies
1780 4003 1916 4057 quos
1947 3987 2147 4041 imma-

561 4080 789 4145 culalis,
843 4080 895 4134 id
942 4088 1024 4133 est
1062 4077 1226 4148 justis
1271 4090 1357 4134 εει
1405 4081 1650 4134 daturus.
1686 4079 1922 4148 Exponit
1965 4089 2148 4134 autem

566 4169 757 4240 quales
784 4171 901 4225 dies
930 4169 1004 4223 illi
1035 4167 1204 4223 futuri
1235 4169 1343 4224 sint
1363 4208 1378 4234 ,
1407 4183 1532 4224 cum
1560 4169 1746 4224 addit:
1775 4169 1842 4222 Et
1867 4169 2149 4224 Iuvreditas

564 4279 745 4317 eorum
778 4263 831 4316 in
865 4273 1117 4316 wternum
1163 4261 1261 4314 erit
1311 4260 1600 4324 duratura,
1650 4259 1860 4314 scilicet
1911 4257 1982 4312 illi
2035 4259 2150 4314 dies

564 4354 918 4411 beatitudinis
946 4369 1085 4424 quos
1127 4353 1270 4408 Deus
1318 4352 1468 4407 dabit
1497 4351 1903 4416 immaculatis;
1942 4358 1995 4406 et
2033 4351 2154 4407 ideo

2241 1884 2328 1938 illc
2349 1900 2478 1939 vero
2495 1886 2596 1940 sibi
2623 1884 2858 1940 crudelis
2880 1893 2963 1939 est
2988 1885 3079 1954 qui
3102 1883 3243 1938 male
3267 1883 3494 1938 vivendo
3514 1898 3624 1938 sese
3644 1883 3777 1936 trahit

2242 1976 2309 2030 ad
2357 1977 2784 2032 damnationem.
2815 1974 2886 2030 Et
2924 1976 3090 2030 etiam
3122 1975 3314 2028 tribuet
3357 1973 3478 2029 aliis
3519 1973 3776 2043 exemplum

2239 2067 2378 2122 bene
2423 2067 2670 2132 vivendi,
2697 2076 2752 2122 et
2773 2067 2852 2121 sic
2883 2067 3173 2121 miseretur
3198 2065 3455 2118 aliorum.
3483 2064 3546 2118 Et
3565 2063 3676 2132 quia
3702 2063 3779 2116 hoc

2240 2173 2346 2212 non
2381 2158 2678 2224 suﬁiceret,
2733 2159 2932 2213 tribuet
2963 2158 3072 2212 illis
3122 2172 3242 2226 qua:
3293 2156 3593 2212 necessaria
3636 2163 3781 2217 erunt,

2239 2247 2436 2316 quibus
2480 2249 2726 2302 doctrina
2759 2245 3068 2302 necessaria
3097 2246 3234 2311 erit,
3273 2245 3600 2309 doctrinam;
3628 2243 3783 2312 quibus

2240 2349 2423 2394 autem
2493 2339 2775 2395 saecularia
2834 2337 3098 2395 beneﬁcia
3129 2379 3143 2402 ,
3222 2336 3504 2392 sarculatia
3548 2333 3781 2390 beneﬁcia.

2238 2430 2546 2485 Notandum
2590 2439 2770 2485 tamen
2800 2429 2944 2500 quod
2981 2428 3146 2483 nullis
3178 2436 3392 2482 tantum
3423 2429 3559 2482 bona
3583 2425 3783 2480 voluntas

2239 2520 2462 2584 sufﬁcit,
2513 2520 2606 2590 qui
2656 2519 2987 2574 voluntatem
3019 2517 3086 2572 ad
3126 2525 3306 2572 actum
3342 2523 3606 2586 nequeunt
3630 2512 3782 2584 perdu-

2242 2628 2390 2668 cere.
2447 2613 2513 2667 Et
2558 2613 2662 2668 hoc
2720 2622 2890 2668 totum
2925 2619 3012 2667 est
3061 2627 3125 2665 ac
3155 2611 3200 2666 si
3231 2611 3441 2665 diceret
3471 2627 3483 2662 :
3515 2609 3782 2663 Peccatores

2241 2721 2348 2760 non
2384 2721 2572 2760 omnes
2619 2705 2900 2775 peribunt,
2948 2704 3042 2759 sed
3086 2704 3162 2758 illi
3207 2704 3296 2773 qui
3349 2702 3708 2758 mutuabuntur
3742 2703 3782 2751 et

2243 2811 2348 2848 non
2387 2795 2625 2861 solvent,
2657 2805 2712 2850 et
2739 2795 2860 2850 ideo
2874 2795 2999 2864 quia
3025 2809 3132 2848 non
3163 2793 3399 2848 solvent.
3431 2791 3607 2848 Justus
3641 2796 3781 2841 autem

2244 2888 2366 2942 ideo
2416 2887 2468 2941 in
2517 2896 2778 2942 aeternum
2827 2886 3258 2950 haereditabitur,
3302 2885 3434 2954 quia
3473 2883 3716 2937 miseretur
3745 2887 3782 2929 et

2244 2982 2455 3035 tribuet.
2511 2980 2574 3036 Et
2629 2981 2731 3035 hoc
2763 2995 2869 3034 non
2926 2978 3090 3034 faciet
3135 2977 3308 3047 gratia
3353 2975 3551 3030 favoris
3575 2969 3778 3028 humani,

2247 3074 2343 3127 sed
2381 3074 2482 3127 hoc
2529 3073 2618 3126 tali
2653 3071 2929 3137 contuitu,
2972 3071 3097 3141 quia
3139 3068 3499 3123 benedicentss
3540 3065 3611 3129 ei,
3639 3061 3683 3116 id
3719 3068 3782 3114 cst

2249 3165 2534 3220 laudantes
2563 3181 2684 3218 eum
2716 3163 2855 3218 bona
2884 3163 2994 3217 vita
3037 3177 3131 3218 sua
3155 3203 3169 3226 ,
3215 3159 3594 3214 lurreditabunt
3629 3165 3783 3209 terram

2249 3257 2564 3312 viventium.
2591 3255 2962 3309 Maledicentes
2991 3264 3164 3308 autem
3189 3255 3256 3314 ei.
3284 3254 3341 3308 id
3364 3261 3448 3308 est
3471 3251 3786 3318 vituperantes

2249 3366 2370 3406 cum
2386 3349 2524 3403 mala
2551 3350 2656 3402 vita
2673 3364 2768 3402 sua
2786 3389 2800 3413 ,
2815 3346 3158 3418 disperibuut,
3177 3347 3226 3399 id
3244 3356 3330 3401 est
3352 3360 3418 3399 ex
3437 3354 3544 3398 toto
3557 3339 3784 3412 peribunt,

2250 3452 2304 3495 ct
2342 3442 2604 3494 inanima
2639 3439 2776 3494 etin
2817 3453 3066 3508 corpore.
3116 3437 3270 3504 Quod
3323 3447 3412 3493 est
3455 3436 3650 3495 dicere,
3692 3430 3786 3483 ideo

2252 3532 2538 3586 miseretur
2567 3540 2620 3584 ct
2653 3530 2854 3584 tribuet
2887 3547 2898 3582 :
2926 3537 2980 3582 et
3011 3528 3092 3582 sic
3131 3527 3302 3582 Deum
3336 3525 3600 3581 benedicit
3626 3531 3675 3573 ut
3701 3529 3788 3571 ter-

2254 3641 2367 3680 ram
2397 3623 2677 3678 luet-editct
2696 3665 2710 3688 ,
2739 3631 2794 3676 et
2823 3637 2929 3676 non
2961 3631 3150 3691 pereat
3191 3620 3465 3675 cessando
3492 3633 3519 3672 a
3547 3615 3630 3670 Dei
3657 3613 3787 3666 bene-

2251 3715 2518 3778 dictione,
2559 3723 2614 3769 et
2643 3714 2720 3768 sic
2748 3729 2866 3768 cum
2919 3713 3295 3782 vituperando.
3325 3713 3520 3767 Certus
3546 3717 3619 3763 cst
3641 3706 3784 3766 enim,

2251 3807 2376 3876 quia
2409 3821 2600 3860 ornnes
2629 3803 3016 3858 benedicentes
3058 3803 3465 3858 haereditahunt
3485 3842 3499 3864 ,
3526 3809 3576 3853 et
3604 3793 3786 3852 maledi-

2251 3906 2438 3952 centes
2469 3895 2832 3965 disperibunt.
2868 3894 3161 3948 Sciendum
3181 3902 3266 3947 est
3293 3902 3498 3956 autem,
3529 3887 3656 3959 quod
3677 3885 3786 3938 sicut

2249 3990 2388 4044 bene
2415 3989 2676 4053 vivendo,
2710 3986 2876 4041 Deum
2927 3985 3152 4056 quilibet
3199 3985 3502 4049 benedicit,
3535 3983 3582 4035 id
3607 3977 3786 4034 estlau-

2253 4083 2373 4145 dat,
2405 4082 2476 4134 ita
2508 4079 2649 4135 male
2675 4079 2908 4134 vivendo
2936 4080 3035 4149 ipsi
3067 4078 3375 4143 maledicit,
3411 4078 3462 4131 id
3491 4084 3568 4130 est
3590 4086 3695 4128 eum
3725 4068 3786 4118 vi-

2259 4180 2506 4242 tuperat,
2547 4171 2807 4240 Apostolo
2838 4180 3110 4226 testante:
3153 4187 3171 4220 ι
3210 4168 3422 4223 Nomen
3465 4167 3554 4222 Dei
3603 4177 3686 4232 per
3715 4171 3790 4210 vos

2257 4261 2668 4330 blasphematur
2701 4260 2844 4313 inter
2878 4269 3069 4328 gentes
3119 4257 3292 4328 (Rom.
3343 4274 3414 4322 ιι,
3442 4255 3552 4326 24).
3584 4273 3602 4306 ι
3633 4251 3689 4305 Et
3711 4249 3790 4302 huc

2258 4353 2417 4406 modo
2445 4368 2549 4406 non
2597 4351 2818 4406 habebit
2845 4369 2874 4405 a
2909 4367 2969 4405 se
3009 4351 3187 4419 justus
3213 4351 3362 4419 quod
3409 4351 3488 4404 sic
3532 4339 3788 4400 miseri-ullo

569 4446 732 4518 114
761 4447 937 4502 adhuc
957 4446 1142 4500 melius
1175 4456 1248 4500 est
1280 4445 1542 4499 modicum
1557 4444 1869 4514 justo,quia
1893 4461 1996 4497 non
2027 4456 2150 4496 con-
2187 4466 2232 4524 ι)
2261 4444 2554 4506 retribuet,
2597 4453 2653 4497 et
2688 4458 2784 4512 per
2811 4443 2912 4497 lzoc
2941 4442 3352 4496 hacrcditabitur
3381 4459 3394 4494 :
3428 4440 3519 4496 sed
3545 4435 3670 4506 apud
3706 4431 3788 4484 Do-

571 4539 882 4608 j'undentur,
909 4539 960 4594 id
995 4549 1079 4594 est
1123 4553 1228 4593 non
1257 4538 1726 4593 conturbabuntur
1755 4537 1948 4590 timore
1979 4549 2151 4606 patum

568 4629 626 4682 in
650 4638 878 4698 tempore
902 4629 1076 4694 malo,
1109 4629 1162 4684 id
1189 4637 1272 4684 est
1301 4629 1353 4682 in
1385 4627 1474 4683 die
1501 4625 1708 4698 judieii.
1740 4626 1808 4680 Et
1845 4642 1949 4681 non
1974 4625 2149 4680 solum

569 4733 677 4774 non
709 4720 1128 4784 confundentur,
1180 4720 1273 4775 sed
1320 4720 1486 4774 ctiam
1535 4719 1920 4773 saturabuntur
1946 4727 2151 4778 aeterna

571 4809 743 4880 gloria
765 4812 818 4865 in
843 4811 1024 4866 diebus
1047 4812 1225 4881 fontis,
1245 4812 1297 4867 id
1319 4821 1402 4866 est
1425 4812 1477 4866 in
1505 4811 1694 4866 diebus
1717 4811 1843 4866 vita:
1868 4809 2080 4873 futurm,
2101 4811 2151 4863 in

570 4917 676 4974 qua
701 4902 846 4972 impii
863 4903 1104 4957 csurient
1124 4919 1232 4972 prae
1254 4904 1432 4973 inopia
1447 4904 1557 4957 veri
1575 4903 1721 4957 boni.
1738 4903 1861 4957 Dies
1881 4902 2155 4972 pluraliter

575 4994 750 5065 ponit,
777 4993 906 5064 quia
929 4993 1042 5048 dics
1062 4994 1152 5048 illa
1179 5009 1297 5064 quae
1318 4994 1474 5049 unica
1496 5003 1550 5049 et
1570 5005 1770 5049 aeterna
1796 4995 1920 5058 erit,
1944 4994 2152 5047 dierum

570 5095 798 5141 Istorum
829 5083 1227 5140 multitudinem
1249 5125 1262 5147 ,
1295 5085 1646 5141 diuturnitate
1673 5086 1970 5155 superabit.

642 5177 923 5245 Quaarerct
954 5175 1149 5245 aliquis
1187 5190 1357 5246 quare
1385 5187 1606 5231 vocatur
1649 5187 1857 5246 tempus
1883 5177 2008 5230 illud
2036 5193 2154 5232 ma-

571 5265 718 5330 lum,
749 5274 804 5321 et
835 5267 950 5321 dies
997 5265 1164 5320 mali?
1189 5265 1270 5318 Ad
1299 5265 1404 5321 hoc
1451 5276 1635 5322 autem
1683 5267 2001 5336 respondet,
2036 5268 2157 5322 red-

573 5359 751 5414 dendo
781 5375 1000 5415 causam
1031 5360 1110 5416 sic
1153 5375 1168 5415 :
1205 5360 1347 5427 Quia
1391 5369 1692 5426 peccatores
1721 5358 1963 5429 peribunt
1996 5367 2154 5426 tunc,

571 5457 630 5506 et
657 5465 765 5505 non
792 5449 967 5506 solum
1000 5461 1127 5508 tunc
1160 5452 1442 5524 peribunt,
1481 5452 1576 5506 sed
1599 5451 1800 5505 inimici
1829 5450 2074 5515 Domini,
2102 5451 2155 5506 id

570 5551 658 5598 cst
683 5542 848 5597 etiam
881 5543 984 5614 ipsi
1030 5555 1344 5614 peccatores
1383 5543 1475 5615 qui
1520 5552 1650 5598 sunt
1693 5543 1897 5598 inimici
1945 5544 2156 5598 Domini

576 5634 720 5689 mala
745 5635 854 5690 vita
881 5651 998 5691 sua.
1027 5635 1269 5692 Ponatur
1293 5635 1438 5708 quod
1466 5653 1605 5700 mox,
1639 5637 1690 5692 id
1718 5643 1802 5692 est
1831 5635 1898 5689 ab
1929 5635 2160 5690 infantia

579 5724 910 5794 honori/icati
961 5727 1190 5798 fuerint,
1225 5727 1428 5785 honore
1477 5727 1714 5795 scilicet,
1746 5735 1802 5783 et
1845 5725 2070 5782 cxaltati
2103 5725 2154 5780 in

2257 4534 2456 4587 mitium
2477 4573 2492 4598 ,
2521 4533 2571 4586 id
2604 4544 2686 4588 est
2719 4535 2770 4586 in
2800 4534 3151 4602 dispositione
3186 4533 3302 4587 Dei.
3343 4531 3562 4588 Cressus
3585 4524 3786 4582 hominis,

2258 4625 2308 4678 id
2337 4634 2416 4678 est
2450 4625 2602 4679 honre
2647 4623 2958 4678 allectioues
2999 4631 3055 4676 et
3104 4623 3452 4693 Operationes
3485 4619 3636 4688 justi,
3663 4612 3790 4668 ratio-

2259 4715 2512 4770 nabiliter
2534 4731 2592 4770 se
2620 4715 2892 4781 habentis,
2915 4714 2982 4768 ad
3014 4714 3230 4768 modum
3262 4713 3527 4777 hominis,
3552 4709 3722 4779 quibus
3739 4700 3789 4752 ad

2257 4808 2424 4860 vitam
2457 4807 2722 4877 graditur,
2752 4805 3046 4874 dirigentur
3070 4813 3487 4876 perseveranter
3515 4801 3580 4855 de
3606 4799 3724 4852 bono
3749 4791 3789 4842 in

2261 4898 2474 4954 melius.
2505 4899 2560 4951 lu
2587 4897 2691 4951 alia
2725 4897 3082 4951 translatione
3110 4897 3342 4951 habetur
3367 4912 3397 4950 a
3423 4893 3654 4949 Domino.
3679 4886 3791 4940 Belle

2262 4999 2442 5043 tamen
2473 4989 2710 5058 ponitur,
2742 4988 2884 5057 apud
2913 4987 3226 5052 Dominum,
3258 5002 3355 5056 per
3382 4981 3786 5040 similitudinem:

2257 5079 2382 5150 quia
2440 5080 2582 5134 sicut
2627 5079 2767 5149 apud
2811 5077 3046 5147 aliquem
3079 5078 3410 5148 principem,
3445 5077 3498 5130 id
3525 5085 3604 5129 est
3638 5074 3684 5126 in
3723 5081 3789 5122 sc-

2258 5180 2407 5227 creta
2432 5169 2550 5240 ejus
2575 5170 2928 5239 dispositione
2955 5169 3120 5224 totius
3145 5170 3294 5239 regni
3319 5167 3436 5235 ejus
3467 5158 3789 5220 moderamina

2257 5270 2686 5334 pertractantur,
2710 5260 2790 5314 sic
2817 5260 2957 5329 apud
2979 5259 3219 5313 divinam
3251 5257 3646 5327 dispositionem
3669 5244 3789 5334 quid

2263 5332 2393 5423 quid
2437 5368 2467 5406 a
2504 5351 2663 5406 bonis
2693 5351 2894 5420 agitur,
2943 5349 3250 5404 ordinatur.
3296 5348 3362 5402 Et
3407 5361 3504 5418 per
3546 5345 3638 5398 hoc
3678 5332 3790 5407 quod

2264 5446 2406 5500 Deus
2436 5445 2632 5515 diriget
2658 5459 2877 5514 gressus
2912 5442 3182 5507 hominis,
3212 5441 3343 5496 colet
3389 5439 3559 5508 magis
3583 5445 3633 5488 et
3655 5427 3791 5496 magis

2265 5541 2379 5613 ipse
2409 5541 2570 5596 homo
2593 5539 2733 5592 viam
2758 5535 2876 5606 ejus
2901 5536 2995 5591 Dei
3022 5551 3038 5590 :
3071 5537 3207 5590 viam
3231 5533 3437 5589 scilicet
3459 5529 3789 5585 mandatorum

2262 5632 2395 5702 ejus,
2423 5647 2516 5700 per
2539 5643 2701 5700 quam
2737 5628 2803 5683 ad
2829 5628 2996 5683 vitam
3029 5626 3230 5691 veniet,
3254 5624 3336 5680 vel
3364 5624 3444 5678 sic
3471 5641 3483 5676 :
3517 5619 3626 5675 Non
3653 5614 3792 5670 solum

2268 5725 2462 5795 diriget
2491 5736 2711 5794 gressus
2761 5721 2878 5792 ejus
2913 5727 3196 5792 postquam
3242 5716 3418 5786 justus
3467 5714 3594 5779 erit,
3631 5706 3712 5765 sed
3750 5709 3790 5755 cl
