3838 6328
135 322 208 380 789
945 304 1309 363 EXPOSITIO
1349 305 1415 360 IN
1454 303 1790 359 PSALMOS.
1819 334 1886 343 —
1926 298 2122 355 PSAL.
2163 296 2402 352 XXXVI.

3214 290 3312 351 790

133 438 235 491 viam
259 430 385 501 ejus,
407 426 457 483 id
483 432 565 482 est
585 425 779 481 bonam
820 423 987 478 vitam
1018 422 1167 493 ejus,
1196 438 1316 493 quae
1341 422 1445 478 erit
1472 422 1519 477 ei
1548 422 1633 475 via
1664 422 1710 480 Λ
1739 426 1866 473 sunt
1887 416 2167 482 messium;
2192 414 2299 468 vidi
2324 426 2561 482 quaerens
2585 425 2795 479 panem,
2825 414 2877 467 id
2902 421 2982 467 cst
3013 412 3316 468 irremune-

133 527 182 581 a'l
201 525 359 585 vitam,
388 520 528 574 volet
553 526 602 573 et
632 520 746 586 ipse
772 516 913 571 Deus
935 531 1057 571 eum
1084 515 1305 580 habere,
1334 515 1384 569 id
1415 524 1497 569 est
1519 530 1639 585 gra-

132 618 232 675 tuita
266 612 404 683 115
439 611 709 666 voluntate
736 609 785 663 ei
819 608 990 663 dabit.
1023 606 1260 678 Exponit
1286 616 1468 661 autem
1506 620 1641 675 quo-

134 707 251 762 modo
270 707 445 775 diriget
478 703 577 758 sic.
606 702 673 758 Et
697 702 775 757 sic
810 701 1007 771 diriget
1029 700 1169 769 quod
1200 715 1321 755 cum
1352 700 1401 753 ei
1430 698 1642 754 dederit

135 798 444 853 tribulationes
480 794 804 857 exteriores,
839 810 941 846 non
971 791 1249 846 collidatur
1287 791 1339 845 in
1375 792 1556 846 anima
1583 798 1642 845 ut

134 892 312 951 deliciat,
339 890 559 957 ideoque
596 902 701 941 non
738 886 1041 941 collidetur.
1080 884 1341 949 Quoniam
1386 884 1640 938 Dominus

133 1007 149 1043 ε
176 988 315 1055 pponit
338 986 383 1039 ei
410 1001 619 1038 manum
641 1001 814 1045 suam,
854 983 904 1036 id
936 992 1018 1037 est
1054 990 1323 1036 sustentat
1359 997 1480 1036 eum
1511 997 1539 1035 a
1570 982 1644 1036 si-

134 1075 374 1129 militudine
411 1073 573 1137 illins,
614 1072 707 1141 qui
751 1071 971 1126 cuilibet
1002 1070 1216 1124 nutanti
1260 1086 1477 1125 manum
1518 1087 1643 1139 sup-

132 1166 256 1236 ponit,
284 1181 342 1218 ne
367 1166 555 1227 cadat,
584 1164 669 1217 vel
702 1162 798 1218 sic.
828 1162 905 1217 Ne
933 1170 1147 1232 putaret
1174 1160 1370 1229 aliquis
1398 1162 1541 1231 quod
1566 1162 1645 1215 sic

134 1257 411 1323 dirigeretur,
449 1263 506 1308 ut
541 1254 688 1308 nullo
720 1255 880 1308 modo
906 1257 1146 1319 caderet,
1174 1255 1361 1309 addit:
1400 1255 1490 1310 Sic
1518 1254 1647 1307 diri-

135 1354 279 1415 gentur
313 1359 519 1414 gressus
564 1345 705 1413 ejus,
756 1344 900 1413 quod
947 1359 1063 1397 cum
1096 1344 1335 1398 ceciderit
1386 1345 1439 1398 in
1479 1360 1646 1413 parvo

133 1444 323 1504 peccato,
347 1452 445 1488 non
473 1433 772 1495 collidetur,
814 1433 867 1487 id
894 1440 975 1487 est
998 1434 1319 1503 gravissime
1346 1449 1452 1487 non
1484 1433 1644 1486 hede-

136 1537 211 1590 tur,
238 1525 544 1579 devenienth
577 1525 628 1578 in
665 1524 966 1578 eritninalia
998 1542 1011 1577 :
1045 1524 1129 1579 vel
1170 1541 1289 1578 cum
1320 1525 1562 1578 ceciderit
1594 1525 1647 1578 in

135 1616 443 1687 suggestioues
476 1634 578 1670 non
624 1617 919 1682 collidetur,
960 1617 1321 1672 criminaliter
1352 1617 1646 1688 peccando.

136 1706 365 1774 Sequentia
399 1723 589 1763 versus
625 1708 785 1778 hujus
814 1724 920 1762 non
961 1717 1261 1762 mutantur.

1740 521 1918 565 ratum
1964 506 2201 564 carendo
2245 521 2386 573 pane
2431 506 2557 561 vita:
2588 515 2644 561 et
2676 504 2999 570 intellectus,
3026 505 3092 559 ab
3122 488 3327 559 eadem

1741 600 2107 661 similitudine,
2143 613 2262 667 quae
2298 596 2350 650 in
2386 596 2651 665 superiori
2689 595 2956 651 sententia
2992 594 3166 663 posita
3206 600 3313 647 est.

1741 692 1807 746 Et
1831 689 1955 744 inde
1979 695 2225 757 apparet,
2248 686 2392 755 quod
2419 700 2446 738 a
2479 685 2588 739 Deo
2614 700 2717 739 non
2746 676 3154 750 derelinquitur.
3179 680 3325 735 Nam

1742 791 1850 834 tota
1881 780 1985 843 die,
2018 779 2070 831 id
2094 785 2178 831 est
2197 775 2418 846 jugiter,
2442 777 2720 830 miseretur
2748 783 2802 830 et
2830 774 2948 844 ejus
2977 785 3028 827 et
3059 772 3314 835 aliorum,

1742 882 1788 927 et
1816 870 2110 924 commodat
2142 868 2264 923 aliis
2304 869 2498 922 bonam
2545 867 2985 938 prmdicalionem
3028 873 3085 919 et
3124 871 3332 918 metet-a-

1743 962 2026 1020 beneﬁcia.
2051 961 2115 1014 Et
2138 961 2276 1015 bene
2296 959 2791 1030 ponit,commodat,
2817 959 2868 1013 id
2891 958 2974 1012 e'st
3002 964 3184 1010 mutuo
3209 956 3321 1019 dat,

1746 1065 1803 1110 ut
1825 1064 1878 1110 et
1908 1055 2007 1124 ipsi
2038 1053 2157 1107 aliis
2185 1052 2549 1122 indigentibus
2580 1052 2839 1117 tribuant,
2873 1059 2928 1104 et
2953 1050 3030 1104 sic
3063 1048 3157 1103 Dei
3185 1047 3326 1102 dona

1747 1147 2169 1217 multiplicentur
2190 1163 2203 1198 :
2225 1146 2326 1199 hoc
2357 1153 2534 1198 autem
2560 1144 2808 1213 superius
2838 1142 3044 1212 posuit,
3078 1139 3173 1195 sed
3197 1139 3322 1207 quia

1747 1236 2162 1293 indeterminate
2190 1235 2422 1299 dixerat,
2461 1233 2675 1303 repetit,
2706 1230 3025 1302 apponentlo
3067 1238 3179 1284 tota
3215 1228 3324 1282 dic.

1748 1328 1814 1381 Et
1839 1328 1963 1398 quia
1994 1328 2270 1381 miseretur
2302 1335 2348 1379 et
2379 1324 2696 1389 commodat,
2735 1339 2908 1377 semen
2943 1321 3106 1383 illius,
3153 1320 3205 1373 id
3241 1330 3337 1381 est

1746 1420 1885 1476 bona
1900 1419 2165 1490 operatio,
2188 1420 2281 1471 erit
2304 1418 2357 1471 in
2381 1416 2752 1481 benedictione,
2778 1414 2836 1469 id
2857 1422 2942 1468 est
2965 1412 3067 1467 erit
3093 1412 3149 1465 ei
3163 1427 3327 1466 causa

1749 1510 2162 1574 benedictionis,
2216 1509 2268 1563 id
2313 1517 2396 1564 est
2438 1507 2782 1563 exaltationis
2830 1506 2883 1559 in
2936 1504 3139 1559 futuro.
3188 1502 3330 1573 Ergo

1749 1604 1874 1674 quia
1899 1612 2195 1672 peccatores
2233 1600 2496 1669 peribunt,
2530 1608 2584 1653 tu
2615 1601 2708 1668 qui
2756 1596 2953 1652 salvari
2987 1595 3093 1658 vis,
3123 1592 3341 1647 declina

1754 1713 1784 1749 a
1811 1695 1952 1749 malo
1983 1691 2384 1748 universaliter.
2418 1691 2484 1744 Et
2506 1690 2633 1761 quia
2660 1688 3015 1743 benedicentes
3044 1684 3331 1739 Dominum

182 1797 414 1862 Quaereret
449 1798 646 1866 aliquis
674 1761 815 1852 u'nde
844 1798 952 1853 scis
979 1799 1121 1867 quod
1147 1796 1325 1866 justus
1365 1815 1469 1852 non
1497 1798 1652 1852 colli-
1681 1761 1724 1819 Β
1756 1789 1894 1843 bona
1926 1788 2033 1841 vita
2064 1802 2159 1841 sua
2188 1783 2569 1840 luereditabunt
2606 1791 2801 1835 terram
2832 1820 2846 1845 ,
2897 1779 2982 1849 [ac
3021 1778 3234 1839 bonum,
3276 1785 3332 1829 et

137 1890 277 1942 detur?
302 1890 547 1959 Sequitur
580 1890 863 1959 responsio
901 1891 980 1944 sic
1020 1890 1268 1956 dicenda,
1316 1891 1361 1945 si
1405 1890 1654 1946 Christus

140 1979 175 2031 in
212 1978 292 2033 hoc
335 1979 537 2048 psalmo
584 1989 731 2050 agat.
776 1980 887 2050 Ego
930 1980 1118 2050 junior
1156 1980 1235 2048 [ui
1283 1980 1337 2033 in
1395 1980 1654 2034 membris

137 2073 250 2134 meis,
285 2071 328 2124 id
355 2080 435 2125 est
469 2072 522 2124 in
558 2081 803 2141 tempore
842 2071 1141 2142 primorum
1170 2070 1463 2140 justorum.
1502 2071 1656 2138 Quod

136 2172 195 2215 est
218 2163 369 2216 dicere
402 2180 414 2215 :
455 2162 630 2216 llabui
668 2164 909 2218 membra
943 2161 1183 2229 juniora,
1219 2163 1300 2217 vel
1338 2163 1439 2227 sic,
1478 2163 1521 2217 si
1556 2163 1659 2217 Ec—

139 2252 253 2306 clesia
282 2261 409 2320 agat.
442 2252 646 2306 Junior
676 2252 755 2320 fui
786 2253 837 2305 in
875 2253 1067 2321 primis
1098 2251 1262 2319 justis
1302 2252 1459 2316 meis,
1492 2253 1543 2306 id
1574 2261 1658 2307 est

139 2340 175 2393 in
198 2351 400 2411 tempore
424 2332 557 2396 Abel
590 2351 645 2396 et
667 2351 985 2395 caeterorum
1017 2342 1336 2409 primorum,
1368 2341 1457 2408 qui
1478 2339 1655 2407 junio~

138 2448 201 2486 res
222 2433 462 2494 dicuntur,
508 2432 598 2486 vel
627 2432 754 2501 quia
798 2432 958 2501 primi
999 2431 1236 2495 fuerunt,
1268 2430 1349 2485 vel
1391 2431 1517 2500 quia
1551 2446 1658 2484 non

141 2522 236 2576 adeo
259 2523 300 2575 iu
324 2522 613 2577 virtutibus
632 2522 850 2586 maturi,
885 2531 943 2576 ut
968 2521 1041 2575 illi
1067 2521 1155 2590 qui
1186 2530 1309 2590 post
1334 2519 1536 2575 Christi
1567 2521 1662 2574 ad-

139 2623 302 2665 ventum
334 2614 684 2667 exstiterunt.
740 2612 807 2665 Et
851 2612 905 2666 in
949 2611 1038 2666 illa
1081 2612 1364 2682 juventute
1416 2628 1515 2665 non
1558 2611 1663 2666 vidi

140 2702 285 2766 justum
306 2704 627 2767 derelictum,
662 2704 712 2757 id
747 2714 831 2759 est
867 2719 897 2758 a
929 2705 1039 2759 Deo
1074 2721 1178 2760 non
1205 2704 1475 2774 adjutum.
1508 2705 1664 2759 Dice-

140 2803 195 2845 ret
216 2794 418 2863 aliquis:
449 2795 593 2861 Quid
617 2796 661 2851 si
691 2796 741 2848 in
761 2796 1047 2865 iuventute
1075 2811 1182 2851 non
1214 2797 1428 2852 vidisti?
1454 2797 1662 2852 Tamen

140 2899 281 2956 postea
317 2892 536 2945 fortasse
567 2892 793 2963 contigit
817 2892 1025 2959 justum
1052 2906 1174 2947 esse
1203 2891 1548 2947 derelictum.
1586 2892 1663 2945 Ad

142 2980 212 3033 hoc
233 2990 387 3037 autem
414 2984 492 3037 sic
531 2984 831 3052 interponit
876 3001 888 3035 :
914 2981 1030 3036 Non
1062 2983 1290 3051 contigit
1320 2983 1543 3037 scilicet.
1579 2982 1668 3035 Et-

1755 1894 1861 1934 non
1892 1877 2127 1932 horarie.
2162 1876 2268 1932 Sed
2301 1874 2533 1929 inhabita
2558 1872 2687 1927 illud
2725 1871 2925 1925 bonum
2954 1883 3125 1938 usque
3153 1868 3207 1920 in
3232 1881 3335 1919 sa:-

1756 1971 1931 2025 culum
1965 1967 2164 2032 swculi,
2202 1968 2255 2022 id
2289 1974 2371 2022 est
2407 1978 2695 2035 persevera
2727 1963 2780 2016 in
2816 1976 2879 2016 eo
2920 1959 3060 2014 bono
3099 1971 3333 2026 semper.

1758 2063 1965 2117 Etecce
1991 2076 2168 2115 causa:
2193 2060 2389 2130 quibus
2410 2057 2787 2113 declinandum
2811 2055 2883 2109 sit
2915 2069 2943 2107 a
2980 2052 3145 2116 malo,
3171 2060 3225 2105 et
3262 2049 3339 2103 fa-

1757 2154 2007 2210 ciendum
2034 2154 2257 2207 bonum.
2286 2151 2423 2217 Quia
2446 2149 2704 2203 Dominus
2726 2146 3147 2216 amatjudicium
3170 2142 3339 2206 istud,

1759 2254 1816 2300 ut
1854 2246 1956 2298 hoc
1984 2243 2190 2298 scilicet
2219 2242 2500 2297 nobiscum
2526 2239 2832 2310 judicemus
2865 2247 2920 2291 et
2949 2234 3341 2305 compleamus.

1764 2335 1826 2388 Et
1857 2334 1977 2388 ideo
2000 2334 2195 2397 adhuc,
2222 2332 2345 2402 quia
2372 2348 2473 2384 non
2500 2328 2817 2397 derelinquet
2842 2326 3111 2393 inadjutos
3133 2332 3353 2377 sanctos

1759 2442 1905 2488 suos,
1937 2423 2027 2493 qui
2063 2423 2166 2477 hoc
2204 2436 2386 2476 secum
2414 2419 2756 2491 indicabunt,
2788 2416 2881 2470 sed
2917 2414 3085 2484 116‘
3105 2414 3157 2465 in
3189 2422 3349 2466 teter-

1763 2533 1886 2571 num
1909 2518 2353 2571 conservabuntur
2376 2527 2406 2565 2
2437 2510 2566 2565 Deo.
2599 2509 2667 2564 Et
2688 2507 2809 2563 ideo
2832 2522 3044 2578 quoque
3068 2504 3355 2559 declinan-

1764 2611 1889 2666 dum
1913 2620 1995 2665 est
2023 2624 2051 2662 a
2079 2605 2237 2667 malo,
2270 2604 2396 2674 quia
2430 2602 2614 2671 injusti
2639 2600 2922 2670 punientur
2948 2598 3000 2651 in
3032 2595 3229 2650 futuro.
3268 2592 3348 2647 Ne

1764 2716 1893 2756 vero
1920 2708 2136 2770 putaret
2167 2695 2363 2766 aliquis
2388 2708 2482 2748 eos
2517 2705 2636 2746 esse
2670 2688 2979 2752 salvandos,
3012 2701 3110 2756 pro
3144 2684 3353 2753 aliquot

1765 2793 2016 2861 oneribus
2039 2789 2215 2853 bonis,
2242 2802 2362 2858 quae
2388 2800 2484 2855 pro
2513 2784 2697 2836 favore
2721 2780 2947 2844 faciunt,
2972 2777 3149 2832 addit:
3173 2775 3238 2830 Et
3268 2791 3348 2828 se-

1766 2903 1884 2940 men
1911 2883 2189 2953 impiorum
2218 2879 2423 2949 peribit,
2456 2876 2508 2930 id
2539 2882 2619 2929 est
2648 2872 2786 2927 bona
2815 2870 3059 2940 operatio
3082 2885 3202 2939 qua:
3224 2882 3345 2921 con-

1768 2977 1905 3029 tuitu
1937 2972 2136 3027 favoris
2159 2970 2337 3040 agitur
2363 2982 2467 3022 non
2494 2962 2952 3019 remunerabitur.
2988 2958 3143 3015 Unde
3165 2957 3348 3011 Domi-

141 3070 238 3122 enim
262 3075 390 3125 senui
417 3082 631 3143 postea,
656 3073 705 3126 id
730 3085 813 3128 est
840 3087 996 3127 senes
1023 3072 1206 3127 ﬁdeles
1236 3073 1420 3139 habui,
1451 3083 1667 3143 aposto-
1694 3098 1738 3159 Ο
1770 3081 1871 3121 nus
1892 3067 1943 3119 in
1969 3062 2286 3133 Evangelio:
2309 3058 2507 3112 «Amen
2530 3055 2651 3110 dico
2671 3053 3184 3120 vobis,recepcrunt
3210 3063 3348 3101 mer-

142 3158 198 3214 lus
230 3163 411 3218 scilicet
451 3174 505 3217 et
545 3172 835 3234 martyres,
878 3174 932 3218 et
977 3163 1336 3229 confessores,
1382 3164 1472 3233 qui
1512 3178 1669 3217 senes

142 3248 341 3307 dicuntur
368 3269 382 3307 :
410 3255 493 3309 vel
520 3255 652 3324 quia
693 3264 933 3323 tempore
964 3254 1316 3323 posteriores,
1345 3254 1427 3308 vel
1458 3253 1583 3323 quia
1615 3253 1667 3307 in

142 3342 376 3402 virtutibus
421 3347 688 3403 exstitere
728 3347 1072 3412 maturiores,
1126 3363 1218 3400 nec
1264 3347 1318 3400 in
1364 3347 1517 3401 senio
1561 3346 1669 3401 vidi

144 3448 273 3488 semen
304 3438 429 3506 ejus,
458 3437 593 3506 justi
628 3439 717 3507 qui
743 3438 927 3505 junior
959 3437 1080 3503 fuit,
1114 3454 1350 3508 quterens
1379 3454 1586 3508 panem,
1619 3437 1673 3492 id

144 3533 200 3576 est
224 3541 393 3583 carens
423 3544 561 3598 pane
588 3528 715 3582 vita:
756 3538 810 3583 et
840 3527 1169 3595 intellectus,
1210 3529 1275 3581 ad
1304 3528 1523 3581 modum
1553 3527 1674 3581 illo-

146 3629 232 3670 rum
252 3621 331 3689 qui
362 3636 552 3690 panem
582 3637 689 3675 non
715 3620 998 3681 habentes,
1024 3620 1380 3674 mendicando
1401 3627 1672 3689 quaerunt,
1720 3638 1723 3645 λ

146 3720 217 3762 nec
246 3709 528 3774 inveniunt,
570 3713 717 3766 sicut
762 3710 829 3766 de
873 3710 1113 3781 quinque
1160 3711 1324 3766 fatuis
1373 3711 1675 3782 virginibus

146 3812 215 3865 per
234 3801 621 3859 similitudinem
657 3804 710 3857 in
742 3802 1039 3873 Evangelio
1068 3802 1267 3868 legitur
1298 3801 1512 3870 (Matth.
1548 3818 1675 3867 xxv,

146 3887 186 3957 5)
204 3906 302 3960 qua:
324 3910 425 3949 non
455 3896 712 3949 habendo
742 3894 946 3957 oleum,
978 3893 1445 3956 mendicaverunt,
1473 3907 1573 3947 nec
1603 3893 1679 3945 in-

148 3998 376 4043 venerunt.
410 3991 576 4045 Panis
609 3991 826 4059 quidem
859 3989 983 4042 vitm
1018 3996 1071 4041 et
1108 3987 1414 4042 intellectus
1447 3986 1540 4039 Dei
1583 3987 1679 4041 do-

148 4078 280 4133 ctrina
302 4082 511 4147 tlicitur,
536 4098 644 4152 qua
677 4081 912 4135 ﬁdelium
939 4080 1131 4134 anima:
1167 4079 1436 4134 satiantur
1463 4088 1518 4133 et
1549 4095 1679 4133 con-

149 4164 385 4234 fortantur,
414 4182 468 4227 et
499 4174 566 4226 ad
599 4172 765 4225 vitam
795 4180 1054 4225 :cternam
1084 4170 1474 4238 perducuntur.
1515 4167 1680 4223 Panis

150 4270 317 4328 quoque
342 4263 459 4316 vit-2e
492 4272 549 4317 et
587 4262 915 4324 intellectus,
950 4258 1237 4317 beatitudo
1262 4261 1347 4314 illa
1375 4262 1593 4324 dicitur,
1625 4262 1678 4315 in

150 4362 227 4414 Qua
254 4351 470 4407 ﬁdelium
509 4354 706 4408 animae
734 4362 854 4423 post
880 4362 1110 4407 mortem
1140 4361 1396 4422 perpetuo
1426 4352 1675 4413 vivendo,

1772 3159 1953 3213 cedem
1980 3171 2129 3211 suam
2162 3153 2379 3224 (Matth.
2407 3147 2605 3219 v1,5).)
2637 3144 2782 3198 Iusti
2811 3140 2985 3197 mitem
3010 3157 3073 3196 ex
3101 3138 3353 3209 opposito

1771 3248 2154 3305 Itazreditabunt
2201 3254 2397 3298 terram
2441 3238 2759 3298 viventium,
2799 3246 2846 3289 et
2890 3232 3255 3288 inhabitabunt
3299 3230 3353 3281 in

1772 3342 2021 3399 sa’culum
2047 3337 2246 3399 stcculi,
2278 3338 2329 3391 id
2358 3343 2443 3390 est
2480 3333 2534 3387 in
2578 3340 2838 3385 internum
2866 3341 3021 3394 super
3042 3339 3177 3387 eam,
3211 3320 3354 3375 inni-

1774 3440 1949 3488 tentes
1991 3438 2045 3485 et
2085 3427 2317 3489 fundati,
2358 3440 2441 3479 ne.
2473 3420 2705 3490 amplius
2742 3418 2810 3471 ab
2854 3432 2915 3470 ea
2954 3415 3353 3468 dimoveantnr.

1775 3521 1890 3577 Hoc
1915 3530 2093 3575 autem
2117 3516 2366 3587 superius
2389 3512 2622 3584 positum
2648 3509 2765 3563 ideo
2788 3504 3000 3572 repetit,
3026 3511 3083 3556 ut
3102 3501 3171 3555 sit
3191 3514 3358 3554 causa

1777 3614 1920 3669 illius
1968 3608 2269 3671 sententiae,
2304 3604 2509 3658 declina
2552 3619 2583 3654 a
2625 3597 2786 3660 malo,
2819 3605 2927 3650 etc.
2962 3592 3126 3660 Quasi
3165 3591 3308 3646 dicat
3341 3608 3354 3643 :

1777 3705 1900 3759 Ideo
1928 3701 2130 3755 declina
2156 3708 2203 3752 et
2227 3698 2332 3766 fac,
2366 3705 2425 3748 ut
2458 3708 2579 3748 cum
2609 3687 2907 3755 aliissjustis
2938 3683 3224 3739 haeredites
3250 3690 3358 3735 ter-

1779 3811 1916 3859 ram,
1950 3792 2001 3846 id
2032 3799 2117 3844 est
2142 3787 2437 3851 Christum,
2463 3782 2552 3853 qui
2580 3782 2733 3835 ﬁrma
2763 3787 2911 3833 terra
2931 3785 3035 3838 est,
3063 3774 3147 3827 cui
3179 3771 3368 3827 fideles

1780 3884 2097 3940 innitentur.

1850 3974 2128 4041 Qurcrerct
2158 3969 2353 4038 aliquis
2378 3967 2467 4037 qui
2500 3973 2624 4019 sunt
2654 3963 2729 4018 illi
2763 3961 2894 4034 justi
2937 3956 3028 4029 qui
3067 3955 3361 4011 hatredita—

1783 4065 1889 4123 turi
1928 4063 2090 4119 sunt?
2140 4060 2258 4113 lloc
2290 4066 2469 4111 autem
2512 4053 2838 4110 determinat
2881 4050 2980 4113 sic,
3021 4061 3087 4101 ne
3126 4045 3247 4113 quis
3282 4052 3362 4096 tc-

1782 4170 1930 4211 mere
1951 4168 2009 4208 se
2025 4149 2330 4219 hujusmodi
2351 4148 2558 4215 justum
2581 4160 2703 4199 esse
2727 4142 2947 4196 diceret.
2975 4136 3046 4192 0s
3063 4136 3197 4205 justi
3222 4133 3367 4188 illius

1782 4246 1874 4316 qui
1904 4244 2321 4300 haereditaturus
2350 4248 2452 4303 est,
2474 4234 2814 4290 meditabitur
2840 4228 3171 4299 sapientiam,
3201 4226 3253 4280 id
3283 4234 3368 4280 est

1780 4326 2059 4409 Sapienter
2093 4336 2297 4395 vivere,
2333 4337 2594 4400 quantum
2640 4324 2707 4379 ad
2755 4338 2832 4377 se.
2874 4320 2940 4373 Et
2979 4319 3142 4373 etiam
3183 4317 3367 4387 lingua

152 4450 190 4494 et
231 4443 286 4497 de
326 4444 430 4500 Deo
486 4445 810 4517 profundius
862 4408 1254 4516 intelligendo;
1284 4443 1667 4512 jocundantur.

1786 4408 1898 4501 ejus
1924 4430 2164 4499 loquetur
2190 4425 2331 4488 aliis,
2366 4423 2414 4475 id
2444 4429 2527 4474 est
2563 4415 2876 4488 prazdicabit
2897 4410 3162 4482 judicium
3194 4408 3369 4473 istud,

152 4530 343 4598 Apostoli
383 4550 513 4591 vero
564 4545 619 4589 et
663 4536 846 4590 caeteri
903 4533 1033 4589 Novi
1091 4534 1422 4588 Testamenti
1472 4533 1679 4599 ﬁdeles,

153 4633 295 4677 semen
330 4626 624 4695 primorum
663 4622 960 4692 justornm,
999 4624 1431 4691 patriarcharum
1476 4622 1683 4677 scilicet

154 4720 191 4762 et
207 4716 565 4784 prophetarum
595 4716 733 4770 bene
759 4714 1033 4777 dicuntur,
1067 4729 1131 4768 eo
1160 4714 1300 4782 quod
1336 4713 1427 4767 Dei
1478 4728 1678 4782 coope-

154 4812 273 4857 rante
296 4808 479 4874 gratia,
510 4823 697 4863 eorum
729 4806 972 4861 doctrina
1012 4808 1063 4859 in
1111 4806 1213 4859 ﬁde
1251 4806 1491 4875 generati
1537 4813 1680 4859 sunt.

157 4889 274 4948 Unde
300 4897 550 4953 Dominus
583 4898 648 4952 ad
682 4898 955 4968 apostolos
984 4898 1115 4951 dixit
1146 4915 1159 4951 :
1199 4915 1216 4947 ε
1260 4898 1362 4951 Alii
1404 4897 1686 4951 laborave-

157 4993 253 5036 runt
280 4986 448 5054 (Joan.
495 5005 571 5053 tv,
613 4988 727 5059 '58),
765 5009 781 5041 ι
816 4988 1140 5057 patriarcha:
1176 4988 1427 5043 videlicet
1468 4998 1522 5042 et
1562 5003 1687 5057 pro-

155 5072 293 5138 pheta:
314 5096 325 5130 :
350 5096 367 5129 ι
390 5088 440 5133 et
468 5096 567 5135 vos
598 5082 649 5134 in
689 5081 901 5135 labores
928 5094 1114 5133 eorum
1143 5081 1409 5135 introistis
1431 5100 1448 5131 ι
1487 5081 1685 5151 (ibid.),

156 5161 220 5213 vel
243 5165 311 5220 sic
338 5184 350 5219 :
380 5166 575 5222 Iunior
596 5170 675 5237 [ui
705 5170 756 5222 iu
785 5169 972 5238 primis
994 5169 1260 5222 fidelibus.

210 5250 459 5318 Quaereret
487 5258 681 5328 aliquis
706 5273 872 5328 quare
895 5259 1029 5312 dicis
1052 5258 1132 5326 fui
1162 5268 1215 5312 et
1246 5274 1348 5311 non
1379 5258 1512 5313 dicis
1538 5258 1690 5312 sum?

160 5335 462 5408 impendet:
498 5347 699 5399 Etenim
721 5346 869 5399 senui
899 5346 951 5399 in
985 5345 1245 5414 apostolis
1271 5354 1327 5399 et
1350 5360 1537 5400 eorum
1568 5360 1690 5399 suc-

161 5436 438 5498 cessoribus,
470 5447 518 5490 et
546 5454 646 5490 non
674 5438 778 5490 ridi
801 5452 900 5491 nec
922 5435 1298 5503 in‘juventute,
1331 5452 1431 5490 nec
1464 5437 1513 5489 in
1541 5438 1690 5490 senio

160 5518 317 5581 iustum
352 5542 379 5579 a
418 5528 530 5582 Dco
569 5528 894 5591 derelictum,
940 5527 989 5579 id
1028 5537 1111 5581 est
1151 5528 1203 5580 in
1250 5526 1691 5581 tribulationibus

164 5620 244 5661 non
271 5612 518 5681 adjutum,
558 5629 659 5671 nec
705 5632 876 5670 semen
925 5614 1059 5683 ejus,
1102 5617 1152 5669 id
1195 5625 1278 5669 est
1325 5616 1463 5669 bona
1505 5631 1688 5685 opera,

167 5709 259 5763 ίῐυὶιξ
298 5716 412 5760 ευηι
456 5722 613 5763 causa
662 5707 785 5760 vitae
828 5714 1064 5773 :etcrntc,
1110 5704 1250 5760 sicut
1278 5704 1485 5760 semina
1527 5720 1690 5759 causa

1785 4497 1925 4590 quod
1971 4497 2029 4572 se
2070 4513 2341 4583 complere
2375 4509 2662 4579 judicabit,
2696 4512 2755 4558 ut
2794 4511 2849 4558 et
2892 4501 2990 4571 ipsi
3038 4497 3374 4567 compleant,

1785 4586 1991 4665 scilicet
2018 4603 2341 4675 sapientiam
2379 4600 2631 4669 loquetur
2662 4594 2813 4664 ipsis.
2850 4593 2915 4646 Et
2938 4605 3043 4643 non
3074 4586 3366 4642 meditabi-

1789 4711 1875 4754 tur
1900 4708 1956 4754 et
1995 4697 2246 4765 loquetur
2284 4692 2384 4757 sic,
2424 4700 2481 4744 ttt
2512 4696 2694 4759 postea
2724 4684 2961 4747 deficiat,
3000 4679 3094 4736 sed
3131 4678 3217 4733 lea:
3251 4678 3386 4747 ejus~

1787 4805 1998 4859 semper
2036 4789 2091 4840 in
2133 4784 2306 4848 corde,
2362 4782 2412 4835 id
2459 4788 2545 4834 est
2596 4779 2648 4832 in
2701 4776 2976 4831 voluntate
3022 4772 3162 4841 ejus,
3199 4770 3251 4823 id
3283 4776 3377 4823 est-

1788 4896 2000 4951 semper
2025 4878 2196 4947 diligit
2222 4890 2339 4931 eam
2372 4883 2426 4928 et
2457 4871 2570 4926 vult
2599 4885 2717 4925 eam
2745 4865 3035 4937 complere.
3072 4863 3138 4916 Et
3172 4861 3249 4916 sic
3282 4870 3380 4915 est

1788 4972 1842 5026 in
1878 4969 2059 5031 corde,
2103 4965 2244 5035 quod
2285 4979 2389 5017 non
2420 4958 2897 5029 supplantabuntur
2925 4969 3155 5025 gressus,
3188 4951 3239 5005 id
3286 4960 3371 5005 cst

1789 5063 2099 5119 affectiones
2125 5060 2243 5130 ejus
2267 5059 2333 5112 ab
2366 5055 2454 5109 illa
2502 5055 2639 5123 lege.
2674 5034 2951 5118 Qitaareret
2987 5046 3181 5115 aliquis
3215 5052 3377 5098 estne

1791 5158 2076 5228 quisquam
2106 5153 2196 5222 qui
2237 5165 2360 5206 eum
2401 5148 2530 5203 velit
2571 5141 2951 5214 supplantare?
2994 5135 3383 5207 Respondetur

1791 5253 1909 5307 ita:
1952 5250 2258 5304 Considerat
2304 5247 2447 5300 enim
2486 5251 2728 5314 peccator
2756 5240 2963 5308 justum
3012 5233 3064 5286 in
3110 5231 3229 5301 lege
3278 5229 3367 5282 illa

1792 5352 2176 5411 perseverare;
2211 5346 2259 5390 et
2294 5334 2479 5404 quierit
2510 5328 2787 5385 blanditiis
2816 5324 2898 5378 vel
2930 5318 3368 5375 tribulationibus

1791 5408 1908 5483 eum
1944 5426 2278 5495 mortiﬁcare,
2312 5424 2361 5476 id
2398 5430 2481 5476 est
2514 5421 2581 5474 ab
2611 5417 2797 5473 cadent
2829 5413 2943 5481 lege
2978 5408 3274 5469 retrahere,
3314 5414 3375 5459 et

1792 5521 1872 5575 sic
1901 5517 2039 5572 male
2080 5514 2292 5585 operari
2339 5511 2582 5566 faciendo
2617 5508 2670 5561 in
2712 5512 2939 5559 mortem
2972 5500 3165 5554 animae
3195 5496 3368 5552 dedu-

1793 5623 1938 5663 cere.
1975 5607 2230 5660 Dominus
2269 5613 2441 5656 autem
2487 5616 2589 5652 non
2617 5595 2934 5663 derelinquat
2970 5589 3272 5659 inadjulum
3302 5603 3374 5644 ne

1795 5701 1969 5755 cedat.
2000 5697 2158 5762 Eum,
2193 5697 2243 5749 in
2276 5691 2515 5746 manibus
2554 5688 2666 5758 ejus
2708 5685 2964 5757 positum,
3011 5681 3062 5737 id
3094 5691 3176 5737 est
3212 5678 3375 5737 faciet
