3838 6328
460 205 554 263 791

1031 199 1088 255 S.
1124 198 1473 256 liRUNONlS
1510 198 2159 263 CARTllUSlANORUll
2190 196 2675 257 INSTITUTORIS
2705 199 2857 258 OPP.
2897 201 3076 261 PARS
3114 203 3152 259 l.

3617 210 3711 264 792

456 331 582 373 eum
628 318 990 377 constantem,
1034 325 1157 366 cum
1200 312 1305 367 erit
1354 313 1407 367 in
1447 322 1715 383 potestate
1745 312 2043 382 peccatoris
2072 317 2117 372 Α
2146 323 2256 368 ιιιιιι
2282 315 2349 368 ad
2388 330 2501 378 eos,
2531 314 2583 369 id
2606 323 2691 370 est
2720 331 2827 370 non
2859 317 3093 373 aderunt
3124 318 3235 384 eis;
3270 317 3360 375 vel
3386 319 3467 376 sic
3495 338 3508 375 :
3552 321 3710 394 Opera

459 424 570 464 non
613 404 908 460 secundum
947 402 1207 470 animam,
1241 404 1334 459 sed
1363 406 1657 460 secundum
1692 421 1917 476 corpus;
1954 423 2046 460 nec

458 496 729 554 damnabit
756 512 872 549 eum
907 494 1186 561 Dominus,
1208 497 1687 567 cumjudicabitur,
1721 497 1772 551 id
1805 506 1889 552 est
1921 514 2045 552 cum

459 590 565 646 hoc
586 588 661 642 sit
694 588 837 655 quod
874 587 987 657 ipse
1007 585 1189 655 justus
1219 588 1568 643 damnabitur
1588 603 1616 641 a
1642 599 1928 658 peccatore
1951 603 2047 659 per

461 678 765 749 corporalia
796 688 1084 732 tormenta.
1121 678 1186 731 Et
1218 678 1319 733 hoc
1347 679 1469 747 ipsi,
1494 680 1651 733 idest
1677 679 1744 732 ad
1766 680 1846 733 sui
1875 680 2045 750 ipsius

461 768 790 832 utilitatem;
820 767 972 835 quasi
999 767 1144 821 dicat
1179 786 1191 820 :
1219 766 1488 821 Iudicium
1513 768 1639 822 illud
1671 784 1779 823 non
1806 770 1911 824 erit
1943 770 2043 841 ipsi

458 861 527 916 ad
554 860 978 922 damnationem,
1014 860 1107 913 sed
1147 858 1233 913 ad'
1257 860 1547 914 utilitatem
1583 878 1597 926 ;
1640 863 1725 916 vel
1767 861 1846 916 sic
1891 880 1904 915 :
1938 862 2046 916 Nec

460 951 740 1007 damnabit
766 966 889 1006 eum
913 960 1168 1021 peccator
1196 950 1338 1004 sicut
1364 960 1537 1020 putat,
1565 967 1687 1005 cum
1712 950 2047 1021 judicabitur

461 1044 560 1108 illi,
605 1044 658 1099 id
699 1053 783 1100 est
820 1059 943 1098 cum
988 1042 1092 1098 hoc
1136 1044 1209 1097 sit
1244 1044 1387 1111 quod
1423 1043 1688 1114 judicium
1734 1044 1862 1098 illud
1902 1046 2045 1114 quod

459 1142 716 1205 peccator
759 1131 919 1187 faciet
964 1132 1226 1187 adversus
1267 1133 1476 1204 justum
1523 1132 1828 1189 tribulando
1872 1133 2041 1197 illum,

459 1226 641 1295 potius
672 1225 765 1280 ﬁat
793 1226 859 1279 ad
884 1224 1287 1280 danmationem
1322 1226 1464 1281 illius
1499 1228 1820 1296 peccatoris.
1862 1228 1980 1283 Dixi
2027 1244 2040 1282 :

459 1317 681 1372 Declina
710 1335 741 1372 a
770 1317 907 1371 man
941 1327 986 1370 et
1015 1317 1100 1386 fac
1129 1319 1342 1373 bonum.
1370 1318 1435 1373 Et
1461 1320 1505 1374 si
1532 1335 1651 1374 mox
1682 1335 1786 1374 non
1818 1335 2045 1391 accepe-

461 1409 537 1464 ris
563 1408 687 1465 inde
713 1410 1022 1479 praemium,
1056 1409 1165 1464 noli
1201 1426 1543 1466 murmurare
1588 1412 1729 1466 sicut
1757 1412 1849 1467 lilii
1878 1412 2044 1467 Israel

461 1497 726 1563 fecerunt,
745 1499 972 1570 quicum
996 1500 1104 1555 cito
1119 1516 1223 1556 non
1244 1510 1463 1571 possent
1486 1503 1552 1556 ad
1586 1512 1786 1558 terram
1813 1505 2037 1573 promis-

459 1589 627 1644 sionis
640 1592 924 1661 pervenire
944 1590 998 1644 in
1014 1589 1331 1663 ngyptum,
1346 1593 1412 1646 ad
1433 1592 1567 1647 ollas
1581 1594 1826 1648 carnium
1845 1595 2042 1649 reverti

458 1680 743 1736 voluerunt
767 1681 957 1752 (Num.
994 1699 1105 1747 xiv,
1129 1683 1206 1753 4).
1238 1683 1342 1738 Sed
1366 1696 1603 1753 exspecta
1631 1684 1910 1739 Dominum
1931 1686 2049 1741 sine
2083 1657 2124 1714 Β

460 1773 890 1829 murmuratione
909 1772 963 1827 in
979 1773 1125 1829 brevi
1140 1784 1632 1830 remuneraturum.
1652 1775 1717 1828 Et
1731 1785 2048 1846 eXSpectan-

460 1863 528 1917 do
550 1863 753 1917 custodi
775 1864 909 1918 viam
937 1864 1070 1934 ejus,
1098 1865 1148 1919 id
1175 1873 1257 1920 est
1288 1865 1458 1938 legem
1483 1882 1549 1922 ne
1582 1866 1837 1922 deﬂectas
1864 1869 1931 1924 ab
1961 1883 2045 1934 ea,

459 1969 582 2023 qua:
618 1956 724 2009 erit
764 1954 859 2010 tibi
903 1955 989 2009 via
1032 1956 1097 2009 ad
1142 1956 1308 2010 vitam
1347 1971 1361 2009 :
1406 1958 1644 2028 alioquin
1681 1959 1826 2013 enim
1872 1959 2046 2015 inanis

459 2054 608 2100 esset
628 2046 962 2115 exspectatio
1000 2054 1112 2099 tua.
1152 2046 1388 2116 Ideoque
1422 2049 1630 2103 custodi
1661 2059 1715 2103 ut
1740 2050 2047 2105 hmeditate

410 2184 417 2189 .
462 2135 640 2204 capias
670 2146 862 2191 terram
890 2136 1204 2202 viventium,
1237 2138 1290 2191 id
1316 2146 1400 2192 est
1425 2147 1482 2192 ut
1508 2139 1577 2193 sit
1610 2139 1705 2193 tibi
1730 2138 2043 2194 hzereditas.

461 2224 614 2279 llane
638 2235 817 2280 autem
851 2234 1052 2280 terram
1082 2228 1301 2292 videbis,
1327 2243 1444 2281 cum
1470 2231 1715 2297 perierint
1752 2241 2049 2299 peccatores

463 2316 516 2369 in
542 2314 745 2380 futuro,
774 2315 858 2370 vel
889 2316 987 2371 sic.
1020 2315 1155 2371 Cum
1197 2317 1429 2387 coeperis
1465 2327 1664 2372 terram
1705 2320 2045 2387 hazreditate,

460 2405 670 2459 videbis
699 2421 822 2460 cum
845 2407 1109 2475 perierint
1135 2418 1472 2476 peccatores,
1506 2410 1558 2465 id
1582 2421 1664 2465 est
1693 2412 1900 2467 videbis
1926 2429 2049 2482 per-

463 2495 724 2549 ditionem
749 2506 1116 2566 peccatornm.
1142 2497 1246 2553 Per
1270 2500 1373 2554 hoc
1399 2507 1583 2555 autem
1613 2517 1734 2556 eum
1764 2517 1793 2556 a
1824 2515 2048 2573 peccato

400 2648 408 2655 .
464 2601 723 2642 revocare
769 2588 1037 2656 intendit,
1089 2605 1158 2645 ne
1214 2604 1335 2645 cum
1402 2594 1781 2662 peccatoribus
1838 2605 2044 2665 pereat.

466 2679 749 2745 Quazreret
793 2677 989 2747 aliquis
1032 2681 1172 2736 unde
1200 2682 1309 2737 scis
1336 2692 1678 2754 peccatorem
1711 2686 2048 2756 periturum?

466 2766 583 2822 Hoc
612 2776 791 2823 autem
827 2768 1114 2824 conﬁrmat
1140 2771 1221 2827 sic
1259 2774 1582 2829 auctoritate
1610 2790 1729 2830 sua.
1764 2775 1904 2833 Vere
1932 2779 2047 2834 scio

464 2858 607 2928 quod
646 2859 919 2931 peribunt.
960 2861 1094 2916 Nam
1124 2877 1224 2934 ego
1250 2864 1379 2932 vidi,
1413 2865 1466 2921 id
1506 2875 1588 2920 est
1624 2868 1960 2925 consideravi
1992 2872 2046 2927 in

465 2961 648 3007 mente
684 2968 825 3018 mea,
859 2954 1078 3023 impium
1119 2956 1172 3009 in
1214 2956 1314 3012 hoc
1342 2958 1543 3012 mundo
1571 2974 1725 3029 super
1751 2961 1866 3030 pios
1894 2963 2044 3017 exal-

464 3054 631 3098 tatum
671 3054 717 3099 et
753 3045 1008 3102 elevation
1053 3047 1106 3101 in
1162 3048 1365 3104 divitiis
1419 3052 1552 3104 sicut
1606 3052 1788 3107 cedros
1828 3053 2041 3121 Libani,

464 3153 587 3207 quae
616 3139 901 3194 arborilms
932 3138 1053 3194 aliis
1099 3141 1269 3211 magis
1301 3142 1523 3197 elevatcc
1553 3153 1698 3198 sunt.
1740 3145 1807 3198 Et
1855 3157 2042 3216 postea

465 3229 903 3286 consideratione
944 3231 1163 3285 transivi
1194 3233 1259 3287 ad
1304 3233 1595 3289 novissima
1638 3233 1775 3303 ejus.
1816 3236 1885 3289 Et
1930 3255 2045 3293 ecce

467 3336 569 3373 non
607 3330 741 3389 erat,
791 3321 841 3375 id
887 3331 971 3377 cst
1012 3322 1114 3376 fuit
1159 3323 1210 3377 in
1259 3326 1548 3393 priesentia
1596 3328 2046 3385 considerationis

465 3427 621 3479 mea),
652 3414 793 3483 quod
833 3415 947 3484 ipse
987 3430 1092 3470 non
1126 3428 1244 3471 erat
1278 3418 1358 3473 sic
1398 3419 1747 3487 exaltandus;
1781 3423 1927 3491 quod
1965 3433 2048 3479 est

464 3505 649 3560 dicere
676 3523 689 3558 :
715 3506 1067 3561 Consideravi
1096 3507 1245 3562 illum
1268 3510 1566 3565 cariturum
1580 3511 1908 3568 exaltatione
1932 3514 2042 3569 tali.

465 3591 535 3645 Et
594 3596 809 3663 quwsivi
858 3611 999 3662 eum,
1047 3596 1099 3651 id
1147 3605 1229 3651 est
1269 3598 1512 3669 diligenti
1562 3600 1770 3656 ratione
1826 3602 2048 3657 investi-

465 3682 586 3753 gari
642 3687 819 3738 locum
869 3684 1008 3753 ejus,
1060 3686 1268 3742 scilicet
1310 3702 1380 3742 an
1429 3688 1485 3743 in
1531 3688 1715 3745 futuro
1761 3692 2049 3750 habiturus

463 3782 610 3828 esset
659 3773 834 3829 locum
873 3777 1239 3846 superbiendi,
1268 3788 1323 3834 et
1360 3780 1532 3835 bonos
1574 3783 1935 3852 opprimendi.
1981 3784 2049 3838 Et

465 3882 569 3920 non
626 3878 699 3921 est
750 3869 985 3924 inventus
1040 3885 1071 3924 a
1121 3887 1207 3926 me
1259 3872 1659 3938 considerante,
1714 3874 1861 3928 locus
1912 3875 2047 3945 ejus.

463 3960 759 4016 Sciendum
791 3971 973 4018 autem
1007 3965 1151 4033 quod
1185 3964 1326 4019 hanc
1358 3966 1684 4021 sententiam
1712 3968 1964 4037 superius
1996 3971 2052 4024 in

460 4052 699 4107 secunda
747 4068 979 4121 persona
1009 4066 1268 4124 posuerat
1301 4057 1381 4111 sic
1408 4073 1422 4110 :
1452 4055 1676 4122 Quaeres
1719 4056 1902 4112 locum
1935 4057 2052 4126 ejus

465 4146 624 4216 117
648 4155 700 4202 ει
734 4161 841 4201 non
867 4147 1129 4202 invenies.
1164 4146 1261 4201 Hie
1291 4162 1421 4203 vero
1450 4149 1775 4203 auctoritate
1801 4165 1896 4204 sua
1921 4166 2052 4206 con-

463 4237 665 4300 tirmat,
702 4236 930 4307 ideoque
953 4237 1225 4291 diversum
1249 4234 1351 4292 est.
1373 4238 1511 4307 Ergo
1542 4238 1667 4307 quia
1700 4255 1743 4293 ει
1770 4251 2052 4309 exspecta-

2150 405 2289 475 bona
2327 420 2425 473 pro
2448 404 2629 459 l‘avorc
2653 405 2816 469 facta,
2844 423 2964 475 qua:
2989 418 3109 478 post
3134 418 3370 466 mortem
3396 412 3710 483 relinquunt,

2148 494 2455 559 interibunt,
2486 495 2536 549 id
2579 503 2666 551 est
2704 497 3171 554 annibilahuntur.
3227 500 3345 556 Has
3382 517 3513 558 vero
3537 519 3715 563 causas

2149 583 2398 651 superius
2432 585 2631 652 posuit.
2683 584 2790 639 Sed
2821 587 2910 641 bic
2938 589 3006 643 ad
3056 588 3201 644 aliud
3233 591 3461 660 repetit.
3510 593 3575 647 Et
3606 595 3714 649 ideo

2148 673 2325 729 adhuc
2357 674 2613 743 inculcat,
2640 686 2700 729 nt
2725 677 2897 733 bonos
2934 678 2997 733 ad
3026 680 3219 736 melius
3241 683 3514 749 attrahat,
3535 695 3589 739 et
3625 686 3717 740 imo

2148 766 2266 835 pios
2292 767 2724 834 perterrefaciat.
2750 767 2828 823 Ne
2867 784 2997 826 vero
3021 770 3153 841 justi
3190 774 3257 827 de
3288 775 3467 830 salute
3492 791 3585 831 sua
3627 779 3716 833 ali-

2148 865 2419 925 quatenus
2449 856 2501 909 iu
2533 872 2592 910 se
2623 857 2944 928 glorientur,
2973 877 3188 917 omnem
3216 878 3412 918 eorum
3451 864 3665 920 salutem
3688 883 3716 922 a

2150 946 2379 1001 Domino
2397 962 2519 1003 esse
2553 949 2633 1003 sic
2664 949 2797 1004 dicit
2828 968 2841 1004 :
2873 950 2992 1005 Dixi
3024 954 3167 1022 quod
3189 953 3329 1024 justi
3355 956 3714 1011 Iiwredilabunt

2148 1046 2337 1089 terram
2357 1078 2372 1101 ,
2401 1048 2456 1092 et
2486 1055 2603 1092 cum
2652 1040 2895 1093 ceciderit
2936 1040 3141 1109 justus,
3170 1061 3276 1099 non
3324 1045 3638 1112 collidetur;
3667 1059 3716 1103 et

2148 1125 2404 1182 Dominus
2435 1146 2537 1184 non
2560 1130 2878 1203 derelinquel
2904 1150 3023 1187 eum
3054 1135 3108 1189 in
3139 1135 3386 1189 manibus
3414 1138 3711 1205 peccatoris,

2148 1228 2201 1274 et
2234 1220 2349 1274 lucc
2378 1220 2523 1275 salus
2554 1238 2659 1276 non
2710 1233 2795 1279 est
2829 1224 2898 1280 ab
2932 1226 3065 1297 ipsis
3104 1228 3269 1297 justis
3297 1246 3311 1282 :
3347 1227 3510 1284 Salus
3538 1240 3714 1294 autem,

2149 1312 2358 1366 scilicet
2396 1311 2543 1367 salus
2565 1312 2860 1381 justorum,
2905 1335 2937 1370 a
2967 1317 3192 1373 Domino
3217 1327 3324 1374 est.
3364 1319 3591 1391 Exponit
3626 1336 3712 1375 au~

2150 1408 2257 1457 tem
2289 1403 2518 1457 salutem
2550 1420 2647 1474 per
2679 1415 2861 1475 partes
2901 1409 2981 1464 sic
3012 1426 3025 1462 :
3058 1407 3122 1462 Et
3148 1420 3415 1479 protector
3451 1427 3620 1465 eorum
3644 1421 3716 1465 est

2147 1496 2204 1550 in
2230 1506 2454 1563 tempore
2484 1496 2859 1567 tribulationis,
2890 1515 2959 1555 ne
2998 1503 3212 1556 cedant.
3249 1502 3321 1556 Et
3350 1502 3714 1572 adjuvabiteos

2153 1590 2219 1643 ad
2247 1592 2382 1646 bene
2408 1590 2742 1661 operandum
2772 1632 2788 1656 ,
2831 1602 2878 1646 et
2911 1593 3151 1647 liberabit
3182 1610 3270 1648 eos
3322 1609 3352 1647 a
3400 1594 3648 1663 peccatis,
3673 1604 3714 1647 et

2151 1691 2293 1735 eruet
2321 1697 2415 1737 eos
2455 1701 2485 1736 a
2511 1684 2890 1753 peccatoribus,
2928 1685 2979 1738 id
3009 1693 3092 1740 est
3119 1700 3148 1738 a
3185 1694 3461 1755 potestate
3493 1695 3714 1755 peccato-

2149 1790 2268 1828 rum
2319 1789 2388 1829 ne
2436 1776 2757 1844 corporibus
2792 1776 2993 1831 occisis
3025 1777 3076 1829 in
3107 1777 3325 1831 animas
3365 1776 3593 1830 habeant
3629 1792 3709 1845 po-

2150 1861 2506 1918 testatem.Et
2530 1873 2717 1934 postea
2746 1864 2968 1918 salvabit
2991 1880 3078 1919 eos
3107 1880 3138 1918 a
3171 1864 3509 1919 mortalitate
3530 1873 3582 1920 et
3607 1880 3715 1934 pas-

2149 1954 2406 2010 sibilitate
2426 1995 2442 2021 ,
2472 1955 2783 2010 reducendo
2823 1956 2888 2010 ad
2919 1955 3318 2010 beatitudinem
3372 1965 3637 2010 mternam.
3658 1954 3715 2009 Et

2149 2047 2251 2103 hoc
2276 2047 2417 2116 ideo,
2447 2048 2571 2119 quia
2599 2058 2936 2117 speraverant
2968 2048 3023 2102 in
3047 2065 3127 2113 eo,
3157 2065 3268 2104 non
3308 2049 3365 2103 in
3396 2064 3472 2104 se.

2570 2137 2637 2192 IN
2673 2137 3009 2195 PSALMUM
3064 2138 3330 2194 XXXVII.

2219 2227 2419 2283 Psalmi
2465 2228 2720 2284 tricesimi
2772 2228 2990 2297 septimi
3023 2227 3261 2284 Titulus.
3319 2227 3518 2283 Psalm.
3568 2227 3711 2282 David

2148 2319 2204 2373 in
2236 2320 2665 2374 rememoratione
2690 2319 2931 2384 sabbati;
2961 2320 3105 2390 quod
3129 2320 3209 2374 sic
3237 2321 3525 2389 exponitur
3549 2337 3559 2371 :
3583 2318 3723 2375 Psal-.

2149 2427 2270 2467 mus
2317 2413 2418 2467 iste
2466 2412 2847 2468 attribuendus
2897 2423 2982 2469 est
3029 2414 3241 2482 David,
3283 2414 3337 2469 id
3389 2422 3472 2468 est
3519 2412 3708 2467 Christo

2148 2504 2327 2571 agenti
2349 2503 2401 2557 in
2428 2503 2883 2559 rememoratione
2910 2503 3129 2559 Sabbati
3158 2513 3383 2560 aeterna:
3406 2503 3606 2573 quietis.
3623 2501 3707 2555 Per

2150 2593 2447 2649 Sabbatum
2479 2594 2621 2649 enim
2670 2594 2812 2663 quod
2859 2594 3015 2665 quies
3064 2594 3491 2665 interpretatur,
3520 2591 3706 2661 requies

2148 2694 2351 2741 interna
2398 2686 2735 2755 designatur.
2768 2686 2865 2741 Est
2920 2694 3103 2759 aptem
3151 2686 3203 2739 in
3246 2686 3354 2741 hoc
3403 2685 3597 2755 psalmo
3618 2697 3703 2735 vox

2148 2777 2366 2847 capitis,
2399 2777 2610 2832 orantis
2639 2792 2737 2846 pro
2766 2776 3028 2832 membris
3075 2775 3278 2831 futuris
3315 2794 3328 2830 :
3362 2790 3428 2830 ne
3456 2775 3507 2828 in
3551 2772 3704 2826 futuro

2149 2866 2495 2920 damnentur.
2524 2863 2654 2931 Quas
2684 2865 2923 2920 membra
2957 2880 3055 2934 per
3078 2866 3278 2931 Adam,
3306 2876 3556 2920 aeternam
3576 2861 3703 2932 quie-

2152 2962 2258 3008 tcm
2274 2954 2536 3009 oblivioni
2562 2955 2920 3021 tradiderant,
2937 2957 3151 3010 tandem
3166 2971 3298 3012 vero
3335 2970 3435 3025 per
3463 2953 3701 3009 Christum

2150 3045 2296 3101 illius
2311 3046 2509 3115 quietis
2528 3055 2894 3101 rememoratu
2904 3063 2960 3102 ra
2978 3057 3156 3111 erant,
3172 3056 3227 3102 et
3254 3048 3326 3102 dc
3357 3044 3580 3118 peccatis
3598 3052 3702 3096 ante

2145 3140 2411 3211 baptisma
2431 3182 2446 3206 ,
2478 3148 2533 3195 et
2561 3149 2685 3209 post
2714 3139 2982 3208 baptisma
3015 3137 3396 3209 paenitentiam
3425 3143 3618 3190 actura.
3646 3129 3702 3184 Ut

2146 3242 2324 3288 autem
2350 3231 2692 3289 affectionem
2733 3232 2957 3287 nimiam
2983 3246 3109 3302 erga
3127 3246 3221 3286 eos
3243 3245 3304 3286 se
3334 3230 3530 3285 habere
3551 3234 3702 3280 05ten-

2149 3323 2259 3390 dat,
2281 3316 2380 3394 pro
2404 3323 2505 3387 eis,
2526 3323 2683 3394 quasi
2712 3338 2813 3394 pro
2844 3337 2903 3379 se
2933 3331 3089 3377 orat:
3123 3332 3183 3377 ut
3211 3321 3381 3376 etiam
3408 3317 3600 3373 facilius
3620 3315 3700 3368 iin-

2147 3423 2342 3485 petret,
2359 3416 2693 3483 ostendendo
2714 3430 2909 3472 causas
2931 3429 3102 3484 quare
3133 3429 3230 3485 pro
3246 3415 3333 3470 eis
3362 3410 3603 3468 orandum
3625 3406 3698 3460 sit.

2146 3506 2406 3562 Addenda
2449 3522 2664 3578 quoque
2690 3521 2884 3562 causas
2905 3506 3094 3577 plures
3119 3520 3289 3575 quare
3323 3503 3508 3559 debeat
3531 3514 3616 3569 pro
3636 3495 3700 3550 eis

2148 3597 2393 3652 exaudiri
2447 3614 2461 3651 :
2496 3598 2707 3654 scilicet
2751 3598 2879 3668 quia
2925 3597 3267 3668 ptenitehunt
3309 3604 3370 3650 et
3407 3593 3472 3648 de
3498 3585 3698 3661 peccatis

2150 3686 2429 3754 dolebant,
2458 3697 2513 3744 et
2536 3687 2712 3744 solum
2750 3689 2920 3743 Deum
2949 3687 3340 3743 desiderabant
3374 3703 3387 3739 :
3416 3692 3468 3739 et
3488 3680 3597 3752 quia
3617 3689 3696 3747 pro

2150 3776 2231 3831 eis
2253 3793 2511 3847 passurus
2542 3785 2705 3833 estet
2749 3785 3182 3833 resurrecturus.
3225 3775 3403 3842 Quam
3432 3769 3695 3841 passionem

2151 3868 2325 3938 etiam
2355 3868 2551 3940 partim
2600 3869 2863 3924 ostendit.
2910 3868 2979 3924 Et
3021 3868 3147 3938 quia
3187 3877 3379 3937 parata
3424 3868 3568 3945 erunt
3603 3858 3694 3925 ipsa

2150 3961 2395 4016 membra
2437 3960 2503 4016 ad
2548 3950 2831 4016 subeunda
2870 3974 2973 4030 pro
3021 3959 3241 4015 Christo
3294 3956 3535 4028 ﬂagella,
3579 3949 3694 4003 sict“

2152 4067 2251 4122 pro
2279 4052 2359 4107 eis
2390 4051 2503 4120 ipse
2543 4049 2846 4121 llagellatus
2880 4049 3022 4105 fuit:
3061 4059 3119 4105 et
3143 4049 3267 4119 quia
3297 4053 3515 4119 peccata
3551 4032 3692 4096 conli-

2130 4144 2430 4212 tebuntur,
2460 4152 2510 4199 et
2536 4159 2634 4214 pro
2659 4144 2739 4199 eis
2760 4142 3078 4199 satisfacere
3104 4142 3440 4211 cogitabunt.

2224 4234 2449 4289 Domine
2494 4252 2557 4288 ne
2600 4234 2657 4288 in
2686 4233 2865 4304 furore
2911 4241 3002 4288 tuo
3045 4248 3239 4303 arguas
3275 4249 3379 4297 me,
3416 4238 3467 4284 et
3505 4232 3684 4281 cetera.

465 4328 629 4393 veris,
658 4330 923 4385 exaltabit
947 4338 1017 4397 te,
1046 4340 1101 4385 et
1126 4330 1253 4400 quia
1282 4330 1512 4401 amplius
1538 4331 1681 4386 sicut
1703 4333 1915 4388 ostendi
1941 4349 2047 4388 non
2083 4348 2125 4403 ι)
2151 4328 2313 4395 Quasi
2353 4327 2495 4382 dicat
2528 4343 2541 4380 :
2574 4325 2816 4392 Domine,
2870 4341 2933 4379 ne
2982 4340 3176 4395 arguas
3229 4339 3402 4388 meos.
3447 4321 3495 4376 id
3529 4327 3599 4373 θεῖ
3633 4325 3687 4366 πιθ

464 4418 587 4472 erit.
630 4419 849 4474 Custodi
901 4423 1283 4485 innocentiam,
1331 4432 1594 4493 quantum
1631 4423 1698 4478 ad
1744 4424 1918 4494 ipsum
1953 4426 2054 4479 im-

472 4510 643 4579 pium,
663 4528 748 4576 nc,
777 4514 901 4581 quia
931 4520 985 4567 te
1012 4514 1258 4581 trilmlat,
1291 4514 1422 4569 velis
1446 4514 1496 4569 ei
1530 4528 1728 4569 nocere
1755 4515 1911 4570 dictis
1941 4516 2053 4572 sive

466 4602 648 4657 factis.
700 4602 769 4657 Et
816 4605 930 4659 vide
975 4606 1273 4675 (equitatem
1320 4620 1480 4670 esse,
1550 4606 1602 4661 id
1654 4615 1737 4662 est
1782 4608 1885 4662 hoc
1931 4622 2052 4663 esse

464 4707 701 4761 aequum,
748 4702 807 4748 ut
859 4710 985 4764 erga
1034 4712 1156 4751 eum
1202 4697 1279 4752 sis
1326 4697 1608 4753 innocens.
1661 4698 1729 4752 Et
1776 4698 1919 4753 bono
1960 4709 2051 4753 tuo

466 4785 760 4851 custodies,
790 4788 1039 4856 quoniam
1066 4790 1264 4842 homini
1286 4789 1528 4858 paciﬁca,
1566 4790 1618 4844 id
1654 4797 1739 4844 est
1774 4790 2048 4846 innocenti

465 4886 587 4932 sunt
619 4876 871 4947 reliquiae,
902 4877 954 4930 id
996 4887 1080 4932 est
1110 4891 1313 4933 {eterna
1351 4880 1491 4934 bona
1530 4894 1650 4949 quae
1685 4881 1787 4936 sibi
1818 4881 1932 4951 ipse
1964 4873 2052 4937 re-

465 4967 1030 5039 l‘quit,s:ecularibus
1047 4970 1403 5039 contemptis:
1432 4970 1619 5040 injusti
1648 4980 1822 5024 autem
1850 4972 2048 5041 disper-

464 5060 645 5125 ibunt,
674 5061 729 5115 id
776 5068 857 5115 est
905 5060 1128 5115 omnino
1167 5061 1419 5130 peribunt
1461 5072 1519 5117 et
1570 5062 1625 5116 in
1671 5064 1849 5117 anima
1887 5072 1941 5118 et
1993 5065 2046 5119 in

463 5165 718 5222 corpore.
778 5151 953 5207 Simul
990 5167 1113 5207 cum
1156 5152 1287 5220 ipsis
1337 5153 1571 5222 reliquid:
1626 5154 1941 5224 impiorum,
1992 5155 2047 5211 id

463 5249 551 5296 cst
598 5239 880 5295 saecularia
928 5241 1068 5297 bona
1099 5256 1219 5310 quae
1267 5241 1368 5297 sibi
1417 5241 1773 5311 reliquerunt,
1809 5253 2049 5298 contem-

462 5332 571 5403 ptis
607 5334 859 5400 :ctcrnis,
905 5335 1229 5400 interibunt,
1264 5332 1423 5401 juxta
1473 5333 1601 5391 illud
1635 5351 1648 5388 :
1691 5354 1709 5387 ι
1753 5334 1957 5390 Caelum
1992 5344 2049 5391 ct

466 5431 612 5479 terra
666 5423 973 5479 transibunt
1020 5424 1172 5495 (Luc.
1216 5426 1342 5492 κη’,
1384 5424 1512 5496 55),
1558 5445 1577 5478 ι
1619 5425 1703 5480 vel
1752 5426 1833 5481 sic
1882 5444 1894 5480 :
1940 5426 2046 5480 Re-

465 5513 641 5586 liquiw
671 5516 969 5588 impiorum,
1004 5518 1058 5574 id
1083 5530 1170 5575 est
1194 5528 1396 5575 aeterna
1441 5519 1604 5587 bona,
1634 5536 1755 5590 quae
1781 5519 1882 5575 sibi
1923 5528 2047 5592 post

466 5613 696 5662 mortem
725 5617 1156 5680 praesumptuose
1204 5609 1544 5682 relinquunt,
1577 5609 1830 5683 peribunt
1867 5625 2039 5681 quan-

2154 4419 2449 4475 convincas
2479 4432 2630 4473 meos
2661 4416 2803 4472 male
2849 4416 3047 4487 egisse,
3086 4416 3393 4485 arguendos
3419 4426 3506 4469 eos
3531 4410 3577 4462 in
3613 4404 3682 4474 fu-

2155 4509 2474 4579 rorejudicii
2508 4508 2605 4575 tui,
2630 4523 2754 4563 cum
2780 4506 3101 4562 damnandis
3130 4507 3278 4562 dices
3308 4524 3321 4560 :
3362 4524 3380 4557 ι
3407 4497 3641 4558 Discedite
3659 4507 3683 4545 τι

2153 4617 2240 4659 me
2271 4600 2573 4665 maledicti,
2608 4618 2626 4652 ι
2657 4608 2760 4654 etc.
2799 4598 3013 4668 (Matth.
3046 4612 3172 4661 xxv,
3194 4596 3309 4667 41.)
3342 4594 3511 4664 Neque
3533 4591 3580 4642 in
3600 4586 3677 4645 ira.

2153 4695 2204 4750 id
2231 4702 2317 4749 est
2336 4692 2571 4747 vindicta
2594 4701 2685 4745 tua
2707 4698 2932 4757 aeterna,
2964 4690 3218 4759 corripias
3240 4704 3343 4756 me,
3358 4688 3407 4741 id
3427 4691 3503 4740 est
3526 4675 3681 4773 punias

2152 4799 2301 4840 meos
2321 4799 2351 4839 a
2386 4782 2741 4839 similitudine
2766 4781 2930 4845 illius,
2955 4780 3070 4849 qui,
3093 4793 3215 4833 cum
3238 4777 3529 4846 corripitur,
3556 4780 3681 4839 pum-

2152 4883 2269 4942 tur;
2300 4882 2355 4929 et
2388 4874 2489 4928 hoc
2516 4880 2600 4927 est
2627 4887 2692 4927 ac
2732 4872 2776 4926 si
2827 4872 3073 4926 diceret:
3102 4869 3233 4925 Volo
3262 4869 3470 4937 quidem
3507 4862 3581 4916 hic
3604 4867 3679 4910 eos

2150 4964 2574 5039 pertransitoria
2597 4962 2807 5034 ﬂagella
2827 4962 2979 5034 argui
3007 4971 3062 5016 et
3086 4961 3428 5030 corripi,non
3454 4962 3607 5010 autem
3633 4945 3675 4999 in

2149 5059 2359 5127 futuro,
2406 5056 2623 5128 quando
2652 5056 2707 5109 in
2750 5054 2929 5123 furore
2958 5053 3050 5107 lict
3084 5052 3413 5121 redargutio.
3442 5042 3675 5128 Qumrerct

2150 5124 2382 5222 aliquis:
2417 5124 2581 5204 Estne
2609 5148 2689 5203 eis
2719 5160 2960 5209 necesse,
2985 5152 3044 5199 ut
3072 5160 3171 5216 pro
3212 5145 3293 5200 eis
3321 5140 3562 5199 orandum
3585 5124 3675 5186 sit?

2148 5244 2525 5314 Respondetur
2590 5240 2664 5295 ita
2715 5257 2729 5293 :
2785 5238 3047 5304 Quoniam
3101 5237 3307 5307 sagitta:
3357 5245 3491 5295 tute,
3528 5225 3574 5281 id
3604 5224 3673 5314 est

2147 5312 2447 5391 mortalitas
2477 5341 2531 5390 et
2553 5330 2896 5403 passibilitas,
2925 5343 3061 5399 quas
3090 5328 3443 5384 comminatus
3480 5335 3533 5375 es
3549 5312 3668 5372 Adit,

2146 5435 2436 5497 antequam
2467 5434 2752 5496 peccaret,
2782 5421 3011 5478 dicendo
3042 5438 3055 5475 :
3091 5439 3110 5472 ι
3140 5419 3462 5491 Quacunque
3482 5410 3559 5465 die
3593 5415 3667 5457 σου

2147 5520 2400 5585 mederis,
2427 5526 2599 5574 morte
2628 5515 2877 5573 morieris
2912 5512 3067 5587 (Gen.
3098 5530 3161 5581 ιι,
3192 5514 3311 5581 l7),
3340 5531 3358 5566 ι
3390 5506 3548 5577 inﬁxa?
3570 5501 3665 5553 διαί

2148 5610 2295 5678 mihi,
2327 5609 2379 5666 id
2405 5618 2491 5666 est
2514 5607 2650 5665 meis
2688 5624 2700 5661 :
2732 5614 2785 5663 ct
2809 5605 2928 5677 plus
2955 5604 3153 5670 dicam,
3198 5594 3505 5671 conﬁrmasti
3540 5594 3662 5654 παρετ
