3838 6328
101 298 178 351 795

938 289 1299 346 ΕλΡυΞΙΤΙΟ
1337 289 1401 343 lN
1443 288 1780 347 PSALMOS.
1806 320 1876 330 —
1910 290 2108 347 PSAL.
2150 293 2418 350 XXXVII.

3206 294 3334 355 791'

98 424 159 463 me
182 420 379 461 manum
407 411 569 468 tuam,
618 401 669 457 id
699 409 782 458 est
816 401 975 457 valde
1015 401 1228 457 ﬁrmam
1274 412 1328 458 ct
1365 405 1631 472 pondero—
1661 413 1705 468 Α
1737 406 1814 460 sic
1837 416 1891 461 et
1912 410 2363 479 concupiscentiae
2405 419 2639 465 mentem
2671 426 2858 466 eorum
2887 422 3220 486 aggravant,
3248 433 3319 473 ne

99 515 186 555 sua
211 496 360 566 118
390 494 558 549 fecisti
588 509 751 565 super
773 509 923 548 meos
949 493 1241 548 vindictam
1288 504 1455 550 tuam.
1489 495 1632 552 Bene

98 607 197 649 vero
221 592 364 661 ponit
391 605 565 659 super,
591 605 619 643 a
650 588 1007 644 similitudine
1038 587 1181 641 illius
1214 589 1330 656 qui,
1381 603 1504 642 cum
1534 588 1631 643 ali-

98 700 223 752 quem
255 682 382 737 dure
410 680 663 751 percutit,
697 678 939 749 graviter
970 685 1027 734 et
1061 677 1291 733 ﬁrmiter
1322 694 1483 748 super
1506 695 1630 735 eum

99 791 273 831 manum
298 774 529 843 premit;
563 788 841 844 exponens
864 781 1044 827 autem
1069 775 1123 828 in
1157 788 1263 842 quo
1291 771 1633 828 conﬁrmavit

98 879 293 930 manum,
323 864 508 919 addit:
541 864 595 918 in
644 865 749 919 hoc
799 863 1007 919 scilicet
1047 864 1371 934 conﬁrmasti
1416 881 1632 918 manum

98 963 208 1006 tuam
237 970 383 1022 super
424 969 609 1021 meos,
656 955 796 1025 quod
846 971 950 1008 non
999 964 1074 1009 est
1123 955 1325 1009 sanitas
1370 955 1424 1008 in
1476 970 1633 1009 carne

99 1059 184 1094 mea
247 1041 295 1095 id
319 1051 403 1097 est
428 1058 700 1098 meorum.
734 1042 888 1110 Quod
925 1053 1009 1098 est
1039 1044 1220 1099 dicere
1255 1062 1267 1097 :
1302 1042 1442 1100 Caro
1490 1058 1634 1099 meo-

98 1145 186 1183 rum
210 1146 316 1200 quce
332 1147 360 1185 a
380 1131 567 1188 fomite
597 1133 951 1203 peccatisana
976 1134 1343 1201 erat,inﬁrma
1370 1133 1508 1189 facta
1525 1143 1630 1202 est,

98 1222 136 1275 in
158 1237 207 1277 se
228 1238 434 1293 semper
480 1224 689 1280 habens
732 1223 929 1279 malam
961 1212 1480 1293 concupiscentiam,
1512 1239 1634 1295 quae

97 1312 229 1369 fomes
261 1315 467 1383 peccati
511 1316 728 1378 dicitur,
762 1330 827 1371 eo
870 1316 1014 1387 quod
1060 1317 1127 1372 ab
1157 1332 1220 1371 ea
1260 1317 1550 1373 delectatio
1579 1326 1634 1373 et

96 1406 328 1476 occupatio
349 1406 491 1460 mala
524 1406 752 1461 oriatur.
780 1407 933 1463 Unde
958 1406 1247 1477 Apostolus
1276 1425 1288 1461 :
1318 1425 1337 1459 ι
1374 1408 1470 1463 Est
1502 1423 1632 1479 pec-

98 1508 236 1551 catum
278 1498 328 1551 in
355 1512 588 1568 corpore
626 1508 831 1564 vestro,
863 1498 957 1554 sed
987 1514 1095 1554 non
1126 1507 1315 1571 regnet
1346 1499 1527 1570 (Rom.
1556 1517 1631 1569 vr,

99 1588 224 1657 12).:
254 1588 315 1643 Et
338 1589 439 1645 hoc
465 1590 610 1659 quod
647 1605 753 1645 non
799 1606 930 1646 sana
957 1599 1063 1657 est,
1110 1591 1380 1663 contingit
1427 1611 1459 1647 a
1497 1593 1634 1663 facie

98 1682 167 1733 ira
200 1690 313 1743 tute,
337 1680 389 1735 id
430 1690 519 1737 est
545 1697 575 1735 a
600 1682 891 1752 prarsentia
929 1682 1181 1739 vindicta:
1220 1693 1345 1750 tuae,
1371 1699 1536 1754 quam
1578 1685 1630 1739 in

1734 496 1799 548 ad
1832 497 2073 552 coelestia
2105 500 2526 571 contemplanda
2564 501 2744 556 sinant
2765 516 2884 557 eam
2924 505 3077 559 eniti.
3108 507 3174 561 Et
3213 508 3319 563 hoc

1736 595 1904 669 totum
1947 596 2029 643 est
2057 592 2300 646 ostensio
2342 608 2372 647 a
2412 594 2629 659 minori,
2668 593 2824 663 quasi
2859 595 3042 650 dicat:
3068 599 3319 666 Quando-

1732 675 1949 745 quidem
1983 693 2081 746 pro
2112 688 2335 749 peccato
2376 681 2505 734 Adae
2536 680 2614 735 sic
2658 696 2772 746 eos,
2806 691 2865 737 ut
2911 685 3146 749 ostendi,
3180 685 3319 741 mul-

1736 767 1878 831 tasti,
1907 768 2112 825 scilicet
2141 770 2368 838 sagittas
2397 771 2645 837 iuﬁxisti,
2677 787 2896 826 manum
2942 773 3275 829 conﬁrmasti
3299 792 3315 843 ;

1734 857 1903 914 multo
1938 861 2112 931 magis
2142 870 2227 916 est
2258 861 2554 917 timendum
2584 877 2649 918 ne
2672 877 2768 933 pro
2798 863 3173 933 iniquitatibus
3200 866 3322 933 qui-

1734 948 1836 1002 bus
1868 960 2251 1020 aggravantur,
2281 952 2333 1007 in
2373 951 2557 1007 futuro
2583 955 2801 1023 gravius
2827 953 3143 1009 multentnr.
3196 954 3319 1010 Dixi

1734 1041 1878 1111 quod
1930 1042 2231 1113 iniquitates
2282 1062 2630 1115 supergressa’
2664 1055 2785 1100 sunt
2832 1057 2986 1116 caput
3026 1064 3223 1114 nteum,
3271 1060 3321 1103 et

1733 1141 1963 1201 gravata:
1991 1144 2111 1186 sunt
2135 1134 2271 1187 sicut
2299 1151 2429 1189 ontts
2449 1151 2625 1205 grave.
2653 1135 2722 1190 Et
2763 1136 2866 1191 hoc
2912 1135 3321 1207 intelligendum

1734 1229 1818 1276 est
1855 1232 1982 1277 ante
2017 1223 2385 1293 baptismum:
2426 1234 2482 1280 et
2525 1240 2648 1281 cum
2676 1240 2743 1280 ex
2787 1225 2917 1295 ipsis
2947 1226 3323 1296 iniquitatibus

1734 1311 2090 1382 expedientur
2132 1313 2187 1368 in
2218 1314 2521 1385 baptismo;
2574 1315 2768 1371 iterum
2795 1325 3131 1386 putruerunt,
3160 1316 3211 1371 id
3238 1324 3324 1372 est

1733 1405 2065 1475 putrebuut,
2094 1415 2141 1460 et
2181 1416 2443 1477 corrupta’
2488 1417 2631 1472 sunt,
2674 1407 2728 1462 id
2773 1416 2857 1461 est
2904 1416 3324 1476 corrumpentur

1733 1504 1856 1568 post
1882 1497 2232 1566 baptismum,
2263 1498 2533 1553 cicatrices
2572 1515 2722 1553 mete.
2753 1498 3208 1568 Prteposteratum
3238 1509 3325 1552 est

1734 1591 1832 1645 sic.
1876 1590 1978 1646 Mei
2027 1591 2358 1657 cicatricosi,
2397 1591 2449 1646 id
2486 1599 2571 1647 est
2600 1591 2775 1647 sanati
2821 1606 2850 1644 a
2888 1591 3153 1661 peccatis,
3202 1605 3323 1659 quae

1735 1691 1861 1737 ante
1885 1682 2207 1753 baptismum
2233 1690 2494 1753 egerunt,
2521 1698 2550 1737 a
2589 1681 2946 1737 similitudine
2976 1680 3155 1734 carnis
3180 1680 3321 1733 cica-

98 1786 185 1826 cam
217 1782 426 1843 propter
462 1775 597 1830 Adae
636 1784 917 1843 peccatum
947 1790 1209 1842 exerces;
1249 1777 1506 1848 quoniam
1533 1792 1631 1831 au-
1662 1751 1709 1811 Β
1739 1772 1953 1825 tricosae
1979 1788 2099 1842 quae
2128 1787 2157 1826 a
2185 1772 2405 1827 vulnere
2433 1780 2623 1827 sanata
2643 1780 3180 1840 est,corrumpeutur
3202 1777 3323 1840 post

98 1874 175 1918 tem
214 1880 331 1920 caro
369 1881 479 1922 non
517 1881 649 1922 sana
695 1875 802 1932 est,
843 1884 945 1922 non
978 1878 1053 1922 est
1086 1885 1193 1939 pax
1237 1870 1441 1924 ossibus
1484 1869 1633 1936 meis,

98 1955 136 2009 id
167 1963 235 2010 est
256 1957 446 2012 rationi
498 1965 554 2012 et
586 1958 880 2014 virtutibus
912 1973 1179 2014 meorum.
1213 1957 1442 2031 Semper
1489 1960 1633 2015 enim

100 2046 426 2115 sollicitantur,
477 2058 537 2104 et
586 2049 691 2105 hoc
741 2051 1006 2122 contingit
1054 2068 1086 2105 a
1124 2051 1290 2122 facie,
1345 2050 1399 2106 id
1443 2060 1529 2107 est
1568 2052 1637 2109 ab

98 2137 299 2193 instantia
350 2152 691 2210 peccatorum
742 2158 999 2197 meorum.
1059 2142 1213 2210 Quod
1270 2152 1355 2199 est
1405 2143 1633 2199 dicere:

98 2228 188 2282 Ideo
232 2246 327 2285 non
366 2241 451 2287 est
503 2232 583 2287 eis
637 2248 740 2302 pax
769 2276 784 2302 ,
838 2234 1098 2304 quoniam
1150 2246 1407 2305 peccata,
1456 2235 1509 2291 id
1554 2245 1640 2291 est

99 2318 215 2373 mala!
254 2322 705 2391 concupiscentia:
759 2338 880 2393 quae
919 2324 1084 2379 etiam
1155 2324 1373 2381 fomites
1429 2326 1636 2396 peccati

99 2409 314 2478 dicuntur,
362 2412 609 2479 instant,
665 2429 786 2484 qua:
828 2413 1000 2484 ipsam
1047 2415 1312 2470 rationem
1370 2425 1427 2471 et
1470 2417 1638 2470 virtu-

100 2499 461 2558 tessubvertere
491 2503 769 2571 nituntur,
794 2504 947 2574 juxta
974 2505 1102 2559 illud
1138 2505 1379 2575 Apostoli
1411 2524 1423 2560 :
1455 2525 1472 2556 ι
1496 2507 1637 2562 Caro

99 2589 377 2657 concupiscit
429 2591 698 2648 adversus
752 2594 1001 2663 spiritum
1052 2592 1252 2666 (Galat.
1305 2612 1373 2661 v,
1427 2597 1544 2667 l7).
1611 2616 1630 2651 ι

103 2676 170 2730 γει
194 2681 319 2748 quod
345 2681 484 2737 dicit
511 2684 719 2753 sagitta:
760 2693 863 2737 tua:
891 2680 1070 2753 inﬁxa:
1110 2694 1233 2739 sunt
1252 2725 1266 2750 ,
1295 2695 1424 2752 etc.,
1455 2686 1534 2741 sic
1562 2685 1636 2741 le-

99 2767 204 2836 gitur
225 2779 275 2824 ut
300 2787 393 2840 per
426 2772 661 2842 sagittas
688 2772 973 2842 plusquam
1019 2774 1072 2828 in
1111 2774 1379 2843 superiori
1418 2783 1636 2830 senten-

100 2857 153 2911 tia
176 2859 505 2931 intelligatur.
550 2862 817 2933 Superius
846 2864 988 2919 enim
1017 2880 1114 2935 per
1144 2865 1400 2935 sagittam
1430 2866 1632 2922 solum—

100 2950 219 3006 modo
244 2954 547 3008 mortalitas
571 2962 626 3009 et
666 2955 998 3025 passibilitas
1028 2956 1488 3027 intelligebantur,
1516 2974 1637 3029 qua:

97 3036 199 3094 bene
241 3045 443 3114 sagitta:
505 3046 779 3114 dicuntur,
816 3062 883 3102 eo
920 3049 1064 3117 quod
1100 3050 1168 3104 de
1217 3049 1377 3124 longe
1401 3066 1500 3120 per
1542 3065 1637 3106 eas

99 3125 202 3183 Deus
218 3133 333 3189 Adze
360 3135 733 3192 comminatus
762 3146 847 3192 est
871 3146 1164 3209 antequam
1194 3148 1471 3210 peccaret,
1494 3141 1637 3196 sicut

100 3225 260 3293 Sagiilte
286 3228 349 3284 de
377 3228 544 3301 longe
592 3230 869 3285 trahendae
916 3231 1322 3287 comminantur
1350 3251 1364 3287 :
1395 3233 1481 3287 vel
1510 3232 1637 3305 quia

99 3328 170 3381 per
212 3332 295 3374 cas
339 3334 513 3390 genus
565 3321 863 3376 humanum
911 3321 1166 3388 aﬁicitur,
1195 3325 1263 3378 ad
1313 3325 1532 3380 modum
1573 3326 1637 3380 il-

101 3404 198 3471 lius,
232 3411 313 3479 qui
342 3413 668 3483 sagittarum
705 3411 1018 3467 vulneribus
1047 3413 1318 3484 atlligitur.
1346 3413 1518 3471 Aliter
1541 3432 1637 3470 au-

100 3504 176 3553 tem
193 3504 377 3573 sagitta:
406 3505 572 3560 latius
599 3504 938 3574 accipiuntur
960 3504 1302 3575 sic:Sagitta:
1327 3516 1431 3561 tua:
1456 3508 1637 3577 infixa:

100 3597 353 3661 tartareis,
386 3597 439 3652 id
480 3606 569 3653 est
594 3596 899 3652 mortalitas
938 3608 993 3652 et
1021 3598 1353 3668 passibilitas
1374 3608 1430 3655 et
1458 3598 1637 3657 fomes

99 3688 277 3750 peccati.
305 3689 372 3744 Et
417 3705 528 3744 non
560 3690 800 3755 horaric,
832 3689 926 3745 sed
954 3699 1007 3744 tu
1047 3690 1394 3759 conﬁrmasti,
1447 3693 1502 3748 id
1552 3700 1637 3749 est

100 3775 264 3833 tirmam
299 3791 352 3836 et
377 3792 825 3852 perseverantem
855 3782 1031 3839 fecisti
1062 3800 1219 3855 super
1246 3799 1393 3840 meos
1418 3801 1635 3839 manum

99 3872 224 3933 uiam,
245 3870 292 3924 id
313 3882 396 3926 est
423 3872 717 3928 vindictam
746 3882 920 3941 tuam,
943 3874 1153 3929 scilicet
1179 3876 1519 3945 supradictas
1548 3890 1637 3931 sa-

98 3955 239 4019 gittas.
281 3962 345 4016 Et
388 3964 617 4034 exponit
665 3965 937 4034 quomodo
982 3966 1327 4021 conﬁrmavit
1371 3967 1451 4022 sic
1493 3984 1507 4020 :
1555 3966 1634 4023 lta

98 4047 372 4115 conﬁrmasti
423 4063 484 4110 et
532 4053 799 4121 inﬁxisti,
853 4055 997 4127 quod
1052 4072 1157 4110 non
1196 4065 1271 4111 est
1328 4058 1527 4113 sanitas
1578 4058 1635 4113 in

98 4146 215 4189 carae
248 4155 484 4196 meorum
534 4160 568 4196 a
620 4142 777 4213 facite
830 4145 927 4199 ira:
978 4154 1125 4212 tute,
1177 4146 1231 4201 id
1283 4156 1368 4203 est
1414 4157 1637 4218 propter

98 4230 386 4289 Dementiam
415 4235 669 4291 vindicta:
702 4246 840 4303 tum,
867 4238 918 4291 id
944 4247 1027 4293 est
1068 4238 1281 4294 inﬁrma
1296 4248 1397 4303 est,
1428 4249 1634 4295 morta-

98 4313 458 4393 lis,passibilis,
509 4326 678 4381 fomiti
721 4329 928 4398 peccati
980 4328 1285 4398 subjacens.
1318 4329 1435 4385 Non
1489 4331 1635 4402 quod

1663 3090 1709 3152 C

1736 1866 2060 1936 baptismum
2108 1883 2138 1922 a
2173 1867 2329 1922 malis
2380 1866 2840 1938 concupiscentiis
2863 1906 2879 1933 ,
2924 1864 3070 1920 ducti
3103 1864 3156 1918 in
3186 1879 3321 1919 con-

1737 1970 1956 2011 sensum
1995 1966 2050 2012 et
2075 1956 2509 2023 delectationem,
2532 1974 2560 2010 a
2585 1957 2938 2012 similitudine
2968 1955 3153 2011 carnis
3180 1954 3323 2010 cica~

1738 2047 1974 2113 tricosse,
2008 2062 2130 2116 qua:
2176 2048 2221 2102 si
2264 2046 2364 2102 sibi
2418 2047 2629 2118 gladius
2679 2046 3040 2118 impiugatnr,
3075 2061 3322 2111 corrum-

1736 2139 1901 2210 pitur.
1936 2140 2002 2193 Et
2030 2140 2257 2211 populus
2287 2155 2455 2210 prave
2481 2140 2691 2211 agendo
2728 2147 2782 2193 et
2812 2138 3239 2202 eonsuescendo,
3267 2147 3323 2193 et

1737 2231 1857 2286 aliis
1879 2232 2076 2286 malum
2099 2231 2411 2302 exemplum
2443 2231 2644 2297 dando,
2672 2230 2968 2301 putrebuut
2998 2244 3027 2281 a
3063 2228 3323 2283 similitu-

1736 2322 1863 2377 dine
1892 2323 2195 2388 cadaveris,
2230 2332 2286 2378 et
2334 2324 2435 2379 hoc
2465 2323 2607 2393 quod
2648 2323 2945 2392 putrebuut
2977 2329 3031 2377 et
3078 2336 3324 2376 corrum-

1736 2423 1937 2484 pentur
1963 2415 2240 2485 continget
2264 2432 2294 2468 a
2322 2414 2458 2485 facie
2502 2415 2817 2484 insipientia:
2848 2430 2997 2480 mete,
3046 2413 3101 2468 id
3128 2421 3212 2467 cst
3253 2414 3322 2466 ab

1738 2506 1993 2560 instantia
2022 2505 2225 2561 fomitis
2256 2505 2467 2574 peccati
2518 2520 2795 2571 meorum,
2827 2504 2916 2574 qui
2966 2503 3167 2558 dicitur
3191 2501 3325 2557 insi-

1737 2598 1960 2668 pientia,
1987 2612 2053 2652 eo
2095 2598 2239 2667 quod
2272 2597 2599 2668 insipientia:
2635 2612 2798 2652 causa
2838 2596 2930 2652 sit.
2969 2594 3066 2650 Vel
3095 2594 3175 2650 sic
3217 2610 3232 2647 :
3274 2592 3322 2646 Α

1737 2687 1960 2757 facie,id
1984 2695 2069 2743 est
2097 2702 2127 2741 a
2154 2687 2793 2758 pt‘msetttia,iusipientiw
2812 2701 2962 2751 metu,
2980 2685 3033 2739 id
3059 2694 3142 2740 est
3171 2697 3323 2738 meo-

1738 2792 1882 2842 rum;
1912 2776 2067 2846 quasi
2094 2777 2240 2831 dicat
2273 2795 2285 2831 :
2321 2777 2482 2847 119
2504 2776 2648 2831 Nihil
2690 2776 2816 2831 inde
2845 2775 3166 2844 culpandum
3196 2772 3321 2839 erit,

1736 2864 1840 2919 nisi
1868 2880 2054 2919 eorum
2085 2866 2404 2936 insipientia,
2436 2877 2494 2920 et
2536 2867 2662 2936 quia
2692 2873 3108 2934 cnrrumpeutur
3133 2874 3187 2917 et
3226 2878 3325 2932 pu-

1738 2958 1988 3011 trebuut?
2015 2957 2179 3011 Miser
2205 2958 2379 3027 factus
2425 2974 2563 3022 sum,
2597 2956 2649 3012 id
2686 2946 2780 3012 est
2807 2956 2989 3011 miseri
3031 2954 3161 3009 ﬁent
3184 2970 3321 3025 .cum

1738 3050 1891 3121 prius
1914 3051 1967 3104 in
2014 3051 2287 3121 baptismo
2334 3051 2609 3122 puriﬁcati
2646 3051 2832 3106 felices
2873 3051 3201 3107 exstiterint.
3250 3046 3320 3103 Et

1738 3152 1984 3197 curvatus
2013 3159 2155 3209 sum,
2197 3143 2249 3198 id
2287 3152 2371 3198 est
2422 3142 2798 3213 deprimentur
2826 3156 2856 3195 a
2887 3140 3125 3212 peccatis
3171 3138 3319 3203 suis,

1738 3250 1901 3305 usque
1937 3235 1992 3290 in
2034 3236 2192 3305 ﬁnem
2215 3234 2548 3291 eurvationis
2573 3273 2594 3299 ,
2631 3234 2687 3289 id
2744 3241 2829 3289 est
2876 3242 3136 3302 quantum
3167 3238 3323 3301 pote-

1738 3332 1868 3379 runt
1905 3324 2147 3392 curvari,
2196 3339 2265 3379 ne
2304 3325 2515 3395 possint
2552 3324 2738 3379 oculos
2776 3322 2973 3379 mentis
3001 3323 3070 3377 ad
3116 3330 3320 3376 aeterna

1736 3417 1877 3472 bona
1918 3418 2152 3489 erigere,
2197 3427 2468 3474 eteorum
2504 3416 2748 3472 contuitu
2777 3414 2915 3471 bene
2945 3428 3107 3485 agere
3137 3427 3152 3467 :
3186 3427 3216 3465 a
3247 3410 3324 3466 si-

1736 3507 2039 3563 militudine
2086 3509 2333 3576 curvati,
2388 3508 2478 3579 qui
2530 3522 2749 3563 sursum
2808 3506 3055 3576 aspicere
3109 3502 3319 3574 nequit.

1737 3603 1836 3660 Vel
1888 3604 1988 3658 hoc
2025 3613 2197 3660 totum
2242 3605 2386 3675 quod
2436 3603 2592 3667 dicit,
2624 3603 2927 3673 iniquitates
2971 3613 3320 3670 supergressa:

1735 3702 1886 3760 sunt,
1922 3704 2065 3761 etc.,
2115 3703 2297 3763 potest
2330 3694 2435 3750 dici
2475 3702 2598 3764 post
2632 3693 2982 3761 baptismum,
3016 3689 3095 3745 sic
3138 3705 3153 3744 :
3185 3686 3324 3743 Vere

1735 3783 1998 3839 orandum
2036 3791 2119 3839 est
2154 3798 2254 3853 pro
2290 3783 2370 3838 cis
2393 3822 2409 3851 ,
2462 3797 2531 3837 ne
2566 3782 2645 3839 sic
2688 3788 2988 3852 arguantur
3041 3786 3099 3834 et
3148 3777 3323 3834 corri-

1733 3876 1977 3947 piantur.

1810 3965 2071 4033 Quoniam
2100 3964 2399 4036 iniquitates
2430 3979 2560 4019 mea:
2587 3976 2935 4033 supergressa:
2962 3967 3118 4015 sunt.
3146 3957 3198 4013 id
3232 3967 3322 4015 est

1736 4056 2379 4129 supergredienturcaput
2407 4070 2580 4109 meum
2603 4053 3060 4124 postbapttsmum
3083 4070 3095 4105 :
3117 4063 3164 4106 et
3184 4052 3322 4104 sicut

1732 4138 1869 4202 bonus
1900 4163 2058 4219 grave
2085 4156 2317 4217 gravata:
2343 4155 2488 4210 sunt,
2512 4144 2561 4198 id
2589 4154 2673 4199 est
2698 4143 3086 4215 gravabuntur,
3115 4141 3324 4195 diceret

1736 4239 1974 4309 aliquis:
2011 4238 2201 4295 Nonne
2240 4249 2504 4294 eruentur
2531 4238 2600 4292 ab
2634 4237 2755 4291 istis
2795 4236 2846 4290 in
2879 4232 3183 4303 baptismo?
3213 4230 3321 4285 Ριε-

1735 4333 2075 4402 spondetnr:
2116 4332 2408 4396 Erneutnr,
2438 4331 2532 4386 sed
2571 4338 2757 4401 postea
2796 4336 3233 4397 corrumpentur,
3263 4331 3323 4379 et

99 4419 190 4497 caro
219 4417 446 4481 patiatur
490 4418 575 4472 vel
620 4420 992 4489 concupiscat,
1048 4420 1143 4475 sed
1190 4420 1319 4490 quia
1370 4436 1468 4491 per
1513 4421 1630 4491 ejus
1662 4434 1707 4489 1)
1732 4424 2025 4497 putrebuut
2054 4422 2364 4479 eicatricosi
2404 4421 2507 4476 mei
2558 4438 2592 4475 a
2640 4420 2793 4490 facite
2822 4415 3132 4487 insipientia:
3160 4429 3272 4470 sua:
3298 4430 3317 4469 :

100 4494 390 4568 fragilitatem
416 4508 470 4561 in
501 4508 678 4561 anima
718 4509 777 4562 ﬁt
804 4508 1136 4577 passibilitas
1160 4519 1215 4563 et
1245 4509 1635 4579 concupiscen-

99 4586 168 4653 tia,
196 4608 301 4661 qua:
332 4596 505 4653 tbmes
549 4607 633 4652 est
680 4599 912 4668 peccati,
960 4606 1015 4652 et
1046 4598 1158 4668 ipsa
1207 4614 1314 4654 non
1363 4600 1633 4655 existente

98 4690 214 4746 sana,
243 4703 339 4741 non
382 4698 458 4742 est
507 4705 613 4755 pax
652 4691 855 4743 ossibus
910 4690 1038 4743 meis
1062 4732 1077 4756 ,
1127 4690 1271 4759 quod
1303 4690 1567 4761 contingit
1600 4706 1632 4745 a

99 4767 217 4836 facie,
251 4779 299 4831 id
326 4789 409 4833 est
436 4781 506 4835 ab
531 4781 785 4835 instantia
809 4790 1158 4851 peccatorum
1183 4797 1427 4839 meorum
1459 4798 1631 4837 mem-

100 4859 306 4935 brorum,
354 4870 620 4924 malarum
657 4871 866 4927 scilicet
917 4872 1483 4943 concupiscentiarum
1537 4888 1631 4928 eo-

99 4964 202 5007 rum.
236 4957 296 5012 Et
343 4961 462 5016 ideo
494 4961 668 5017 adhuc
712 4962 975 5017 orandum
1014 4966 1103 5017 est'
1136 4976 1204 5016 ne
1239 4970 1537 5031 arguantur
1576 4965 1633 5018 in

98 5038 265 5111 furore.
293 5058 343 5105 et
370 5053 739 5122 corripiantur
769 5055 823 5107 in
872 5056 984 5118 ira,
1034 5054 1285 5124 quoniam
1334 5054 1631 5124 iniquitates

99 5147 209 5199 mete,
239 5139 286 5193 id
324 5150 409 5196 est
455 5158 633 5212 prava:
665 5146 1115 5215 concupiscentiae
1147 5163 1412 5215 meorum,
1451 5164 1632 5219 super-

98 5238 246 5291 gressa
279 5244 395 5288 sunt
434 5245 588 5305 caput
630 5254 821 5304 meum,
857 5239 907 5293 id
935 5248 1016 5293 est
1040 5240 1631 5310 prtevalueruntmenti

98 5328 314 5388 meorum,
338 5326 652 5385 deducendo
675 5345 792 5384 eam
820 5331 870 5385 in
902 5332 1286 5388 delectationes
1308 5335 1535 5403 peccati.
1563 5334 1630 5389 Et

98 5406 221 5463 etiam
245 5430 464 5483 gravata:
488 5430 607 5474 sunt
635 5437 792 5489 super
819 5437 924 5487 me,
945 5423 1079 5475 sicut
1110 5439 1241 5476 onus
1263 5440 1438 5495 grave,
1468 5424 1518 5479 id
1549 5434 1632 5480 est

98 5508 249 5563 graves
280 5506 432 5564 facta:
460 5520 587 5566 sunt
619 5530 777 5583 super
804 5528 976 5579 meos,
1028 5528 1164 5583 quos
1193 5515 1528 5584 Opprimunt,
1560 5515 1629 5570 ad

100 5593 273 5651 modum
303 5603 480 5659 oneris
520 5605 847 5672 gravissimi.
888 5606 1024 5674 Quia
1066 5607 1206 5661 sicut
1235 5608 1452 5678 aliquod
1490 5624 1629 5663 onus

1735 4526 1791 4572 et
1818 4516 1898 4571 sic
1926 4513 2107 4569 miseri
2139 4513 2298 4579 ﬁent,
2330 4521 2386 4567 et
2424 4512 2795 4566 curvabnntur
2833 4522 3003 4589 usque
3035 4507 3088 4561 in
3129 4505 3319 4560 ﬁnem.

1732 4606 2013 4676 Expositio
2060 4605 2254 4660 horum
2302 4604 2547 4660 omnium
2598 4618 2706 4657 non
2759 4609 3020 4655 mutatur.
3071 4597 3321 4655 Ostcusis

1734 4698 1914 4752 causis
1945 4696 2141 4766 quibus
2179 4710 2280 4766 pro
2317 4694 2396 4750 eis
2435 4694 2703 4751 orandum
2740 4693 2837 4757 sit,
2884 4691 3019 4747 alias
3064 4688 3322 4761 supponit

1732 4802 1925 4842 causas
1952 4801 2121 4857 quare
2142 4801 2249 4841 non
2280 4786 2514 4841 debeant
2538 4783 2690 4855 argui
2728 4791 2784 4838 et
2804 4782 3025 4851 corripi,
3055 4782 3134 4836 sic
3159 4798 3173 4837 :
3206 4777 3323 4836 Oro

1734 4893 1798 4931 ne
1827 4893 2042 4947 arguas,
2066 4892 2130 4931 ne
2155 4876 2433 4947 corripias,
2458 4890 2633 4946 neque
2656 4874 2700 4930 si
2727 4872 3054 4944 corripiendi
3080 4879 3207 4927 sunt
3222 4877 3320 4926 aut

1734 4970 2017 5040 arguendi.

1804 5062 2069 5129 Quoniam
2098 5070 2208 5116 tota
2234 5061 2353 5126 die,
2378 5059 2429 5115 id
2454 5069 2535 5117 est
2550 5059 2775 5133 jugiter,
2808 5060 3148 5115 contristatus
3187 5073 3315 5111 con-

1731 5154 2026 5225 grediebar,
2056 5153 2107 5208 id
2147 5162 2229 5208 est
2270 5153 2374 5208 mei
2423 5153 2727 5209 contristati
2774 5153 2839 5207 de
2867 5153 3106 5223 peccatis
3136 5149 3327 5219 ingre~

1733 5244 1950 5298 dientnr
1978 5244 2044 5298 de
2074 5259 2270 5314 magno
2306 5258 2545 5299 mwrorc
2576 5244 2628 5298 in
2661 5242 2943 5312 majorem,
2972 5240 3024 5295 id
3061 5247 3146 5294 est
3167 5237 3317 5308 jugi-r

1733 5342 1815 5390 ter
1851 5337 2024 5406 magis
2047 5344 2102 5390 et
2136 5336 2310 5406 magis
2340 5336 2806 5391 contristabuntur
2834 5334 2899 5387 de
2922 5330 3156 5402 peccatis
3178 5328 3327 5392 suis,

1733 5425 1963 5494 ideoque
2007 5442 2116 5480 non
2145 5426 2344 5480 debent
2380 5425 2432 5479 in
2477 5426 2657 5480 futuro
2696 5423 2848 5495 argui
2879 5430 2934 5477 et
2975 5417 3177 5488 corripi
3214 5431 3325 5487 pro

1732 5515 1831 5569 eis.
1857 5515 1953 5570 Vel
1980 5516 2058 5571 sic
2085 5534 2098 5569 :
2135 5514 2266 5570 Tota
2290 5517 2394 5582 die,
2428 5516 2481 5571 id
2510 5524 2589 5570 est
2613 5514 2814 5585 jugiter
2840 5510 3230 5585 iugredieutur,
3260 5506 3319 5563 id

1731 5616 1812 5662 est
1835 5607 2090 5664 incedeut
2113 5608 2255 5663 viam
2284 5608 2409 5662 vitm
2439 5607 2599 5675 hujus
2628 5604 2932 5662 contristati
2958 5607 3023 5660 de
3048 5599 3309 5675 peccatis.

100 5696 227 5758 stare
251 5691 388 5749 illum
431 5712 586 5768 quem
619 5700 921 5770 supprimit,
952 5699 1160 5769 erigere
1187 5716 1291 5755 non
1324 5701 1623 5772 permittit;
1735 5699 1798 5753 Et
1844 5716 1948 5757 non
1987 5700 2158 5758 solum
2201 5700 2698 5766 coutristabuntur;
2741 5695 2841 5757 'scd
2881 5701 3042 5759 etiam
3090 5696 3315 5770 amictus
