3838 6328
525 297 633 366 7.95

1108 312 1167 367 S.
1212 313 1558 371 BllUNONlS
1596 316 2239 374 CARTHUSIANORUM
2279 320 2766 379 INSTITUTORIS
2806 323 2955 380 OPP.
2984 326 3162 385 PARS
3191 329 3229 384 I.

3669 340 3752 395 796

528 444 644 483 sum
677 435 723 480 et
756 425 1062 480 humiliatus
1100 443 1214 480 sum
1247 428 1403 481 nimis
1424 471 1438 494 ,
1482 429 1534 482 id
1578 439 1660 484 est
1688 430 1841 483 valde
1876 429 2112 501 amigt-nt
2142 434 2186 488 Α
2214 448 2305 483 cor
2335 449 2504 486 meum
2535 435 2904 488 conturbatum
2934 446 3040 501 est,
3076 438 3129 492 id
3171 447 3253 493 est
3292 440 3468 495 anima
3499 458 3606 499 mea
3642 462 3752 501 con-

529 537 588 576 se
620 522 672 573 in
708 534 936 589 corpore
957 518 1175 589 jejnuiis
1203 529 1256 575 et
1285 520 1404 575 aliis
1430 522 1819 588 anxietatibus,
1845 531 1898 577 et
1929 523 2109 576 humi-

527 611 739 666 liabunt
768 626 824 664 se
857 610 908 664 in
945 611 1161 675 anima,
1200 627 1326 665 suas
1369 611 1675 666 voluntates
1720 614 1824 666 tuis
1865 613 2113 667 volunta-

532 705 680 756 tibus
726 703 1132 771 postponendo,
1170 704 1260 773 qui
1309 703 1459 773 prius
1501 705 1881 773 superhierunt
1924 706 2109 759 inobe—

528 796 739 849 dientes
776 794 1081 848 existcndo.
1134 795 1201 848 Et
1240 795 1406 849 etiam
1454 805 1513 849 ut
1557 797 1932 851 vehementius
1983 797 2111 864 quid

527 885 733 950 dicam,
778 887 1074 953 rugiebam,
1110 886 1159 940 id
1204 897 1287 941 est
1322 888 1570 959 rugieut,
1613 888 1871 942 dolehunt
1906 888 2114 943 scilicet

526 977 627 1030 v.-h
669 984 910 1040 menter,
943 985 1001 1030 ιιι
1033 977 1115 1031 leo
1143 978 1253 1046 qui,
1287 993 1409 1032 cum
1441 980 1799 1034 contristatns
1828 980 1924 1046 sit,
1950 981 2115 1034 vehe-

528 1075 741 1120 menter
770 1068 1003 1137 rugitum
1032 1070 1283 1124 emittere
1313 1070 1591 1125 consuevit
1620 1089 1633 1125 :
1670 1071 1751 1125 vel
1784 1071 2026 1139 rugient,
2060 1071 2111 1126 id

530 1156 792 1211 cstvalde
820 1157 920 1210 sibi
954 1158 1018 1212 de
1046 1160 1281 1227 peccatis
1315 1160 1645 1226 irascentur;
1689 1175 1718 1213 a
1760 1161 2111 1216 similitudine

528 1263 743 1316 quoque
773 1249 962 1314 leonis,
988 1252 1077 1319 qni
1102 1252 1241 1321 rugit
1262 1254 1423 1306 etiam
1448 1268 1567 1305 cum
1600 1253 1771 1306 iratus
1794 1253 1880 1306 sit.
1914 1253 1978 1306 Et
2006 1269 2109 1308 non

533 1341 749 1408 rng’ent
776 1357 907 1395 voce
936 1343 1176 1397 exterius
1203 1360 1214 1395 :
1240 1344 1335 1396 sed
1361 1344 1566 1413 rugitus
1590 1342 1676 1397 ille
1700 1344 1954 1413 procedet
1974 1361 2004 1396 a
2026 1362 2113 1414 ge-

528 1437 659 1486 mitu
682 1435 851 1488 cordis
876 1436 997 1498 nni,
1023 1437 1071 1488 id
1099 1446 1178 1490 est
1207 1452 1469 1489 meortnn.
1495 1435 1660 1502 Quasi
1687 1437 1855 1489 dicat:
1877 1435 2031 1492 Prius
2058 1438 2111 1492 in

526 1531 683 1583 corde
708 1540 946 1600 gement,
982 1541 1037 1585 et
1075 1541 1194 1601 post
1224 1547 1411 1586 eorum
1448 1532 1681 1603 gemitus
1716 1542 2033 1589 excrescent
2058 1535 2112 1589 in

531 1620 785 1688 rugitum;
804 1623 944 1689 qqu
967 1623 1261 1688 estdicere,
1278 1624 1328 1675 in
1350 1625 1505 1676 corde
1533 1625 1762 1694 rugienl,
1780 1625 1859 1678 sic
1881 1635 1938 1679 ut
1961 1626 2112 1695 prius

528 1718 770 1776 gemant.
798 1709 918 1763 Ideo
944 1727 1069 1765 vero
1095 1712 1594 1779 cantristahuotur,
1620 1723 1677 1768 et
1706 1713 2029 1785 aﬂligentur,
2056 1725 2111 1771 et

2216 523 2524 578 turbabitur
2570 536 2866 594 spontanee
2910 527 2964 581 in
3004 529 3280 597 passione.
3333 531 3480 588 Unde
3529 536 3753 605 scriptum

2213 626 2335 669 est:
2372 635 2388 666 ι
2421 614 2596 685 C(epit
2623 632 2822 686 pavere
2858 627 2913 672 et
2938 619 3135 673 cedere
3180 619 3375 688 (Marc.
3405 638 3511 689 xiv,
3537 624 3637 693 35).
3670 649 3686 680 ι
3713 642 3751 683 ct

2213 704 2485 775 dereliquit
2516 722 2595 759 me
2621 707 2782 761 virtus
2811 724 2946 774 mea,
2981 710 3031 762 id
3055 718 3137 763 est
3177 711 3444 766 videbitur
3474 716 3754 783 quibusdam

2214 794 2571 864 dereliquisse
2599 811 2684 849 me
2728 798 2968 866 potentia
3013 814 3153 852 mea.
3188 798 3343 855 Unde
3385 801 3507 856 alibi
3547 802 3752 861 dicitur:

2220 901 2237 934 ι
2260 884 2417 939 Aruit
2443 896 2695 954 tanquam
2724 896 2859 940 testa
2884 889 3056 944 virtus
3081 905 3196 943 mea
3223 890 3396 960 (Psal.
3430 908 3539 955 ut,
3566 895 3757 963 16).)Ει

2214 972 2390 1028 lumen
2430 975 2703 1029 oculorum
2735 994 2989 1042 meorum,
3017 990 3064 1032 et
3095 981 3264 1050 ipsum
3293 981 3471 1035 lumen
3502 984 3639 1049 dico,
3664 988 3758 1044 sine

2215 1078 2321 1133 quo
2345 1065 2476 1119 nihil
2505 1080 2714 1132 essem,
2749 1086 2853 1123 non
2893 1081 2968 1124 est
3001 1087 3232 1132 mecum,
3273 1073 3325 1127 id
3364 1083 3447 1127 est
3475 1075 3757 1133 videbitura

2215 1154 2537 1223 quibusdam
2563 1174 2667 1212 non
2709 1174 2831 1214 esse
2862 1161 3071 1215 mecum
3108 1181 3120 1215 :
3148 1163 3405 1218 divinitas
3430 1167 3642 1232 scilicet,
3664 1186 3759 1239 qua:

2216 1246 2320 1300 mei
2352 1248 2537 1303 cordis
2579 1249 2769 1305 oculos
2812 1252 3102 1307 illuminat.
3155 1252 3307 1309 Unde
3347 1257 3561 1325 quidam
3594 1261 3759 1316 dixisse

2213 1338 2447 1410 legitur:
2490 1362 2509 1395 ι
2548 1345 2687 1399 Deus
2722 1346 3011 1417 dereliquit
3037 1363 3122 1403 me
3157 1348 3294 1417 (lsa.
3330 1366 3477 1417 χιιι,
3502 1353 3599 1420 Μ).
3633 1372 3651 1405 ι
3681 1354 3762 1411 Per

2215 1433 2320 1487 hoc
2345 1443 2524 1489 autem
2552 1436 2819 1492 videbitur
2845 1440 3007 1493 virtus
3034 1456 3170 1507 mea,
3198 1450 3252 1494 et
3284 1439 3461 1496 lumen
3497 1461 3652 1497 meum
3677 1463 3759 1500 non

2214 1538 2335 1579 CSSC
2361 1541 2594 1581 mecum.

2286 1613 2550 1681 Quoniam
2584 1618 2743 1670 amici
2783 1618 2884 1672 mei
2922 1618 3192 1685 simulati,
3224 1630 3275 1676 et
3315 1624 3543 1691 proximi
3572 1626 3685 1689 mei,
3722 1628 3762 1680 id

2216 1717 2299 1762 est
2330 1710 2740 1780 consanguinei,
2768 1712 3288 1783 appropinquarunt,
3321 1716 3372 1769 id
3402 1727 3483 1770 est
3512 1719 3762 1788 appropin-

528 1798 976 1868 lnuril'abuntur,
1012 1811 1066 1857 et
1102 1805 1311 1874 rugicnl
1343 1821 1358 1859 :
1391 1806 1641 1875 quoniam
1678 1805 1840 1859 lumbi
1882 1808 1982 1861 mei
2019 1808 2116 1861 im-

2229 1800 2496 1869 quabunt,
2527 1802 2803 1855 adversum
2835 1820 2945 1867 me,
2980 1782 3043 1857 ut
3065 1808 3304 1875 capiant.
3344 1805 3410 1859 Et
3439 1818 3695 1875 steterunt,
3725 1813 3764 1865 id

526 1889 651 1959 plezi
671 1901 789 1945 sunt
813 1892 1162 1957 illusionibus,
1188 1895 1240 1949 id
1263 1904 1345 1950 est
1374 1898 1536 1951 corda
1564 1912 1829 1960 meorum,
1852 1914 1970 1967 quae
1996 1900 2115 1955 ideo

528 1983 784 2038 dicuntur
813 1985 999 2049 lumbi,
1035 1988 1159 2057 quia
1188 1990 1255 2043 ab
1287 1991 1365 2045 eis
1394 1991 1636 2060 procedit
1666 1992 1920 2060 cogitatio
1954 1993 2112 2059 mala,

528 2090 649 2143 quae
690 2076 964 2131 hominem
998 2080 1343 2148 coinquinat,
1386 2082 1525 2135 sicut
1554 2097 1583 2135 a
1615 2081 1810 2136 lumbis
1854 2081 2060 2134 luxuria
2094 2122 2107 2145 ,

529 2166 686 2236 plena
717 2178 842 2223 sunt
865 2170 1019 2225 malis
1048 2172 1517 2238 delectationibus,
1543 2189 1662 2243 qua:
1690 2182 1811 2229 sunt
1840 2174 2116 2228 illusioncs

534 2258 793 2312 malorum
843 2261 1154 2331 Spirituum.
1202 2263 1268 2317 Et
1314 2265 1434 2318 ideo
1482 2276 1608 2319 sunt
1646 2265 1820 2334 pleni,
1854 2265 1978 2334 quia
2012 2281 2115 2318 non

532 2358 606 2400 est
633 2351 835 2403 sanitas
867 2352 920 2403 in
947 2368 1104 2405 carne
1143 2369 1256 2407 mea
1277 2394 1290 2417 ,
1329 2362 1386 2407 ut
1417 2355 1665 2423 superius
1698 2363 1972 2409 ostensum
1998 2364 2111 2418 est;

532 2439 676 2506 quod
727 2448 811 2493 est
858 2441 1036 2495 dicere
1078 2460 1089 2494 :
1134 2443 1201 2495 Et
1252 2444 1356 2497 hoc
1407 2444 1672 2513 (Ontingit
1714 2459 1779 2497 ex
1828 2443 2117 2513 fragilitate

532 2530 714 2584 carnis
755 2546 943 2584 eorum
989 2548 1107 2600 qua:
1136 2533 1352 2586 infirma
1402 2542 1505 2588 est.
1555 2532 1667 2587 lloc
1707 2543 1885 2586 autem
1918 2534 2115 2602 partim

533 2622 712 2676 verbis
743 2621 865 2676 aliis
893 2624 1142 2692 Superius
1182 2624 1412 2692 positum
1442 2635 1557 2690 est,
1586 2640 1706 2680 cum
1745 2625 1879 2678 dixit
1912 2643 1924 2678 :
1966 2624 2113 2679 Sicut

534 2728 665 2764 onus
711 2728 897 2780 grave,
947 2724 1051 2767 etc.
1096 2712 1200 2767 Sed
1248 2713 1317 2767 ad
1365 2714 1509 2769 aliud
1561 2716 1841 2783 repetitur.
1894 2715 1963 2769 Et
2017 2716 2119 2770 hoc

535 2810 704 2855 totum
729 2810 815 2856 est
844 2818 908 2857 ac
936 2804 978 2855 si
1015 2805 1220 2858 diceret
1246 2821 1258 2857 :
1290 2803 1453 2858 debes
1480 2805 1600 2858 ideo
1629 2805 1707 2858 cis
1742 2804 1985 2859 misereri
2008 2846 2021 2868 ,
2052 2819 2117 2859 ne

533 2908 760 2963 arguas,
787 2903 879 2948 aut
921 2895 1216 2965 corripias,
1259 2896 1382 2965 quia
1422 2897 1489 2950 de
1528 2897 1769 2966 peccatis
1808 2896 2117 2950 omnimodo

534 2987 897 3056 pmnitebunt.

606 3077 672 3130 Et
712 3078 832 3132 ideo
864 3078 1041 3132 adhuc
1072 3080 1235 3134 debes
1262 3080 1541 3146 misereri,
1576 3081 1701 3149 quia
1736 3096 1885 3134 omne
1913 3080 2117 3135 aestde-

2216 1900 2299 1944 est
2322 1891 2538 1945 stabunt
2554 1903 2966 1962 perseveranter
2987 1895 3038 1948 in
3061 1898 3410 1953 accusatione
3427 1900 3526 1952 mei
3550 1900 3761 1953 dicendo:

2224 2001 2242 2033 ι
2272 1982 2328 2037 Si
2370 1984 2511 2038 hunc
2540 1985 2797 2047 dimittis,
2849 2001 2953 2040 non
2994 2003 3054 2042 es
3091 1989 3303 2044 amicus
3345 1990 3574 2045 Caesaris
3611 1990 3763 2060 (Joan.

2217 2089 2331 2137 Xlx,
2363 2073 2472 2141 12).
2508 2093 2526 2125 ι
2562 2074 2624 2126 Et
2651 2076 2775 2142 quia
2794 2076 2951 2144 juxta
2978 2094 3078 2144 me,
3109 2078 3159 2131 id
3190 2088 3275 2133 est
3304 2079 3356 2133 in
3384 2079 3764 2133 familiaritatem

2218 2164 2320 2217 mei
2346 2173 2520 2229 erant,
2556 2164 2802 2233 discipuli
2837 2166 3043 2221 scilicet
3067 2168 3133 2222 de
3160 2167 3312 2238 longe
3339 2180 3606 2234 steterunt,
3634 2170 3678 2223 id
3701 2180 3766 2223 est

2217 2254 2438 2309 stabunt
2483 2271 2567 2309 me
2600 2257 2787 2311 relicto
2815 2273 2925 2326 pra:
2975 2258 3168 2314 timore
3210 2259 3547 2315 Judaeorum.
3593 2258 3654 2313 Et
3695 2262 3766 2329 qui

2216 2344 2539 2415 quwrebant,
2568 2345 2619 2399 id
2642 2356 2723 2401 est
2751 2359 2999 2415 quarrent
3025 2349 3343 2403 omnimodo
3376 2352 3601 2403 animum
3627 2367 3765 2403 meam

2218 2434 2459 2496 auferre,
2492 2433 2660 2489 Judaei
2704 2437 2941 2501 Scilicet,
2984 2438 3082 2492 vim
3113 2439 3420 2508 faciebant,
3462 2442 3512 2494 id
3552 2451 3624 2495 est
3660 2441 3765 2494 mihi

2218 2526 2535 2581 violentiam
2600 2526 2868 2594 infercnt,
2937 2529 3256 2600 llagellando
3323 2543 3381 2587 et
3442 2533 3767 2603 cruciﬁgeudo

2220 2616 2401 2688 (Joan.
2442 2619 2579 2689 XIX).
2625 2618 2693 2672 Et
2745 2621 2833 2689 qui
2870 2620 3230 2691 inquirebant,
3276 2623 3332 2676 id
3375 2633 3460 2678 est
3506 2625 3766 2692 inquircnl,

2218 2708 2362 2761 mala
2389 2709 2517 2761 mihi
2542 2709 2784 2764 consiliis
2832 2711 2946 2765 suis
2970 2711 3255 2778 videlicet,
3289 2714 3529 2782 qualiter
3560 2715 3769 2770 occidant

2218 2811 2273 2856 et
2292 2802 2341 2855 vi
2371 2803 2671 2867 detineant,
2695 2802 2857 2856 locuti
2877 2813 3017 2868 sunt,
3044 2803 3095 2857 id
3119 2814 3200 2858 est
3222 2804 3518 2875 loquentur
3539 2808 3766 2869 vanitates,

2219 2895 2477 2950 dicendo;
2505 2896 2600 2949 llic
2625 2895 2790 2949 dixit:
2829 2914 2847 2946 ι
2872 2896 3091 2951 Possum
3114 2898 3423 2963 destruere,
3445 2919 3463 2950 ι
3490 2908 3585 2955 etc.
3606 2897 3767 2969 (Matii.

2218 3001 2370 3051 xxvi,
2395 2986 2507 3056 6!.)
2546 2987 2610 3041 Et
2634 2988 2730 3041 has
2752 2989 3008 3042 vanitates
3030 3005 3133 3043 non
3160 2989 3456 3061 loquentur
3479 2991 3767 3051 immediate,

2221 3074 2313 3128 sed
2338 3075 2403 3127 ad
2429 3076 2700 3129 cumulum
2725 3077 2978 3145 nequitia:
3005 3090 3192 3132 eorum
3221 3089 3333 3133 tota
3365 3081 3450 3134 die
3470 3081 3609 3134 dolos
3637 3082 3770 3134 medi-

537 3169 669 3221 rium
705 3186 906 3236 meum,
939 3171 990 3223 id
1016 3180 1099 3225 est
1126 3185 1399 3236 meorum,
1443 3180 1527 3225 est
1558 3178 1614 3224 ut
1657 3171 1765 3224 sint
1794 3181 1914 3225 ante
1950 3182 2024 3237 te,
2066 3171 2116 3225 id
2144 3138 2188 3199 Ο
2221 3166 2496 3233 labuntur,
2526 3168 2575 3221 id
2601 3168 2897 3239 esljugiter
2936 3170 3341 3226 meditabantur
3368 3187 3506 3228 vana
3544 3184 3594 3227 et
3620 3171 3768 3227 dolosa

536 3270 620 3315 cst
660 3262 710 3315 in
745 3264 1032 3330 praesentia
1086 3272 1208 3325 tua,
1256 3262 1583 3333 quandoque
1630 3260 1773 3315 beati
1811 3261 1900 3314 illa
1948 3261 2117 3330 gloria

536 3367 695 3420 quam
721 3368 816 3421 pcr
836 3352 1006 3406 Adam
1046 3353 1380 3417 amiserunt,
1416 3353 1557 3421 quod
1608 3359 1690 3405 est
1720 3350 1902 3404 dicere
1929 3368 1943 3403 :
1978 3349 2119 3403 Nihil

539 3458 734 3517 prwter
779 3457 829 3503 te
872 3449 1220 3513 desiderant,
1261 3458 1316 3503 et
1354 3447 1713 3502 desiderando
1762 3446 1828 3499 ad
1877 3445 1981 3498 hoc
2029 3457 2120 3511 ge—

541 3548 694 3592 munt
718 3549 773 3591 et
813 3540 1109 3607 suspirant.
1154 3538 1217 3590 Et
1252 3538 1338 3591 ille
1369 3539 1590 3607 gemitus
1625 3550 1867 3589 meorum
1905 3550 2007 3586 non
2045 3542 2120 3586 est

539 3645 570 3679 α
610 3638 659 3681 te
703 3628 1070 3689 absconditus,
1104 3628 1198 3682 sed
1235 3628 1329 3682 tibi
1372 3627 1621 3697 cognitus
1664 3635 1746 3679 est
1787 3633 1841 3677 et
1886 3634 2068 3691 gratus
2101 3640 2115 3688 ;

544 3718 557 3770 i
586 3719 773 3784 Yeoque
804 3718 1025 3771 minime
1046 3717 1201 3771 decet
1227 3726 1283 3770 ut
1310 3717 1379 3771 sit
1407 3718 1853 3770 irremuneratus.
1879 3713 1975 3767 Vel
2002 3713 2079 3767 sic
2103 3727 2118 3765 :

543 3804 611 3858 Et
655 3805 872 3873 gzmitus
917 3819 1191 3870 meorum,
1242 3821 1402 3874 quem
1435 3806 1499 3860 de
1538 3805 1777 3874 peccatis
1816 3813 2011 3871 agunt,
2054 3802 2122 3856 ad

546 3894 936 3949 lcatitudiuem
981 3895 1334 3964 suspirando,
1368 3911 1468 3948 non
1507 3904 1580 3948 est
1611 3910 1642 3947 a
1672 3903 1719 3947 te
1750 3893 2086 3945 absconditus
2108 3930 2123 3955 ,

543 3988 634 4042 scd
663 3989 899 4057 cognitus
929 3997 974 4041 et
997 3999 1199 4058 gratus.
1229 3989 1503 4055 Quzrreret
1530 3988 1750 4058 aliquis:
1771 3986 1999 4042 Gemeut
2022 3986 2125 4041 ne?

549 4079 929 4147 llcspcndetur
974 4079 1091 4133 53c:
1122 4080 1254 4132 Vere
1277 4095 1366 4131 cor
1391 4094 1560 4131 nteant
1585 4118 1600 4143 ,
1643 4078 1693 4131 id
1724 4088 1807 4131 est
1858 4092 2124 4142 meorum,

547 4170 914 4223 conturbatum
936 4177 1017 4223 est
1034 4170 1313 4239 gemendo.
1333 4169 1397 4222 Et
1417 4170 1515 4223 hoc
1541 4168 1681 4233 ideo,
1711 4169 1831 4237 quia
1854 4167 2127 4236 dereliquit

548 4278 630 4315 me
653 4262 816 4315 virtus
832 4278 967 4326 mea,
994 4262 1043 4315 id
1077 4270 1158 4316 est
1184 4276 1333 4316 meos
1354 4259 1751 4330 dcreliquitper
1765 4258 1933 4312 Adam
1953 4257 2129 4313 omnis

546 4355 711 4408 virtus
738 4370 923 4409 eorum
953 4373 965 4408 :
995 4355 1273 4409 humilitas
1313 4354 1549 4417 scilicet,
1585 4353 1807 4408 castitas
1829 4360 1882 4405 et
1920 4359 2128 4406 czeterte

550 4448 800 4503 virtutes.
834 4449 949 4502 Non
976 4451 1117 4519 quod
1138 4464 1327 4504 omnes
1347 4465 1411 4504 ex
1441 4457 1550 4504 toto
1572 4448 1979 4517 dereliquerunt
2000 4464 2012 4499 :
2037 4446 2128 4500 sed

553 4541 679 4608 quia
709 4542 957 4610 qnwdam
996 4558 1063 4595 ex
1104 4551 1249 4607 toto,
1290 4542 1393 4596 ilhc
1424 4556 1553 4596 vero
1588 4556 1708 4610 qua:
1740 4549 1945 4594 restant
1973 4538 2130 4592 valde

556 4635 837 4690 tuiuoralm
862 4648 1007 4703 sont,
1036 4638 1117 4692 vel
1149 4640 1316 4693 virtus
1348 4656 1495 4703 mea,
1537 4640 1588 4693 id
1620 4648 1702 4693 est
1731 4637 1956 4692 liberum
1988 4635 2134 4691 arbi-

558 4724 749 4788 trium,
796 4735 854 4778 ut
894 4743 998 4781 non
1046 4730 1257 4797 possint
1294 4745 1359 4784 co
1390 4730 1457 4783 ad
1505 4728 1733 4784 salutem
1770 4728 1865 4781 uti.
1906 4727 1972 4779 Et
2014 4727 2133 4781 ideo

556 4816 922 4870 conturbatum
971 4829 1044 4872 est
1095 4836 1203 4886 cor,
1247 4821 1371 4891 quia
1431 4819 1605 4873 lumen
1656 4820 1813 4888 120
1864 4817 2134 4871 oculorum

560 4920 825 4972 meorum,
872 4908 923 4961 id
964 4917 1043 4962 cst
1097 4910 1403 4965 intellectus
1445 4911 1689 4966 cordium
1734 4925 2003 4972 meorum,
2051 4907 2134 4961 vel

556 4994 765 5061 lumen,
800 4996 853 5051 id
880 5006 959 5051 cst
1006 4998 1084 5052 sol
1106 4999 1332 5069 justitia:
1368 5000 1617 5056 Christus
1640 5041 1653 5064 ,
1685 4999 1775 5068 qui
1807 4997 1991 5053 oculos
2017 5012 2135 5051 cor-

558 5086 707 5143 dium
739 5103 980 5142 meorum
1002 5088 1360 5153 illuminabit;
1388 5102 1432 5143 et
1464 5092 1630 5160 ipsum
1656 5089 1829 5141 lumen
1853 5089 1989 5147 dico,
2018 5088 2135 5141 sine

560 5194 671 5249 quo
719 5180 850 5234 nihil
889 5194 1011 5235 esse
1051 5181 1312 5236 dicendus
1343 5197 1497 5246 sum,
1544 5199 1646 5235 non
1688 5189 1760 5233 est
1805 5194 2036 5242 mecum,
2078 5186 2139 5232 ut

563 5287 714 5327 meos
753 5272 1035 5328 illuminet.
1090 5271 1357 5342 Supponit
1402 5287 1618 5342 quoque
1670 5286 1889 5324 causam
1928 5268 2087 5321 aliam
2120 5286 2133 5320 :

562 5363 871 5433 passionem
900 5365 1153 5419 videlicet
1178 5379 1361 5429 suam,
1396 5379 1493 5432 pro
1522 5378 1625 5433 qua
1658 5361 1848 5416 debeat
1875 5361 1953 5415 eis
1983 5360 2139 5414 mise-

564 5456 695 5522 reri,
721 5456 800 5511 sic
824 5471 838 5509 :
867 5455 933 5511 Et
965 5456 1086 5511 ideo
1110 5456 1275 5512 debes
1301 5455 1381 5509 eis
1413 5453 1683 5519 misereri,
1714 5453 1839 5523 quia
1873 5452 1992 5507 ideo
2016 5466 2140 5521 pas-

563 5562 657 5603 sus
682 5563 799 5601 sum
827 5548 968 5618 quod
996 5550 1150 5602 amici
1179 5548 1297 5614 mei,
1322 5545 1628 5603 etc.Potest
1654 5558 1868 5615 quoque
1897 5543 2140 5613 superior

568 5654 758 5693 versus
799 5650 1061 5709 quantum
1101 5640 1167 5694 ad
1212 5641 1519 5709 passionem
1571 5636 1673 5707 legi
1720 5636 1798 5690 sic
1847 5652 1861 5690 :
1909 5635 2036 5688 Dico
2075 5648 2141 5687 ne

572 5744 767 5799 arguas
788 5748 879 5787 cos
906 5748 1077 5802 neque
1121 5733 1401 5799 corripias.
1443 5730 1575 5785 Nam
1611 5741 1663 5784 ut
1696 5729 1771 5785 eis
1805 5726 2136 5792 miserearis,

2221 3259 2386 3313 verba
2437 3269 2626 3313 contra
2653 3274 2759 3314 me.

2295 3351 2408 3422 Ego
2454 3362 2763 3407 autemnon
2808 3354 3117 3409 econtrario
3161 3354 3242 3410 eis
3289 3356 3665 3426 respondebo:
3696 3353 3771 3409 sed

2224 3459 2327 3496 non
2354 3444 2569 3496 audiam
2601 3454 2850 3514 tanquam
2880 3446 3093 3512 surdus,
3118 3446 3170 3501 id
3202 3457 3287 3502 est
3322 3465 3433 3504 non
3464 3449 3672 3518 loquens
3696 3460 3771 3500 ero

2224 3534 2379 3602 quasi
2413 3550 2515 3587 non
2549 3536 2763 3589 audiam
2794 3546 2849 3590 ut
2872 3538 3088 3605 surdus,
3117 3548 3163 3592 et
3194 3540 3330 3593 sicut
3372 3542 3603 3596 existens
3628 3550 3771 3593 multis

2226 3641 2329 3677 non
2373 3624 2609 3694 aperiens
2660 3643 2716 3678 os
2760 3644 2942 3683 suum.
2996 3628 3149 3694 Quod
3198 3639 3283 3684 est
3333 3631 3520 3687 dicere
3562 3650 3575 3685 :
3628 3644 3772 3699 neque

2227 3713 2424 3769 faciam
2477 3716 2694 3786 aliquod
2734 3718 2945 3787 signum
2990 3720 3380 3790 indignationis
3430 3723 3677 3794 gemenda
3708 3718 3774 3772 vel

2228 3807 2564 3876 plangendo,
2602 3810 2986 3878 comparabilis
3015 3821 3193 3879 muto,
3224 3814 3314 3881 qui
3353 3830 3466 3871 non
3503 3814 3660 3869 solum
3687 3827 3773 3866 non

2228 3899 2391 3968 loqui,
2438 3900 2532 3953 sed
2575 3917 2674 3952 nec
2719 3902 2882 3954 etiam
2930 3916 2991 3955 os
3038 3904 3254 3971 aperire
3292 3915 3477 3973 potest
3520 3914 3574 3959 ut
3620 3920 3773 3958 vocent

2228 3992 2520 4061 quamlibet
2567 3993 2800 4047 emittat.
2854 3993 3005 4049 Multi
3054 4012 3288 4066 namque
3339 4001 3476 4054 muti
3521 4009 3663 4064 sunt,
3700 3996 3773 4065 qui

2230 4087 2417 4141 saltem
2451 4088 2685 4141 clamant
2718 4097 2769 4143 et
2803 4098 3042 4159 gemunt.
3071 4089 3288 4161 Repetit
3321 4091 3469 4160 quod
3505 4090 3657 4153 dixit,
3682 4086 3774 4156 Ego

2230 4186 2477 4247 tanquam
2504 4179 2698 4233 surdus
2725 4196 2827 4233 non
2852 4180 3149 4246 audiebant,
3166 4182 3404 4236 utaddat
3421 4182 3527 4237 sic:
3548 4180 3611 4233 Et
3632 4179 3775 4248 factus

2230 4283 2376 4329 sum,
2410 4268 2459 4322 id
2488 4278 2571 4323 est
2598 4267 2776 4323 factus
2802 4284 2926 4334 ero,
2967 4271 3101 4323 sicut
3146 4272 3300 4323 homo
3339 4288 3445 4325 non
3489 4270 3775 4330 audiens,“

2234 4373 2336 4411 non
2362 4358 2554 4411 habens
2576 4359 2629 4411 in
2655 4375 2744 4413 ore
2768 4375 2863 4411 suo
2887 4359 3298 4428 redargutiones.
3325 4360 3480 4426 Quod
3501 4358 3773 4413 estdicere:

2164 4475 2207 4533 υ
2235 4445 2472 4501 Videbor
2491 4448 2608 4501 ideo
2638 4448 2717 4501 sic
2748 4456 2928 4501 tacere
2957 4458 3010 4499 ut
3036 4448 3249 4512 surdus,
3278 4449 3426 4517 quod
3457 4463 3560 4503 non
3583 4445 3775 4499 habeam

2236 4536 2375 4590 unde
2418 4549 2511 4590 eos
2563 4536 2921 4606 redarguam,
2972 4552 3095 4589 eum
3144 4537 3197 4591 in
3251 4536 3439 4592 multis
3480 4534 3669 4606 possim
3702 4544 3777 4585 eos

2236 4629 2581 4700 redarguere.
2632 4630 2698 4683 Et
2730 4631 2830 4684 hoc
2866 4640 3036 4684 totum
3074 4640 3157 4685 est
3187 4645 3251 4685 ac
3289 4631 3336 4685 si
3387 4632 3590 4685 diceret
3629 4644 3641 4679 :
3676 4624 3776 4678 Ideo

2236 4721 2402 4775 debes
2432 4721 2513 4775 eis
2541 4721 2810 4787 misereri,
2840 4722 2966 4791 quia
2998 4722 3123 4777 talia
3149 4731 3204 4777 et
3228 4722 3355 4777 talia
3382 4738 3482 4793 pro
3509 4722 3585 4776 eis
3612 4718 3772 4789 patiar.

2236 4813 2372 4879 Quia
2415 4827 2543 4866 vero
2588 4828 2733 4866 mors
2776 4813 2893 4868 sine
2946 4814 3376 4880 resurrectione,
3422 4813 3605 4867 valens
3642 4818 3777 4863 causa

2237 4918 2345 4956 non
2376 4913 2540 4968 esset,
2568 4902 2719 4957 addit
2743 4918 2756 4955 :

2310 4995 2371 5050 Et
2405 4994 2525 5048 ideo
2554 4995 2718 5049 debes
2748 4994 3014 5061 misereri,
3045 5004 3103 5050 ut
3131 5010 3227 5065 per
3255 5008 3429 5049 meam
3460 4985 3777 5047 resurrectio-

2239 5100 2385 5151 nem,
2409 5101 2596 5142 eorum
2622 5086 2965 5141 miserearis:
2991 5087 3192 5155 speravi
3222 5085 3367 5152 inte,
3400 5082 3630 5143 Domine,
3654 5077 3697 5130 id
3714 5081 3779 5125 est

2239 5193 2385 5247 spem
2420 5176 2835 5232 resurrectionis
2860 5176 3033 5245 posui.
3069 5175 3135 5228 Et
3172 5186 3228 5228 tu
3260 5176 3508 5229 cxaudies
3542 5186 3618 5224 me
3641 5179 3779 5221 oran-

2242 5278 2346 5324 tem
2371 5309 2385 5334 ,
2424 5268 2646 5322 Domine
2689 5266 2827 5320 Deus
2854 5282 3030 5330 nteus,
3064 5274 3120 5319 ut
3149 5280 3233 5319 me
3269 5264 3576 5319 resuscites.
3607 5259 3667 5314 Et
3693 5269 3777 5309 non

2239 5360 2409 5415 solum
2455 5360 2704 5413 cxaudies
2747 5357 2874 5427 quia
2917 5357 3140 5426 speravi,
3181 5356 3275 5410 scd
3318 5366 3479 5409 etiam
3519 5354 3634 5423 quia
3668 5344 3778 5405 diti,

2241 5450 2296 5505 id
2336 5458 2419 5504 est
2462 5449 2626 5504 verbo
2670 5446 2838 5502 orabo
2882 5445 3067 5501 dicens
3109 5462 3122 5498 :
3167 5443 3211 5499 Ο
3263 5445 3507 5509 Domine,
3552 5433 3778 5494 resuscila

2242 5555 2351 5606 me,
2386 5557 2448 5595 ne
2476 5539 2711 5609 quando,
2746 5539 2797 5592 id
2828 5548 2908 5592 cst
2938 5537 3229 5606 aliquando
3252 5534 3656 5605 supergaudeant
3679 5526 3779 5579 mihi

2242 5631 2442 5686 inimici
2477 5631 2597 5683 mei.
2635 5628 2785 5694 Quod
2813 5637 2894 5681 est
2924 5628 3108 5682 dicere
3144 5644 3156 5679 :
3200 5625 3291 5695 qui
3332 5619 3705 5695 supergaudent
3738 5616 3778 5665 in

2246 5734 2437 5789 morte,
2468 5739 2573 5778 non
2606 5719 3037 5791 supergatnlcant
3079 5718 3260 5788 aliquo
3302 5716 3458 5772 modo
3502 5713 3553 5767 in
3580 5724 3677 5780 quo
3704 5721 3778 5759 su-
