3838 6328
134 328 207 386 797
883 317 1246 376 EXPOSITIO
1282 319 1346 373 IN
1388 315 1727 375 PSALMOS.
1758 349 1827 358 --
1855 317 2052 374 PSAL.
2092 319 2376 376 XXXVIII.

3238 329 3344 388 798

133 434 516 512 pergaudendum
550 450 656 490 non
697 445 802 490 est.
836 433 1068 502 Exponit
1095 443 1273 489 autem
1307 435 1360 487 in
1397 448 1503 502 quo
1542 449 1647 488 non
1681 439 1726 496 Α
1757 433 1898 503 Ergo
1919 434 2044 503 quia
2092 434 2594 504 multiplicabuntur
2636 437 2843 494 inimici
2879 454 3042 511 super
3078 456 3248 508 meos,
3277 460 3343 499 ne

134 529 541 598 supergaudeant,
588 541 712 580 cum
751 525 937 580 addit:
973 525 1040 579 Et
1084 526 1212 579 dum
1265 537 1658 580 commoventur

132 623 250 694 pedes
281 621 393 685 mei,
423 619 474 674 id
499 629 579 674 est
616 619 661 674 si
689 628 1164 674 commoverentur
1188 635 1217 672 a
1244 617 1520 687 proposito
1558 633 1657 674 suo

133 713 397 768 affectiones
427 725 591 775 mete,
627 710 835 765 scilicet
872 710 917 764 si
949 710 1028 763 eis
1057 709 1331 772 cederem,
1361 723 1658 778 supergau-

134 805 301 858 tierent.
337 801 398 854 Et
427 801 550 854 inde
581 802 682 856 hoc
719 802 863 864 scio,
890 801 1016 870 quia
1045 815 1210 872 super
1249 815 1332 854 me
1355 799 1658 855 existentes

135 893 414 963 iupassionc
436 933 452 958 ,
501 910 715 962 magna,
757 893 808 947 id
837 902 919 947 est
947 893 1201 962 superba,
1224 891 1387 947 locuti
1423 900 1548 946 sunt
1572 891 1658 946 dic

134 986 290 1039 cendo:
311 983 439 1038 dixit
462 985 605 1039 enim
626 1003 638 1038 :
657 983 826 1038 Filius
848 984 941 1038 Dei
970 998 1090 1038 sum
1117 983 1336 1054 (Matth.
1369 998 1513 1044 nrt,
1541 981 1656 1053 6i).

135 1078 206 1132 V'cl
241 1078 335 1132 sic:
372 1076 485 1131 Non
532 1076 968 1146 supergaudeant
994 1075 1127 1130 mihi
1169 1075 1386 1144 quando
1426 1091 1531 1128 non
1575 1082 1660 1130 cst

135 1170 606 1240 supergatnleudum,
639 1169 848 1224 scilicet
873 1169 926 1222 in
959 1166 1262 1222 retentionc
1290 1166 1344 1220 in
1374 1174 1566 1221 morte.
1593 1166 1660 1220 Et

135 1265 228 1317 inde
261 1264 362 1317 scio
389 1263 513 1331 quia
544 1261 1044 1332 supergauderent,
1077 1259 1336 1330 quoniam
1381 1274 1544 1328 super
1573 1273 1660 1314 me

133 1370 301 1421 magna,
322 1352 368 1405 id
396 1365 480 1406 est
501 1353 758 1420 superba,
788 1351 950 1406 locuti
980 1359 1127 1415 sunt,
1159 1350 1211 1404 id
1241 1359 1325 1404 est
1351 1349 1658 1418 loquentur,

133 1447 224 1498 dum
245 1454 632 1508 commoventur,
658 1443 708 1498 id
738 1453 824 1499 est
850 1444 976 1498 dum
1002 1443 1488 1498 commovebuntur
1518 1456 1547 1494 a
1573 1455 1661 1496 me

133 1552 297 1604 gressus
320 1536 436 1596 mei,
468 1534 518 1588 id
544 1543 629 1590 est
658 1533 912 1604 discipuli
941 1533 1046 1588 mei
1065 1575 1080 1598 ,
1106 1531 1459 1600 relinquendo
1481 1546 1566 1586 me
1606 1531 1659 1584 in

133 1627 353 1694 passione,
378 1626 531 1694 121
563 1626 654 1696 qui
681 1615 1192 1694 dicunturgrcssus,
1215 1637 1282 1677 eo
1307 1622 1450 1693 quod
1480 1629 1662 1692 porta-

135 1717 234 1770 bunt
255 1732 430 1770 nomen
465 1733 645 1772 meum
678 1717 819 1770 inter
843 1725 1064 1786 gentes;
1092 1714 1176 1770 vel
1204 1714 1284 1769 sic
1312 1731 1324 1766 :
1359 1712 1436 1768 Ne
1473 1729 1660 1782 snper-

1757 525 2088 596 derelinquas
2119 543 2221 593 me,
2245 527 2466 582 Domine
2504 527 2645 583 Deus
2683 546 2848 595 meus,
2881 531 2933 588 id
2963 542 3044 588 est
3075 550 3228 590 meos
3267 535 3351 590 in-

1758 617 1975 686 adjntos
2022 617 2076 672 in
2119 618 2582 686 tribulationibus,
2629 621 2724 676 sed
2784 631 3098 678 constantes
3146 624 3233 680 fac
3281 641 3352 681 ne

1758 709 1979 763 cedant.
2019 707 2085 762 Et
2132 708 2177 763 si
2227 709 2498 766 videberis
2539 710 2938 781 derelinquere,
2986 713 3352 782 permittendo

1759 799 1946 869 allligi,
1977 808 2034 854 ει
2063 799 2335 855 interdum
2379 802 2434 856 in
2473 802 2717 873 peccatis
2741 803 2964 868 cadere,
2992 812 3053 857 ut
3094 814 3218 874 post
3254 805 3353 859 hu-

1759 891 2004 946 miliores
2033 892 2145 947 sint
2189 909 2253 946 ne
2283 893 2584 950 discesseris
2614 912 2646 948 a
2687 913 2789 960 me,
2819 895 2872 950 id
2907 905 2992 950 est
3023 911 3092 950 ne
3126 895 3352 966 elonga-

1759 983 1908 1039 veris
1932 984 2153 1054 penitus
2178 984 2247 1038 ab
2275 985 2378 1048 eis,
2405 985 2536 1054 quin
2583 996 2776 1056 postea
2811 987 2892 1042 eis
2924 987 3236 1052 auxilieris;
3261 988 3358 1043 sed

1759 1076 1941 1144 potius
1965 1076 2175 1131 intende
2199 1077 2255 1130 in
2292 1078 2623 1147 adjutorium
2650 1095 2846 1145 meum,
2879 1079 2932 1134 id
2963 1089 3045 1134 est
3081 1093 3353 1146 meorum,

1763 1165 1982 1236 Domine
2010 1165 2144 1220 Deus
2172 1183 2337 1222 meus.
2369 1166 2521 1234 Quod
2555 1177 2640 1224 est
2671 1169 2856 1225 dicere
2886 1187 2899 1224 :
2929 1169 3100 1237 Quem
3133 1171 3240 1226 mei
3271 1185 3356 1224 re-

1760 1257 2028 1326 putabunt
2063 1257 2347 1312 Dominum
2377 1267 2432 1312 et
2475 1258 2644 1313 Deum
2673 1275 2856 1314 suum.

2180 1345 2246 1400 IN
2281 1345 2610 1403 PSALMUM
2646 1347 2932 1404 XXXVIII.

1833 1436 2036 1492 Psalmi
2064 1438 2323 1494 trieesimi
2355 1440 2530 1494 octavi
2575 1440 2805 1496 Titulus.
2841 1441 2909 1495 In
2935 1441 3092 1510 ﬁnem
3119 1459 3213 1512 pro
3244 1441 3360 1497 Idi-

1763 1531 1931 1598 tlmm,
1955 1529 2234 1585 Canticum
2262 1531 2452 1586 David.
2482 1532 2716 1587 Idithum
2751 1533 3138 1602 interpretatur
3167 1533 3359 1588 transi-

1763 1621 1915 1676 liens.
1951 1622 2161 1678 Titulus
2199 1623 2278 1678 sic
2307 1623 2635 1692 exponitur:
2675 1621 2951 1677 Canticum
2998 1623 3161 1687 istud,
3186 1623 3236 1678 id
3265 1631 3353 1678 est

1768 1723 2032 1770 tractatus
2072 1717 2193 1780 iste,
2232 1721 2284 1769 in
2325 1731 2433 1786 quo
2470 1715 2776 1770 continetur
2828 1715 3137 1779 canticum,
3176 1716 3228 1769 id
3269 1724 3357 1770 εει

134 1810 346 1878 gaudeant
375 1809 499 1862 mihi
525 1809 742 1877 quando
773 1805 1278 1878 snpergandcndum
1311 1821 1418 1858 non
1454 1811 1570 1868 est,
1601 1803 1654 1858 id
1688 1802 1730 1858 Β
1751 1803 2060 1874 Ῑυειιιηάἰιιιε
2100 1806 2301 1871 futura,
2335 1807 2542 1863 scilicet
2583 1816 2783 1862 teterna
2835 1806 3132 1871 beatitudo,
3166 1806 3252 1862 vel
3272 1805 3360 1875 ju-

134 1902 258 1954 estin
302 1901 604 1956 retentione
652 1900 703 1953 in
742 1908 937 1954 morte.
991 1897 1056 1953 Et
1100 1897 1227 1950 dum
1277 1906 1668 1955 commoventur

135 1992 248 2059 pedes
273 1994 384 2056 mei,
407 2009 566 2060 super
593 2009 673 2046 me
705 2007 898 2060 magna
924 1990 1085 2044 locuti
1108 1999 1253 2055 sunt,
1285 1989 1336 2043 id
1363 1997 1446 2044 est
1477 1997 1532 2044 et
1558 2003 1663 2044 non

134 2081 386 2151 loquantur,
419 2102 648 2154 magna,
692 2084 875 2152 id.est
919 2084 1153 2152 superba
1200 2100 1356 2154 super
1398 2100 1479 2138 me
1522 2084 1668 2139 exis-

140 2179 290 2238 teutlo,
316 2177 546 2232 dicendo
582 2192 641 2232 se
673 2191 958 2246 superasse
986 2192 1105 2237 me,
1135 2175 1262 2230 dum
1297 2177 1397 2232 hoc
1429 2177 1501 2230 sit
1525 2178 1668 2245 quod

137 2281 528 2322 cummm'eantur
563 2285 593 2322 a
633 2266 913 2338 proposito
956 2272 1110 2338 pedes
1138 2269 1274 2333 mei,
1319 2269 1370 2323 id
1411 2277 1496 2324 est
1533 2268 1669 2323 all‘e—

137 2361 297 2415 ctiones
321 2377 481 2427 mer,
517 2362 569 2416 id
611 2371 694 2416 est
729 2363 854 2416 dum
904 2363 1006 2416 hoc
1045 2361 1116 2416 sit
1144 2361 1286 2431 quod
1329 2361 1410 2415 eis
1455 2361 1665 2416 cedam.

139 2451 254 2515 Quod
291 2462 365 2506 est
405 2467 467 2506 ac
519 2452 562 2506 si
607 2452 754 2506 dicat
795 2469 810 2505 :
851 2451 969 2506 Non
1016 2451 1298 2521 permittas
1338 2450 1670 2505 commoveri

141 2543 264 2610 pedes
287 2557 455 2607 utens,
492 2559 562 2598 ne
591 2559 753 2614 super
780 2558 865 2597 me
891 2543 1190 2598 existentes
1223 2558 1412 2612 magna
1445 2541 1672 2610 loquan-

143 2642 221 2686 tur.
258 2635 460 2689 ilultum
493 2636 642 2690 enim
673 2635 907 2705 superbe
941 2635 1314 2704 loquerentur,
1348 2635 1390 2689 si
1429 2635 1509 2689 sic
1539 2633 1670 2688 mihi

143 2727 461 2796 pravalerent.
499 2729 583 2782 Ad
635 2728 774 2781 hanc
827 2737 1011 2781 autem
1072 2729 1286 2780 tertiam
1345 2725 1668 2780 sententiam

143 2820 270 2874 mittit
307 2838 398 2875 nos
433 2821 708 2876 Ilehraica
748 2819 1059 2880 translatio,
1091 2834 1212 2888 qua:
1239 2818 1316 2872 sic
1345 2817 1543 2872 habet:
1590 2817 1672 2871 Ne

143 2911 235 2963 dum
263 2913 605 2966 racillarerint
629 2914 785 2980 pedes
807 2912 929 2973 mei,
961 2927 1119 2978 super
1145 2926 1226 2962 me
1249 2909 1669 2978 magni/iocatur,

145 2999 182 3051 id
203 3011 270 3055 est
296 3003 461 3072 magni
500 3001 635 3056 fiant
663 3002 714 3056 in
742 3000 1014 3071 superbia.
1048 2999 1116 3054 Et
1145 2999 1268 3054 ideo
1301 2999 1480 3054 adhuc
1507 2999 1673 3054 debes

143 3092 340 3146 misereri

195 3181 422 3247 Quoniam
448 3202 541 3255 ego
564 3185 621 3237 in
643 3183 852 3253 ﬂagella
877 3198 973 3252 per
995 3197 1080 3237 me
1099 3183 1436 3252 suscipienda
1461 3192 1675 3252 paratus

143 3286 244 3333 sum,
274 3272 318 3326 id
344 3283 421 3328 est
447 3273 554 3328 mei
581 3275 749 3343 parati
771 3281 931 3327 erunt
956 3287 1052 3341 pro
1077 3287 1161 3327 me
1193 3273 1303 3340 pati
1325 3270 1551 3342 llagella,
1577 3271 1680 3326 sic-

145 3369 254 3416 utet
290 3380 379 3433 ego
411 3381 508 3435 pro
539 3365 621 3418 eis
667 3365 862 3434 patiar,
902 3363 1137 3433 alioquin
1172 3365 1316 3418 enim
1351 3363 1530 3432 passio
1559 3378 1677 3418 mea

147 3450 244 3505 nihil
269 3455 340 3509 eis
364 3455 671 3524 proliceret.
708 3455 774 3509 Et
809 3456 930 3511 ideo
965 3456 1139 3510 adhuc
1169 3455 1292 3525 quia
1317 3455 1470 3508 a'olor
1509 3473 1677 3522 meus,

145 3538 182 3591 id
201 3553 268 3596 est
285 3561 538 3610 meorum,
556 3547 662 3600 erit
681 3547 735 3600 in
758 3557 1029 3616 conspectu
1057 3563 1190 3612 meo,
1211 3547 1260 3600 id
1291 3556 1373 3601 est
1401 3560 1644 3601 meorum
1664 3587 1679 3614 ,

144 3645 318 3700 temper,
364 3636 414 3692 id
459 3647 546 3693 est
591 3652 807 3708 semper
843 3637 1114 3692 habebunt
1145 3637 1197 3691 in
1249 3636 1683 3692 consideratione

147 3737 218 3776 sua
241 3726 456 3784 dolorem
487 3729 558 3784 de
607 3730 846 3799 peccatis
871 3729 1004 3784 suis.
1032 3729 1102 3783 Et
1129 3729 1250 3784 ideo
1287 3729 1463 3784 adhuc
1492 3747 1505 3782 :
1540 3728 1684 3794 Quo—

148 3814 254 3866 riam
293 3819 609 3884 annuntiabo
652 3819 973 3888 iniquitatem
1015 3834 1204 3882 meam,
1240 3817 1289 3872 id
1333 3825 1416 3873 est
1446 3818 1548 3872 mei
1582 3834 1682 3872 an—

147 3908 416 3964 nuntiabunt
461 3910 586 3964 aliis
615 3909 892 3964 humiliter
935 3925 1032 3980 per
1061 3911 1457 3976 confessionem
1487 3909 1686 3980 iniqui-

149 4005 274 4052 tatem
292 4015 432 4055 suam
451 4002 606 4071 juxta
630 4001 758 4056 illud
779 3999 965 4056 Jacobi
997 4001 1257 4070 apostoli:
1297 4019 1316 4052 α
1339 3999 1682 4056 Conlitemini

148 4087 415 4146 alterutrum
467 4102 691 4162 peccata
741 4104 922 4148 vestra
970 4092 1112 4164 (Jac.
1145 4110 1198 4159 v,
1232 4093 1368 4160 I6);
1411 4112 1428 4144 ι
1475 4101 1530 4148 ει
1559 4093 1684 4160 quia

148 4178 225 4234 hoc
263 4198 355 4237 non
385 4185 676 4248 salliceret,
721 4184 958 4255 cogitabo
985 4201 1080 4254 pro
1117 4194 1328 4254 peccato
1359 4201 1494 4245 meo,
1521 4183 1572 4237 id
1603 4191 1687 4238 est

147 4269 411 4337 eogitabuut
449 4273 766 4328 satisfacere
807 4273 914 4328 Deo
963 4287 1058 4343 pro
1096 4273 1243 4328 omni
1293 4281 1515 4342 peccato
1563 4287 1686 4339 suo,

145 4356 388 4424 jejunando
420 4372 472 4418 ct
525 4364 645 4420 aliis
693 4364 1054 4418 anxietatibus
1115 4379 1314 4434 corpus
1380 4361 1682 4435 ailligendo.

148 4445 238 4502 Dixi
266 4453 395 4520 quod
429 4455 527 4522 ipsi
557 4455 875 4524 cogitabant
900 4470 994 4523 pro
1021 4463 1233 4524 peccato
1275 4469 1501 4509 carnem
1545 4469 1688 4508 mor-

150 4539 356 4598 liﬁcando
381 4561 396 4611 ;
428 4545 627 4599 inimici
651 4556 820 4600 autem
847 4547 968 4611 mei,
997 4545 1047 4600 id
1069 4554 1152 4600 est
1183 4559 1460 4613 meorum,
1489 4543 1694 4600 scilicet

152 4633 266 4706 impii
309 4641 392 4708 qui
437 4651 832 4711 persequentur
879 4656 974 4698 eos
1015 4641 1350 4704 multimode,
1400 4641 1595 4706 vivunt,
1641 4639 1693 4695 id

153 4735 216 4779 est
250 4730 419 4785 vivent
456 4747 714 4802 prospere
753 4733 804 4787 in
857 4732 959 4787 hoc
985 4732 1215 4787 ‘mundo
1262 4731 1314 4785 in
1351 4729 1556 4785 divitiis
1599 4729 1694 4785 llo-

153 4818 300 4872 rendo.
341 4820 402 4874 Et
448 4823 746 4891 conﬁrmati
785 4833 920 4886 sunt,
973 4822 1022 4875 id
1055 4831 1139 4877 est
1185 4820 1489 4877 confirmati
1534 4831 1694 4874 erunt

154 4901 193 4955 in
219 4913 591 4974 perseverantia
620 4930 775 4978 super
793 4930 896 4977 me,
932 4912 987 4968 id
1017 4921 1102 4968 est
1134 4927 1300 4983 super
1343 4927 1494 4968 meos
1524 4913 1694 4968 extol-

154 4990 280 5051 lendo
319 5016 393 5056 se.
440 5003 509 5056 Et
553 5005 886 5073 multiplicati
917 5015 1075 5071 sunt,
1103 5006 1154 5061 id
1201 5005 1477 5061 cst-multi
1511 5017 1691 5072 erunt,

153 5085 219 5150 qui
251 5091 452 5145 oderunt
478 5110 576 5158 me,
611 5093 662 5147 id
703 5103 787 5148 est
819 5095 944 5150 odio
995 5095 1268 5150 habebunt
1295 5111 1470 5151 meos.
1495 5107 1550 5152 et
1593 5097 1695 5152 hoc

155 5171 312 5245 inique.
349 5182 572 5252 Exponit
613 5194 791 5239 autem
835 5187 1107 5255 quomodo
1138 5190 1318 5256 inique
1349 5187 1449 5254 sic,
1480 5187 1695 5244 scilicet

157 5267 224 5332 qui
244 5273 530 5340 retribuam,
555 5277 604 5330 id
625 5285 708 5332 est
734 5279 1035 5333 retrihncnt
1062 5278 1218 5344 meis,
1241 5279 1380 5333 mala
1404 5297 1498 5348 pro
1525 5280 1695 5347 bonis,

161 5361 274 5422 quod
309 5362 608 5432 iniquorum
643 5377 746 5422 est.
785 5368 850 5421 Et
880 5368 982 5423 hoc
1017 5369 1180 5423 etiam
1210 5369 1432 5438 exponit
1459 5369 1510 5422 in
1542 5381 1697 5438 parte

164 5462 259 5504 cum
283 5455 418 5511 addit
449 5475 464 5512 :
495 5457 713 5515 Scilicet
750 5461 1089 5514 detrahebant
1129 5463 1282 5524 mihi,
1315 5461 1365 5515 id
1393 5469 1478 5514 est
1519 5461 1695 5517 detra-

165 5534 266 5594 hent
289 5548 431 5612 meis,
455 5553 699 5619 quoniam
733 5551 984 5622 sequebar
1008 5553 1313 5618 bonitatem,
1355 5555 1406 5608 id
1449 5562 1532 5609 est
1570 5555 1694 5624 quia

167 5637 542 5695 perseverabunt
568 5641 620 5694 in
654 5641 918 5709 bonitate,
945 5643 1088 5713 quod
1119 5651 1202 5697 est
1225 5645 1427 5708 dicere,
1459 5645 1582 5714 quia
1617 5647 1696 5702 eis

171 5715 332 5780 lotium
357 5733 650 5802 exemplum
682 5736 903 5803 dabunt,
923 5737 1026 5808 ipsi
1045 5737 1150 5798 illis
1179 5739 1360 5809 imque
1389 5739 1692 5794 delr..hent.

1767 1897 2032 1962 conditas,
2068 1898 2120 1952 id
2161 1908 2246 1952 est
2277 1897 2461 1952 Itetitia
2499 1897 2664 1951 nimia
2714 1911 2812 1966 pro
2856 1911 2952 1967 spe
3000 1897 3358 1952 beatitudinis

1767 2002 2004 2056 teternrc,
2031 2001 2112 2047 est
2139 1990 2334 2056 David,
2363 1991 2414 2044 id
2445 2001 2528 2046 est
2562 1989 2818 2046 Ecclesia:
2852 1988 3126 2059 perfectae,
3154 1988 3359 2044 factum

1770 2085 1911 2140 istud
1941 2085 2234 2148 canticum,
2266 2083 2318 2137 id
2343 2093 2427 2139 est
2461 2083 2564 2138 iste
2591 2091 2852 2138 tractatus
2878 2096 2977 2151 pro
3017 2080 3257 2134 Idithnm
3303 2080 3360 2133 in

1768 2177 1948 2246 ﬁnem,
1981 2177 2031 2230 id
2057 2185 2140 2230 est
2170 2191 2268 2245 pro
2298 2177 2400 2230 hoc
2422 2176 2565 2245 quod
2590 2186 2676 2230 est
2707 2175 2820 2245 ipse
2851 2175 3016 2228 David
3047 2173 3358 2228 transiliens

1771 2285 1938 2338 usque
1967 2268 2019 2322 in
2059 2268 2246 2331 finem,
2277 2267 2487 2322 scilicet
2518 2265 2826 2321 transiliens
2855 2265 2923 2318 de
2967 2263 3112 2318 vitiis
3137 2264 3206 2317 ad
3245 2263 3355 2316 vir-

1773 2370 1936 2425 tutes,
1966 2360 2030 2414 de
2053 2358 2285 2413 terrenis
2327 2357 2483 2411 bonis
2514 2357 2582 2411 ad
2619 2367 2821 2411 atterna
2864 2355 3036 2418 bona;
3069 2369 3189 2422 quae
3235 2360 3364 2406 sunt

1773 2451 1896 2505 linis
1943 2447 2368 2518 exspectationis
2416 2446 2706 2515 iustorum.
2763 2444 2855 2499 Vel
2901 2445 3030 2500 sic:
3076 2443 3360 2498 Canticum

1773 2542 1937 2606 istud,
1964 2541 2014 2595 id
2042 2538 2457 2608 estjucunditas
2484 2537 2687 2602 futura,
2715 2536 2798 2592 vei
2831 2535 3164 2606 iucunditas,
3199 2533 3249 2586 id
3279 2541 3364 2587 est

1774 2634 1955 2689 lzetitia
1975 2633 2337 2704 jucunditatis
2358 2631 2574 2695 futurte,
2601 2638 2684 2684 est
2712 2629 2898 2693 David,
2927 2629 2978 2682 id
3000 2637 3082 2682 est
3110 2623 3364 2680 Ecclesia:

1774 2723 2044 2793 perfectae.
2078 2723 2362 2777 Canticum
2396 2721 2518 2776 dico
2547 2721 2852 2775 habendum
2896 2718 2939 2773 si
2969 2717 3036 2772 de
3078 2716 3257 2770 futura
3278 2713 3366 2782 ju-

1775 2815 2054 2868 cunditate
2089 2813 2323 2875 dicatur,
2352 2811 2437 2865 ve!
2491 2811 2733 2868 habitum
2771 2809 2908 2864 side
2937 2808 3120 2862 laetitia
3167 2805 3364 2860 futurae

1769 2903 2125 2973 jucnttditatis
2149 2902 2380 2964 dicatur,
2412 2917 2508 2970 per
2537 2901 2638 2954 hoc
2665 2900 2807 2968 quod
2850 2897 3016 2952 David
3043 2897 3133 2965 qui
3167 2897 3254 2949 hic
3289 2896 3368 2950 io-

1775 2994 1960 3062 qnitnr
1982 3001 2060 3046 est
2087 2992 2339 3055 Idithnm,
2369 2991 2420 3044 id
2442 2999 2524 3044 est
2557 2989 2866 3043 transiliens
2895 3003 3067 3056 usque
3093 2987 3143 3040 in
3175 2985 3361 3039 linem.

1779 3086 1834 3140 In
1873 3086 1973 3138 hoc
2001 3092 2178 3136 autem
2211 3081 2418 3151 psalmo
2455 3081 2696 3151 perfecta
2727 3078 2965 3134 Ecclesia
2990 3075 3364 3147 jncnndando,

1780 3176 2017 3232 ostendit
2050 3190 2110 3229 se
2137 3175 2202 3228 de
2229 3173 2375 3227 vitiis
2415 3174 2483 3228 ad
2523 3173 2756 3226 virtutes
2806 3169 3145 3234 transiliisse,
3179 3169 3258 3223 sic
3307 3177 3370 3223 ut.

1782 3284 1881 3322 nec
1912 3269 1963 3321 in
2003 3267 2182 3338 lingua
2226 3281 2454 3336 peccare
2494 3265 2766 3335 disponat,
2796 3261 2939 3332 quod
2971 3278 3224 3331 magnum
3259 3272 3365 3317 εει.

1781 3357 1920 3412 Dicit
1944 3359 2106 3412 etiam
2140 3373 2200 3413 se
2238 3372 2424 3412 orasse
2464 3371 2585 3409 cum
2619 3353 2947 3408 insullicieus
2991 3367 3085 3422 per
3111 3366 3170 3407 se
3197 3361 3368 3413 esset,

1783 3451 1962 3507 utsibi
1999 3450 2158 3512 Deus,
2196 3449 2378 3514 finem,
2426 3449 2477 3503 id
2509 3457 2590 3502 est
2629 3449 2846 3500 modum
2879 3443 3092 3501 tacendi
3123 3443 3370 3497 modum-

1782 3557 1888 3612 que
1933 3539 2210 3612 loquendi,
2256 3539 2599 3603 notilicaret;
2629 3546 2685 3591 et
2741 3535 3043 3590 conluitum
3093 3534 3361 3588 bonorum

1783 3644 2108 3690 aeternorum
2153 3631 2253 3687 sibi
2286 3641 2472 3684 notum
2515 3630 2740 3695 faceret,
2781 3637 2840 3682 ut
2872 3627 2974 3692 sic,
3014 3623 3368 3680 srecularibus

1784 3723 2216 3794 contemptis,ad
2249 3721 2405 3790 122
2440 3721 2533 3780 illa,
2551 3721 2690 3776 bona
2720 3735 2815 3791 spe
2844 3715 3373 3775 transiliret.Oslen-

1785 3817 1866 3871 dit
1893 3829 2108 3884 quoque
2130 3827 2188 3867 se
2220 3813 2634 3880 impetrasse,et
2665 3826 2722 3866 se
2745 3810 3083 3866 solummodo
3109 3808 3248 3861 bona
3278 3805 3368 3860 illa

1786 3914 2120 3974 exspectare,
2149 3913 2204 3958 et
2235 3903 2336 3957 hoc
2359 3917 2464 3956 non
2493 3902 2559 3958 ad
2588 3901 2978 3970 arrogantiam,
3028 3899 3121 3956 sed
3148 3897 3214 3951 ad
3237 3895 3374 3951 alio-

1789 4013 1908 4052 rum
1955 4005 2143 4050 narrat
2187 3994 2620 4058 instructionem,
2653 4003 2712 4048 ut
2761 3995 2840 4048 sui
2871 3991 3118 4061 exemplo
3161 3989 3229 4042 ad
3268 3989 3373 4042 hoc

1789 4089 1931 4144 idem
1976 4087 2279 4143 intendant.
2309 4087 2606 4158 Redarguit
2639 4101 2854 4156 quoque
2882 4100 2976 4140 eos
3001 4083 3092 4153 qui
3144 4080 3371 4134 vanitati

1789 4183 1980 4238 intenti
2013 4191 2160 4247 sunt,
2195 4189 2255 4236 ut
2283 4196 2378 4236 eos
2409 4196 2436 4235 a
2471 4180 2711 4236 vanitate
2741 4179 2808 4232 ad
2831 4193 2894 4232 ea
2927 4177 3061 4231 bona
3093 4188 3213 4242 qua:
3243 4186 3370 4227 vera

1791 4282 1916 4330 sunt
1968 4273 2243 4328 transilire
2294 4272 2477 4327 faciat.
2529 4270 2662 4325 Orat
2709 4282 2921 4338 quoque
2963 4275 3021 4319 ut
3064 4262 3370 4331 exemplum

1789 4364 1980 4420 orandi
2005 4363 2126 4417 aliis
2151 4363 2385 4427 tribuat;
2417 4369 2684 4430 quatenus
2718 4358 2859 4413 Deus
2883 4371 3005 4411 eum
3035 4356 3101 4409 ab
3123 4354 3376 4409 omnibus

1725 4483 1768 4536 ι)
1795 4453 2170 4523 iniquitatibus
2210 4460 2390 4514 eruat,
2453 4460 2511 4504 ut
2534 4451 2598 4503 ad
2626 4451 2727 4504 hoc
2759 4449 2826 4502 ad
2863 4446 3004 4517 quod
3031 4445 3266 4512 suspirat
3294 4444 3376 4499 sic

1795 4542 2079 4612 pervenire
2129 4549 2308 4610 queat.
2344 4538 2592 4608 Alioquin
2635 4537 2778 4594 enim
2823 4551 2929 4590 non
2960 4535 3028 4589 ad
3058 4535 3162 4599 hoc
3207 4533 3376 4588 attin-

1793 4645 1964 4706 geret.
1997 4632 2129 4686 Orat
2169 4631 2388 4699 insuper
2419 4639 2476 4684 nt
2517 4630 2660 4686 Deus
2694 4627 3066 4684 tribulationes
3094 4641 3222 4681 suas
3249 4625 3378 4680 alle-

1793 4726 1905 4782 .viet
1931 4765 1944 4789 ,
1993 4737 2063 4778 ne
2108 4722 2210 4777 sub
2259 4721 2425 4776 nimio
2459 4721 2695 4791 pondere
2734 4719 2984 4784 deficiat,
3027 4726 3084 4773 et
3125 4717 3205 4774 sic
3235 4717 3380 4787 quod

1795 4823 2093 4887 exspectat,
2127 4813 2361 4868 amittat.
2402 4813 2544 4868 Dicit
2589 4827 2806 4882 quoque
2854 4810 2964 4879 jam
3017 4809 3120 4866 sibi
3176 4809 3376 4864 debere

1795 4907 1941 4981 parci
1982 4922 2101 4961 cum
2129 4913 2356 4976 purgata
2383 4903 2455 4959 sit
2485 4903 2786 4976 diutissime
2817 4901 3088 4973 patiendo.

1870 5003 1994 5057 Dixi
2020 5018 2039 5055 :
2067 5001 2375 5056 Custodiam
2405 4999 2513 5054 vias
2556 5015 2719 5061 meas,
2758 5007 2812 5050 ut
2861 5012 2965 5050 non
2992 4994 3293 5064 delinquant
3327 4993 3381 5046 in

1799 5095 1977 5164 lingua
2016 5110 2152 5146 ntea.
2207 5091 2372 5160 Quasi
2406 5091 2548 5145 dicat
2579 5105 2592 5142 :
2623 5089 2736 5160 Ego
2777 5089 2914 5142 bene
2952 5085 3064 5153 jam
3114 5082 3380 5138 custodivi

1799 5186 2113 5242 alfectiones
2146 5194 2194 5241 et
2222 5183 2566 5254 Operationes
2597 5197 2762 5246 meas,
2790 5195 2854 5234 ne
2883 5180 2933 5232 in
2965 5165 3046 5230 eis
3074 5188 3380 5244 peccaretn,

1798 5293 1918 5348 qua:
1947 5278 2076 5332 mihi
2111 5277 2208 5331 via:
2231 5285 2382 5330 erunt
2427 5275 2493 5328 ad
2530 5274 2693 5327 vitam
2721 5289 2735 5336 ;
2766 5271 2858 5325 sed
2889 5267 3011 5338 quia
3040 5281 3252 5336 possem
3284 5265 3356 5319 ha

1802 5383 1919 5421 rum
1969 5366 2254 5420 utilitatem
2315 5365 2518 5418 viarum
2568 5363 2846 5422 amittere,
2892 5358 2992 5412 nisi
3043 5370 3272 5426 peccare
3323 5370 3377 5410 tn

1799 5458 1982 5529 lingua
2037 5458 2351 5512 desisterem
2387 5470 2400 5508 :
2437 5455 2577 5508 unde
2617 5450 2892 5521 apostolus
2930 5446 3164 5503 Jacobus
3217 5443 3382 5500 dicit:

1807 5567 1825 5600 ι
1864 5548 1920 5603 Si
1949 5547 2071 5619 quis
2101 5558 2284 5602 autem
2318 5554 2470 5615 pulal
2505 5558 2562 5598 sc
2600 5543 2910 5612 l‘cIthOStlm
2949 5552 3091 5604 esse,
3141 5551 3246 5592 non
3297 5548 3382 5589 re-

1800 5642 2020 5696 frcnaus
2063 5640 2304 5709 linguam
2339 5635 2490 5691 suum
2514 5677 2527 5699 ,
2558 5635 2820 5689 sednccns
2872 5645 2966 5686 cor
3011 5641 3192 5694 suum,
3225 5621 3386 5692 hujus

1800 5751 1935 5791 vana
1979 5742 2056 5789 cst
2101 5732 2284 5801 religio
2329 5729 2467 5800 (Jac.
2505 5726 2700 5796 1,915);
2735 5746 2751 5779 ι
2783 5722 2911 5781 Cum
2951 5729 3180 5792 ρεσπιιοι
3215 5720 3380 5775 consi-
