3838 6328
474 320 577 377 799

1018 316 1079 376 S.
1134 316 1480 375 BRUNONIS
1515 308 2161 373 CARTIIUSIA'NORUM
2204 313 2690 371 INSTITUTORIS
2727 315 2879 372 OPP.
2920 316 3098 373 PARS
3126 317 3167 375 Ι.
3623 323 3711 378 800

461 442 615 490 steret
646 432 919 486 adversum
953 449 1050 494 me,
1080 447 1186 487 non
1225 441 1446 503 paratus
1483 434 1874 489 rationabiliter
1910 451 2039 489 eon-
2070 431 2115 487 Α
2141 427 2334 483 Notum
2358 429 2441 485 fac
2470 431 2600 485 mihi
2634 447 2941 496 numerum,
2970 434 3059 502 qui
3088 448 3272 489 revera
3302 443 3385 487 est
3406 475 3421 489 .
3452 432 3713 493 Nutnerum

458 526 786 581 tradicere:
839 522 934 577 sed
1006 523 1364 579 inverecunde
1421 533 1478 578 et
1525 526 1769 593 improbe
1827 526 2045 579 veritati

462 633 682 687 semper
711 618 988 680 resistere,
1021 632 1086 669 uc
1121 616 1172 670 in
1209 616 1435 684 litigium
1461 625 1515 670 et
1542 617 1956 684 garrulitatem;
1992 628 2049 671 et

456 706 543 762 sic
572 707 818 762 fortassis
844 706 896 760 in
944 704 1329 774 blasphemiam
1362 705 1691 769 devenirem,
1724 706 1865 759 sicut
1914 707 2048 759 mul-

459 800 624 855 toties
666 807 790 854 ante
828 798 1040 853 deveni.
1079 798 1221 863 Dixi,
1254 798 1307 851 id
1354 806 1438 851 est
1480 797 1532 850 in
1576 799 1740 852 corde
1767 798 2045 867 disposui:

461 891 756 946 custodiam
779 890 1018 959 perfecte
1063 890 1172 943 rias
1208 904 1374 952 meas,
1411 889 1492 942 sic
1525 899 1577 941 ut
1613 906 1717 942 non
1748 890 2047 959 delinquant

459 984 517 1037 in
547 982 726 1051 lingua
764 998 902 1048 mea,
930 992 1117 1037 contra
1143 998 1263 1037 eum
1289 996 1627 1054 peecatorem
1658 999 1723 1039 ne
1753 984 2043 1053 quidquam

462 1073 693 1141 agendo,
725 1081 972 1127 sanctum
1020 1074 1273 1129 videlicet
1319 1077 1545 1130 canibus
1588 1075 1786 1138 dando,
1812 1083 1866 1128 et
1909 1090 2050 1129 mar—

392 1222 397 1225 _
461 1163 667 1233 gat-itas
714 1171 838 1217 ante
887 1179 1082 1233 porcos
1128 1169 1377 1235 ponenlo
1419 1166 1635 1237 (Matth.
1682 1181 1777 1228 vn,
1822 1166 1899 1229 6).
1933 1165 2046 1219 Non

463 1254 609 1307 enim
641 1253 912 1307 fructuose
940 1255 1056 1307 vias
1102 1258 1451 1318 cus:o.lirem,
1484 1257 1527 1310 si
1561 1258 1611 1310 in
1648 1257 1825 1324 lingua
1876 1256 2050 1309 delin-

464 1356 710 1410 querent,
732 1343 946 1412 gartu'e
972 1344 1197 1412 agendo.
1229 1344 1382 1399 Unde
1421 1346 1670 1400 Salomon
1700 1362 1713 1397 :
1744 1365 1761 1395 ‹
1791 1345 1844 1399 lu
1876 1345 2048 1398 multi-

464 1432 647 1501 loquio
677 1449 781 1487 non
827 1433 998 1487 dierit
1030 1444 1309 1503 peceatum
1348 1436 1530 1507 (Prov.
1568 1454 1621 1502 χ,
1654 1436 1764 1506 19).
1800 1455 1816 1487 ι
1855 1437 1917 1489 Et
1945 1453 2048 1491 non

462 1524 568 1579 hoc
603 1522 937 1579 solummodo
963 1526 1076 1579 dixi
1104 1544 1122 1591 ;
1152 1529 1244 1582 sed
1275 1536 1330 1583 et
1379 1545 1544 1599 opere
1584 1514 1868 1602 complevi,
1902 1531 2049 1585 scili-

461 1624 547 1670 cet
590 1614 741 1680 posui
781 1616 862 1669 ori
909 1634 1021 1670 meo
1075 1621 1391 1687 custodiam,
1444 1623 1496 1675 id
1548 1632 1633 1677 est
1681 1623 1945 1678 custodivi
1992 1637 2053 1678 os

462 1722 666 1773 meum,
718 1725 785 1763 ne
829 1710 1100 1779 loquendo
1133 1726 1453 1779 peccarem,
1488 1714 1538 1767 id
1571 1722 1648 1769 est
1701 1715 1953 1767 obmutui.
1984 1712 2050 1767 Et

2148 517 2290 581 dico,
2343 527 2619 572 auctorem
2672 518 2881 575 dierum
2937 516 3168 575 meorum
3216 521 3716 589 futurorum,Chri-

2149 615 2290 660 stum
2316 606 2545 669 scilicet,
2569 624 2665 676 per
2685 625 2844 677 quem
2876 610 2991 665 dies
3018 620 3251 668 mternos
3285 612 3563 670 habiturus
3589 633 3712 674 sum.

2151 696 2249 759 Qui
2282 696 2417 750 bene
2458 713 2712 754 numerus
2752 701 2969 765 dicitur,
3010 718 3077 757 eo
3120 704 3263 773 quod
3291 705 3362 757 ab
3389 720 3474 769 eo,
3517 722 3629 761 cum
3656 712 3718 766 sit

2149 785 2327 844 Patris
2376 790 2673 860 sapientia,
2723 795 3080 861 numerabilia
3138 806 3338 851 cuncta
3392 799 3715 855 consistunt:

2149 878 2288 933 sicut
2310 880 2471 934 etiam
2493 881 2695 936 veritas
2718 882 2939 950 dicitur,
2963 899 3028 939 eo
3053 887 3194 955 quod
3221 886 3291 940 ab
3318 901 3384 941 eo
3407 889 3578 941 omnis
3594 893 3719 945 veri-

2154 980 2233 1026 tas
2257 981 2377 1026 est:
2405 974 2519 1027 sive
2541 974 2704 1028 etiam
2733 975 2861 1044 quia
2897 976 3363 1033 incommutabilis
3393 988 3475 1034 est
3500 995 3518 1035 :
3543 981 3604 1034 ad
3628 998 3721 1036 me

2152 1064 2289 1118 dum
2314 1067 2547 1134 numeri,
2581 1067 2694 1137 qui,
2730 1069 2855 1123 licet
2888 1068 2942 1124 in
2989 1069 3347 1126 mutabilibus
3383 1071 3540 1128 rebus
3568 1076 3722 1128 consi-

2153 1157 2393 1222 deretur,
2422 1159 2474 1212 in
2507 1174 2565 1213 se
2593 1169 2771 1213 tamen
2803 1160 3267 1218 incommutabilis
3294 1173 3381 1217 est
3420 1180 3434 1217 :
3469 1173 3525 1219 ut
3554 1166 3644 1220 tria
3677 1176 3722 1222 et

2152 1257 2358 1316 septem
2413 1249 2571 1303 simul
2617 1250 2837 1321 juncta,
2882 1252 3410 1309 incommutabiliter
3440 1256 3616 1311 decem
3656 1258 3723 1311 fa-

2151 1336 2321 1397 ciunt.
2351 1338 2491 1406 quod
2523 1348 2604 1393 est
2636 1356 2700 1394 ac
2734 1341 2779 1395 si
2825 1341 3031 1396 diceret
3060 1360 3073 1395 :
3108 1344 3181 1397 Da
3216 1345 3353 1399 mihi
3392 1347 3632 1402 subtilem
3660 1349 3706 1403 in

2155 1424 2424 1479 telleettnn
2459 1426 2601 1483 illius
2636 1430 2867 1493 numeri,
2904 1440 2963 1485 ut
2995 1433 3340 1488 considerem
3366 1446 3596 1504 quantus
3621 1439 3713 1499 sit,

2152 1514 2278 1570 licet
2309 1531 2411 1570 non
2459 1518 2699 1587 perfecte
2728 1538 2741 1573 :
2771 1530 2826 1573 ut
2855 1521 2957 1576 hoc
3006 1523 3433 1591 considerando,
3480 1526 3650 1592 sciam,
3680 1529 3723 1583 id

2153 1613 2237 1657 est
2291 1605 2626 1677 intelligam,
2679 1610 2827 1679 quid,
2877 1610 2929 1665 id
2976 1620 3058 1665 est
3097 1626 3262 1681 quam
3318 1628 3569 1683 magnum
3613 1618 3723 1685 quid

2152 1694 2287 1748 desit
2309 1697 2458 1761 mihi,
2490 1713 2613 1752 cum
2649 1707 2803 1754 tanto
2840 1701 2982 1757 bono
3028 1686 3265 1767 caream,
3298 1712 3357 1757 et
3388 1704 3468 1758 sic
3502 1706 3658 1775 magis
3679 1715 3724 1762 et

463 1812 573 1852 Iton
598 1812 663 1851 ex
699 1777 1091 1870 indignatione,
1123 1801 1215 1855 sed
1242 1803 1551 1857 humiliatus
1584 1821 1700 1857 sum
1745 1804 1794 1856 in
1839 1804 1965 1868 hoc,
1997 1805 2049 1858 id
2084 1777 2126 1830 Β
2153 1788 2323 1857 magis
2351 1789 2702 1846 saecularibus
2725 1792 2945 1862 Spretis:
2970 1793 3037 1849 ad
3069 1794 3223 1848 illum
3252 1809 3540 1850 numerum
3569 1796 3723 1851 ίιιίθηο

459 1898 627 1943 estex
657 1889 960 1944 humilitate
984 1891 1085 1946 hoc
1110 1890 1239 1957 fcci;
1265 1893 1344 1946 vel
1369 1895 1447 1947 sic
1466 1908 1479 1945 :
1498 1893 1561 1946 Et
1586 1894 1891 1947 humiliatus
1912 1908 2047 1955 sum,

461 1979 518 2035 id
542 1989 767 2035 esteum
804 1981 1233 2037 obmu'eseerem
1284 1983 1501 2039 lunnilis
1530 1985 1598 2039 ab
1645 1987 1723 2039 eis
1773 1993 2051 2054 repntatus

462 2087 603 2136 sum,
631 2080 685 2126 et
721 2073 918 2138 victus,
953 2088 1125 2141 neque
1161 2073 1350 2128 valens
1373 2076 1648 2129 resistere.
1683 2075 1787 2129 Per
1816 2075 1915 2128 hoc
1958 2090 2053 2128 au-

464 2169 574 2217 tem
615 2162 791 2216 innuit
814 2162 953 2230 quod
980 2177 1085 2216 non
1115 2178 1177 2217 ex
1211 2163 1603 2231 indignatione,
1636 2167 1730 2218 sed
1765 2180 1832 2218 ex
1874 2165 2052 2219 humi-

464 2253 616 2307 litate
644 2254 905 2309 debemus
946 2254 1208 2307 adversus
1250 2264 1590 2323 peccatorem
1622 2257 1999 2310 obmutescere
2032 2272 2048 2310 :

463 2346 567 2401 etsi
608 2347 661 2399 in
701 2346 803 2401 hoc
841 2346 968 2400 vivti
996 2347 1277 2401 videamur
1318 2356 1372 2401 ει
1397 2347 1549 2408 viles,
1583 2362 1687 2400 non
1731 2356 1814 2419 est
1855 2363 2054 2401 curan-

466 2435 617 2499 dum,
647 2436 738 2488 sed
762 2450 880 2488 cum
909 2435 1105 2505 gaudio
1127 2436 1524 2490 sustinendum.
1546 2437 1611 2489 Et
1635 2438 1771 2491 adeo
1796 2438 2052 2504 obmutui,

464 2526 604 2596 quod
626 2536 673 2579 et
702 2525 823 2579 silui
844 2542 876 2579 a
903 2526 1071 2591 bonis,
1101 2526 1253 2592 Quod
1281 2537 1364 2581 est
1388 2528 1567 2583 dicere
1595 2547 1607 2582 :
1641 2529 1752 2583 Non
1782 2530 1952 2584 solum
1988 2531 2056 2587 ab

469 2616 691 2676 amaris,
722 2616 815 2671 sed
845 2625 900 2671 et
930 2632 961 2670 a
998 2616 1155 2670 bonis
1180 2618 1361 2671 verbis
1389 2617 1535 2681 silui,
1579 2619 1777 2674 timens
1806 2636 1889 2675 me
1918 2622 2053 2676 bene

468 2707 757 2777 loquendo,
787 2715 841 2761 et
871 2707 919 2761 ei
964 2706 1210 2775 improbe
1242 2706 1546 2762 resistendo
1574 2709 1625 2761 in
1676 2709 1904 2778 litigium
1958 2711 2057 2767 ite~

468 2815 590 2856 rum
620 2799 913 2864 devenire;
962 2800 1044 2853 vel
1078 2800 1158 2854 sic
1199 2817 1211 2852 :
1255 2799 1370 2855 Non
1423 2800 1595 2855 solum
1642 2804 1901 2857 adversus
1931 2818 2057 2872 pec-

467 2901 709 2949 catorem
736 2892 990 2956 obmutui,
1014 2894 1106 2947 sed
1134 2903 1179 2947 et
1218 2893 1342 2946 silui
1382 2912 1414 2947 a
1453 2894 1598 2947 bonis
1626 2934 1640 2957 ,
1668 2894 1718 2947 id
1751 2903 1832 2948 est
1866 2896 1932 2949 ab
1978 2896 2057 2948 in.

464 2994 764 3041 structione
786 2988 1070 3047 bonarum,
1108 2998 1175 3036 ne
1212 2991 1467 3052 peccator
1506 2998 1628 3037 eum
1660 2983 1740 3035 eis
1789 2983 2055 3052 corporali

467 3076 757 3147 prasentia
782 3089 1007 3128 manens
1036 3074 1306 3128 audiendo
1338 3073 1636 3137 resisteret,
1664 3082 1717 3127 et
1742 3074 1906 3127 verba
1939 3087 2055 3127 mea

466 3164 521 3219 in
551 3164 761 3218 irtitum
794 3164 1031 3216 duceret.
1066 3160 1132 3214 Et
1160 3162 1288 3231 quia
1312 3162 1416 3215 vidi
1460 3161 1658 3215 malum
1688 3176 1806 3215 esse
1838 3178 1865 3214 a
1900 3162 2056 3217 bonis

464 3252 646 3317 silere,
677 3253 828 3306 dolor
873 3271 1017 3309 meus
1048 3263 1324 3307 renovatus
1365 3262 1462 3306 est.
1489 3252 1641 3317 Quod
1694 3261 1778 3307 est
1827 3252 2009 3307 dicere
2039 3269 2053 3309 :

466 3350 569 3417 Qtti
595 3349 749 3418 prius
777 3350 842 3405 de
894 3351 1061 3405 nimia
1112 3349 1442 3418 loquacitate
1490 3347 1786 3410 dolueram,
1812 3348 1880 3402 de
1931 3347 2059 3401 taci-

466 3444 726 3498 turnitate
762 3439 924 3494 nitnia
958 3456 1146 3495 rursus
1186 3439 1353 3501 dolui,
1384 3448 1441 3492 et
1484 3439 1608 3492 inde
1649 3439 1874 3508 contigit
1903 3439 2057 3492 dolo.

468 3535 546 3589 ris
583 3535 883 3597 renovatio,
925 3534 1049 3603 quia
1097 3530 1359 3585 concaluit
1392 3545 1483 3583 cor
1532 3546 1725 3595 meum,
1761 3530 1809 3582 id
1860 3539 1944 3584 est
1978 3530 2059 3584 in-

386 3679 399 3683 ,
467 3622 670 3678 ferbuit
707 3637 891 3678 amare
926 3637 1055 3691 erga
1089 3635 1202 3683 eos,
1233 3619 1432 3687 quibus
1480 3618 1725 3672 silc-ham.
1763 3618 1863 3685 Qui
1911 3620 2059 3675 calor

467 3722 589 3772 erat
638 3715 777 3769 intra
824 3732 903 3769 me
947 3712 1316 3777 absconditus,
1365 3728 1487 3765 cum
1536 3711 1720 3766 verbis
1772 3713 2059 3783 propalare

471 3824 578 3863 non
615 3808 894 3870 auderem,
927 3815 1052 3861 tunc
1079 3805 1217 3872 ccepi
1257 3804 1509 3858 meditari
1536 3805 1680 3873 quod
1731 3806 1860 3859 mihi
1917 3805 2057 3859 face-

471 3913 613 3964 rem,
644 3898 895 3954 videlicet
939 3913 1007 3952 an
1058 3898 1312 3968 loquerer
1361 3913 1429 3951 an
1481 3906 1739 3951 tacerem.
1772 3894 1839 3948 Et
1884 3896 1938 3950 in
1970 3896 2055 3949 illa

372 3999 379 4007 ‘
470 3993 806 4046 meditatione
834 4005 946 4042 mea
978 3990 1276 4042 exardescet
1298 3989 1454 4057 ignis,
1488 3987 1539 4040 id
1575 3995 1656 4041 est
1686 3986 1851 4055 cmpit
1891 3986 2059 4056 magis

472 4093 527 4141 et
554 4084 726 4155 magis
747 4095 1068 4137 excrescere
1104 4095 1259 4134 amor
1294 4095 1454 4150 quem
1492 4079 1779 4145 habeam,
1807 4093 1835 4133 a
1869 4078 2059 4133 simili-

473 4176 656 4232 tudine
686 4174 826 4245 ignis
854 4172 1283 4229 cxardescentis.

541 4267 808 4334 Quoniam
850 4275 1029 4321 autem
1082 4264 1409 4321 insniliciens
1458 4265 1539 4319 sui
1587 4264 1893 4334 disponere,
1930 4264 2056 4332 quid

474 4357 608 4412 mihi
642 4358 908 4428 agendum
937 4367 1100 4422 esset,
1127 4357 1331 4411 locutus
1373 4374 1490 4411 sum
1526 4356 1729 4411 orando
1756 4354 1943 4411 Deum.
1992 4355 2057 4409 In

2153 1879 2277 1933 datu
2307 1888 2359 1934 et
2383 1881 2676 1950 suspirem.

2222 1970 2388 2026 Facta
2412 1974 2680 2041 oratione,
2722 1982 2778 2029 et
2800 1984 2985 2032 certus
3013 1977 3082 2032 de
3116 1977 3524 2046 impetratione,
3551 1992 3605 2032 se
3625 1978 3720 2049 jam

2156 2064 2482 2134 impetrasse
2510 2068 2763 2122 enuntiat
2788 2085 2800 2121 :
2833 2078 2892 2123 ut
2915 2070 2961 2125 si
2988 2071 3338 2125 oraverimus
3364 2068 3482 2139 ejus
3502 2072 3722 2140 exemplo

2154 2172 2305 2226 spem
2360 2158 2761 2227 impetrationis
2810 2162 2966 2217 nobis
3010 2162 3237 2219 tribuat.
3290 2162 3406 2232 Ego
3430 2162 3720 2218 siclocutus

2154 2263 2275 2303 sum
2304 2250 2531 2304 orando.
2566 2251 2634 2305 Et
2689 2267 2828 2317 ecce,
2880 2253 2933 2307 id
2962 2262 3047 2308 est
3100 2253 3155 2307 in
3203 2253 3500 2324 praesentia
3551 2254 3721 2306 mentis

2157 2354 2291 2393 mea:
2327 2340 2706 2395 mensurabiles
2752 2342 2973 2411 posuisti
3020 2344 3132 2398 dies
3158 2360 3326 2410 meos,
3360 2343 3413 2398 id
3459 2352 3540 2397 est
3569 2343 3719 2397 fecisti

2157 2429 2290 2482 mihi
2313 2429 2573 2483 divinitus
2620 2430 2936 2501 inspiraudo
2962 2448 3298 2504 cognoscere
3338 2433 3474 2493 dies,
3496 2447 3623 2502 quos
3649 2432 3721 2487 hic

2156 2518 2349 2583 habeo,
2382 2534 2488 2572 non
2509 2530 2741 2575 aeternos
2768 2536 2908 2588 esse,
2938 2522 3033 2577 sed
3066 2522 3465 2578 mensurabiles
3488 2531 3542 2577 et
3570 2531 3717 2576 trans-

2159 2613 2366 2669 itorios.
2399 2615 2466 2669 Et
2519 2632 2617 2685 per
2645 2618 2746 2670 hoc
2766 2618 2929 2672 etiam
2960 2618 3159 2684 innuit,
3207 2620 3356 2689 quod
3382 2627 3438 2673 et
3457 2618 3569 2673 dies
3583 2617 3708 2671 futu-

2157 2721 2247 2759 ros
2270 2708 2508 2761 ostendit
2558 2708 2608 2762 ei
2665 2718 2903 2764 aeternos
2951 2719 3006 2766 et
3050 2710 3548 2767 immensnrabiles.
3584 2709 3714 2766 Unde

2158 2790 2393 2866 namque
2416 2797 2624 2853 videret
2651 2800 2750 2855 hos
2776 2815 2899 2855 esse
2935 2802 3356 2868 mensurabiles,
3390 2803 3494 2858 nisi
3530 2815 3696 2872 compa

2159 2886 2372 2941 ratione
2404 2887 2619 2943 illorttm
2647 2891 2740 2960 qui
2776 2902 2904 2946 sunt
2937 2892 3455 2949 immensurabiles?
3493 2893 3558 2948 Et
3576 2895 3713 2949 etiam

2158 2978 2385 3045 posuisti
2412 2978 2580 3057 hicin
2608 2981 3045 3038 consideratione
3093 2997 3212 3037 mea
3263 2984 3408 3053 quod
3433 2984 3714 3049 substantia,

2163 3068 2212 3121 id
2240 3078 2324 3123 est
2360 3071 2597 3124 essentia
2652 3089 2789 3138 mea,
2818 3088 2980 3142 quam
3025 3074 3186 3129 modo
3237 3074 3445 3139 habeo,
3497 3085 3714 3143 tanquam

2109 3155 2129 3177 ‘
2162 3160 2381 3213 nihilum
2403 3169 2486 3215 est
2508 3171 2630 3215 ante
2656 3172 2704 3216 te
2732 3172 3072 3234 comparata,
3126 3165 3181 3220 id
3225 3174 3313 3221 est
3341 3166 3410 3220 ad
3441 3172 3714 3236 respectum

2162 3252 2305 3306 illius
2334 3253 2653 3309 substantiae
2678 3270 2800 3324 quae
2827 3254 3007 3311 futura
3042 3265 3127 3311 est
3155 3266 3289 3313 ante
3319 3266 3396 3324 te,
3434 3258 3483 3311 id
3510 3264 3587 3311 est
3612 3268 3714 3310 cum

2159 3357 2255 3396 ero
2286 3342 2337 3395 in
2379 3344 2669 3411 prtesentia
2724 3345 2801 3399 tui
2830 3346 2882 3400 in
2920 3346 3135 3412 futuro;
3185 3347 3269 3401 vel
3299 3348 3385 3403 sic
3419 3364 3435 3402 :
3465 3345 3713 3415 Tanquam

2161 3432 2389 3488 nihilum
2417 3442 2502 3487 est
2538 3444 2665 3489 ante
2700 3444 2751 3491 te
2800 3447 3137 3505 comparata,
3194 3438 3248 3492 id
3277 3448 3370 3495 est
3399 3439 3466 3493 ad
3496 3437 3565 3491 tui
3589 3449 3714 3491 com-

2160 3534 2519 3601 parationem,
2570 3534 2637 3588 ad
2668 3531 2823 3600 cujus
2878 3532 3317 3587 eonformitatem
3380 3529 3711 3601 attingendam

2161 3624 2415 3692 suspiro;
2446 3623 2529 3679 vel
2567 3624 2645 3678 sic
2677 3623 2995 3693 :Tanquam
3030 3622 3260 3677 nihilum
3291 3631 3381 3680 est
3409 3630 3549 3686 ante,
3576 3621 3624 3675 id
3644 3625 3711 3672 est

2161 3723 2445 3785 reputatur
2477 3716 2528 3770 in
2578 3724 2757 3770 mente
2808 3730 2949 3781 mea,
2994 3731 3114 3785 qum
3190 3726 3274 3771 est
3334 3724 3460 3770 ante
3483 3724 3531 3769 te
3573 3725 3709 3783 quam

2159 3809 2306 3864 solus
2339 3809 2505 3863 vides.
2532 3806 2674 3862 Bene
2716 3822 2845 3862 vero
2875 3807 3048 3877 ponit,
3078 3822 3183 3862 non
3208 3807 3437 3863 nihilum
3457 3847 3471 3872 ,
3500 3805 3585 3861 sed
3608 3814 3709 3857 tan-

2158 3908 2313 3971 quam
2350 3901 2594 3954 nihilum.
2646 3897 2790 3953 Nihil
2844 3900 2989 3953 enim
3042 3913 3150 3953 non
3189 3907 3314 3953 est:
3346 3897 3461 3977 .sed
3486 3906 3706 3964 tanquam

2162 3990 2414 4054 nihilum,
2451 3990 2503 4043 id
2531 3996 2615 4044 est
2664 3984 3014 4054 defectibilis,
3051 3987 3188 4043 adeo
3235 3997 3294 4042 ut
3325 3988 3566 4043 videatur
3614 3982 3707 4036 fere

2160 4083 2327 4152 redigi
2360 4082 2412 4135 in
2438 4082 2664 4136 nihilum
2692 4082 2999 4147 moriendo,
3034 4090 3309 4152 quatenus
3358 4082 3414 4137 in
3443 4081 3541 4136 hoc
3567 4090 3704 4147 appa-

2161 4185 2278 4229 reat
2305 4175 2447 4243 quod
2470 4189 2536 4228 ex
2563 4173 2731 4228 nihilo
2761 4188 2792 4227 a
2822 4174 2930 4229 Deo
2961 4173 3105 4228 facta
3147 4174 3240 4228 sit.
3285 4171 3479 4228 Omnia
3506 4180 3705 4236 namque

2160 4264 2288 4319 fecit
2320 4263 2461 4318 Deus
2483 4278 2548 4317 ex
2574 4262 2764 4319 nihilo.
2797 4264 2928 4319 Dico
2959 4264 3105 4332 quod
3151 4264 3266 4319 dies
3306 4262 3481 4319 nostri
3521 4271 3693 4314 mensu-

2161 4356 2362 4412 rabiles
2387 4366 2531 4422 sunt,
2559 4365 2613 4411 et
2642 4356 2944 4411 substantia
2971 4366 3154 4412 nostra
3184 4365 3445 4426 tanquam
3484 4350 3698 4407 nihilum.

468 4446 650 4518 lingua
675 4466 814 4515 mea,
842 4449 895 4505 id
923 4459 1007 4505 est
1041 4450 1092 4504 in
1127 4450 1217 4505 tali
1252 4449 1452 4522 lingua,
1482 4449 1627 4519 quali
1669 4448 1816 4502 soleo
1844 4447 2048 4503 orando
2081 4456 2124 4510 1)
2158 4448 2526 4503 Verumtamen
2558 4447 2687 4503 licet
2722 4448 2825 4503 hoc
2874 4448 2985 4514 sit,
3030 4449 3199 4503 omnis
3246 4448 3417 4502 vivens
3452 4446 3593 4498 homo
3613 4453 3700 4494 non

472 4539 643 4609 loqui,
685 4541 787 4597 rati
816 4542 990 4597 nihili
1044 4543 1273 4609 scilicet,
1330 4552 1385 4598 et
1425 4550 1800 4612 competenter
1843 4548 2053 4602 orante,

475 4630 534 4685 in
559 4628 742 4698 lingua
770 4632 949 4687 cordis
988 4633 1219 4698 scilicet,
1248 4633 1333 4688 vel
1371 4633 1423 4687 in
1462 4633 1642 4703 lingua
1675 4629 1936 4697 errporis.
1966 4629 2058 4684 Sic

476 4719 732 4776 videlicet
762 4721 975 4779 locutus
1004 4740 1120 4779 sum
1152 4743 1165 4779 :
1195 4724 1392 4780 Notum
1415 4724 1500 4793 fac
1523 4725 1677 4791 mihi,
1708 4723 1947 4786 Domine,
1978 4721 2061 4773 di-

477 4810 683 4867 vinitus
710 4811 1044 4881 inspirando,
1068 4816 1224 4883 ﬁnem
1249 4832 1442 4879 meum,
1469 4816 1521 4870 id
1547 4823 1631 4871 est
1658 4813 1873 4869 modum
1897 4827 2056 4881 quem

479 4903 683 4959 habere
709 4905 880 4962 debeo
914 4907 965 4961 in
1004 4908 1253 4973 tacendo,
1286 4917 1339 4963 et
1380 4908 1433 4962 in
1478 4907 1765 4979 loquendo.
1798 4906 1864 4961 Et
1913 4915 2060 4975 post-

481 5008 649 5067 quam
705 4996 855 5052 illum
908 4996 1293 5064 ncliﬁeaveris,
1321 5000 1485 5053 etiam
1518 5009 1701 5053 notum
1747 4998 1831 5052 fac
1880 5013 2061 5051 nurne-

482 5104 602 5143 rum
639 5090 843 5145 dierum
878 5105 1130 5156 meorum,
1160 5092 1212 5144 id
1239 5100 1325 5145 est
1369 5094 1817 5148 numerositatem
1849 5092 2059 5149 dierum

480 5196 733 5238 meorum
768 5191 1117 5247 aeternorum,
1143 5198 1281 5252 quos
1313 5185 1365 5238 in
1398 5184 1575 5239 futuro
1603 5202 1719 5239 sum
1757 5188 2058 5244 habiturus.

482 5270 779 5327 Numerum
832 5274 986 5344 ponit
1031 5272 1120 5328 hic
1168 5288 1264 5343 pro
1289 5272 1702 5337 multiplicitate.
1742 5275 2063 5347 Multiplices

486 5361 649 5432 123
672 5363 816 5417 enim
842 5378 949 5430 res,
980 5379 1297 5419 numerosas
1317 5364 1497 5418 dicere
1525 5366 1919 5423 consuevimus.
1945 5367 2059 5422 Non

487 5455 633 5525 quod
662 5456 736 5511 ibi
776 5456 890 5512 dies
923 5456 1247 5526 multiplices
1286 5456 1392 5513 sint
1435 5455 1621 5517 futuri.
1654 5458 1744 5513 sed
1775 5460 1898 5528 quia
1948 5460 2063 5516 dies

485 5544 579 5601 illa
608 5546 722 5603 sola
750 5554 807 5603 et
831 5548 987 5603 unica
1024 5558 1080 5605 et
1121 5558 1343 5617 aeterna,
1377 5548 1823 5620 multiplicitatem
1853 5552 2061 5607 dierum

485 5648 798 5696 nostrorum
843 5645 1208 5712 exsuperabit.
1262 5644 1557 5699 Numerum
1597 5644 1717 5699 dico
1753 5645 1842 5712 qui
1883 5654 1979 5709 est,
2011 5643 2063 5698 id

488 5735 572 5784 est
623 5743 811 5787 revera
860 5732 1061 5798 existit,
1116 5751 1387 5806 nunquam
1438 5735 1785 5800 deiecturus;
1830 5734 2058 5790 VclSic:

2161 4542 2323 4606 Deus,
2355 4542 2406 4596 id
2459 4549 2545 4596 est
2596 4541 2739 4596 male
2768 4540 3001 4596 vivendo
3039 4539 3389 4596 conformaus
3432 4550 3491 4591 se
3527 4528 3701 4590 homini

2157 4634 2289 4689 Adae
2322 4633 2551 4699 scilicet,
2595 4634 2686 4703 qui
2727 4634 2963 4689 humane
3001 4648 3061 4689 se
3108 4632 3300 4688 habuit
3350 4640 3407 4687 et
3455 4625 3697 4687 debiliter;

2159 4741 2265 4780 non
2305 4733 2483 4780 autem
2530 4725 2813 4795 suspirans
2867 4733 2924 4780 et
2970 4724 3212 4790 enitens,
3268 4733 3331 4781 ut
3372 4722 3698 4779 conformetur

2162 4817 2272 4873 Deo
2300 4819 2437 4874 bene
2485 4832 2545 4873 se
2596 4817 2868 4883 habendo,
2905 4825 2989 4873 est
3036 4818 3280 4873 universa
3310 4819 3539 4879 vanitas,
3568 4810 3615 4866 id
3633 4813 3697 4863 est

2161 4913 2429 4966 univeer
2464 4909 2689 4964 vanitati
2716 4909 2987 4965 subditus.
3027 4909 3180 4976 Quod
3223 4919 3402 4965 autem
3425 4906 3566 4979 ponit
3596 4898 3674 4956 uni

2162 5018 2308 5056 versa
2339 5000 2588 5067 vanitas,
2645 5000 2713 5054 ad
2772 4999 2997 5054 nimiam
3060 5015 3250 5055 eorum
3294 4994 3692 5069 redargutionem

2164 5104 2261 5162 per
2281 5089 2580 5159 emphasim
2611 5087 2739 5143 facit
2769 5104 2783 5141 :
2816 5098 3191 5145 verumtamen
3229 5088 3473 5160 quamvis
3518 5079 3694 5136 vanitas

2164 5182 2255 5246 sit,
2280 5164 2665 5235 inexcusabilis
2686 5164 2790 5234 est.
2827 5177 2961 5234 Nam
2992 5180 3297 5248 pertransiit
3345 5180 3399 5234 in
3438 5174 3693 5231 vanitatem

2167 5290 2195 5329 a
2227 5272 2553 5329 eertitudiue
2582 5270 2693 5325 veri
2740 5272 2887 5337 boni,
2921 5271 3009 5325 cui
3035 5271 3261 5327 deberet
3307 5271 3573 5325 inhaerere.
3597 5260 3693 5329 ipse

2169 5364 2290 5419 dico
2316 5364 2369 5417 in
2398 5358 2633 5431 imagine
2658 5361 2748 5415 Dei
2773 5359 2995 5432 degens,
3039 5362 3090 5416 id
3114 5370 3195 5417 est
3218 5376 3338 5417 cum
3372 5361 3441 5415 sit
3473 5357 3625 5411 factus
3643 5346 3694 5402 ad

2169 5455 2456 5523 imaginem
2492 5453 2587 5507 Dei
2639 5469 2654 5509 :
2700 5452 2979 5508 rationalis
3022 5453 3251 5521 scilicet,
3291 5461 3350 5507 ut
3394 5450 3522 5507 sciat
3544 5445 3690 5537 vidert

2169 5548 2297 5618 quid
2324 5545 2685 5616 expetendum
2728 5545 2818 5609 sit,
2856 5554 2911 5599 et
2957 5546 3087 5616 quid
3121 5561 3249 5601 non.
3283 5543 3431 5601 Unde
3457 5541 3507 5595 in
3532 5535 3690 5592 Gel-85‘

2169 5639 2409 5710 legitur:
2442 5657 2461 5690 ι
2497 5637 2647 5692 Fecit
2679 5635 2820 5692 Deus
2856 5638 3132 5692 hominem
3168 5637 3234 5691 ad
3267 5633 3538 5706 imaginem
3566 5633 3687 5721 Sunt”

2172 5730 2322 5802 (Gen.
2351 5730 2534 5800 1,26);
2569 5749 2585 5781 ι
2618 5729 2700 5783 vel
2733 5731 2809 5785 sic
2849 5750 2857 5783 :
2896 5730 3278 5786 Verumtamen
3319 5722 3551 5799 quamvis
3572 5728 3673 5768 van!
