3838 6328
1386 216 1413 231 Α

126 339 209 399 801
989 327 1355 388 EXPOSITIO
1382 326 1448 383 IN
1485 324 2099 384 PSALMOS.-—PSAL.
2144 326 2390 383 XXXIX.

3265 333 3372 391 8οὶ

126 452 207 510 tati
231 450 500 521 subjectus
519 447 610 513 sit,
637 447 690 502 id
709 453 792 502 est
843 445 1108 516 appetitui
1165 454 1507 499 terrenorum
1550 459 1672 513 quas
1709 446 1757 502 Α
1783 457 1862 495 me
1884 443 2069 512 pfagas
2095 453 2234 497 tuas.
2267 442 2382 498 Non
2400 457 2466 498 ex
2499 451 2612 499 toto
2631 458 2844 511 amove,
2867 445 2961 501 sed
2983 448 3204 517 partim,
3227 451 3372 519 quod

126 559 241 599 vana
268 552 413 607 sunt,
455 539 753 611 pertransit
799 538 867 592 de
895 538 1002 591 vita
1035 537 1104 592 ad
1135 545 1366 591 mortem
1399 536 1452 590 in
1491 535 1683 603 imagi-

127 652 201 703 ne,
220 633 299 688 vel
326 632 646 703 pertransiit
701 631 757 685 in
809 630 983 699 ipsam
1042 628 1363 696 vanitatem,
1402 628 1605 699 degens
1629 630 1684 682 in

124 724 347 794 imgine,
382 724 435 777 id
457 730 542 777 est
579 721 633 775 in
667 718 1024 775 similitudine
1073 718 1328 789 imaginis
1359 717 1537 773 vultus
1580 717 1683 771 ali-

126 812 275 881 cujus,
297 827 422 882 qua:
452 812 505 866 in
535 809 755 880 speculo
776 809 1141 873 considerata,
1177 809 1286 863 eito
1313 806 1684 876 transitjuxta

127 905 235 962 illud
259 904 406 959 beati
429 902 619 958 Jacobi
643 902 907 975 apostoli:
933 900 1339 956 «Consideravit
1356 917 1416 957 se
1446 910 1502 957 et
1524 902 1681 968 abiit,

124 1006 170 1054 et
213 998 397 1052 statim
422 996 625 1051 oblitus
653 1005 738 1050 est
767 994 941 1064 qualis
987 994 1150 1048 fuerit
1189 993 1395 1066 (Iacob.
1438 1012 1478 1061 ι,
1509 994 1623 1067 24).
1659 1012 1679 1046 ι

123 1085 209 1141 Per
233 1086 332 1140 hoc
352 1096 537 1140 autem
568 1068 796 1139 multum
849 1098 942 1139 eos
973 1098 1004 1138 a
1036 1083 1274 1139 vanitate
1325 1093 1567 1148 revocat,
1621 1101 1686 1141 ac

122 1176 160 1231 si
184 1176 380 1231 diceret
404 1194 418 1230 :
446 1174 565 1231 Non
590 1177 663 1229 ita
689 1174 910 1230 deberet
934 1174 1216 1231 adluerere
1247 1176 1537 1231 mundanis
1565 1192 1685 1247 qua:

123 1283 238 1324 vana
263 1278 561 1335 snnt,eum
601 1268 672 1324 sit
722 1268 1070 1324 transitorius
1112 1268 1254 1323 sicut
1312 1268 1510 1339 imago.
1553 1269 1685 1325 Dico

122 1362 240 1431 quod
258 1362 473 1418 vanitas
501 1370 608 1427 est,
652 1362 704 1417 id
726 1371 811 1417 est
849 1361 1079 1416 vanitati
1130 1361 1449 1433 subjectus:
1489 1372 1543 1417 et
1577 1377 1683 1416 non

121 1454 438 1509 solummodo
500 1468 599 1523 pro
633 1469 711 1518 se,
770 1455 863 1509 sed
893 1462 969 1519 et,
1025 1453 1078 1508 id
1115 1464 1198 1510 est
1257 1454 1423 1509 etiam
1483 1455 1684 1525 frustra

122 1543 459 1605 conturbatur,
488 1543 541 1597 id
569 1543 991 1599 estsollieitatur
1037 1543 1092 1598 in
1139 1545 1377 1613 appetitu
1419 1559 1682 1599 vanorum

123 1649 204 1704 pro
233 1634 379 1689 aliis.
408 1633 477 1688 Et
520 1634 748 1704 exponit
802 1635 1095 1704 quomodo,
1154 1650 1278 1690 cum
1332 1636 1525 1692 addit:
1558 1635 1685 1690 The-

121 1726 334 1780 saurisat
367 1726 538 1790 enim,
561 1736 609 1780 et
638 1743 762 1781 eum
794 1736 946 1796 putet
978 1742 1037 1782 se
1072 1726 1185 1780 ﬁlio
1210 1727 1293 1781 vel
1322 1726 1482 1799 124
1505 1728 1683 1784 amico

1786 533 2114 589 estdicere:
2143 535 2348 590 Allevia
2406 535 2781 592 tribulationes
2830 552 2967 607 quas
3018 540 3087 595 ad
3133 556 3369 612 purgan-

1787 626 1915 681 dum
1957 641 2046 682 me
2070 627 2202 682 mihi
2227 627 2479 684 intulisti.
2536 628 2605 684 Et
2631 644 2888 685 amovere
2916 631 3097 697 debes,
3119 636 3372 704 q-tonium

1787 724 1844 770 tu
1874 715 2044 785 fecisti
2065 717 2179 788 jam
2208 734 2295 774 me
2320 718 2647 788 perfectum,
2679 728 2733 774 et
2779 736 3063 791 purga'um
3098 739 3194 792 per
3227 723 3374 793 ipsas

1787 809 1995 878 plagas.
2021 808 2257 879 Exponit
2282 819 2464 864 autem
2493 811 2616 874 hoc,
2644 826 2768 865 eum
2800 812 3116 881 subjungit:
3147 812 3287 869 Vere
3315 827 3372 869 tu

1786 899 1963 956 fecisti
1988 916 2096 957 me.
2126 901 2241 972 Ego
2265 917 2499 972 namque
2543 902 2712 972 defeci
2759 900 2868 969 jam
2897 917 2926 955 a
2958 903 3211 958 sordibus
3239 906 3375 960 meis

1786 992 1841 1047 in
1864 993 2330 1063 increpationibus,
2375 994 2428 1049 id
2457 1003 2543 1051 est
2593 1010 2689 1065 per
2727 994 3108 1050 tribulationes
3174 997 3374 1063 quibus

1788 1084 2077 1155 inerepasti
2113 1127 2128 1153 ,
2185 1094 2242 1141 et
2270 1086 2576 1157 corripuis.‘i
2608 1102 2688 1140 me
2713 1100 2733 1139 :
2761 1086 3221 1156 increpationibus
3251 1088 3374 1142 dico

1787 1177 1953 1234 illatis
1978 1196 2010 1233 a
2041 1178 2353 1248 fortitudine
2392 1196 2582 1234 manus
2610 1190 2739 1245 tum,
2768 1179 3110 1234 intransitivc
3143 1180 3372 1246 dictum,

1787 1269 1929 1340 quod
1954 1278 2039 1325 est
2075 1270 2257 1327 dicere
2286 1286 2300 1323 :
2328 1269 2495 1325 lllatis
2521 1284 2551 1323 a
2576 1269 2706 1325 forti
2752 1283 2912 1324 manu
2967 1278 3080 1336 tua,
3129 1268 3182 1323 il
3225 1278 3310 1324 est
3340 1285 3371 1323 a

1785 1361 1914 1416 forti
1945 1361 2183 1431 potentia
2209 1370 2320 1428 tua,
2341 1360 2424 1416 vel
2448 1360 2679 1416 vindicta
2725 1369 2834 1414 tua.
2878 1360 2945 1414 Et
2975 1361 3373 1428 inerepat'mies

1786 1454 1906 1510 ista:
1939 1453 2151 1523 injuste
2179 1471 2284 1510 non
2316 1454 2536 1510 fuerunt
2566 1471 2581 1520 ;
2623 1468 2749 1509 nam
2811 1462 3020 1522 prepter
3046 1452 3373 1521 iniquizatem

1787 1555 2173 1618 perpetratam,
2198 1547 2499 1617 corripuisti
2526 1545 3088 1614 hisiucrepationibus
3109 1543 3373 1598 hominem

1785 1656 1869 1694 me
1895 1639 2125 1706 scilicet,
2153 1640 2242 1708 qui
2287 1639 2561 1694 hominem
2584 1639 2830 1693 vixeram
2862 1653 2970 1692 non
3005 1638 3189 1691 Deum.
3229 1635 3371 1701 Quo-

1788 1728 1934 1782 niam
1967 1744 2098 1785 vero
2129 1729 2364 1796 dixerat,
2417 1743 2519 1798 ego
2576 1728 2772 1795 defeei,
2805 1726 3032 1797 exponit
3062 1726 3114 1780 in
3150 1741 3258 1795 quo
3281 1726 3377 1781 de-

123 1816 501 1883 tbesaurizare,
527 1818 622 1872 sed
656 1818 866 1888 ignorat
894 1819 1005 1883 cui,
1041 1818 1093 1873 id
1136 1827 1222 1874 est
1261 1820 1328 1872 ad
1373 1834 1510 1888 opus
1531 1818 1687 1889 cujus
1719 1792 1761 1851 Β
1789 1820 1919 1877 fecit
1938 1821 2018 1877 sic
2050 1839 2064 1876 :
2098 1820 2224 1877 dico
2267 1822 2393 1890 quia
2436 1821 2775 1891 corripuisti,
2825 1830 2881 1875 et
2912 1818 3257 1889 corripiendo
3299 1818 3378 1888 fc-

123 1908 430 1976 congregabit
455 1924 537 1961 ea.
588 1908 918 1977 Contingere
943 1924 1178 1978 namque
1213 1917 1389 1979 potest
1418 1910 1563 1979 quod
1604 1910 1688 1965 vel

123 1996 285 2061 hostis,
317 1997 403 2052 vel
426 2012 618 2052 servus
646 1998 784 2053 unde
814 2014 919 2053 non
973 2007 1177 2067 sperat,
1235 2000 1410 2054 inseres
1459 1999 1577 2068 ejus
1616 2001 1689 2056 sit

123 2085 347 2154 futurus;
370 2100 417 2144 et
449 2106 587 2145 nunc
613 2130 628 2155 ,
660 2090 713 2145 id
744 2100 829 2145 est
856 2092 1075 2160 quando
1098 2090 1316 2161 quidem
1358 2092 1521 2148 homo
1562 2107 1688 2162 per—

125 2182 314 2235 transiit
341 2181 394 2235 in
424 2182 682 2252 imagine,
708 2189 765 2236 et
792 2182 1186 2237 mensurabiles
1238 2192 1365 2237 sunt
1389 2183 1509 2239 dles
1558 2185 1681 2246 mei,

122 2272 451 2326 etsubstantia
465 2289 579 2326 mea
593 2283 843 2343 tanquam
874 2272 1114 2338 nihilum,
1144 2290 1261 2344 qua:
1281 2276 1685 2344 estexspectatio

121 2364 246 2419 sua!
274 2363 470 2419 Nonne
497 2364 795 2420 Dominus?
845 2363 1155 2419 Notandum
1217 2366 1362 2436 quod
1414 2382 1553 2420 nunc
1580 2382 1685 2421 non

121 2462 188 2506 est
210 2453 421 2523 signum
452 2455 727 2524 temporis,
760 2454 858 2509 sed
891 2470 1103 2520 caussa;
1159 2457 1312 2525 quasi
1346 2457 1529 2511 dicat:
1567 2457 1684 2512 Dixi

121 2544 241 2612 quod
264 2545 430 2599 homo
457 2546 777 2614 pertransiit
824 2545 878 2600 in
920 2545 1173 2617 imagine.
1200 2546 1270 2601 Et
1292 2546 1687 2601 mensurabiles

120 2642 227 2687 sunt
259 2634 379 2689 dies
407 2634 538 2701 mei,
568 2645 623 2690 et
654 2635 962 2690 substantia
1004 2644 1264 2703 tanquam
1318 2636 1571 2690 nihilum.
1620 2638 1687 2691 Et

121 2740 263 2791 nunc,
293 2726 346 2781 id
371 2736 456 2782 est
477 2734 533 2781 et
562 2726 685 2783 ideo
707 2765 723 2792 ,
756 2725 1017 2781 Dominus
1066 2741 1213 2781 sonus
1241 2735 1326 2781 est
1353 2728 1686 2796 exspectatio

121 2831 243 2882 mea,
271 2817 326 2872 id
348 2826 434 2873 est
458 2818 611 2874 illum
637 2818 835 2885 solum,
868 2817 1161 2874 mundanis
1223 2818 1560 2889 postpositis,
1588 2833 1686 2873 ex-

121 2916 306 2975 specto.

176 2997 475 3055 Notandum
506 3016 657 3070 vero,
713 3000 969 3072 quoniam
1013 2999 1121 3057 hoc
1175 3014 1244 3055 ex
1302 3000 1489 3056 ltetitia
1518 3000 1684 3055 nimia

121 3090 243 3144 etad
284 3102 531 3147 nostram
579 3096 746 3148 etiam
802 3092 1243 3148 exhortationem
1297 3092 1684 3163 interrogative
1714 3132 1755 3191 C

120 3182 273 3250 ponit.
306 3183 374 3238 Et
403 3185 531 3253 quia
584 3194 635 3241 te
680 3192 958 3254 exSpecto,
1015 3182 1318 3239 substantia
1368 3198 1509 3251 mea,
1565 3198 1686 3253 qua:

120 3286 361 3342 quantum
392 3277 461 3331 ad
509 3277 652 3332 hunc
702 3285 929 3342 statum,
960 3284 1217 3345 tanquam
1264 3276 1490 3331 nihilum
1524 3291 1685 3346 repu-

124 3372 270 3432 tatur,
302 3368 449 3437 apud
474 3378 547 3434 te,
573 3368 626 3422 id
656 3377 740 3423 est
774 3368 827 3421 in
852 3366 1236 3422 eonformitate
1290 3367 1366 3421 tui
1388 3382 1417 3420 a
1446 3382 1531 3421 me
1555 3381 1688 3422 con-

122 3452 338 3510 siderata
367 3466 455 3512 est
486 3456 622 3523 jam,
691 3458 743 3512 id
788 3467 874 3512 est
914 3456 1134 3511 videtur
1172 3456 1288 3526 ‘jam
1321 3457 1454 3511 mihi
1498 3470 1684 3511 verum

121 3546 467 3600 essebabere.
499 3545 651 3612 Quod
676 3554 761 3601 est
788 3545 973 3601 dicere
1001 3562 1014 3599 :
1042 3545 1177 3598 Cum
1218 3544 1509 3600 considero
1543 3544 1686 3615 quod

122 3630 278 3688 futura
305 3636 379 3691 sit
409 3635 462 3690 in
497 3651 627 3691 vero
657 3649 799 3701 esse,
824 3650 949 3691 eum
993 3635 1102 3691 erit
1133 3635 1276 3704 apud
1333 3642 1405 3698 te,
1450 3635 1502 3689 id
1525 3635 1686 3691 estin

124 3724 185 3777 tui
213 3727 500 3794 praesentia
528 3735 585 3783 et
610 3727 1022 3794 conformitale,
1053 3725 1167 3795 jam
1212 3740 1308 3796 spe
1360 3726 1517 3783 video
1540 3726 1685 3797 quod

123 3814 166 3867 in
188 3831 308 3872 vero
334 3818 427 3873 illo
455 3833 577 3875 esse
599 3820 689 3883 sit,
738 3828 793 3875 et
844 3828 905 3874 ut
950 3816 1255 3874 substantia
1309 3831 1428 3872 mea
1461 3817 1602 3887 apud
1635 3826 1685 3873 te

122 3915 284 3958 verum
313 3920 438 3960 esse
475 3907 675 3962 habere
700 3916 885 3977 queat,
911 3908 975 3961 ab
1020 3906 1261 3960 omnibus
1314 3905 1685 3977 iniquitatibus

121 3990 403 4045 venialibus
432 4006 555 4046 erue
608 4008 688 4046 me
742 3991 1088 4060 indulgendo,
1142 3991 1299 4060 quasi
1354 3990 1686 4062 dieatzEgo

122 4078 242 4135 bene
264 4082 551 4146 custodivi,
578 4092 636 4136 ut
666 4083 718 4137 in
743 4082 1014 4153 principio
1061 4081 1255 4153 psalmi
1303 4082 1518 4136 ostendi
1562 4082 1682 4137 vias

123 4186 256 4229 meas
282 4191 311 4229 a
342 4174 737 4239 eriminalibus,
765 4174 860 4229 sed
900 4182 957 4228 tu
982 4173 1202 4244 indulge
1223 4172 1481 4229 venialia.
1507 4171 1576 4227 Et
1603 4174 1685 4228 sic

124 4266 182 4319 ab
203 4267 452 4323 omnibus
478 4266 859 4336 iniquitatibus
886 4281 981 4321 ero
1010 4265 1295 4321 liberatus.
1341 4265 1514 4319 Aliter
1537 4265 1684 4321 enim

125 4358 183 4411 ad
203 4359 321 4413 illud
357 4374 481 4415 esse
509 4375 615 4414 non
645 4360 968 4429 attingerem
989 4401 1006 4426 ,
1061 4375 1183 4413 eum
1251 4357 1384 4413 nihil
1406 4359 1682 4414 sordidum

1788 1914 1903 1968 cisti
1937 1912 2216 1978 tabe:cere,
2252 1913 2302 1966 id
2359 1922 2443 1967 est
2469 1913 2704 1967 deﬁcere
2732 1928 2828 1981 per
2862 1912 3008 1981 ipsas
3050 1910 3375 1979 increpatio-

1788 2018 1908 2068 nes,
1939 2005 2171 2057 anintam
2201 2019 2369 2057 meam
2405 2018 2433 2056 a
2475 2003 2727 2059 sordibus
2774 2002 3195 2056 delectationum
3245 2017 3374 2055 sua-

1789 2110 1908 2149 rum
1932 2095 2067 2149 sicut
2094 2111 2365 2159 araneam,
2396 2095 2447 2150 id
2467 2104 2551 2149 est
2578 2096 2645 2150 ad
2697 2095 2913 2149 modum
2956 2110 3198 2160 araneu‘,
3250 2110 3373 2163 qua:

1787 2200 1886 2255 per
1909 2199 2073 2255 opera
2094 2200 2191 2239 sua
2215 2184 2474 2255 paulatim
2493 2183 2695 2239 deﬁcit.
2730 2184 3099 2238 Verumtamen
3120 2186 3371 2253 quaniv's

1788 2278 1925 2332 adeo
1950 2275 2219 2346 perfectus
2267 2276 2394 2341 sim,
2424 2284 2481 2331 et
2508 2275 2610 2330 mei
2642 2274 3138 2346 exemplopossrnt
3164 2274 3256 2329 alii
3280 2274 3376 2329 de—

1788 2369 1972 2434 ﬁcere,
1998 2377 2056 2423 et
2087 2368 2167 2424 sic
2201 2368 2315 2425 ﬁeri
2345 2368 2593 2439 perfecti.
2641 2368 2826 2422 Omnis
2861 2370 3036 2434 homo,
3080 2369 3129 2421 id
3160 2377 3245 2422 est
3275 2370 3375 2423 ho.

1787 2454 1987 2508 minem
2038 2454 2228 2508 vivens
2265 2454 2442 2508 adhuc
2475 2453 2822 2507 conturbatur
2843 2470 2991 2514 vane.
3028 2454 3080 2507 id
3113 2460 3197 2508 est
3228 2454 3377 2509 solli.

1786 2544 1987 2599 eitatur
2025 2543 2077 2598 in
2109 2544 2352 2613 appetitu
2377 2551 2741 2607 territorum,
2772 2559 2893 2612 qua:
2937 2558 3073 2597 vana
3112 2554 3261 2607 sunt.

1857 2632 2087 2689 Ostensa
2112 2632 2417 2688 defectione
2457 2647 2576 2698 sua,
2607 2633 2686 2687 sic
2712 2637 2781 2686 ad
2809 2647 2906 2687 ora
2936 2632 3113 2687 iunem
3148 2636 3373 2688 reverti-

1787 2731 1912 2778 tur:
1948 2724 2092 2792 Ergo
2144 2724 2274 2792 quia
2302 2723 2381 2777 sic
2429 2722 2607 2778 fecisti
2648 2737 2735 2777 me
2783 2724 3083 2786 tabescere,
3136 2722 3372 2788 Exaudi,

1786 2817 2033 2882 Domine,
2065 2816 2357 2871 orationem
2383 2831 2552 2869 meam
2599 2830 2731 2870 voce
2773 2814 3075 2884 prolatam:
3114 2824 3161 2868 et
3192 2814 3375 2883 depre-

1786 2908 1981 2960 tionem
2020 2922 2219 2969 meam,
2263 2920 2329 2959 ex
2372 2904 2681 2959 intensione
2738 2905 2921 2959 cordis
2964 2906 3370 2973 procedentem,

1785 2994 2058 3063 etpercipe
2084 2994 2298 3047 auribus
2322 2993 2542 3062 pietatis
2588 3004 2692 3047 tua:
2735 2993 2997 3062 lacrymas
3062 3008 3228 3049 meas.
3280 2993 3373 3048 Vel

1788 3085 1907 3139 sic:
1940 3100 2002 3137 ne
2027 3083 2206 3150 sileas,
2238 3084 2291 3139 id
2328 3092 2410 3140 est
2452 3083 2655 3154 perﬁce
2690 3082 2833 3153 quod
2864 3082 3095 3153 postulo.
3119 3084 3370 3153 quoniam

1787 3195 1881 3249 ego
1905 3178 2146 3233 existens
2166 3176 2277 3246 jam
2304 3192 2402 3248 spe
2430 3178 2570 3248 apud
2603 3186 2671 3238 te,
2701 3177 2752 3231 id
2783 3186 2868 3231 est
2917 3177 2970 3229 in
3004 3191 3098 3245 pra
3114 3176 3288 3232 sentia
3320 3184 3375 3229 et

1787 3270 2177 3328 conformilale
2237 3270 2312 3326 tui
2348 3287 2465 3325 sum
2525 3270 2729 3324 advena
2769 3279 2817 3322 et
2859 3270 3183 3339 peregrinus,
3239 3270 3374 3321 sicut

1789 3378 1966 3417 omnes
2019 3372 2194 3433 patres
2246 3362 2347 3417 mei
2402 3360 2642 3424 fuerunt,
2693 3370 3069 3414 antecessores
3100 3359 3370 3425 videlicet,

1786 3468 2019 3523 quorum
2042 3452 2350 3509 sanctitatis
2380 3452 2521 3511 ﬁlius
2544 3450 2705 3521 125
2741 3450 2939 3513 existo,
2971 3450 3126 3518 quasi
3178 3450 3371 3505 dicat:

1786 3546 1905 3602 Non
1931 3546 2076 3601 ﬁlius
2105 3545 2268 3615 hujus
2298 3544 2506 3609 mundi,
2532 3546 2626 3600 sed
2652 3544 2719 3598 de
2746 3542 2853 3597 alia
2886 3542 3104 3612 regione
3136 3556 3277 3604 sum,
3307 3542 3372 3595 ad

1788 3654 1954 3709 quam
1985 3638 2169 3703 tendo,
2195 3638 2262 3693 ad
2294 3635 2633 3692 Hierusalem
2656 3635 2866 3691 scilicet
2893 3644 3176 3714 teteruam.
3213 3634 3376 3695 Pere-

1787 3730 1977 3798 grinus
2006 3738 2062 3784 et
2094 3730 2303 3785 advena
2343 3729 2483 3783 idem
2532 3736 2633 3789 est,
2668 3728 2761 3782 sed
2794 3742 2860 3782 ex
2889 3726 3175 3781 aﬁ‘ectione
3202 3726 3370 3779 nimia

1787 3820 1866 3875 sic
1893 3819 2238 3875 inculcatur:
2273 3819 2394 3873 ilco
2433 3826 2610 3873 autem
2642 3816 2836 3872 Patres
2891 3832 2919 3871 a
2943 3819 3125 3873 Evenas
3183 3826 3239 3872 et
3284 3833 3375 3886 pe-

1787 3911 2032 3982 regrinos
2052 3909 2219 3966 fuisse
2267 3911 2419 3974 dicit,
2476 3917 2535 3965 ut
2576 3925 2764 3965 eorum
2813 3910 3006 3965 saltem
3052 3910 3376 3966 aucto-inite

1788 4018 1889 4059 nos
1937 4004 2005 4059 ab
2062 4002 2369 4074 bujusmodi
2416 4002 2849 4072 peregrinatione
2888 4000 3187 4063 abstrahat,
3240 4000 3373 4066 Oro,

1785 4094 2000 4158 exaudi,
2032 4102 2086 4148 et
2141 4095 2192 4147 in
2236 4093 2337 4147 hoc
2387 4091 2580 4146 exaudi
2614 4105 2630 4145 :
2664 4091 2884 4145 Remitte
2930 4090 3060 4143 mihi
3110 4100 3328 4159 peccata
3354 4129 3372 4154 ,

1785 4186 2091 4255 priusquam
2141 4182 2361 4236 habeant
2392 4184 2457 4237 de
2486 4182 2590 4237 hac
2651 4183 2778 4243 vita,
2819 4189 2898 4245 ut,
2953 4179 3059 4234 illis
3108 4178 3372 4244 reunixsis,

1787 4276 2064 4346 refrigerer
2091 4275 2143 4329 in
2177 4272 2381 4337 futuro,
2409 4273 2459 4326 id
2492 4282 2577 4327 est
2611 4273 2663 4327 in
2687 4270 2971 4340 refrigerio
3000 4268 3198 4337 quietis
3244 4270 3370 4337 sim,

1785 4367 1878 4437 qui
1899 4363 2204 4435 hiejugiter
2231 4362 2670 4418 tribulationibus
2726 4373 2945 4430 propter
2968 4367 3020 4414 te
3044 4357 3270 4426 aﬁligor.
3302 4357 3372 4412 Et

126 4447 173 4500 in
198 4465 356 4520 regno
385 4458 478 4504 tuo
506 4450 742 4504 futurum
797 4450 867 4505 sit
918 4450 1105 4522 (Apoc.
1134 4465 1248 4514 xxv,
1276 4449 1391 4519 27),
1416 4458 1471 4505 et
1492 4463 1683 4506 eruere

1788 4456 1830 4511 si
1859 4471 1963 4510 non
1994 4454 2269 4509 remiseris
2298 4463 2592 4520 antequam
2645 4450 2856 4514 abeam,
2889 4448 3116 4518 amplius
3145 4464 3248 4502 non
3280 4463 3373 4503 ero

126 4538 290 4596 debes.
329 4541 465 4596 Nam
506 4542 840 4612 opprobrium
869 4542 1135 4611 insipienti
1174 4542 1366 4601 dedisti
1405 4560 1511 4608 me,
1536 4544 1683 4613 quod

126 4633 390 4690 estdicere
421 4650 436 4687 :
461 4647 586 4690 eum
609 4634 1314 4702 saecularibuseontemptis,
1338 4635 1405 4689 ad
1437 4644 1488 4690 te
1509 4635 1682 4691 solum

126 4733 443 4792 spectem,ut
462 4726 774 4795 expressius
793 4726 988 4787 dicam,
1019 4724 1220 4780 derisio
1244 4725 1348 4781 sim
1377 4734 1434 4782 et
1486 4740 1683 4797 oppro-

127 4812 280 4873 brium
306 4818 578 4888 insipienti
595 4817 811 4887 populo,
834 4828 890 4871 et
917 4818 1020 4872 hoc
1034 4832 1131 4887 pro
1147 4826 1217 4872 te.
1239 4816 1392 4873 Unde
1416 4817 1679 4887 Prosper:

132 4921 149 4955 ι
176 4905 264 4972 Qui
296 4907 489 4963 volunt
534 4908 622 4977 pie
649 4907 853 4988 vivere,
910 4922 1130 4962 necesse
1178 4915 1263 4962 est
1306 4916 1364 4960 ut
1408 4908 1671 4976 patiantut

128 4999 389 5065 opprobria
450 4999 519 5054 ab
573 4999 752 5069 impiis
773 5007 827 5055 et
851 4998 1225 5054 dissimilibus.
1265 5016 1284 5051 ι
1333 4997 1400 5051 Et
1437 5012 1558 5052 eum
1602 4998 1681 5053 eis

128 5088 450 5154 Opprobrium
482 5088 584 5143 sim
618 5074 966 5143 nihil'amare
987 5087 1266 5157 respondi,
1291 5086 1385 5141 sed
1411 5086 1680 5140 obmutui:

126 5183 169 5225 et
195 5176 261 5231 sic
278 5177 419 5247 quod
449 5176 597 5232 nullo
626 5178 787 5232 modo
816 5177 997 5247 aperui
1028 5194 1086 5231 os
1115 5192 1309 5242 meum,
1341 5184 1399 5230 ut
1419 5176 1682 5245 gemendo

127 5264 201 5317 vel
221 5270 373 5324 modo
401 5270 587 5340 aliquo
611 5269 1001 5323 murmurando
1026 5268 1242 5339 signum
1272 5268 1548 5332 mmroris,
1588 5281 1680 5323 aut

130 5356 491 5430 indignationis
514 5362 882 5417 ostenderem.
931 5362 1065 5417 Orat
1092 5362 1257 5417 etiam
1298 5372 1356 5417 ut
1382 5362 1524 5418 Deus
1566 5364 1681 5434 pla-

131 5461 213 5516 gas
234 5466 352 5507 suas
387 5452 626 5517 alleviet,
656 5468 725 5507 ne
764 5454 806 5507 si
839 5453 958 5523 plus
1006 5453 1175 5507 nimio
1217 5469 1411 5524 graves
1457 5455 1676 5524 fuerint,

133 5536 220 5589 sub
242 5552 419 5593 eorum
451 5540 693 5610 pondere
720 5539 958 5604 deﬁciat,
1012 5550 1069 5596 et
1097 5541 1176 5595 sic
1224 5541 1367 5610 quod
1402 5556 1681 5614 exspectat

135 5638 230 5678 non
249 5631 483 5701 attingat.
516 5632 583 5686 Et
634 5632 738 5687 hoc
779 5632 857 5687 sic
884 5632 1063 5687 dicit:
1099 5631 1213 5686 Non
1254 5632 1426 5687 solum
1481 5650 1577 5690 oro
1620 5646 1679 5691 ut

135 5728 214 5770 me
232 5719 288 5775 ab
312 5722 680 5794 iniquitatibus
707 5740 889 5792 eruas,
937 5726 1030 5780 sed
1068 5725 1230 5779 etiam
1256 5740 1371 5793 oro,
1431 5743 1610 5782 amove
1644 5746 1674 5780 ιι

1784 4550 1839 4604 in
1860 4561 1988 4603 vero
2014 4560 2136 4602 esse
2172 4545 2316 4616 quod
2354 4551 2631 4612 exspecto.

2216 4633 2283 4688 IN
2322 4631 2648 4688 l’SALMUM
2679 4629 2922 4685 XXXIX.

1854 4729 2064 4786 Titulus
2101 4726 2357 4784 tricesimi
2383 4725 2528 4781 noni.
2556 4722 2804 4779 Psalmus
2848 4722 3226 4780 atlribuendus
3258 4723 3371 4779 Da—

1781 4823 1867 4880 uid
1896 4825 1951 4877 in
1973 4822 2151 4891 ﬁnem,
2204 4820 2256 4875 id
2294 4827 2378 4873 est
2429 4816 2647 4872 Christo
2696 4814 2951 4872 existenti
3002 4815 3192 4877 David,
3217 4816 3269 4870 id
3289 4823 3375 4871 est

1783 4928 1944 4969 manu
1977 4911 2101 4967 forti
2129 4925 2299 4979 usque
2333 4909 2384 4963 in
2415 4906 2597 4969 ﬁnem,
2654 4905 2705 4959 id
2747 4916 2832 4961 est
2883 4906 2936 4961 in
2985 4904 3371 4974 ret-lectionem

1782 5003 2009 5057 vitiliter
2061 4999 2271 5070 agendo
2323 5006 2511 5052 contra
2564 4996 2870 5061 diabo'um,
2934 5006 2989 5051 et
3032 4996 3372 5051 devineendo

1781 5109 1925 5157 eum,
1950 5099 2003 5147 et
2028 5092 2167 5147 bene
2197 5088 2515 5158 complendo
2561 5087 2925 5142 obedientiam
2979 5086 3079 5141 sibi
3136 5103 3167 5140 a
3216 5097 3372 5155 patre

1783 5182 2098 5252 injunetam.
2152 5179 2385 5236 ln'endit
2438 5187 2616 5232 autem
2673 5178 2725 5233 in
2792 5178 2894 5232 hoc
2944 5176 3156 5244 psalmo
3209 5183 3372 5245 caput

1781 5275 2065 5330 ostendere
2110 5271 2176 5326 ad
2205 5271 2238 5325 it
2261 5271 2613 5327 structionem
2640 5278 2693 5323 et
2720 5266 3154 5325 eonformitatem
3196 5281 3369 5320 mem-

1782 5369 2021 5429 lrarum,
2086 5371 2289 5431 quanta
2332 5361 2633 5416 constantia
2667 5360 2835 5413 Deum
2869 5356 3283 5427 exSpeetaverit,
3314 5364 3372 5413 et

1782 5460 1990 5515 intense
2019 5464 2392 5525 suscepturum
2422 5469 2482 5509 se
2510 5454 2653 5523 quod
2709 5452 3132 5518 exspectaverit,
3192 5459 3253 5505 ut
3315 5458 3374 5506 et

1780 5549 2021 5606 membra
2062 5546 2142 5600 sui
2173 5544 2421 5613 exemplo
2454 5550 2791 5611 eXspecteut,
2842 5555 2911 5595 ne
2938 5540 3214 5594 denarium
3243 5548 3371 5595 ante

1780 5653 2062 5709 vesperum
2084 5638 2326 5707 exigant,
2353 5634 2447 5689 sed
2494 5634 2546 5686 in
2581 5633 2707 5696 ﬁne,
2736 5632 2877 5701 quod
2924 5631 3062 5687 bene
3085 5641 3372 5701 exspecta-

1780 5730 1934 5794 bunt,
1961 5728 2172 5782 infense
2213 5723 2493 5794 rcc'piant.
2522 5721 2768 5777 Ostendit
2794 5734 3009 5793 quoque
3054 5735 3112 5776 se
3145 5735 3251 5777 nou
3279 5736 3370 5777 so-
