3838 6328
477 325 584 380 805

2435 189 2480 210 ο»

1046 325 1102 380 S.
1146 325 1496 383 BllUNONlS
1539 325 2183 382 CAliTllUSIANOllUM
2214 326 2695 385 INSTITUTORIS
2735 329 2884 387 OPP.
2931 330 3108 387 PARS
3143 313 3193 386 1.¹
3241 299 3254 308 ο
3627 339 3716 394 8οι

477 431 586 490 him
619 441 984 502 exspectasse,
1013 433 1105 487 sed
1129 441 1183 489 et
1224 434 1326 489 hoe
1380 449 1586 499 orasse,
1611 443 1666 489 et
1697 434 1748 488 iu
1783 435 1883 488 hoc
1912 449 2075 488 exan-
2103 441 2147 496 Α
2179 433 2372 489 timore
2395 447 2563 501 casto,
2586 438 2636 492 id
2659 448 2742 493 est
2769 440 2990 512 diligent
3039 451 3086 495 et
3132 441 3373 497 timendo
3395 446 3651 513 sperabunt
3673 452 3720 506 in

476 525 646 578 ditum
687 524 874 588 fuisse,
919 525 1288 595 subjungendo
1336 541 1557 580 causam
1593 540 1698 594 qua
1737 526 1930 596 dignus
2001 526 2072 580 sit

474 612 718 667 exaudiri
749 629 763 677 ;
797 614 1134 668 demonstrat
1164 630 1379 685 quoque
1435 631 1493 670 se
1548 616 1743 669 multos
1773 616 2071 670 imitatores

474 703 786 758 habiturum
827 703 877 756 in
903 709 1310 773 exspectatione
1340 724 1352 759 :
1382 715 1439 760 ιιι
1465 707 1626 761 etiam
1668 705 1824 760 nobis
1877 706 2065 760 innuat

474 795 682 864 quodsi
736 797 1252 863 exspectaverimus,
1283 798 1479 853 multos
1510 799 1561 852 in
1617 800 1719 853 hoc
1753 799 2070 854 'imitatores

476 886 812 940 habebimus.
845 885 1049 941 lndicat
1078 889 1298 958 insuper
1324 904 1432 958 quo
1458 891 1647 944 ordine
1671 889 1758 944 alii
1790 889 1906 956 ejus
1950 891 2070 944 illii-

477 985 681 1031 tatores
711 978 1032 1042 etlicientnr,
1081 996 1175 1048 per
1229 992 1454 1035 mortem
1510 983 1719 1037 scilicet
1763 997 1956 1046 suam,
2015 992 2070 1038 et

475 1083 694 1121 suorum
713 1068 1175 1138 praedicationem.
1192 1071 1317 1125 Orat
1351 1085 1538 1143 postea
1556 1076 1620 1128 de
1651 1080 2067 1141 resurrectione,

475 1159 771 1214 ostendens
793 1159 858 1214 ad
917 1161 1046 1229 quid
1123 1165 1428 1218 necessaria
1487 1181 1583 1220 sua
1627 1166 2064 1221 sitrcsurrcctio.

477 1248 788 1305 Oratetiam
811 1267 908 1320 pro
934 1234 1168 1308 inimicis
1195 1264 1248 1308 et
1273 1270 1369 1322 pro
1400 1255 1678 1308 membris.

548 1341 870 1410 Exspectons
899 1346 1184 1410 exspectavi
1219 1345 1516 1400 Dominum.
1549 1347 1681 1402 Cum
1705 1347 1836 1402 dicit
1878 1361 2069 1416 exspe-

477 1442 650 1497 ctans,
683 1436 1137 1502 perseverantiam
1188 1437 1362 1491 innuit
1410 1439 1855 1507 exspectationis,
1905 1427 2065 1507 quasi

476 1523 659 1577 dicat:
694 1514 810 1578 Non
839 1523 1098 1586 fastidiri.
1128 1540 1231 1578 non
1261 1528 1614 1592 murmurari,
1644 1528 1735 1581 sed
1757 1529 2065 1596 exspeetavi

477 1615 988 1670 remunerationem.
1020 1616 1375 1686 Exspectans,
1418 1618 1470 1672 id
1514 1629 1598 1672 est
1653 1635 1762 1672 non
1790 1620 2064 1686 deficiens,

476 1707 569 1759 sed
612 1721 968 1775 perseverans
995 1708 1046 1761 in
1079 1710 1483 1778 exspectatione
1508 1728 1520 1760 :
1545 1720 1592 1764 et
1625 1712 1749 1779 quia
1793 1722 2068 1782 exspecta-

2173 525 2396 581 Domino
2425 533 2940 588 remunerationem.
2986 534 3053 587 Et
3093 536 3220 604 quia
3249 535 3512 592 tiznebunt
3537 548 3587 592 et
3613 556 3720 608 spe-

2173 623 2388 681 rabunt.
2423 622 2602 677 beatus
2635 625 2712 678 vir
2737 625 2843 679 erit
2902 627 2954 680 in
2997 626 3200 694 futuro,
3241 627 3397 695 cujus
3421 629 3518 684 viri
3541 629 3722 685 Domini

2172 725 2355 762 nomen
2370 721 2443 766 cst
2469 729 2586 780 spes
2609 713 2746 782 ejus,
2777 714 2830 768 id
2859 723 2943 769 est
2981 716 3072 783 qui
3105 732 3254 786 Spem
3286 718 3476 772 salutis
3521 721 3655 788 ponit
3679 722 3722 773 in

2172 800 2389 854 nomine
2441 803 2676 869 Domini,
2707 804 2851 872 quod
2905 805 3082 875 diligit
3116 815 3171 861 et
3221 807 3551 877 magniﬁcat.
3595 809 3725 874 Quod

2170 900 2349 945 autem
2381 892 2533 962 ponit
2563 893 2910 962 singulariter
2944 898 3042 962 vir,
3090 913 3210 950 cum
3239 898 3523 967 plura‘i'er
3541 903 3724 968 posu's-

2171 990 2252 1034 set
2287 981 2956 1051 timebuntetsperabnnt,
3005 986 3124 1039 idco
3168 986 3300 1042 facit
3344 998 3404 1041 ut
3450 1003 3542 1043 eos
3585 1003 3726 1042 unum

2170 1071 2296 1141 quid
2325 1074 2514 1128 essein
2546 1089 2639 1144 spe
2666 1085 2722 1129 et
2750 1074 2944 1129 timore
2964 1078 3233 1130 ostendat.

2240 1162 2320 1229 Qu
2349 1164 2504 1217 niani
2537 1166 2837 1219 autemhoe
2862 1180 2966 1219 non
3023 1167 3483 1234 sntliceret,addit
3526 1184 3539 1222 :
3570 1165 3631 1219 Et
3656 1166 3730 1220 ille

2169 1251 2358 1306 beatus
2387 1255 2472 1306 vir
2509 1270 2609 1307 non
2640 1256 2882 1323 respexit,
2907 1255 2956 1308 id
2979 1266 3062 1311 est
3091 1273 3197 1312 non
3245 1269 3394 1312 retro
3426 1260 3658 1327 aSpicict,
3685 1261 3728 1310 in

2169 1345 2418 1397 vimitates
2470 1347 2592 1399 etin
2639 1345 2898 1410 insanias,
2950 1348 3293 1404 declinando.
3324 1368 3344 1400 ι
3391 1349 3557 1404 Nemo
3607 1353 3730 1404 enim

2169 1435 2390 1490 mittens
2432 1453 2651 1491 manum
2679 1453 2829 1492 suam
2855 1440 2920 1493 ad
2971 1450 3235 1508 aratrum,
3268 1452 3324 1495 et
3347 1443 3609 1511 aspiciens
3661 1459 3731 1495 rc-

2171 1532 2431 1590 trorsum,
2456 1535 2614 1596 aptus
2643 1536 2727 1581 est
2752 1543 2917 1598 regno
2973 1529 3064 1584 Dei
3083 1529 3236 1599 (Luc.
3285 1547 3361 1596 1x,
3393 1531 3502 1593 ϐξ).
3545 1551 3562 1582 ι
3590 1531 3732 1585 Vani-

2171 1619 2307 1667 tates
2333 1615 2465 1668 dicit
2525 1618 2796 1686 appetitus
2841 1628 3201 1688 terrenorum,
3240 1635 3363 1690 qua:
3409 1635 3550 1674 vana
3603 1630 3730 1675 sunt.

2168 1703 2410 1759 lnsanias
2449 1716 2631 1761 autem
2666 1707 2831 1776 falsas
2862 1708 2994 1762 dicit
3051 1711 3163 1780 ipsa
3189 1711 3352 1777 bona,
3377 1714 3626 1781 quoniam
3650 1713 3732 1764 ho-

476 1797 552 1863 vi,
604 1809 659 1852 et
700 1799 876 1853 adhuc
918 1802 1248 1868 exspectabo
1279 1843 1293 1865 ,
1321 1803 1541 1855 intendit
1582 1805 1732 1869 mihi,
1787 1805 1836 1857 Id
1875 1813 1957 1858 est
1987 1805 2065 1858 in-

2178 1795 2343 1850 mines
2369 1795 2602 1850 insanire
2628 1797 2855 1862 faciunt,
2880 1800 3006 1853 dun
3033 1815 3127 1854 eos
3152 1817 3181 1853 a
3215 1800 3329 1872 lege
3395 1802 3488 1856 Dii
3517 1800 3731 1856 deviam.

479 1897 633 1942 tense
671 1890 800 1942 mihi
830 1891 980 1943 dabit
1009 1890 1150 1958 quod
1207 1893 1537 1962 exspectavi,
1586 1895 1957 1948 resnscitando
1983 1911 2069 1951 me

473 1987 531 2031 et
559 1978 929 2047 gloriticanlo.
976 1979 1085 2033 lloe
1127 1993 1306 2034 autem
1361 1999 1481 2036 cum
1523 1983 1760 2037 futurum
1807 1996 1953 2039 esset
1992 2001 2067 2042 ex

476 2071 801 2124 certitudine
827 2071 1014 2134 nimia,
1041 2073 1194 2140 quasi
1238 2075 1568 2143 prmteritum
1610 2077 1809 2145 posui'.
1830 2077 1945 2131 Non
1978 2093 2068 2132 soo

477 2159 586 2213 lum
621 2171 803 2215 autem
831 2163 1162 2230 exspectavi,
1196 2165 1287 2218 sed
1312 2181 1408 2232 pro
1449 2166 1550 2220 hoc
1591 2167 1731 2236 quod
1759 2169 2065 2237 exspectavi

476 2254 672 2307 oravi:
709 2254 812 2308 hoc
865 2264 1018 2308 extra
1075 2255 1269 2309 librum
1310 2273 1431 2311 cum
1463 2259 1565 2322 sit,
1615 2275 1678 2313 ex
1720 2261 2070 2328 sequentibus

479 2345 726 2400 habetur.
759 2343 826 2397 Et
884 2345 1010 2413 quia
1061 2346 1236 2409 oravi,
1298 2348 1562 2400 exaulivit
1616 2365 1790 2416 preces
1816 2367 1976 2412 meas,
2014 2359 2069 2404 et

479 2440 582 2493 hoe
608 2437 979 2508 accipiemlum
1019 2447 1102 2492 est
1144 2439 1342 2503 l'utin'e,
1392 2441 1545 2508 quasi
1591 2441 1832 2496 diceret:
1864 2442 2066 2508 Orabo,

477 2541 530 2583 et
552 2528 799 2583 exaudiet
834 2543 938 2592 me,
963 2539 1010 2582 et
1029 2541 1088 2583 ut
1107 2529 1300 2600 dignus
1322 2546 1496 2585 essem
1524 2534 1890 2595 cxauditionc,
1920 2536 2070 2604 prius

476 2619 658 2672 eduxit
682 2635 760 2672 me
793 2621 856 2672 de
886 2619 1007 2672 lacu
1030 2621 1280 2684 miserim,
1335 2622 1385 2675 id
1439 2630 1524 2675 est
1579 2623 1644 2676 de
1707 2624 2070 2692 profunditate

477 2710 756 2776 vitiorum,
787 2711 838 2762 in
866 2723 1028 2778 quem
1061 2709 1148 2764 alii
1200 2712 1379 2766 miseri
1411 2712 1760 2777 descendunt,
1795 2731 1900 2769 non
1937 2718 2071 2772 dixit

480 2783 692 2862 eduxit,
721 2799 862 2867 quod
892 2799 943 2852 in
971 2814 1035 2851 eo
1063 2799 1287 2854 fuissent
1319 2802 1524 2871 iniqua,
1550 2805 1641 2858 sed
1661 2805 1783 2873 quia
1807 2816 2068 2874 quantum

479 2891 549 2944 al
608 2890 941 2944 debilitatem
994 2891 1370 2956 humanitatis,
1425 2894 1526 2947 nisi
1553 2896 1725 2964 gratia
1771 2897 2070 2952 divinitatis

479 2982 803 3047 obstitisset,
826 2988 1008 3050 posset
1034 2983 1349 3052 contingere
1371 3000 1384 3036 :
1409 2984 1562 3052 quasi
1592 2985 1753 3046 dicat,
1775 2985 2067 3039 immunem

2172 1885 2327 1940 Falsa
2379 1902 2509 1942 vero
2553 1889 2695 1957 quod
2757 1889 2872 1959 ipsa
2924 1893 3306 1960 appetentibus
3369 1893 3732 1948 beat'tudiuem

2171 1976 2530 2044 promittendo
2576 1977 2800 2043 fallunt;
2853 1979 2935 2034 vel
2998 1980 3220 2036 insaniae
3269 1981 3437 2049 falsae,
3488 1982 3732 2036 idolorum

2169 2071 2348 2122 cultus
2373 2069 2648 2123 dicuntur.
2673 2069 2812 2136 Quid
2856 2071 3003 2125 enim
3057 2071 3303 2127 fallat-ius
3355 2080 3732 2142 quamcreatu-

2173 2175 2288 2213 ram
2315 2159 2496 2214 dicere
2527 2171 2852 2227 creatorem,
2880 2171 2973 2217 aut
3000 2178 3119 2232 qua:
3157 2165 3330 2234 major
3361 2165 3566 2218 insania
3593 2177 3731 2232 quam

2171 2249 2371 2303 cultum
2404 2251 2514 2305 Deo
2537 2251 2778 2306 debitum
2822 2263 3091 2309 creatura:
3154 2254 3497 2324 impendere?
3531 2255 3620 2308 Vel
3663 2256 3733 2308 inc

2171 2341 2336 2392 Sanite
2361 2340 2508 2395 falsae
2538 2341 2669 2395 vitia
2700 2341 2955 2396 dicuntur
2977 2385 2993 2410 ,
3037 2359 3102 2399 eo
3126 2347 3270 2400 onod
3328 2346 3570 2400 homines
3593 2359 3622 2398 a
3642 2343 3734 2397 Ι).ιο

2173 2439 2257 2484 ττι
2289 2432 2502 2486 altendo
2549 2433 2788 2488 insanire
2823 2433 3052 2499 faciunt,
3101 2444 3156 2490 et
3195 2450 3318 2489 cum
3375 2435 3733 2490 desideranda

2171 2522 2462 2576 videantur
2491 2538 2635 2588 esse,
2679 2524 2889 2578 fallunt.
2924 2525 3053 2580 Dico
3080 2527 3224 2596 quod
3275 2543 3380 2581 non
3421 2527 3662 2597 respiciet
3687 2528 3732 2579 in

2173 2617 2460 2680 vanitates,
2485 2614 2534 2668 id
2559 2621 2644 2670 est
2695 2615 2748 2668 in
2783 2623 3048 2671 terrena.
3105 2617 3172 2671 Et
3215 2619 3464 2686 quamvis
3509 2633 3570 2671 ea
3619 2631 3734 2670 vana

2171 2705 2401 2759 dixerim
2441 2721 2584 2773 esse,
2618 2722 2724 2762 non
2780 2719 3039 2777 quantum
3073 2711 3141 2764 ad
3191 2710 3274 2764 sui
3323 2720 3606 2773 naturam,
3655 2708 3734 2762 sed

2171 2807 2433 2866 quantum
2465 2797 2531 2852 ad
2565 2799 2846 2854 hominum
2909 2802 3328 2870 reputationem,
3357 2802 3448 2870 qui
3487 2802 3662 2855 dicunt
3681 2813 3734 2853 ea

2173 2905 2384 2944 summa
2421 2892 2561 2945 bona
2595 2906 2736 2958 esse,
2761 2907 2883 2946 cum
2928 2907 3034 2946 non
3062 2893 3189 2947 sint.
3245 2892 3472 2958 Tamen,
3524 2907 3586 2947 ne
3635 2893 3734 2960 ipsa

2173 2984 2480 3054 vituperare
2500 2985 2706 3047 videar,
2733 2984 2853 3038 dico
2877 2985 3018 3054 quod
3047 2995 3104 3037 tu
3133 3025 3148 3050 ,
3178 2984 3404 3038 Domine
3430 2983 3564 3037 Deus
3585 3000 3731 3047 meus,

483 3088 568 3126 me
601 3073 729 3126 fecit
757 3089 784 3125 a
806 3083 1048 3142 peccato.
1101 3072 1242 3127 Bene
1266 3089 1393 3128 vero
1447 3084 1794 3144 peccatorum
1848 3076 2064 3146 profun
2099 3121 2140 3178 Ο
2174 3077 2340 3144 fecisti
2370 3077 2534 3130 multa
2561 3077 2846 3144 mirabilia,
2872 3075 3079 3131 scilicet
3110 3075 3194 3130 illa
3227 3085 3464 3143 terrena,
3493 3074 3733 3128 mirabilia

481 3167 621 3220 ditas
674 3166 818 3218 lacus
848 3165 1066 3231 dicitur,
1123 3180 1187 3218 eo
1213 3167 1356 3234 quod
1407 3166 1684 3222 instabiles
1719 3177 1773 3222 et
1795 3167 1967 3222 ﬂuxos
1995 3168 2072 3222 fa-

484 3258 594 3310 ciat
643 3265 696 3311 et
744 3255 1048 3320 insolidos,
1095 3257 1546 3326 quemadmodum
1611 3259 1757 3314 lacus
1808 3261 2072 3316 instabilis

479 3347 734 3402 ﬂttxusct
761 3347 1024 3401 insolidus
1041 3356 1145 3400 cst.
1189 3347 1253 3399 Et
1296 3349 1476 3400 eduxit
1526 3366 1604 3402 me
1639 3350 1702 3402 de
1758 3351 1866 3404 luto
1904 3351 2068 3418 famis.

483 3439 597 3493 lloc
623 3446 803 3491 autem
861 3438 1000 3490 idem
1044 3444 1148 3501 est,
1181 3437 1323 3504 quod
1363 3447 1418 3490 et
1472 3438 1537 3492 de
1581 3439 1701 3493 lacn
1759 3440 1905 3495 fascis
1934 3460 1946 3494 :
1978 3445 2090 3518 sed

481 3529 626 3584 aliud
665 3529 906 3593 denotat,
941 3527 1151 3582 scilicet
1198 3527 1420 3581 nimiam
1459 3530 1778 3584 sorditatem
1827 3539 1882 3584 et
1937 3531 2072 3586 feto-

484 3635 600 3674 rem
625 3618 748 3671 mali
779 3618 1035 3686 exempli,
1061 3618 1199 3671 sicut
1221 3615 1390 3670 lutum
1420 3618 1485 3671 de
1517 3616 1647 3673 frece
1680 3621 1952 3676 sordidius
1989 3633 2073 3678 est

482 3719 542 3765 et
568 3707 836 3778 ptttridius
865 3709 971 3762 alio
997 3709 1128 3763 luto.
1160 3708 1293 3763 Nam
1318 3709 1409 3778 qui
1435 3710 1489 3763 in
1520 3709 1635 3764 lacu
1669 3712 1901 3766 miseria:
1923 3725 2070 3779 sunt,

486 3810 540 3856 et
563 3799 866 3855 fetidissimi
911 3803 1173 3868 existunt,
1217 3811 1272 3856 et
1305 3801 1440 3855 alios
1462 3801 1697 3871 exempli
1745 3803 1869 3856 mali
1901 3803 2074 3860 fetore

485 3904 862 3962 corrumpunt.
891 3893 956 3947 Et
981 3909 1086 3948 non
1137 3893 1309 3948 solum
1337 3894 1542 3962 eduxit,
1580 3895 1671 3949 sed
1703 3904 1750 3948 et
1790 3898 1996 3960 statuit,
2021 3897 2071 3950 id

480 3995 572 4041 cst
599 3984 862 4040 stabilivit
890 3985 1044 4054 pedes
1098 4002 1271 4051 meos,
1332 3986 1491 4041 idest
1553 3986 1867 4042 affectiones
1925 4005 2074 4044 nicas

483 4097 642 4151 super
667 4090 890 4149 petram,
925 4080 974 4133 id
1007 4091 1090 4134 est
1116 4096 1278 4149 super
1332 4081 1643 4138 firmitatem
1679 4087 1961 4141 virtutum.
2003 4087 2075 4142 Et

481 4170 676 4224 direxit
717 4186 924 4239 gressus
965 4186 1129 4235 meos,
1175 4170 1226 4224 id
1258 4180 1342 4224 est
1382 4173 1524 4240 ipsas
1558 4171 1872 4229 affectiones
1924 4193 2074 4232 meas

481 4272 896 4334 perseveranter
919 4248 990 4316 de
1028 4262 1347 4332 bonoopere
1393 4265 1445 4318 in
1485 4265 1684 4320 bonum
1709 4281 1862 4337 opus.
1892 4267 1958 4320 Et
1985 4271 2076 4324 im-

486 4359 628 4412 misit
675 4358 729 4411 in
767 4374 824 4411 os
873 4372 1067 4419 meum,
1113 4358 1253 4412 inos
1296 4358 1476 4412 cordis
1520 4357 1764 4424 scilicet,-
1807 4361 2074 4413 canticum

2173 3169 2482 3235 existentia,
2535 3170 2657 3224 dico
2709 3176 2799 3223 tua
2857 3184 3012 3234 esse;
3068 3169 3321 3239 quodest
3369 3170 3546 3223 dicere
3579 3187 3590 3221 :
3619 3167 3734 3234 Quae

2175 3268 2437 3314 creatura:
2467 3269 2569 3313 tua:
2598 3268 2742 3324 sunt,
2771 3275 2878 3314 non
2911 3270 3149 3325 creator,
3171 3260 3258 3314 Vel
3284 3261 3386 3316 sic.
3433 3259 3545 3314 Non
3583 3259 3735 3328 respi-

2175 3355 2280 3406 ciet
2312 3354 2362 3405 iu
2390 3353 2648 3418 insanias,
2676 3353 2726 3406 id
2766 3361 2849 3408 est
2892 3353 2944 3407 in
2987 3353 3372 3418 idololatriam,
3399 3368 3496 3408 nec
3521 3361 3598 3406 est
3626 3352 3734 3404 illuc

2178 3443 2592 3513 respiciendmn,
2627 3444 2719 3499 sed
2777 3444 2830 3497 in
2871 3453 2944 3509 te,
2969 3443 3218 3508 Domine,
3266 3454 3328 3499 ut
3375 3445 3586 3498 colaris.
3613 3442 3731 3496 Nam

2178 3540 2255 3598 tu,
2308 3533 2555 3599 Domine,
2598 3533 2774 3587 feciSti
2809 3533 2976 3587 multa
3018 3534 3289 3588 mirabilia
3343 3545 3473 3600 tua;
3505 3535 3633 3602 quod
3659 3544 3734 3586 est

2176 3625 2400 3678 dicere:
2458 3623 2652 3677 Multas
2709 3623 2887 3679 fecisti
2950 3624 3230 3680 mirabiles
3291 3635 3588 3690 creaturas,
3647 3639 3733 3692 per

2177 3729 2312 3782 quas
2342 3723 2396 3766 tu
2425 3730 2548 3768 cum
2576 3714 2651 3767 sis
2678 3713 2986 3780 invisibilis,
3043 3717 3392 3785 cognosceris
3419 3730 3538 3771 esse
3569 3713 3730 3768 [tozui-

2178 3823 2276 3861 nus
2307 3805 2626 3872 etCreator,
2667 3805 2896 3876 ideoque
2948 3807 3000 3861 in
3030 3809 3102 3861 tui
3129 3807 3331 3869 cultum
3367 3808 3729 3878 respic'eadum

2175 3907 2277 3953 est.
2335 3897 2484 3953 Unde
2522 3898 2812 3968 Apostolus
2844 3916 2855 3951 :
2891 3917 2908 3950 ι
2953 3898 3250 3954 Invisibilia
3293 3901 3441 3954 enim
3509 3901 3659 3968 ipsius
3703 3911 3730 3948 a

2177 3997 2420 4043 creatura
2459 3990 2640 4043 mundi
2672 4006 2768 4059 per
2798 4006 2860 4043 ea
2911 4006 3030 4059 quae
3093 3991 3234 4045 facta
3304 4003 3432 4045 sunt
3487 3989 3728 4044 intellecta

2178 4081 2590 4150 conspiciuntur
2616 4079 2788 4136 (liam.
2819 4086 2857 4146 ι,
2885 4081 3001 4148 '20).
3032 4100 3048 4132 ι
3089 4080 3155 4134 Et
3185 4095 3249 4134 ea
3282 4081 3549 4135 mirabilia
3579 4077 3728 4132 iecisti

2179 4172 2597 4240 cogitationibus,
2631 4171 2680 4224 id
2706 4181 2785 4224 cst
2817 4171 3282 4239 dispositionibus,
3313 4172 3440 4234 tuis,
3473 4187 3574 4225 non
3619 4168 3730 4221 alte-

2181 4263 2292 4316 rius
2323 4263 2788 4332 dispositionibus.
2833 4263 2986 4318 Unde
3029 4263 3168 4316 idem
3200 4263 3490 4333 Apostolus
3519 4281 3531 4315 :
3575 4280 3592 4312 ι
3617 4258 3728 4326 Quis

2179 4353 2322 4406 enim
2360 4354 2614 4423 cognovit
2642 4368 2860 4408 sensum
2887 4353 3120 4418 Domini,
3147 4363 3240 4408 aut
3266 4354 3389 4422 quis
3415 4351 3728 4407 consiliarius

487 4467 697 4515 novum,
727 4449 934 4505 scilicet
971 4467 1204 4515 carmen,
1249 4450 1302 4504 id
1355 4461 1440 4506 est
1489 4450 1700 4505 laudem
1747 4450 1853 4505 Deo
1896 4463 2071 4506 nostro

2179 4444 2296 4513 ejus
2329 4442 2462 4497 fuit?
2489 4463 2504 4494 ι
2536 4442 2712 4514 (Rom.
2748 4459 2826 4509 xl,
2853 4443 2964 4510 54.)
2995 4442 3180 4497 Nullus
3229 4443 3464 4498 scilicet:
3485 4455 3604 4510 ergo
3621 4438 3727 4508 quia

489 4549 826 4608 competens.
885 4539 944 4593 In
997 4538 1224 4594 llcbraao
1278 4540 1510 4594 habetur
1561 4542 1832 4611 hymnum.
1866 4540 2074 4596 Novum

491 4629 765 4683 canticum
816 4629 971 4693 dicit,
1025 4645 1138 4686 suis
1183 4631 1559 4687 voluntatibus
1611 4633 1702 4686 Dei
1744 4634 2075 4688 voluntatem

491 4730 832 4786 praeponere,
868 4733 976 4788 quo
1008 4729 1164 4778 vetus
1218 4723 1379 4777 homo
1407 4722 1576 4776 Adam
1607 4733 1662 4779 et
1688 4724 1804 4794 ejus
1836 4726 2076 4779 membra

491 4815 782 4862 caruerunt
812 4823 826 4860 :
859 4811 950 4878 qui
982 4813 1481 4869 s‘uisvoluntatibus
1498 4815 1720 4870 obedire
1751 4817 2074 4872 maluerunt.

491 4895 636 4952 Istud
661 4904 841 4950 autem
895 4912 1068 4952 novus
1124 4902 1286 4957 homo
1340 4904 1609 4967 Christus,
1643 4915 1698 4959 et
1718 4906 1834 4975 ejus
1865 4906 2079 4960 confor-

491 4999 610 5041 mes
634 4984 957 5042 habuerunt.
979 4986 1283 5046 Notandum
1303 5032 1318 5056 ,
1345 4996 1639 5063 prophetas
1676 4997 1918 5064 aliosque
1946 4997 2079 5052 ﬁde-

493 5076 572 5132 les
592 5077 683 5147 qui
713 5076 914 5132 Christi
945 5079 1232 5135 adventnm
1266 5096 1662 5151 pr:cvenerunt,
1699 5089 1858 5158 126
1877 5088 2076 5144 Christi

494 5170 736 5224 membra
767 5168 1085 5239 fuisse,jam
1123 5173 1174 5226 in
1235 5173 1338 5228 fide
1389 5185 1444 5230 et
1501 5191 1617 5246 spe,
1669 5178 1796 5232 licet
1841 5181 2077 5235 nondum

492 5269 640 5316 esset
663 5269 820 5317 natus
846 5263 911 5319 de
937 5262 1164 5334 Virgine
1193 5281 1206 5318 :
1238 5264 1380 5335 quod
1405 5268 1806 5338 przeliguratum
1856 5279 1940 5323 est
1983 5287 2080 5342 per

494 5352 780 5422 quemdam
828 5355 880 5408 in
937 5353 1114 5410 Veteri
1180 5353 1547 5422 Testamento,
1602 5359 1755 5424 cujus
1801 5375 1992 5416 manus
2024 5362 2078 5416 in

496 5441 779 5497 nativitate
837 5455 1002 5516 caput
1071 5447 1369 5516 praecessit.
1417 5447 1590 5502 Dico:
1623 5447 1974 5516 Exspectavi,
2025 5461 2082 5507 et

496 5535 614 5602 ipse
652 5533 902 5588 intendit.
962 5537 1030 5589 Et
1077 5539 1328 5602 oravi,et
1363 5538 1659 5604 exaudivit,
1716 5548 1769 5592 et
1799 5541 1911 5594 hazc
1939 5542 2054 5596 vide

496 5624 645 5689 bunt,
697 5623 748 5677 id
784 5633 866 5677 est
920 5625 1219 5696 intel'igent
1255 5628 1430 5693 multi,
1484 5628 1624 5683 sicut
1675 5627 2078 5699 intelligendum

498 5722 602 5772 est.
639 5713 704 5766 Et
738 5714 983 5780 \idcndo,
1038 5717 1285 5788 exemplo
1323 5719 1426 5774 mei
1481 5718 1732 5773 timebunt
1774 5718 2076 5783 Dominum,

2182 4536 2354 4590 fecisti
2382 4535 2548 4588 multa
2592 4535 2745 4587 mira!
2769 4533 2858 4587 ilia
2903 4533 3322 4604 cogitationibus
3354 4534 3488 4598 tuis,
3537 4535 3728 4600 apparet

2180 4627 2322 4698 quod
2353 4626 2528 4680 nullus
2549 4636 2621 4680 est
2651 4627 2742 4696 qui
2771 4625 2958 4680 similis
2997 4627 3064 4680 sit
3100 4627 3193 4680 tibi
3243 4639 3634 4696 usquequaque.
3681 4627 3729 4672 ut

2181 4721 2251 4775 sit
2274 4719 2479 4774 scilicet
2512 4734 2692 4774 rerum
2723 4729 2960 4785 creator,
3016 4719 3244 4788 ideoque
3295 4721 3436 4775 sicut
3471 4729 3522 4773 ιιι
3563 4716 3725 4770 debeat

2181 4811 2416 4865 adorari.
2467 4807 2743 4876 Quaereret
2767 4809 2963 4879 aliquis
2993 4810 3176 4866 :l)ic?s
3227 4811 3369 4881 quod
3418 4809 3564 4864 multi
3607 4806 3724 4858 ride-

2179 4903 2333 4968 lunt,
2392 4910 2496 4956 etc.
2555 4901 2658 4957 Per
2709 4902 2838 4971 quid
2897 4915 3028 4972 ergo
3087 4902 3392 4966 videbunt?
3434 4903 3532 4956 hoc
3575 4907 3723 4951 autem

2180 4991 2434 5055 ostendit,
2459 5005 2579 5043 cum
2628 4990 2802 5044 addit.
2841 4989 2942 5045 Per
2983 4993 3087 5046 hoc
3114 4992 3394 5056 videbunt,
3462 4990 3594 5059 quod
3643 5000 3724 5054 rga

2181 5081 2490 5136 aununtiavi
2533 5091 2577 5134 et
2608 5081 2814 5136 locutus
2876 5099 3014 5150 sum,
3063 5083 3396 5149 nmltiplicati
3449 5092 3560 5134 sunt
3598 5089 3726 5144 super

2182 5191 2476 5240 numerum,
2503 5173 2646 5243 quod
2690 5183 2775 5229 est
2802 5175 2983 5230 dicere
3012 5193 3025 5228 :
3059 5175 3156 5230 Mei
3187 5175 3578 5230 annuntiabuut
3597 5171 3664 5223 eis
3681 5175 3724 5218 et

2185 5263 2494 5333 loquentur,
2532 5273 2587 5318 ct
2633 5279 2728 5334 per
2760 5266 2863 5319 hoc
2895 5266 2997 5336 ipsi
3047 5266 3542 5336 multiplicaluutur
3587 5269 3724 5326 super

2184 5371 2466 5409 ntnnernm
2491 5354 2795 5422 definitum,
2832 5356 2884 5410 id
2915 5365 3000 5411 est
3053 5357 3235 5426 plures
3259 5365 3419 5410 erunt
3466 5366 3614 5422 quam
3643 5362 3723 5400 nn—

2185 5446 2381 5500 merari
2432 5447 2660 5515 possint.
2709 5447 3050 5500 Annuutiare
3098 5455 3150 5502 et
3200 5446 3341 5516 loqui
3369 5445 3571 5499 diiersa
3598 5443 3720 5496 sunt.

2183 5535 2576 5589 annuntiabuut
2615 5537 2825 5591 scilicet
2859 5537 3169 5591 testimonio
3221 5536 3611 5608 prophetarum,
3643 5524 3722 5596 qui

2185 5627 2362 5680 futura
2391 5627 2551 5681 locuti
2580 5637 2729 5682 sunt.

2254 5719 2592 5774 Anuuntiare
2621 5734 2858 5790 namque
2885 5718 3101 5791 prOprie
3134 5727 3217 5774 cst
3252 5718 3318 5774 de
3350 5715 3555 5782 futuris,
3589 5706 3722 5766 cllo-
