3838 6328
513 334 618 390 807

1091 334 1147 389 S.
1189 331 1538 390 BRU'NONIS
1572 328 2219 386 CARTIIUSIANORUM
2261 284 2928 391 INSTITUTORIS‘OPP.
2971 335 3148 393 PARS
3188 336 3230 392 Ι.
3654 341 3746 398 808

508 466 617 521 que
640 447 845 504 Novum
871 448 1276 503 Testamentum
1297 462 1391 516 per
1417 445 1660 501 eamdem
1692 452 1920 498 mortem
1945 459 2093 498 eom-
2124 446 2165 500 Α
2195 444 2371 497 addit:
2405 444 2468 497 Et
2498 446 2599 500 hoc
2634 447 2777 514 quod
2819 450 3319 519 comprehenderunt
3348 463 3463 516 eos,
3497 449 3613 504 inde
3636 466 3747 503 mn-

506 542 833 614 pletum,cui
857 542 1049 595 amodo
1079 540 1461 594 adluerendum
1487 547 1591 592 est.
1609 537 1851 590 Etctiam
1880 550 2083 589 annun-

509 635 725 688 tiabunt
755 650 840 688 me
863 675 876 697 ,
906 633 1228 688 existenlem
1254 631 1537 685 veritatem
1566 640 1619 683 et
1645 628 1884 682 Salutare
1912 635 2083 680 tuum.

504 726 919 780 Annuntialntnt
949 740 1167 797 quoque
1197 722 1627 778 misericordiam
1663 720 1844 785 tuam,
1875 735 1972 789 per
2003 733 2088 773 me

507 818 822 873 hominibus
882 818 1221 887 impensam,
1280 824 1333 870 et
1378 815 1707 879 veritatem,
1759 828 1864 881 qua
1910 811 2088 880 justos

507 908 561 962 in
594 907 779 961 futuro
805 908 1206 972 remunerabis;
1242 906 1382 975 quod
1423 913 1509 959 cst
1554 904 1763 957 dicere:
1800 903 1905 958 Per
1949 904 2090 958 lianc

504 999 948 1067 przedicationem
997 1013 1277 1063 meorum,
1320 1012 1442 1067 quae
1478 996 1589 1050 dixi
1626 996 1911 1062 videbunt,
1943 1004 1997 1049 et
2021 994 2089 1049 ti-

506 1089 727 1143 mebunt
743 1130 757 1152 ,
789 1097 844 1142 et
868 1088 1181 1157 sperabunt.

581 1178 657 1231 Tu
689 1188 891 1242 autem,
931 1178 1171 1243 Domine,
1211 1188 1269 1232 ut
1299 1180 1404 1234 mei
1437 1178 1793 1242 annuntient,
1824 1186 1878 1231 et
1908 1178 1979 1232 illi
2011 1178 2091 1232 vi-

505 1274 691 1336 deant,
710 1289 771 1325 ne
798 1272 946 1341 longe
972 1272 1140 1339 facias
1172 1274 1531 1341 miserationes
1558 1283 1697 1335 tuas,
1730 1272 1780 1325 id
1810 1281 1893 1326 est
1924 1274 2089 1327 benc-

510 1364 630 1419 fieia
659 1363 1042 1416 miscricordite
1071 1371 1195 1429 tute,
1226 1381 1255 1415 a
1290 1380 1385 1416 me.
1426 1362 1558 1415 Nam
1599 1363 1640 1416 si
1677 1361 1826 1430 longe
1852 1362 2089 1428 faceres,

507 1454 611 1507 luci
648 1470 751 1507 non
798 1455 1218 1506 annuntiarent.
1253 1467 1351 1506 nec
1384 1452 1534 1506 multi
1566 1452 1810 1506 viderent
1842 1460 1897 1506 et
1938 1450 2091 1505 lime-

506 1555 650 1611 reut,
684 1545 823 1614 quod
853 1554 933 1598 est
955 1546 1155 1600 dicere:
1190 1545 1454 1598 Beneficia
1485 1560 1605 1612 qua:
1632 1543 1759 1597 milii
1786 1543 2093 1597 miscricor-

506 1640 647 1694 ditcr
676 1638 1019 1701 concessisti,
1051 1636 1257 1691 scilicet
1285 1638 1426 1706 quod
1467 1651 1552 1689 me
1581 1636 1875 1689 immunem
1906 1649 1936 1688 a
1966 1648 2092 1703 pec-

507 1741 633 1786 cato
682 1728 890 1791 fecisti,
930 1735 988 1781 et
1042 1742 1129 1781 me
1168 1724 1637 1788 circumcinxisti,
1690 1739 1758 1778 ne
1796 1722 2010 1778 auferas
2060 1736 2088 1774 a

508 1836 623 1885 me,
658 1819 909 1873 ducendo
942 1832 1004 1872 ea
1052 1818 1104 1870 in
1147 1816 1381 1880 irritum,
1414 1832 1519 1870 non
1568 1816 1943 1870 resuscitando
1980 1828 2086 1879 me,

509 1912 562 1965 id
591 1920 674 1964 est
705 1925 771 1963 ne
789 1908 1073 1978 permittas
1103 1906 1191 1959 illa
1230 1914 1377 1959 tanta
1408 1905 1671 1960 beneficia
1704 1906 1911 1960 inutilia
1935 1919 2083 1961 esse:

506 2002 633 2071 quia
659 2000 702 2054 si
736 1999 789 2052 in
819 2006 993 2052 morte
1020 1998 1316 2064 detinerer,
1345 1996 1555 2050 inutilia
1579 2005 1852 2056 essentzet
1881 1997 1981 2049 hoc
2007 2002 2091 2049 est

508 2108 573 2146 ac
603 2092 912 2149 sidiceret:
946 2088 1225 2143 Resnscita
1261 2104 1378 2154 me,
1412 2096 1472 2142 ut
1510 2089 1612 2143 mei
1652 2100 1837 2158 postea
1874 2090 2088 2156 multis,

507 2184 651 2253 quod
674 2182 922 2252 superius
947 2182 1159 2235 ostendi
1182 2221 1196 2246 ,
1215 2181 1559 2247 annuntient,
1594 2190 1648 2235 et
1675 2181 1748 2234 illi
1778 2182 1974 2250 quibus
1995 2197 2095 2236 an-

510 2276 840 2331 nuntialnmt
867 2275 1115 2334 videant,
1151 2274 1453 2327 timeantet
1482 2281 1719 2343 sperent.
1752 2274 1970 2329 Diceret
1996 2274 2093 2328 ali-

509 2373 662 2442 quis:
690 2369 839 2425 Fecit
869 2360 935 2422 ne
964 2377 1140 2422 tecum
1158 2364 1661 2420 miserationes?Ad
1685 2365 1787 2419 hoc
1814 2373 1992 2419 autem
2016 2366 2093 2421 sic

513 2460 805 2531 respondet
853 2459 954 2512 ita:
1019 2456 1153 2511 Nam
1180 2456 1542 2509 misericordia
1574 2465 1664 2508 tua
1697 2464 1743 2509 et
1791 2456 1977 2509 veritas
2003 2465 2093 2509 tua

510 2567 712 2619 semper
732 2556 1068 2617 susceperunt
1098 2562 1197 2612 me,
1231 2547 1281 2599 id
1311 2554 1395 2599 est
1424 2544 1985 2615 custodierunt,quod
2013 2554 2097 2602 cst

511 2645 722 2699 dicere:
746 2640 974 2708 Semper
1005 2638 1152 2692 fuisti
1185 2647 1472 2705 susceptor
1494 2652 1667 2700 meus,
1712 2636 1764 2691 id
1794 2645 1877 2691 est
1908 2647 2093 2706 patro-

515 2752 618 2791 nus
657 2744 712 2788 et
764 2732 1050 2795 defensor,
1102 2744 1170 2784 ne
1223 2730 1276 2783 in
1327 2728 1506 2798 aliquo
1553 2729 1877 2791 deficerem,
1935 2739 1989 2784 et
2041 2730 2095 2784 in

512 2825 659 2881 omni
700 2825 841 2878 bono
880 2821 1232 2876 abundarem.
1282 2820 1347 2874 Et
1393 2821 1497 2874 hoc
1536 2830 1755 2890 propter
1790 2821 2097 2876 misericor—

514 2919 659 2973 diam
702 2913 915 2975 fecisti,
972 2921 1031 2967 ut
1085 2926 1181 2981 per
1229 2926 1317 2965 me
1366 2912 1622 2965 mundum
1676 2912 2098 2967 misericorditer

515 3006 779 3060 salvares.
829 3003 895 3056 Et
933 3012 1155 3073 preptcr
1183 3002 1494 3067 veritatem,
1537 3012 1597 3054 ut
1630 3016 1791 3056 verus
1844 3017 1994 3057 esses
2043 3003 2095 3057 in

513 3098 616 3153 lioc
652 3096 795 3167 quod
841 3094 1191 3163 promiseras,
1230 3091 1310 3147 vel
1350 3102 1569 3163 propter
1603 3093 1982 3159 veritatem,id
2012 3103 2097 3149 est

509 3189 798 3260 justitiam.
830 3184 1040 3241 Juslum
1071 3185 1217 3239 enim
1249 3192 1370 3239 erat
1392 3224 1407 3251 ,
1449 3195 1507 3239 ut
1539 3184 1850 3253 mejustum
1880 3200 2097 3255 semper

518 3281 843 3351 susciperes.
889 3276 1179 3347 Suscipere
1208 3276 1367 3339 dicit,
1398 3290 1428 3329 a
1458 3275 1812 3330 similitudine
1842 3276 2055 3346 patroni
2081 3314 2098 3340 ,

518 3374 609 3443 qui
638 3373 873 3443 aliquem
904 3368 1132 3438 suscipit
1159 3376 1217 3420 ut
1251 3366 1352 3421 sibi
1385 3368 1779 3435 patrociuctur.
1814 3365 2098 3434 Subjungit

518 3474 697 3520 autem
726 3476 922 3518 causas
966 3468 1025 3513 ut
1070 3459 1285 3514 facilius
1330 3459 1612 3528 impetret,
1645 3472 1815 3526 quare
1845 3472 1949 3512 non
2008 3458 2075 3513 de

514 3557 643 3610 beat
672 3555 826 3622 longe
854 3550 1035 3605 facere
1075 3548 1487 3616 miserationes,
1540 3548 1651 3601 sic:
1686 3548 1812 3603 dico
1857 3564 1921 3601 ne
1951 3547 2101 3617 longe

519 3643 688 3712 facias
710 3680 724 3705 ,
752 3648 808 3695 et
852 3652 1076 3692 necesse
1115 3646 1199 3691 est
1239 3653 1307 3691 ne
1337 3637 1439 3692 boc
1474 3636 1645 3693 facias
1666 3678 1681 3703 ,
1713 3638 1961 3708 quoniam
1995 3655 2098 3703 me,

518 3733 572 3786 id
616 3739 702 3785 est
738 3743 911 3790 meos.
944 3727 1417 3793 circumdederunt,
1456 3728 1508 3783 id
1534 3737 1620 3784 est
1657 3729 2102 3784 circumvallare-

519 3831 678 3886 runt,
724 3829 945 3891 propter
993 3830 1277 3889 peccatum
1323 3819 1453 3875 Ada':
1501 3819 1642 3874 mala
1694 3820 2098 3875 tribulationum

518 3916 887 3976 diversarum,
919 3927 1143 3980 quarunt
1191 3926 1293 3964 non
1337 3921 1412 3965 est
1443 3927 1688 3966 numerus
1730 3910 2005 3974 definitus,
2048 3911 2100 3966 id

520 4014 605 4059 est
657 4018 778 4073 quae
834 4016 940 4055 non
995 4008 1223 4071 possunt
1266 4001 1582 4064 numerari,
1627 4017 1657 4055 a
1704 4000 1901 4069 quibus
1946 4000 2101 4056 malis

520 4111 798 4166 nunquam
843 4092 1242 4156 liberarentur,
1300 4091 1343 4144 si
1391 4091 1547 4162 longe
1581 4092 1829 4157 faceres,
1877 4102 1933 4146 et
1982 4093 2101 4147 ideo

520 4186 699 4241 adhuc
727 4198 789 4236 ne
817 4180 967 4251 longe
996 4179 1185 4248 facias,
1216 4178 1341 4246 quia
1373 4180 1867 4248 comprehenderunt
1895 4197 1976 4233 me
2004 4181 2103 4234 ini-

515 4278 750 4349 quitates
791 4288 943 4337 mete,
986 4271 1038 4325 id
1068 4280 1153 4325 est
1195 4270 1600 4339 prazvaluerunt
1627 4270 1758 4324 meis
1788 4271 2101 4340 iniquitates

520 4384 666 4434 sum,
693 4376 747 4421 et
773 4366 1117 4426 devicerunt,
1148 4375 1202 4418 et
1236 4378 1330 4418 eos
1356 4371 1544 4433 captos
1586 4360 2035 4433 subjugaverunt.
2069 4380 2098 4418 a

2191 536 2347 606 tingit.
2371 538 2494 605 quia
2525 554 2617 591 cor
2642 556 2813 593 meum
2843 540 3113 611 dereliquit
3136 559 3238 607 me,
3265 543 3314 597 id
3338 553 3421 597 est
3450 545 3584 597 ratio
3610 545 3751 617 129

2189 630 2368 683 cordis
2409 645 2689 694 meorum,
2735 647 2855 701 qua:
2898 634 3139 703 perfecta
3187 644 3370 689 creata
3417 647 3502 691 est
3539 654 3569 691 a
3616 642 3749 704 Deo,

2190 721 2482 790 dereliquit
2507 737 2656 777 meos
2679 739 2746 778 ex
2777 725 3009 780 maxima
3041 737 3195 797 parte
3215 769 3231 797 ,
3264 729 3316 784 id
3345 740 3430 784 est
3456 730 3749 801 imperfecta

2189 817 2293 863 est.

2259 898 2561 955 Notandum
2594 916 2745 967 vero,
2774 905 2914 973 quod
2938 906 3078 961 sicut
3110 909 3251 963 ratio
3278 912 3330 963 in
3376 910 3547 964 Adam
3596 910 3751 979 perfe-

2190 1000 2273 1045 cta
2300 1001 2503 1059 creata,
2536 1008 2632 1063 per
2652 994 2772 1063 ejus
2792 1008 3067 1065 peccatmn
3100 999 3379 1055 debilitata
3421 1011 3536 1069 est,
3587 1004 3662 1058 sic
3705 1014 3752 1059 et

2190 1080 2244 1135 in
2276 1097 2599 1152 unoquoque
2645 1086 2845 1141 anima-
2878 1089 3117 1157 perfecte
3176 1093 3459 1147 rationalis
3510 1105 3751 1157 creatur,

2190 1188 2311 1241 qua:
2337 1183 2522 1242 postea
2548 1190 2644 1243 per
2674 1177 2843 1247 ipsius
2873 1182 3056 1236 carnis
3105 1183 3314 1237 vitiosa:
3354 1184 3442 1237 cui
3497 1185 3755 1254 conjungi-

2194 1276 2281 1320 tur
2302 1269 2731 1337 oppressionem,
2767 1271 3099 1326 debilitatur.
3132 1274 3249 1327 Dixi
3280 1276 3425 1345 quod
3482 1291 3628 1329 meos
3668 1278 3755 1328 cir-

2191 1359 2563 1414 cumdederunt
2589 1360 2753 1428 mala,
2800 1372 2855 1416 et
2884 1366 3382 1434 comprehenderunt
3426 1367 3714 1437 iniquitates
3740 1410 3752 1431 ,

2192 1459 2251 1504 ut
2284 1461 2543 1506 autemet
2570 1467 2600 1505 a
2630 1454 2805 1517 malis,
2840 1463 2895 1509 et
2946 1455 3015 1509 ab
3071 1457 3451 1526 iniquitatibus
3497 1468 3756 1512 eruantur.

2192 1540 2525 1612 Complaceat
2555 1543 2670 1609 tibi,
2700 1543 2943 1611 Domine,
3000 1556 3055 1598 ut
3087 1563 3242 1599 eruas
3297 1563 3399 1611 me,
3427 1562 3457 1599 a
3486 1556 3652 1599 morte
3685 1562 3758 1601 re-

2192 1634 2523 1690 suscitando.
2573 1634 2821 1705 Alioquin
2850 1638 2995 1691 enim
3027 1637 3128 1707 ipsi
3179 1653 3285 1692 non
3316 1646 3664 1699 emerentur;
3708 1647 3753 1690 et

2193 1736 2372 1798 utego
2401 1727 2597 1796 dignus
2622 1727 2723 1781 sim
2776 1728 2915 1782 erui.
2976 1728 3191 1798 Respice
3247 1728 3671 1783 misericorditer
3698 1728 3755 1779 ad

2191 1819 2553 1888 adjuvandum
2578 1835 2677 1887 me,
2712 1819 2777 1874 ad
2803 1821 2937 1875 bene
2964 1821 3318 1891 Operandum,
3342 1829 3398 1873 et
3423 1835 3489 1874 ne
3510 1820 3755 1874 deficiant.

2193 1910 2408 1980 Respice
2434 1911 2583 1974 dicit,
2610 1928 2638 1964 a
2670 1910 3025 1966 similitudine
3054 1911 3217 1979 illius,
3271 1911 3363 1981 qui
3417 1910 3569 1965 illum
3615 1926 3754 1979 quem

2190 2002 2447 2073 adjuvare
2468 2003 2604 2070 vult,
2633 2020 2775 2075 smpe
2814 2004 3057 2074 reSpicil,
3106 2004 3248 2074 quod
3298 2005 3505 2059 dicitur
3535 2018 3548 2057 :
3573 2003 3755 2072 Adjura

2193 2107 2280 2147 me
2306 2094 2372 2147 ad
2404 2094 2542 2148 bene
2570 2095 2928 2163 operantium.
2956 2095 3093 2150 Cum
3116 2096 3246 2150 dicit
3290 2095 3635 2166 complaceot,
3680 2095 3757 2148 dco

2192 2190 2350 2237 notat
2398 2182 2747 2237 Trinitatem.
2802 2182 2936 2239 Cum
2974 2193 3153 2239 autem
3209 2186 3344 2240 dicit
3394 2185 3513 2250 tibi,
3566 2186 3758 2238 denotat

2192 2272 2443 2328 essentia:
2468 2273 2757 2337 unitatem;
2792 2282 2846 2328 et
2876 2282 3159 2344 postquam
3184 2290 3269 2328 me
3295 2275 3529 2337 erueris,
3558 2273 3757 2339 confun-

2193 2366 2391 2421 dantur
2416 2366 2555 2420 bona
2585 2365 2923 2433 confusione,
2940 2376 2986 2420 et
3006 2378 3360 2430 revereuntur,
3380 2366 3435 2419 id
3457 2365 3757 2420 esttimcant

2194 2458 2281 2528 qui
2307 2466 2548 2526 quwrunt
2576 2457 2808 2509 animum
2837 2472 3029 2521 meam,
3056 2465 3110 2508 ut
3142 2456 3388 2525 auferant
3420 2472 3560 2519 eam,
3588 2470 3683 2507 non
3709 2464 3757 2505 ut

2196 2548 2476 2602 imitentur
2506 2564 2519 2600 :
2544 2556 2598 2601 et
2626 2562 2732 2601 non
2762 2547 2934 2601 solum
2960 2547 3053 2616 qui
3082 2555 3357 2616 quaarunt,
3384 2545 3487 2599 sed
3515 2554 3568 2599 et
3619 2543 3754 2598 simul

2197 2654 2320 2693 cum
2350 2637 2715 2708 quaerentibus
2735 2638 2824 2707 qui
2854 2637 3029 2691 volunt
3059 2637 3186 2690 mihi
3233 2634 3398 2700 mala,
3459 2643 3757 2689 convertan-

2203 2742 2292 2786 tur
2319 2732 2385 2786 de
2413 2730 2654 2800 nequitia
2686 2745 2805 2795 sua,
2834 2739 3119 2784 retrorsum
3145 2735 3265 2798 post
3305 2741 3393 2781 me
3449 2726 3757 2789 incedentes,

2198 2826 2253 2880 id
2283 2834 2366 2880 est
2397 2834 2455 2878 ut
2478 2825 2585 2879 sint
2613 2824 2716 2877 mei
2743 2837 3005 2893 sequaces
3041 2830 3089 2875 et
3118 2828 3476 2886 revereantur,
3530 2819 3578 2872 id
3606 2817 3758 2872 estti-

2198 2924 2415 2980 meant,
2447 2913 2531 2970 vel
2554 2915 2633 2969 sic
2662 2930 2675 2966 :
2700 2913 2873 2967 Simul
2899 2928 3020 2968 cum
3049 2911 3254 2974 lcetitia,
3303 2925 3470 2979 quam
3517 2909 3583 2963 de
3613 2916 3759 2962 morte

2199 3022 2317 3062 mea
2351 3008 2677 3071 habuerunt,
2701 3014 3036 3059 revereantur
3062 3004 3113 3058 in
3147 3001 3573 3065 resurrectione,
3626 3008 3676 3054 et
3695 2999 3758 3051 sic

2199 3106 2565 3151 convertantur
2588 3104 2893 3161 retrorsum,
2921 3101 3306 3163 praeposteram
3335 3091 3443 3145 hoc
3473 3091 3526 3145 in
3551 3090 3661 3144 loco
3682 3100 3759 3155 po-

2204 3188 2369 3242 nitur.
2402 3186 2551 3240 Multi
2578 3200 2705 3239 vero
2728 3184 2947 3240 fuerunt
2971 3183 3269 3237 voluntatis
3310 3181 3494 3245 make,
3547 3179 3634 3249 qui
3670 3192 3758 3231 non

2202 3280 2553 3348 qnarsierunt.
2587 3278 2654 3331 Et
2689 3276 2763 3331 illi
2814 3289 3029 3344 quoque
3076 3275 3167 3345 qui
3216 3272 3559 3328 simulatorie
3603 3270 3759 3322 dicunt

2199 3374 2328 3425 vti/ti
2353 3388 2371 3425 :
2390 3370 2536 3441 Euge
2561 3408 2577 3436 ,
2601 3385 2753 3439 euge,
2778 3365 3080 3422 simulando
3107 3380 3166 3421 se
3195 3365 3401 3419 amicos
3418 3379 3568 3419 meos
3614 3362 3762 3430 {erant

2202 3464 2513 3534 confestim,
2568 3462 2618 3516 id
2662 3469 2746 3516 est
2804 3459 3085 3514 indilatatc
3144 3466 3265 3528 post
3331 3454 3759 3512 resurrectionem

2205 3572 2404 3620 meam,
2432 3553 2792 3623 confusionem
2817 3567 2990 3613 suam,
3024 3550 3077 3604 id
3114 3558 3198 3604 est
3245 3549 3313 3603 ad
3353 3549 3442 3603 sui
3502 3547 3759 3602 utilitatem

2203 3648 2505 3703 credentes.
2541 3645 2683 3699 Bene
2730 3657 2858 3697 vero
2901 3640 3055 3711 ponit
3103 3640 3297 3710 ferant,
3347 3653 3379 3692 a
3432 3635 3762 3692 similitudine

2202 3742 2368 3809 illius,
2400 3741 2489 3810 qui
2523 3754 2687 3809 grave
2715 3752 2855 3792 onus
2887 3735 3013 3801 fert,
3046 3749 3077 3788 a
3122 3749 3230 3804 quo
3277 3732 3434 3787 valde
3477 3728 3762 3799 comprirni-

2204 3841 2311 3896 tur,
2335 3829 2477 3901 quod
2507 3828 2704 3883 dicitur
2736 3844 2750 3880 :
2775 3825 3216 3894 Comprimantur
3241 3839 3271 3877 a
3300 3821 3619 3877 confusione
3658 3833 3758 3879 sua,

2201 3932 2255 3977 et
2282 3923 2361 3977 sic
2385 3928 2776 3975 convertantur.
2807 3916 2874 3970 Et
2904 3917 3007 3971 hoc
3058 3923 3141 3970 est
3189 3929 3253 3968 ac
3302 3913 3346 3968 si
3388 3913 3597 3968 diceret
3622 3932 3634 3963 :
3660 3909 3758 3963 Non

2202 4011 2378 4067 solum
2405 4024 2503 4064 oro
2530 4023 2627 4077 pro
2648 4007 2771 4061 aliis
2793 4004 3096 4060 volentibus
3124 4014 3179 4060 et
3223 4002 3593 4074 qumrentibus
3620 3998 3757 4060 mala,

2203 4102 2293 4173 qui
2319 4117 2423 4155 non
2448 4109 2574 4155 sunt
2601 4099 2761 4155 amici
2792 4100 2896 4153 mei
2923 4096 3374 4164 simulatoriﬁsed
3394 4112 3497 4169 pro
3511 4093 3760 4152 simulato-

2205 4195 2321 4260 riis,
2352 4194 2420 4249 de
2468 4193 2664 4263 quibus
2698 4194 2875 4248 minus
2904 4192 3200 4247 videretur.

2272 4284 2579 4340 Notandum
2609 4293 2788 4337 autem
2814 4284 2958 4353 quod
2987 4299 3095 4338 non
3146 4298 3245 4353 pro
3270 4283 3547 4348 omnibus,
3574 4279 3659 4336 sed
3677 4292 3758 4349 pro

2205 4376 2482 4433 salvandis
2514 4384 2719 4431 tantum
2746 4385 2886 4440 orat,
2913 4377 3175 4433 inutiliter
3225 4378 3370 4432 enim
3420 4394 3522 4447 pro
3562 4376 3759 4445 perden-

516 4458 875 4515 siu‘iilitudine
918 4456 1097 4520 illius,
1140 4456 1231 4523 qui
1279 4454 1515 4524 aliquem
1557 4456 1694 4510 adeo
1739 4457 2095 4526 persequitur,

2206 4469 2287 4523 dis
2320 4476 2520 4523 oraret.
2549 4467 2677 4522 Dico
2702 4468 2845 4536 quod
2876 4467 3080 4522 inimici
3110 4468 3507 4537 confundantur
3553 4477 3599 4521 et
3638 4480 3757 4517 rm-

518 4552 664 4621 quod
694 4551 855 4604 ctiam
896 4548 1133 4603 devincit
1161 4559 1215 4601 et
1238 4547 1667 4617 comprehendit.
1703 4546 1853 4603 Unde
1874 4548 2101 4619 Aposto-

518 4642 628 4695 lus:
653 4640 851 4695 «Video
874 4641 1032 4695 aliam
1064 4640 1235 4708 legem
1267 4640 1318 4693 in
1339 4639 1595 4694 membris
1629 4640 1780 4705 meis,
1798 4655 2103 4712 repugnan-

522 4745 635 4787 tem
682 4732 780 4801 legi
826 4734 1023 4786 mentis
1071 4746 1232 4797 meae,
1260 4742 1316 4785 ct
1340 4732 1702 4801 captivantem
1737 4748 1822 4786 me
1849 4734 1899 4786 in
1929 4734 2098 4803 legem

522 4828 732 4897 peccati
759 4867 772 4891 ,
801 4842 920 4895 quae
942 4836 1022 4882 est
1049 4827 1101 4881 in
1132 4829 1387 4882 membris
1413 4826 1977 4897 meis(Rom.vu,23);
2000 4845 2017 4877 ι
2048 4834 2101 4881 et

516 4922 662 4975 adeo
704 4918 1197 4985 comprehenderunt
1230 4934 1398 4983 meos,
1440 4918 1583 4988 quod
1626 4934 1728 4973 non
1759 4920 1903 4989 parui
1929 4930 1982 4972 ut
2028 4920 2103 4973 vi-

518 5012 727 5075 derem,
774 5009 936 5062 idest
975 5024 1079 5061 non
1124 5008 1337 5065 fuerunt
1382 5020 1627 5079 potentes
1678 5020 1736 5065 ut
1775 5012 1910 5067 bene
1955 5012 2104 5067 vidc-

528 5112 682 5167 rent,
730 5099 972 5155 interiori
1009 5100 1216 5154 seiliret
1259 5103 1465 5156 visione
1505 5113 1929 5173 cognOSterent,
1973 5107 2100 5174 quid

518 5194 831 5250 iaciendum
868 5201 1044 5257 esset,
1075 5202 1129 5247 et
1159 5193 1286 5261 quid
1326 5210 1460 5259 non,
1502 5211 1621 5263 qua:
1655 5195 1963 5263 iniquitates
1998 5214 2101 5252 non

515 5296 653 5342 sunt
675 5301 878 5357 pauca).
923 5283 1029 5338 Sed
1070 5283 1427 5353 multiplicata:
1454 5295 1573 5339 sunt
1600 5302 1753 5354 super
1779 5286 1992 5349 capillos
2017 5307 2103 5343 ca-

522 5381 646 5451 pitis
675 5380 792 5442 mei,
823 5377 876 5432 id
916 5392 1001 5432 est
1041 5392 1316 5442 meorum,
1360 5378 1501 5445 quod
1545 5391 1628 5431 est
1668 5378 1874 5432 dicere:
1904 5379 2104 5436 Exces-

528 5479 713 5526 serunt
741 5469 1135 5524 numerositate
1167 5483 1260 5523 sua
1311 5467 1759 5538 multiplicitatem
1788 5471 2101 5539 capillorum

528 5578 794 5617 meorum.
855 5560 1117 5629 Qu0niatn
1172 5576 1301 5616 vero
1350 5560 1562 5639 dixerat
1610 5564 2101 5633 comprehenderunt

530 5667 681 5708 meos
712 5653 1015 5724 iniquitates
1045 5668 1191 5719 suae,
1235 5668 1302 5707 ne
1330 5652 1555 5722 quilibet
1581 5668 1675 5708 eos
1721 5669 1983 5709 excusare
2014 5671 2102 5709 vo-

528 5741 676 5807 lens,
714 5744 917 5801 diceret
952 5758 1047 5801 eos
1079 5745 1156 5800 sic
1204 5745 1407 5801 debiles
1453 5761 1481 5799 a
1534 5748 1641 5801 Deo
1685 5756 1897 5801 creatos
1947 5763 2101 5815 esse,

2204 4569 2437 4614 reantur.
2468 4559 2547 4612 Ex
2574 4558 2821 4628 opposito
2843 4566 3048 4621 autem,
3071 4574 3245 4612 omnes
3268 4569 3555 4628 quterentes
3577 4567 3622 4610 te
3640 4556 3757 4608 bona

2202 4651 2312 4705 vita
2328 4665 2445 4715 sua,
2460 4650 2667 4704 scilicet
2689 4648 2936 4718 discipuli
2964 4649 3091 4714 mei,
3113 4649 3437 4703 exsuttentur
3456 4660 3504 4703 et
3521 4648 3755 4703 latenter.

2204 4740 2638 4811 Prmposteratio.
2670 4737 2939 4793 Lwtentur
2968 4750 3022 4795 et
3051 4756 3155 4795 non
3200 4756 3413 4811 parum,
3467 4741 3563 4796 sed
3608 4736 3757 4793 exsul-

2204 4842 2327 4897 tent,
2356 4833 2408 4887 id
2434 4839 2516 4886 est
2543 4830 2697 4887 valde
2734 4830 3003 4899 Iretcntur,
3030 4846 3195 4901 super
3224 4842 3275 4887 te
3307 4832 3511 4886 fundati
3554 4846 3619 4885 ne
3661 4841 3759 4882 mo-

2203 4934 2451 4978 veantur.
2486 4922 2551 4976 Et
2580 4923 2680 4993 ipsi
2711 4933 3017 4991 quaerentes
3048 4932 3123 4975 te-
3143 4923 3234 4992 qui
3280 4922 3505 4991 diligunt
3550 4920 3757 4974 salutare

2204 5024 2375 5080 tuum,
2409 5015 2461 5068 id
2486 5023 2570 5068 est
2598 5029 2683 5067 me
2704 5013 2931 5083 ddigunt
2957 5029 3054 5083 per
3083 5028 3245 5083 quem
3305 5013 3560 5067 mundum
3600 5009 3753 5065 salva-

2205 5106 2310 5170 bis,
2342 5120 2446 5159 non
2467 5105 2588 5158 odio
2618 5104 2837 5166 habent.
2868 5112 2925 5157 ut
2957 5104 3103 5173 impii
3130 5102 3329 5169 Judmi,
3379 5104 3563 5158 dicant
3589 5100 3662 5153 vel
3687 5099 3755 5150 im

2207 5198 2374 5252 terius
2402 5196 2483 5252 vel
2514 5196 2753 5251 exterius
2778 5214 2791 5251 :
2819 5198 3181 5266 magni/icetnr
3201 5214 3401 5267 seraper
3424 5196 3683 5257 Dominus,
3711 5190 3752 5241 id

2206 5300 2288 5345 est
2312 5290 2642 5361 glorificetur
2678 5291 2853 5360 magis
2882 5299 2937 5344 et
2965 5290 3135 5359 magis
3185 5292 3236 5343 in
3284 5290 3630 5343 conversione
3673 5285 3752 5337 int-

2205 5384 2440 5453 piorum,
2470 5384 2557 5453 qui
2587 5383 2702 5453 jam
2746 5382 2796 5435 in
2851 5384 3252 5437 resurrectione
3304 5382 3625 5453 glorificatus
3661 5385 3748 5430 est.

2206 5473 2337 5528 Dico
2366 5487 2451 5527 me
2478 5487 2598 5527 esse
2618 5470 2875 5526 salutare.
2904 5470 3015 5540 Ego
3036 5482 3232 5534 autem,
3267 5471 3316 5525 id
3346 5481 3431 5526 est
3458 5472 3611 5524 etiam
3631 5482 3749 5517 nm:-

2204 5564 2353 5617 dicus
2374 5580 2489 5617 sum
2515 5574 2562 5617 et
2590 5580 2806 5633 pauper,
2831 5579 2863 5617 0
2891 5564 3190 5627 auditores,
3243 5564 3531 5619 secundum
3587 5561 3748 5613 buma-

2207 5654 2429 5708 nitatem
2462 5652 2686 5717 scilicet;
2716 5653 2859 5723 quod
2889 5663 2973 5707 est
2994 5654 3175 5707 dicere
3208 5672 3220 5707 :
3256 5653 3370 5709 Non
3400 5653 3563 5709 solum
3593 5650 3743 5723 salta:

2207 5757 2292 5801 tor
2309 5761 2447 5810 sum,
2481 5746 2572 5801 sed
2596 5747 2755 5800 etiam
2782 5757 2837 5801 ut
2869 5746 2947 5800 sic
2982 5763 3075 5802 vos
3117 5747 3343 5813 salvem,
3394 5761 3581 5819 pauper

3708 6118 3827 6280 \
