3862 6322
150 332 236 386 309
1073 335 1432 393 cxrosmo
1471 337 1535 391 lN
1571 337 1901 393 psscuos.
1940 367 2005 377 -
2041 300 2245 394 PSAL.
2280 341 2386 396 xc.
3260 356 3363 412 διο

152 444 307 506 idest,
338 439 664 498 insulilciens
694 448 792 514 Ope
821 462 907 503 me
937 447 1163 512 salvari;
1214 461 1263 504 et
1294 452 1583 514 mendicus,
1643 451 1692 504 id
1722 459 1767 513 Λ
1800 458 1977 503 autem
2010 460 2161 505 extra
2195 451 2388 507 librum
2431 461 2534 517 est,
2584 457 2677 510 sed
2723 473 2787 513 ex
2830 464 3072 530 sequenti
3119 468 3363 527 oratione

148 542 216 587 ρει
246 545 484 600 quarens
530 548 687 603 opem
715 536 974 603 anei-ius,
1023 539 1219 604 patris,
1253 542 1479 605 scilicet,
1530 542 1689 596 aliter
1788 538 2101 607 percipitur.
2131 540 2289 595 Dico:
2323 542 3017 615 liberabitetconservabit,
3046 563 3173 620 etc.,
3203 567 3256 613 et
3281 560 3351 613 ita

142 622 265 676 enim
288 635 387 674 non
416 621 782 681 salvaremini.
808 627 873 681 Et
907 630 1031 697 quia
1077 643 1162 684 me
1214 631 1491 687 humiliter
1533 647 1685 686 meu-
1786 627 1875 680 sil.
1913 626 2171 682 Dominus
2196 644 2452 686 conservet
2501 651 2619 688 eum
2639 647 2684 690 et
2708 637 2924 706 viviﬁret
2972 657 3129 696 eum:
3156 645 3362 717 Praepo-

145 715 295 767 dicum
318 722 370 767 et
412 728 704 784 pauperem
762 727 974 789 reputo,
1025 720 1279 775 Dominus
1320 721 1572 777 sollicitus
1611 734 1685 778 ρει
1785 725 1959 771 sterus
1984 718 2138 773 ordo.
2163 719 2416 775 Dominus
2445 724 2659 791 uiviﬁcet
2687 742 2803 779 eam
2828 727 3052 783 interius
3081 731 3131 783 in
3154 734 3356 800 anima,

144 804 243 867 inci,
283 803 329 856 id
358 811 458 869 est,
495 807 732 874 providit
762 810 891 864 mihi
946 819 1004 865 ttt
1034 820 1358 877 remaneret,
1386 824 1415 865 ει
1440 812 1689 866 similittt~
1787 809 2118 887 restituendo
2152 812 2380 867 virtutes
2420 828 2554 882 qttas
2581 830 2677 884 per
2702 816 2872 871 Adam
2906 820 3105 874 amisit.
3139 820 3205 875 Et
3241 825 3359 878 bea-

143 894 247 947 dine
281 893 508 961 patroni,
550 896 641 963 qui
680 896 821 951 illius
849 912 1008 966 quem
1057 914 1403 955 renumerare
1457 900 1685 957 intendit
1783 908 1890 951 tum
1913 899 2067 967 faciet
2089 916 2204 955 eum
2235 906 2287 956 in
2312 914 2470 968 terra,
2506 908 2646 975 quod
2683 918 2764 962 est
2795 909 3352 969 dicerezFaciatenm

139 983 363 1037 sollicitus
394 993 485 1037 est.
516 982 651 1039 Cum
696 996 874 1043 autem
927 1003 1011 1053 se,
1046 991 1137 1058 qui
1185 989 1527 1057 omnipotens
1576 1001 1678 1055 est,
1780 989 1916 1045 bene
1953 992 2217 1047 dominari
2256 1004 2309 1048 et
2363 998 2611 1053 excolere
2658 1008 2856 1054 terram
2887 1044 2902 1067 ,
2949 1004 3354 1061 sensualitatent

144 1072 410 1127 mendicum
436 1082 490 1128 et
512 1086 805 1145 pauperem
837 1077 987 1141 dicit,
1024 1094 1137 1133 sure
1169 1094 1265 1134 nos
1298 1079 1546 1149 exemplo
1582 1080 1683 1134 hu—
1780 1093 1953 1146 suam,
1976 1082 2181 1137 scilicet
2212 1093 2271 1138 ut
2297 1085 2431 1141 bene
2455 1089 2666 1144 exculta
2697 1093 2963 1158 germinet
2993 1094 3226 1150 fructum
3257 1098 3353 1151 bo-

138 1163 353 1219 ntilitatis
380 1164 620 1231 instruit,
652 1180 720 1221 ne
751 1167 802 1221 in
835 1168 992 1224 nobis
1018 1169 1383 1233 conﬁdamus,
1441 1171 1533 1225 sed
1580 1186 1679 1226 nos
1777 1182 1931 1233 num,
1961 1169 2114 1226 idest
2144 1187 2305 1242 opera
2335 1175 2493 1242 bona,
2542 1195 2646 1233 non
2672 1181 2906 1237 tribulos
2947 1194 3001 1238 et
3046 1185 3251 1255 spinas,
3299 1188 3351 1241 id

138 1252 382 1308 mendicos
403 1263 457 1310 et
496 1269 763 1325 pauperes
795 1266 1127 1327 reputemus,
1156 1267 1210 1313 et
1234 1259 1313 1313 sic
1352 1261 1564 1315 tandem
1595 1275 1679 1316 re-
1777 1269 1859 1315 est
1880 1272 2115 1330 peccata,
2145 1264 2283 1320 sicut
2313 1268 2484 1338 prius,
2520 1272 2662 1340 quod
2712 1252 3095 1343 prmsignatum
3140 1288 3222 1333 est
3252 1294 3349 1350 per

136 1361 461 1413 numeremur,
481 1348 623 1402 sicut
651 1348 765 1417 ipse
787 1358 1160 1405 remuneratus
1185 1360 1286 1405 est.
1310 1350 1442 1406 Orat
1465 1366 1677 1421 quoque
1774 1352 1967 1419 Adam,
1998 1355 2083 1409 cui
2129 1356 2332 1413 dictum
2370 1364 2465 1415 'est
2486 1377 2515 1415 a
2540 1362 2768 1419 Domino
2795 1384 2806 1419 :
2845 1385 2861 1418 ι
2892 1364 3059 1422 Terra
3113 1377 3201 1424 tua
3250 1348 3346 1425 tibi

134 1436 192 1490 de
225 1437 643 1491 remuneratione
698 1439 1130 1506 resurrectionis,
1175 1448 1233 1495 ut
1279 1451 1336 1494 et
1376 1456 1471 1495 nos
1516 1456 1678 1495 orare
1774 1446 2354 1512 germinabitlribulos
2385 1460 2438 1506 et
2460 1454 2646 1523 Spinas
2668 1455 2820 1528 (Cen.
2850 1474 2933 1523 tu,
2963 1460 3072 1529 l5).
3108 1481 3127 1511 ι
3184 1463 3249 1517 Et
3269 1463 3350 1519 sic

134 1528 357 1590 instruat,
386 1526 464 1581 sic
495 1543 509 1579 :
536 1525 580 1582 Ο
606 1526 746 1581 Deus
775 1543 939 1592 meus,
994 1528 1431 1597 quandoquidem
1479 1529 1675 1584 sollici-
1773 1545 2051 1603 postquam
2079 1537 2183 1590 erit
2228 1539 2365 1595 bene
2393 1542 2536 1595 culta
2563 1525 2728 1611 terra,
2776 1546 2979 1600 beatum
3022 1525 3177 1617 faciet
3206 1567 3344 1616 eum,

131 1628 262 1670 tuses
286 1618 398 1681 mei,
429 1625 484 1669 tu
506 1616 596 1686 qui
625 1632 678 1670 es
701 1617 938 1686 adjutor,
967 1618 1016 1672 id
1043 1626 1128 1672 est
1153 1627 1473 1687 cooperator
1498 1634 1671 1683 meus,
1772 1624 1934 1677 etiam
1966 1625 2017 1679 in
2050 1626 2150 1681 hoc
2178 1630 2378 1685 mundo
2403 1650 2415 1684 :
2446 1632 2501 1686 in
2523 1642 2683 1698 terra,
2719 1634 2770 1687 id
2792 1647 2875 1690 est
2904 1636 2955 1691 in
2990 1616 3142 1693 bouis
3164 1639 3349 1696 fructi-

130 1716 174 1757 ιιι
196 1721 473 1773 resurgam;
504 1716 560 1759 et
594 1716 871 1773 protector,
900 1722 967 1762 tte
996 1708 1046 1760 in
1078 1706 1511 1760 tribulationibus
1540 1705 1671 1760 deli-
1771 1714 1870 1769 bus
1892 1723 2049 1772 terra:
2070 1734 2197 1773 suze.
2228 1720 2291 1774 Et
2315 1731 2435 1791 post
2456 1734 2715 1778 conservet
2744 1742 2859 1779 eum
2909 1738 3343 1795 perseveranter,

124 1795 273 1858 ciam;
304 1808 366 1847 ne
404 1794 703 1848 tardaveris
737 1796 1187 1851 resurrectionem
1213 1810 1385 1849 meam
1411 1812 1581 1865 usque
1615 1797 1664 1849 in
1702 1807 1740 1864 Β
1771 1806 1822 1858 in
1855 1807 2210 1864 viviticniione
2233 1813 2447 1880 animm,
2472 1824 2525 1868 ei
2560 1814 2611 1868 in
2637 1794 2967 1871 beatitudine
2993 1827 3170 1875 ιρι-τω,
3202 1820 3269 1875 Et
3291 1823 3343 1875 in

124 1899 428 1938 communem
465 1887 942 1951 resitrrectionem,
977 1889 1073 1941 sed
1103 1895 1223 1957 post
1269 1897 1379 1941 tres
1425 1886 1541 1941 dies
1586 1902 1649 1941 re

1814 1914 1874 1953 oc
1905 1900 2062 1955 modo
2090 1902 2294 1958 scilicet
2320 1915 2598 1959 conseruet.
2651 1905 2774 1959 Non
2800 1908 2973 1962 tradat
3000 1926 3116 1964 cum
3145 1911 3199 1965 in
3221 1915 3339 1966 ani-

120 1976 313 2027 snscita.
353 1973 484 2029 Cum
534 1977 685 2045 ponit
728 1976 961 2046 adjutor,
1010 1978 1185 2032 innuit
1232 1991 1290 2031 se
1321 1977 1529 2031 meritis
1559 1979 1672 2031 suis
1772 2009 1931 2058 mam,
1964 1995 2013 2049 iii
2040 2006 2123 2050 ρει
2166 1998 2217 2051 iii
2250 1997 2583 2053 νοιυηιθιεηι
2632 2000 2965 2056 inimicorum
3008 2004 3147 2073 ejus,
3197 2006 3341 2075 quod

118 2065 307 2133 operari
342 2067 813 2130 resurrectionem.
871 2068 1205 2123 οειθιιίῑωιάο
1259 2069 1402 2139 quod
1447 2077 1502 2122 el
1549 2083 1668 2122 eam
1771 2084 2098 2140 estdicere:
2130 2086 2266 2141 Etsi
2309 2089 2487 2142 tradat
2518 2088 2571 2143 in
2614 2104 2823 2155 manus,
2855 2099 2915 2145 ut
2956 2092 3165 2161 possint
3216 2109 3341 2148 eum

122 2156 268 2225 8'3"“
292 2157 463 2210 diVim‘
488 2158 893 2229 εθοβετθὺίῑυνν
925 2168 985 2214 ιιι
1016 2169 1070 2214 ει
1110 2175 1210 2215 "05
1268 2161 1407 2216 bene
1460 2161 1668 2231 aKendo
1769 2172 2026 2241 amigere,
2069 2191 2174 2230 non
2206 2177 2385 2231 tradat
2415 2179 2606 2233 saltem
2636 2179 2687 2232 in
2720 2156 3071 2246 desiderium,
3105 2192 3165 2236 ιιι
3214 2198 3339 2239 eum

120 2247 319 2303 salutem
345 2258 582 2304 nostram
609 2252 822 2320 operari
856 2252 1206 2307 instruamur.
1764 2266 1972 2333 possint
1994 2267 2173 2338 aliquo
2204 2270 2359 2324 modo
2385 2286 2414 2324 a
2442 2271 2807 2327 viviﬁcatione
2849 2274 3065 2338 animae,
3091 2284 3147 2329 et
3170 2276 3339 2330 beati-

578 2356 642 2411 lN
689 2356 1017 2413 Ρδειωιωι
1058 2358 1170 2414 XL,
1767 2354 1949 2409 tudine
1993 2365 2150 2411 terrm
2200 2359 2500 2424 retrahere,
2545 2362 2685 2430 quod
2716 2371 2795 2416 est
2837 2378 2901 2417 ac
2952 2363 2995 2418 si
3034 2364 3177 2418 dicat
3205 2379 3219 2418 :
3245 2365 3338 2421 Sic

172 2444 363 2501 Titulus
388 2446 806 2518 quadragesimi.
838 2446 1040 2503 Psalm.
1068 2449 1260 2516 David,
1292 2450 1345 2505 id
1371 2459 1456 2508 est
1499 2450 1660 2506 Citri-

1811 2456 2065 2514 tnservet,
2097 2458 2284 2505 utnon
2313 2451 2520 2520 possint
2558 2466 2680 2507 eum
2721 2451 2923 2508 inimici
2958 2469 3235 2519 revocare,
3280 2466 3336 2511 et

114 2537 173 2589 sti
202 2538 523 2607 respicientis
544 2540 595 2591 in
624 2539 802 2607 ﬁnem,
830 2540 880 2594 id
908 2550 994 2596 est
1040 2542 1091 2595 in
1144 2542 1380 2597 futuram
1429 2543 1639 2597 beatitu-

1807 2536 1923 2590 Liam
1956 2535 2209 2593 Dominus
2230 2556 2374 2609 opem
2397 2539 2531 2609 [erat
2557 2541 2635 2595 illi
2659 2540 2713 2595 in
2736 2540 2941 2608 futuro,
2957 2545 3196 2601 cruendo
3210 2562 3332 2601 eum

115 2623 288 2691 dinem,
316 2641 433 2696 qua
482 2626 604 2682 [iiiis
631 2628 738 2681 erit
785 2631 1205 2700 εχερθρωιίοηεε
1235 2632 1533 2701 iusim-mn,
1576 2635 1657 2687 ναι
1761 2638 1790 2677 a
1822 2625 2149 2680 mortalitate
2174 2634 2228 2681 et
2254 2626 2624 2694 possibilitate.
2658 2627 2734 2683 llli
2759 2629 2880 2683 dico
2894 2630 3148 2684 existenti
3178 2647 3337 2701 super

115 2716 161 2770 in
185 2733 239 2773 se
262 2718 414 2773 ﬁnem
444 2720 740 2789 ρνοριιριίεε
765 2729 818 2774 ei
844 2720 994 2791 legis,
1042 2724 1133 2791 qui
1183 2728 1350 2778 enim,
1404 2725 1528 2784 [iiiis
1573 2736 1658 2782 ρει
1757 2715 1946 2769 lectum
1998 2715 2194 2771 doloris
2226 2717 2362 2787 ejus,
2414 2717 2464 2772 id
2499 2727 2584 2773 est
2608 2719 2908 2775 dominanti
2938 2722 3148 2790 corpori
3187 2738 3285 2777 suo
3314 2766 3329 2791 ,

115 2804 254 2859 tutius
276 2805 427 2875 130
455 2807 780 2862 sanctitatis.
814 2808 909 2863 Est
951 2826 1165 2880 quoque
1197 2812 1318 2866 linis
1371 2813 1437 2867 ad
1492 2833 1640 2887 qttetr

1807 2808 1896 2861 tod
1917 2815 2000 2861 est
2021 2806 2194 2862 lectus
2224 2809 2437 2874 anitum,
2477 2818 2533 2864 et
2553 2809 2723 2866 lectus
2754 2811 2977 2877 doloris,
3008 2813 3058 2866 in
3092 2827 3200 2882 quo
3231 2815 3332 2869 hu-

109 2895 447 2964 attingendum
473 2912 662 2953 omnes
691 2899 815 2954 boni
848 2900 1115 2956 nituntur.
1152 2903 1419 2970 Quoniam
1472 2918 1634 2965 auten

1805 2896 1984 2950 lSﬂlOdl
2012 2896 2226 2952 dolores
2254 2908 2501 2968 regnant.
2547 2900 2692 2956 Bene
2717 2918 2848 2957 vero
2889 2904 3111 2973 ponitur
3158 2905 3330 2961 lectus

110 3004 158 3044 se
178 2992 462 3047 mendicum
490 3001 546 3046 ει
595 3009 885 3064 pauperem
942 2996 1172 3062 dixem“,
1221 3014 1287 3054 ne
1335 3001 1653 3071 simpliciter
1753 2985 1972 3049 doloris,
2020 3002 2118 3057 per
2146 2988 2575 3045 similitudinem.
2616 2990 2768 3046 Sicut
2793 2995 2876 3048 cui
2909 2994 3079 3050 lectus
3129 2995 3329 3050 doloris

108 3079 373 3134 secundum
440 3080 832 3137 humanitatem
888 3086 1261 3142 consideratus
1315 3090 1633 3148 solummodt

1799 3079 1966 3144 icitur,
1994 3082 2048 3133 in
2070 3096 2177 3150 quo
2206 3080 2401 3151 aliquis
2426 3083 2671 3139 inﬁrmus
2692 3086 2876 3151 cubat,
2908 3102 3008 3142 nec
3041 3088 3092 3142 in
3122 3103 3186 3143 eo
3235 3103 3324 3144 reo

108 3170 353 3225 mendicus
380 3180 436 3225 et
464 3187 666 3243 pauper
690 3173 1098 3245 intelligeretur,
1152 3180 1395 3235 membra
1431 3184 1633 3238 instruit

1800 3169 2035 3225 nieseere
2068 3179 2262 3240 potest,
2291 3172 2370 3227 sic
2398 3182 2456 3227 et
2481 3188 2678 3243 corpus
2702 3174 2753 3228 in
2792 3190 2900 3245 quo
2942 3176 3121 3230 anima
3172 3176 3325 3231 inﬁr-

110 3266 161 3310 ttt
182 3257 317 3314 aliud
342 3261 397 3315 in
425 3276 485 3316 se
506 3276 673 3332 supra
699 3267 1001 3319 mendicum
1033 3277 1086 3322 et
1108 3281 1397 3338 pauperem
1452 3274 1635 3339 intelli-

1797 3270 1892 3313 tata
1921 3272 2121 3328 manet,
2155 3278 2254 3319 nec
2284 3264 2338 3318 in
2363 3278 2427 3319 eo
2461 3266 2805 3335 requiescere
2828 3277 3027 3336 potest,
3061 3271 3154 3323 sed
3184 3270 3322 3325 mul-

102 3359 231 3416 gm,
251 3351 413 3408 Deum
447 3354 653 3409 scilicci
683 3373 695 3407 ε
721 3358 862 3425 quod
900 3358 973 3413 iui
1004 3374 1108 3412 ηοη
1148 3359 1532 3419 “ueneni-imi
1555 3369 1645 3436 qui
1746 3351 1946 3406 timode
1965 3354 2265 3419 cruciatur,
2299 3355 2467 3410 lectus
2496 3356 2692 3410 doloris
2709 3358 2825 3428 ejus
2850 3359 3065 3414 dicitur.
3088 3361 3324 3433 Exponit

100 3455 205 3494 eum
235 3446 385 3499 morti
419 3445 701 3501 dederunt.
752 3449 996 3504 Ostendit
1046 3451 1209 3505 etiam
1242 3451 1508 3523 duplicem
1540 3460 1625 3514 uti-

1746 3451 1924 3497 autem
1956 3446 2227 3513 quomodo
2259 3446 2456 3501 factum
2489 3449 2558 3502 sit
2586 3464 2782 3518 corpus
2805 3449 2976 3506 lectus
3000 3452 3219 3508 doloris.

103 3528 282 3586 litatem
311 3548 403 3589 eos
426 3536 549 3590 inde
582 3538 894 3607 adepturos,
921 3541 1009 3595 hic
1036 3542 1245 3597 scilicet
1272 3552 1327 3599 et
1358 3546 1410 3600 in
1442 3547 1628 3604 futuro.

1816 3533 1905 3587 Sic
1933 3535 2139 3590 diceret
2169 3536 2366 3605 aliquis
2398 3555 2410 3589 :
2437 3536 2716 3603 Quomodo
2768 3539 2969 3595 factum
3007 3550 3092 3597 est
3121 3559 3319 3615 corpus

99 3618 442 3694 omiqimque
464 3641 561 3695 pro
603 3627 704 3691 eis,
754 3628 937 3684 dicens
979 3645 1038 3686 se
1084 3634 1336 3701 passione
1382 3650 1480 3691 sua
1529 3638 1643 3696 hinc
1742 3621 1913 3679 lectus
1965 3625 2203 3680 doloris?
2250 3627 2599 3697 Respondet:
2650 3629 2694 3685 Ο
2724 3631 2971 3697 Domine,
3014 3642 3067 3687 tu
3100 3637 3321 3690 versasti

97 3715 385 3779 promereri,
421 3726 478 3768 υι
505 3731 602 3783 pro
627 3717 708 3771 eis
736 3719 1073 3787 exaudiatur,
1127 3738 1290 3793 quam
1337 3727 1640 3793 passionem
1741 3716 2037 3769 universum
2066 3726 2290 3770 stratum
2314 3719 2451 3787 ejus,
2478 3718 2529 3773 id
2554 3729 2657 3784 est,
2686 3729 2738 3773 ιιι
2767 3728 3113 3779 commutasti
3146 3734 3317 3780 totum

98 3800 269 3863 partim
290 3803 543 3857 ostendit.
572 3805 704 3861 Orat
750 3808 971 3876 insuper
1014 3811 1079 3864 de
1127 3816 1545 3880 resurrectione,
1582 3834 1623 3874 u‘

1795 3817 1971 3861 ratum
1999 3807 2137 3876 ejus,
2168 3808 2217 3860 id
2262 3818 2366 3870 est,
2400 3813 2742 3867 conunutasti
2773 3812 2969 3868 lectum
3024 3816 3171 3871 illum
3221 3834 3317 3889 per

97 3888 161 3941 sic
184 3891 406 3946 inimicis
428 3895 570 3962 quod
596 3906 871 3952 merentur
894 3900 1178 3964 retribuat,
1209 3913 1264 3957 et
1286 3919 1381 3973 per
1395 3905 1499 3963 hoc
1513 3923 1622 3963 suo:

1787 3916 1927 3955 :nnes
1957 3909 2137 3969 partes
2160 3917 2305 3967 snas,
2337 3901 2538 3958 faciens
2570 3920 2691 3959 eum
2723 3905 2911 3961 lectum
2941 3908 3160 3978 doloris,
3190 3928 3312 3967 cum

95 3977 152 4031 ab
174 3993 350 4034 eorum
376 3982 753 4041 confortuitate
789 3987 1046 4044 deterret.
1092 3990 1336 4062 Dicitque
1386 4009 1445 4051 se
1470 4011 1636 4051 exau-
1736 4001 1879 4044 esset
1910 3990 2084 4045 lectus
2113 3992 2333 4058 quietis,
2386 3994 2437 4045 in
2470 4009 2578 4061 quo
2604 3995 2785 4048 anima
2830 3996 3161 4066 quiesceret,
3206 4003 3312 4057 nisi

96 4066 341 4134 diendam,
372 4086 494 4126 cum
527 4074 788 4131 innocens
816 4076 908 4149 sit,
933 4088 990 4132 ttt
1017 4089 1071 4133 et
1097 4095 1195 4136 nos
1223 4082 1266 4135 si
1317 4083 1621 4142 innocente:

1787 4084 1903 4135 dam
1955 4091 2229 4153 peccaret;
2282 4099 2311 4137 a
2342 4084 2693 4140 similitudine
2737 4087 2881 4153 lecti,
2927 4090 3041 4159 qui,
3090 4107 3213 4147 cum
3241 4096 3312 4147 sit

94 4160 452 4227 exstiterimus,
483 4165 847 4222 exaudiendos
874 4182 993 4224 esse
1018 4170 1225 4226 innuat.
1734 4169 1869 4225 bene
1896 4172 2246 4241 compositus,
2272 4173 2350 4229 sic
2380 4182 2435 4228 ut
2481 4176 2534 4228 itt
2585 4191 2649 4231 eo
2698 4179 2869 4246 possit
2918 4180 3114 4249 aliquis
3169 4184 3313 4239 bene

146 4246 324 4304 Beatus
353 4253 443 4320 qui
492 4255 726 4325 intelligit
754 4274 927 4327 super
974 4276 1186 4329 egenum
1234 4271 1283 4317 et
1333 4251 1630 4334 pauperem,

1780 4261 2029 4325 nicscere,
2057 4271 2323 4329 versatur,
2352 4272 2407 4317 et
2436 4264 2491 4317 lit
2518 4266 2926 4336 incompositus,
2956 4270 3134 4340 utjam
3158 4272 3209 4326 in
3238 4290 3305 4329 eo

88 4341 219 4405 quasi
247 4341 389 4395 dicat
418 4362 432 4396 :
460 4344 517 4399 In
548 4347 756 4415 psalmo
799 4350 1063 4417 superiori
1114 4367 1201 4406 me
1226 4355 1529 4410 mendicum
1579 4374 1609 4414 e

1779 4361 1962 4419 equeat
1990 4351 2143 4420 quies
2169 4351 2379 4405 haberi.
2411 4352 2646 4407 Stratum
2674 4357 2791 4409 dico
2813 4357 3046 4425 positum
3073 4361 3127 4414 in
3153 4361 3304 4431 inﬁr-

92 4444 351 4499 pattperem
378 4436 511 4490 dixi.
541 4437 768 4505 Quidam
793 4456 921 4496 vero
954 4452 1079 4497 sum,
1106 4445 1195 4513 qui
1232 4459 1317 4501 me
1369 4446 1629 4517 simplici-
1660 4503 1702 4518 ﬁ
1730 4444 1910 4497 mitate
1933 4443 2063 4511 ejus,
2090 4443 2232 4512 quod
2255 4453 2337 4497 est
2358 4444 2555 4509 dicere,
2583 4460 2686 4500 non
2713 4445 2907 4516 injuste
2933 4453 3170 4518 versastt',
3209 4455 3304 4509 sed

89 4526 154 4572 ter
175 4521 434 4579 hominem
458 4528 889 4598 considerando,
941 4532 1276 4590 solummodo
1320 4540 1614 4594 mendicum

1774 4534 1873 4589 talo
1902 4535 2094 4589 merito
2124 4533 2265 4602 ejus;
2295 4535 2418 4604 quia
2446 4535 2595 4605 prius
2626 4552 2683 4592 se
2704 4539 2880 4606 posuit
2902 4540 3299 4610 inin/imitate,

87 4617 129 4660 et
156 4625 432 4680 pauperem
466 4617 787 4689 intelligunt,
830 4620 997 4677 Judaei
1053 4624 1277 4693 scilicet,
1310 4629 1402 4682 sed
1433 4630 1623 4684 beatus
1727 4627 2171 4698 transgrediendo
2201 4637 2526 4701 praeceptum
2550 4637 2697 4683 tuutn
2727 4630 2778 4685 in
2809 4631 3016 4687 Adam:
3043 4634 3182 4691 hanc
3205 4652 3303 4692 au-

88 4698 266 4757 eritille
284 4704 375 4771 qui
399 4704 810 4777 intelligitaliud
839 4711 890 4765 in
922 4729 1025 4778 me,
1058 4716 1199 4783 quod
1228 4724 1311 4771 est
1330 4734 1484 4787 super
1506 4736 1623 4790 ege-
1727 4726 1831 4773 tem
1862 4721 2244 4791 apostropham
2272 4698 2404 4776 facit
2448 4698 2515 4776 ex
2570 4723 2723 4793 131
2774 4724 2940 4779 nimia
2990 4725 3296 4795 allectione,
3382 4744 3390 4751 '

88 4805 186 4844 ιιιιιιι
211 4805 256 4847 et
277 4814 578 4866 pauperem,
609 4801 866 4858 Deitatem
895 4806 1163 4869 videlicet,
1212 4823 1330 4878 quae
1376 4804 1621 4868 domina-
1723 4811 1875 4879 quasi
1907 4812 2050 4865 dicat
2078 4829 2090 4864 :
2121 4811 2223 4876 Tu,
2259 4811 2502 4879 Domine,
2529 4816 2617 4885 qui
2643 4815 2788 4880 juste
2814 4827 3036 4873 stratum
3059 4826 3293 4887 versasti,

86 4886 154 4929 tur
172 4880 509 4949 humanitati,
537 4903 658 4956 qnze
684 4891 925 4946 mendica
958 4903 1010 4948 et
1031 4911 1233 4965 pauper
1254 4907 1358 4951 est.
1418 4898 1617 4956 Osten-
1720 4912 1777 4956 et
1808 4911 1996 4971 potens
2023 4916 2083 4957 es
2113 4902 2355 4968 reﬁcere,
2387 4904 2683 4959 clementer
2709 4905 2889 4974 reﬁce,
2913 4924 2977 4963 ex
3009 4919 3181 4966 strato
3202 4915 3295 4968 do-

84 4967 326 5028 ditautem
358 4986 566 5044 partem
612 4980 978 5047 beatitudinis,
1027 5000 1148 5040 cum
1206 4989 1478 5059 subiungit
1506 5009 1520 5043 :
1550 4991 1616 5046 In
1719 4967 1847 5047 loris
1868 4991 2114 5047 faciendo
2140 4992 2335 5048 lectum
2368 4995 2584 5063 quietis.
2620 4995 2731 5067 Ego
2783 5000 2931 5054 oravi
2987 5019 2999 5054 :
3035 5000 3291 5057 Dominus

83 5056 294 5115 dictitata
320 5065 555 5119 liberabit
586 5086 702 5122 eam
732 5071 985 5128 Dominus
1016 5091 1045 5129 a
1078 5087 1247 5132 morte
1280 5056 1531 5148 perpetua
1562 5082 1615 5136 in
1719 5095 1999 5149 conservet,
2026 5094 2161 5151 etc.,
2194 5094 2251 5141 et
2274 5086 2352 5141 sic
2382 5088 2506 5153 erit,
2543 5104 2666 5142 nam
2698 5089 2800 5144 hoc
2830 5094 3130 5160 promeruit
3171 5109 3290 5148 ora-

81 5148 149 5245 die
173 5151 370 5221 iudicii,
398 5158 608 5213 scilicet
636 5176 754 5230 quae
780 5163 895 5219 dies
925 5166 1123 5220 dicitur
1147 5169 1309 5233 mala,
1361 5185 1426 5225 eo
1471 5174 1613 5242 quod
1718 5175 1794 5229 tio
1818 5190 1957 5230 mea.
1986 5175 2097 5246 Ego
2119 5148 2286 5243 enim,
2312 5178 2403 5249 qui
2435 5178 2660 5234 idoneus
2685 5194 2857 5245 eram,
2882 5190 2937 5235 et
2960 5181 3028 5236 ad
3058 5183 3161 5237 hoc
3190 5199 3285 5239 ve-

83 5236 122 5291 in
161 5244 306 5300 malis
346 5248 627 5304 damnatio
660 5252 941 5308 tribuetur.
979 5255 1131 5312 Unde
1181 5259 1438 5329 scriptum
1486 5271 1613 5318 est:
1716 5279 1927 5331 ueram,
1963 5276 2021 5319 ιιι
2058 5281 2155 5337 pro
2182 5267 2261 5323 eis
2295 5284 2531 5337 orarem,
2561 5270 2670 5325 dixi
2695 5270 2777 5325 vel
2800 5271 3026 5327 interius
3057 5272 3137 5328 vel
3188 5288 3283 5329 ex-

85 5328 229 5387 «Dies
251 5335 336 5389 illa
359 5337 477 5392 dies
502 5338 595 5419 ira!
647 5339 829 5411 (Sapit.
880 5361 917 5405 t,
965 5346 1074 5415 15),
1111 5366 1130 5398 ι
1186 5348 1510 5404 calamitatis
1559 5362 1613 5406 et
1717 5328 1921 5411 teriusi
1949 5328 2183 5425 Domine,
2205 5359 2445 5414 miserere
2461 5362 2577 5426 mei,
2598 5361 2649 5415 id
2667 5368 2750 5415 est
2776 5376 3039 5429 meorum,
3067 5364 3146 5418 sic
3172 5366 3279 5419 sci-

79 5419 293 5477 miserize.
323 5425 575 5481 Ostendit
604 5445 810 5501 quoque
834 5434 993 5489 aliam
1018 5446 1223 5505 partem
1241 5440 1606 5507 beatitudinis,
1712 5444 1839 5500 licet
1864 5447 2311 5504 miserere:Sana
2343 5452 2571 5504 animam
2602 5466 2789 5515 meam,
2820 5450 2871 5505 id
2901 5463 2983 5506 est
3009 5470 3277 5519 meorum,

78 5507 167 5563 sic:
192 5512 238 5566 in
261 5515 439 5571 futuro
468 5518 739 5589 lt'lterabt't;
764 5524 848 5577 hic
873 5534 1051 5580 autem
1076 5531 1420 5585 conservabit
1448 5541 1501 5587 et
1528 5535 1607 5587 vi-
1712 5548 1764 5592 et
1796 5539 1921 5593 inde
1946 5542 2183 5596 sananda
2219 5552 2322 5605 est,
2350 5543 2473 5613 quia
2501 5543 2747 5612 peccavit,
2781 5544 2831 5597 id
2861 5553 2942 5598 est
2969 5549 3277 5614 peccaverit

76 5606 296 5675 vilicabit,
326 5623 380 5667 et
400 5614 618 5667 beatum
644 5616 795 5683 faciet
818 5620 870 5673 in
900 5632 1061 5686 terra,
1090 5634 1134 5675 et
1159 5641 1260 5677 non
1292 5627 1465 5682 tradet
1487 5644 1603 5681 eum
1703 5629 1824 5697 tibi,
1850 5631 1901 5685 id
1934 5643 2016 5686 est
2049 5648 2077 5686 a
2116 5642 2167 5688 te
2195 5634 2308 5688 solo
2337 5650 2430 5703 per
2460 5633 2827 5706 remissionem
2841 5638 3111 5705 isanandi,
3154 5638 3275 5693 dico

76 5695 119 5747 in
142 5702 370 5767 animum,
406 5703 459 5755 id
488 5714 576 5757 est
625 5705 676 5758 in
708 5723 892 5766 manus
935 5714 1264 5769 inimicorum
1316 5718 1447 5785 ejus,
1500 5719 1601 5773 hoc
1705 5734 1856 5786 sana,
1886 5723 2027 5789 quod
2058 5722 2237 5777 facere
2267 5724 2427 5778 debes

315 5792 598 5852 Ρηιιοι..
646 5795 817 5859 CLII.

3000 5818 3079 5879 26
