3862 6322
90 327 166 386 8l3
950 308 1312 371 EXPOSITIO
1350 310 1415 367 IN
1455 307 1640 367 PSAL]

1742 306 1791 363 5.
1834 335 1903 347 -—
1931 305 2128 365 PSAL.
2169 301 2300 362 XLI.
3186 296 3292 366 δῖε

92 439 218 492 mlam
276 431 509 487 nominis
567 417 1081 499 interpretationem.
1143 426 1318 481 Chore
1378 435 1611 492 namque
1640 418 1840 489 Aquid
1888 433 2008 474 esse
2048 417 2266 474 videor?
2328 416 2438 473 lloc
2486 425 2664 474 autem
2703 433 2767 475 ex
2821 421 2988 478 nimio
3029 420 3293 480 desiderio

91 523 289 585 Calabria
319 524 708 593 interpretatur
735 537 748 574 :
783 518 1035 589 quoniam
1060 526 1237 572 autem
1276 518 1330 571 in
1355 516 1614 572 Calvaria:
1716 513 2103 585 interrogative
2130 514 2301 584 ponit.

92 605 451 675 loco'Dominus
477 622 661 667 noster
689 625 878 680 passus
919 618 1022 674 est,
1061 608 1148 662 hic
1187 622 1284 677 pro
1332 605 1448 674 ejus
1485 619 1612 674 pas-
1788 601 2063 670 Qua-reret
2085 602 2279 673 aliquis
2301 619 2313 657 :
2336 602 2513 670 Quare
2540 604 2673 659 adeo
2702 604 2889 661 venire
2914 606 3191 678 suspiras?
3212 609 3295 663 Ad

92 712 207 762 sione
245 703 416 759 Chore
450 703 693 772 ponitur.
736 700 1037 756 Notandum
1082 712 1212 754 vero
1252 698 1447 752 melius
1491 710 1613 750 eum
1717 696 1821 751 hoc
1842 711 1971 765 ergo
1996 695 2075 751 sic
2098 695 2385 765 respondet
2416 693 2577 749 :ldeo
2604 697 2816 767 διιερίτο
2838 698 3088 764 dicendo,
3116 714 3291 768 quan-

18 812 23 821 '
92 802 229 857 Cltore
255 794 415 866 (quod
442 794 748 849 Calvariam
771 793 949 861 sonat)
972 799 1193 861 propter
1213 789 1616 845 similitudinem
1719 786 1788 841 do
1819 786 2033 840 veniam
2076 794 2133 839 et
2176 787 2465 856 apparebo,
2500 787 2628 857 quia
2654 788 2705 842 in
2743 788 3185 845 tribulationibus
3208 807 3297 860 po-

91 889 309 963 posuisse,
338 902 499 957 quam
528 887 584 963 psi
632 880 895 956 Golgotha
928 884 1217 953 posuisset,
1267 882 1408 952 quod
1453 881 1616 937 etiam
1718 877 1822 930 sita
1851 890 1994 942 sum,
2024 892 2054 930 a
2087 876 2283 946 quibus
2321 877 2436 932 erui
2462 876 2675 931 vellem.
2722 876 2959 933 Fuerunt
2988 879 3136 934 enim
3169 878 3297 933 mihi

94 991 281 1038 nn‘omen
302 987 383 1034 est
404 979 504 1041 loci
533 979 586 1032 in
608 993 715 1049 quo
742 977 989 1032 Christus
1014 990 1206 1045 passus
1234 983 1355 1030 est:
1387 974 1512 1043 quia
1542 972 1616 1026 si-
1719 979 1774 1023 et
1813 976 1937 1023 sunt
1966 969 2234 1039 lacrymw,
2280 969 2332 1023 id
2372 976 2456 1023 est
2498 969 2752 1036 miseriae,
2809 986 2928 1041 qua:
2962 981 3091 1027 sunt
3119 987 3298 1028 causa:

92 1086 162 1132 cut
198 1071 360 1127 Chore
387 1080 877 1139 contemporaneus
911 1068 1076 1121 David
1110 1067 1248 1121 ﬁlios
1277 1066 1466 1120 habuit
1493 1079 1618 1120 ear-
1718 1057 2295 1129 lacrymarum,panes,
2324 1059 2378 1114 id
2407 1068 2492 1114 est
2524 1060 2756 1116 assiduae
2784 1061 2851 1116 ad
2874 1069 3091 1133 modum
3120 1064 3295 1134 panis,

92 1164 222 1230 nales,
244 1165 318 1219 sic
350 1172 402 1219 et
431 1162 704 1227 Christus,
732 1163 885 1233 cujus
920 1161 1099 1231 passio
1122 1175 1218 1231 per
1246 1174 1444 1215 nomen
1474 1158 1620 1215 Cho-
1720 1150 1811 1218 ψιί
1848 1150 2002 1205 Cibus
2032 1151 2284 1205 aSSidWS
2317 1159 2373 1205 ει
2417 1152 2763 1220 (ἰυοιῖάίίιηυε
2805 1162 2907 1208 θει-
2943 1153 3177 1224 Ειροηίῑ
3207 1171 3302 1211 διι-

92 1269 140 1311 re
158 1254 416 1322 accipitur,
445 1254 587 1310 ﬁlios
632 1254 795 1309 habet
838 1252 1166 1324 spirituales,
1211 1252 1302 1321 qui
1352 1250 1621 1321 passionis

1742 1252 1828 1292 em
1859 1239 1911 1292 in
1960 1253 2064 1308 qua
2111 1239 2506 1310 signiﬁcatione
2538 1249 2706 1310 ponat
2743 1256 2931 1311 panes,
2968 1257 3089 1297 cum
3127 1244 3298 1309 addit,

90 1358 133 1403 et
154 1349 382 1403 bontttms
396 1343 534 1413 ejus,
581 1346 635 1399 in
678 1352 938 1414 quantum
968 1344 1048 1398 eis
1079 1342 1333 1413 possibile
1370 1353 1474 1408 est,
1503 1341 1620 1396 exi-

1742 1328 1806 1382 lie
1845 1345 1907 1382 ac
1936 1339 2102 1394 nocte,
2149 1330 2357 1385 scilicet
2394 1333 2635 1399 fuerunt,
2668 1332 2721 1388 id
2751 1342 2835 1388 est
2859 1334 3073 1389 assidue
3106 1352 3120 1389 :
3149 1336 3301 1400 dum,

98 1448 208 1492 :tnnt
234 1438 546 1491 imitatores.
573 1436 872 1505 Exponitur
892 1444 1070 1489 autem
1102 1435 1183 1489 sic
1208 1435 1395 1490 titulus
1434 1449 1622 1505 supra-

88 1528 279 1597 positus.
307 1524 353 1577 F
356 1526 461 1579 iliis
507 1524 696 1592 Cliore,
731 1526 785 1580 id
832 1534 917 1580 est
960 1525 1322 1580 imitatoribus
1356 1505 1654 1595 passionis.

88 1618 252 1672 Christi
278 1618 617 1672 tendentibus
642 1617 697 1670 in
723 1617 905 1685 ﬁnem,
930 1616 981 1671 id
1010 1624 1095 1671 est
1124 1617 1175 1670 in
1225 1631 1495 1671 summum
1524 1617 1621 1671 bo-

89 1724 206 1762 num.
230 1707 328 1761 Per
350 1708 453 1763 hoc
482 1708 624 1777 quod
663 1716 789 1762 sunt
833 1708 925 1762 ﬁlii
953 1707 1149 1774 Chore,
1180 1708 1489 1764 intellectus
1535 1716 1622 1763 at-

1724 1421 1775 1476 id
1802 1429 1883 1477 est
1911 1422 2344 1493 quandoquidem
2380 1424 2578 1478 dicitur
2604 1425 2734 1480 mihi
2772 1427 2839 1483 ab
2873 1426 3109 1483 inimicis
3130 1431 3304 1499 quoli-

1723 1512 1827 1579 die,
1853 1513 1905 1567 id
1936 1522 2018 1567 est
2053 1512 2277 1583 jngitcr.
2308 1523 2363 1569 et
2394 1516 2577 1571 verbis
2623 1527 2678 1572 et
2712 1517 2842 1587 ipsis
2870 1518 3306 1575 tribulationibus

1723 1616 1859 1671 quas
1890 1601 2127 1657 inferunt
2159 1616 2174 1656 :
2204 1600 2304 1657 Ubi
2331 1613 2403 1657 est
2429 1602 2569 1659 Deus
2607 1616 2752 1671 tuus,
2780 1608 2872 1677 qui
2902 1616 2953 1663 te
2978 1623 3085 1664 non
3114 1608 3309 1665 liberat

1726 1707 1754 1744 a
1783 1693 2032 1749 manibus
2062 1695 2303 1750 nostris?
2332 1694 2632 1767 Nusquam.
2661 1698 2759 1754 Vel
2787 1699 2869 1755 sic
2890 1714 2903 1753 :
2926 1698 3026 1756 Ubi
3054 1711 3138 1756 est
3165 1702 3308 1757 Deus

91 1799 365 1854 tribuendus
386 1808 490 1863 cst,
521 1798 571 1851 id
595 1806 677 1853 est
702 1798 916 1854 dicendi
946 1808 1069 1853 sunt
1095 1799 1232 1854 bene
1267 1798 1623 1869 intelligentes

1742 1797 1868 1847 .uns,
1894 1798 2053 1853 quem
2085 1784 2253 1855 digito
2275 1786 2467 1856 nequis
2496 1788 2804 1856 ostendere,
2836 1790 2977 1845 sicut
3002 1804 3102 1846 nos
3138 1791 3306 1848 solem

88 1906 187 1946 cum
216 1904 269 1945 se
295 1904 388 1960 per
409 1888 615 1944 Christi
638 1889 907 1959 passionis
933 1890 1287 1946 imitationem
1325 1890 1625 1961 intelligant

90 1983 131 2035 in
155 1982 295 2036 ﬁnem
322 1982 386 2036 ad
417 1997 577 2051 quem
606 1982 831 2036 tendunt
856 1992 1228 2052 perventuros.
1260 1981 1627 2038 lntroducitur

90 2074 130 2125 in
169 2073 259 2127 hoc
294 2072 500 2141 psalmo
530 2087 636 2128 vox
678 2071 933 2127 Ecclesiae
963 2081 1286 2142 martyrum,
1318 2073 1371 2126 in
1406 2070 1629 2127 tribula-

89 2162 291 2217 tionibus
333 2163 619 2231 depressae,
643 2169 697 2216 et
724 2160 1072 2231 intelligentis
1098 2176 1156 2216 se
1201 2176 1297 2230 per
1327 2161 1627 2215 tribulatio-

90 2267 164 2305 nes
188 2250 296 2305 illas
341 2252 409 2304 ad
459 2250 621 2305 linem
661 2260 1064 2322 perventuram,
1108 2250 1175 2305 ad
1221 2266 1382 2320 quem
1434 2252 1486 2304 in
1528 2252 1630 2306 hoc

89 2342 262 2410 psalmo
300 2342 455 2397 valde
491 2343 750 2412 suspirat,
780 2342 934 2413 cujus
976 2356 1190 2411 quoque
1233 2341 1354 2397 ﬁnis
1384 2342 1629 2398 contuitu

88 2449 135 2488 se
156 2434 212 2489 de
257 2433 689 2491 tribulationibus
723 2433 837 2491 suis
884 2432 1199 2489 consolatur
1223 2472 1239 2499 ,
1290 2433 1434 2488 unde
1463 2433 1629 2488 etiam

88 2532 327 2579 maturam
355 2540 414 2581 se
441 2525 593 2580 dicit.

142 2616 578 2681 Quemadmodum
597 2617 859 2673 desiderat
878 2634 1058 2673 cervus
1085 2617 1155 2673 ad
1181 2617 1346 2680 fontes
1374 2631 1633 2687 aquarum

86 2708 357 2776 pervenire,
368 2716 489 2779 post
500 2710 965 2780 consumptionem
979 2709 1273 2779 serpentis;
1292 2708 1365 2761 ita
1375 2707 1635 2762 desiderat

86 2800 236 2853 anima
259 2817 372 2856 mea
388 2794 457 2855 ad
476 2812 544 2867 te,
563 2802 728 2868 Deus,
749 2802 1050 2872 pervenire,
1072 2809 1357 2872 postquam
1372 2800 1484 2871 jam
1505 2800 1635 2855 vitia

87 2886 127 2940 in
161 2904 237 2943 me
278 2892 587 2961 consumpsi
618 2899 674 2947 et
702 2892 967 2947 destruxi.
1003 2892 1143 2947 Ecce
1177 2892 1264 2947 hic
1292 2892 1529 2963 suspirat
1568 2892 1637 2946 ad

86 2993 328 3035 summum
364 2982 566 3037 bonum
610 2984 917 3053 tendendo;
964 2985 1103 3040 bene
1151 3000 1282 3040 vero
1324 2984 1479 3055 ponit
1525 2998 1632 3038 non

85 3085 227 3139 aquas
254 3073 595 3142 simpliciter,
621 3076 714 3130 sed
741 3075 910 3144 fontes
960 3092 1242 3141 aauarum,
1272 3075 1415 3144 quod
1446 3082 1530 3130 est
1556 3074 1639 3130 di-

1725 1882 1779 1927 et
1808 1873 2017 1941 lunam,
2045 1887 2099 1932 et
2141 1886 2370 1934 caeteros
2396 1880 2527 1935 deos
2551 1895 2688 1950 quos
2717 1881 2984 1940 colimus?
3010 1883 3307 1955 Nusquam.

1726 1964 1856 2020 Dico
1893 1969 2035 2037 quod
2079 1968 2299 2025 fuerunt
2326 1972 2460 2026 mihi
2507 1972 2779 2045 laetymte.
2814 1974 2880 2029 Et
2926 1976 3053 2046 quia
3085 1978 3307 2033 dicunt:

1730 2052 1830 2112 Ubi
1874 2067 1959 2113 est
1989 2059 2133 2116 Deus
2184 2062 2342 2117 tuus?
2388 2061 2514 2119 Haec
2548 2070 2750 2131 tamen,
2799 2065 2849 2119 id
2889 2075 2974 2121 est
3019 2066 3310 2139 lacrymas,
3376 2138 3377 2141 η

1728 2156 1783 2203 et
1829 2147 1932 2205 hoc
1958 2151 2102 2220 quod
2137 2152 2336 2208 dicitur
2369 2154 2471 2210 Ubi
2501 2164 2587 2211 est
2623 2156 2766 2212 Deus
2793 2158 2951 2213 tuus?
2986 2158 3314 2214 Recordatus

1729 2254 1865 2304 sum,
1894 2241 1947 2295 id
1972 2251 2055 2297 est
2078 2258 2222 2314 saepe
2243 2246 2605 2302 consideravi.
2624 2245 2694 2301 Et
2718 2248 2840 2304 ideo
2861 2250 3025 2319 eﬁ'udi
3047 2253 3314 2308 animam:

1728 2340 1785 2386 et
1814 2346 1921 2387 non
1948 2344 2102 2389 extra
2137 2349 2250 2403 me;
2295 2336 2390 2393 sed
2422 2338 2476 2392 in
2513 2352 2600 2393 me
2621 2337 2832 2403 diﬂ'udi.
2866 2341 2920 2396 id
2964 2350 3049 2397 est
3088 2342 3314 2399 dilatavi

1732 2421 1969 2477 animam
2010 2440 2188 2480 meam
2234 2426 2285 2481 in
2318 2426 2525 2483 laetitia.
2554 2426 2709 2484 Unde
2737 2429 3069 2500 Augustinus
3097 2446 3113 2486 :
3146 2450 3165 2484 ι
3203 2432 3320 2487 ιω-

1646 2584 1651 2587 _
1731 2513 1875 2581 titia,
1917 2514 2085 2572 animi
2136 2516 2371 2574 diffusio.
2428 2512 2713 2584 Tristitia,
2766 2523 2934 2577 animi
2990 2527 3317 2582 contractio.

1732 2603 2030 2676 Cupiditas,
2073 2608 2237 2664 animi
2276 2611 2602 2681 progressio.
2648 2611 2857 2674 Timor.
2898 2616 3065 2672 animi
3106 2616 3250 2689 fuga.
3292 2639 3311 2673 ι

1737 2697 1807 2753 Ει
1850 2700 1974 2756 ideo
2004 2699 2166 2783 ell‘udi
2207 2702 2464 2768 animam,
2498 2704 2747 2776 quoniam
2781 2720 2879 2776 per
2920 2708 3035 2764 haec
3071 2725 3193 2781 quae
3224 2727 3321 2781 pa-

1738 2792 1939 2849 tienter
1989 2793 2125 2861 fero,
2158 2797 2390 2851 transibo
2432 2798 2499 2853 de
2525 2796 2630 2854 hac
2657 2802 2903 2857 convalle
2932 2802 3319 2876 lacrymarum.

1736 2902 1898 2957 usque
1924 2888 1993 2942 ad
2024 2888 2238 2943 domum
2267 2887 2386 2955 Dei,
2410 2890 2620 2947 scilicet
2645 2892 2986 2951 Hierusalem
3016 2895 3318 2961 cmlcstem,

1738 2993 1859 3049 quae
1899 2993 2007 3035 non
2047 2990 2133 3035 est
2162 2980 2475 3035 transitoria
2507 2990 2568 3036 ut
2594 2982 3002 3039 tabernaculum
3036 3002 3049 3039 :
3081 2986 3174 3041 sed
3199 3001 3322 3056 per-

1740 3082 1965 3125 manens
2008 3071 2078 3125 ad
2121 3070 2337 3126 modum
2374 3071 2566 3127 domus
2599 3072 2707 3129 :de
2747 3089 2852 3144 qua
2876 3076 3156 3145 apostolus
3183 3075 3323 3131 Pau-

84 3133 223 3217 cere:
247 3164 331 3220 Ad
357 3133 530 3236 aquas
573 3133 989 3234 itidefectihiles,
1017 3181 1139 3238 quae
1181 3133 1395 3238 semper
1440 3165 1637 3231 ﬂuunt,
1664 3133 1711 3196 Ο
1741 3160 1825 3216 lus
1873 3162 1941 3218 ad
1979 3161 2291 3219 Corinthios
2321 3177 2337 3218 :
2379 3183 2398 3216 ι
2434 3133 2871 3222 Ediﬁeationem
2907 3133 2974 3223 ex
3000 3168 3114 3223 Deo
3153 3168 3322 3224 habe-

88 3253 221 3325 133
260 3265 317 3311 et
362 3273 638 3328 nunquam
682 3260 1047 3315 exsiccantur.
1094 3259 1299 3315 Cervus
1336 3259 1480 3313 enim
1523 3273 1641 3314 ser-

84 3355 220 3413 pente
258 3347 543 3414 devorato,
595 3351 663 3404 ad
710 3349 910 3406 fontem
953 3351 1157 3416 vivum,
1202 3351 1288 3406 cui
1326 3365 1464 3421 aqua
1494 3350 1642 3406 nullo

85 3445 300 3506 tempore
330 3440 542 3505 deﬁcit,
597 3442 762 3496 nimio
802 3443 994 3497 ardore
1024 3451 1329 3497 exaestuans
1364 3452 1639 3512 properat,

84 3526 280 3594 ejusque
308 3533 723 3602 refrigeratione
751 3542 804 3589 et
834 3533 1105 3603 potatione
1138 3532 1352 3603 juvenis
1378 3532 1638 3603 elﬁciturj;

84 3619 148 3672 sic
174 3632 227 3674 et
254 3621 429 3677 ﬁdelis
459 3624 690 3692 quisque
727 3638 935 3678 veneno
980 3623 1236 3677 vitiorum
1276 3624 1329 3677 in
1366 3638 1425 3679 se
1454 3624 1643 3679 absor-

83 3718 175 3776 pto,
200 3712 265 3765 ad
292 3713 499 3769 fontem
540 3716 662 3770 vita:
692 3716 1048 3771 indelicientis
1073 3714 1349 3770 Christum
1379 3716 1642 3770 bonorum

80 3816 282 3869 operum
336 3822 527 3873 cursu,
579 3818 634 3863 et
679 3808 937 3878 patientia
986 3802 1389 3863 tribulationum
1429 3808 1645 3864 assidu

83 3896 272 3962 tendit;
311 3899 380 3953 ad
412 3915 576 3968 quem
600 3916 723 3956 cum
754 3900 936 3955 carnis
957 3908 1225 3954 vetustate
1254 3898 1493 3968 deposita
1520 3913 1645 3968 per-

79 3989 287 4053 venerit,
326 3990 585 4046 inetfabili
605 3992 888 4063 juventute
912 4006 1007 4059 per
1031 3990 1200 4060 ipsius
1232 3988 1397 4044 fontis
1424 3988 1646 4060 refrige-

80 4076 200 4129 rium
231 4089 284 4132 et
316 4080 737 4137 inebriationem
775 4081 1144 4136 renovabitur.
1179 4078 1331 4134 Unde
1360 4079 1413 4133 in
1439 4080 1648 4148 Apoca-

80 4164 195 4235 lypsi
223 4187 237 4221 :
269 4188 289 4221 ι
334 4170 479 4226 Ecce
537 4186 675 4226 nova
715 4172 856 4226 facio
895 4171 1075 4226 omnia
1108 4171 1292 4241 (Apoc.
1340 4186 1460 4236 xxi,
1488 4170 1584 4241 5):
1620 4188 1641 4223 ι

78 4260 310 4316 Ostendit
359 4273 544 4319 autem
587 4273 808 4334 propter
850 4263 978 4332 quid
1027 4264 1094 4317 ad
1146 4262 1313 4317 Deum
1362 4262 1649 4331 pervenire

77 4347 352 4419 desideret,
401 4354 784 4423 apostropham
822 4353 887 4408 ad
913 4353 1187 4409 auditores
1214 4352 1482 4417 faciendo,
1510 4362 1569 4407 ut
1592 4361 1649 4407 et.

1740 3268 1862 3309 mus
1909 3253 2128 3309 domum
2173 3254 2291 3320 Dei,
2356 3270 2463 3311 non
2516 3255 2902 3325 manufaetam,
2956 3268 3217 3314 aeternam
3266 3258 3321 3312 in

1740 3344 1895 3400 caelis
1921 3343 2008 3415 (II
2040 3343 2165 3401 Cor.
2194 3360 2251 3411 ν,
2273 3348 2349 3418 1).
2382 3365 2400 3399 ι
2435 3347 2565 3403 Dico
2593 3349 2736 3418 quod
2782 3349 3027 3406 transibo
3062 3364 3234 3420 usque
3257 3351 3325 3404 ad

1742 3433 1961 3489 domum
1996 3435 2089 3491 Dei
2123 3436 2274 3508 :Ego
2309 3438 2432 3493 dico
2457 3439 2550 3507 qui
2583 3440 2810 3495 transivi
2852 3440 2907 3494 in
2939 3441 3132 3504 locum,
3166 3441 3216 3497 id
3243 3451 3327 3497 est

1743 3523 1797 3579 in
1823 3527 2278 3598 Opportunitatetn
2311 3529 2636 3584 tabernaculi
2677 3530 3035 3599 admirabilis,
3071 3532 3328 3589 Ecclesia:

1744 3619 1974 3683 scilicet,
2016 3635 2138 3690 qua:
2187 3631 2271 3676 est
2315 3620 2411 3677 Dei
2454 3622 2860 3677 tabernaculum
2896 3621 3239 3691 admirabile,
3274 3625 3327 3679 in

1744 3726 1852 3781 quo
1905 3712 2017 3769 Deo
2069 3728 2100 3768 a
2145 3712 2392 3769 ﬁdelibus
2436 3713 2719 3769 militatur.
2765 3714 2918 3781 Quod
2958 3724 3043 3772 est
3099 3717 3282 3774 dicere
3312 3734 3327 3749 ·

1747 3802 1998 3857 Transivi
2027 3804 2095 3858 ab
2125 3803 2431 3859 idololatria
2458 3812 2513 3858 ct
2558 3806 2792 3875 appetitu
2832 3806 3229 3861 mundanorum
3262 3810 3331 3862 ad

1747 3894 1852 3950 hoc
1894 3902 1953 3949 ut
1989 3895 2091 3950 sim
2141 3895 2281 3950 ﬁlius
2312 3895 2591 3963 Ecclesiae,
2631 3911 2728 3967 per
2754 3912 2915 3967 quam
2943 3899 3225 3955 deveniam
3263 3901 3333 3957 ad

1746 3986 1968 4043 domum
2014 3988 2130 4043 Dei.
2162 3986 2309 4045 Bene
2338 3988 2556 4058 quidem
2583 3990 2757 4059 ponit,
2792 3990 2845 4045 in
2873 3984 3048 4048 locum
3086 3994 3334 4047 taberna-

1747 4080 1879 4146 culi,
1906 4080 1960 4135 id
1984 4090 2069 4135 est
2105 4081 2159 4135 in
2200 4080 2693 4151 opportunitatem.
2736 4082 2888 4147 Quod
2917 4092 3003 4138 est
3030 4083 3247 4139 dicere:
3275 4083 3329 4137 in

1747 4181 2112 4243 opportunum
2143 4171 2549 4227 tabernaculum
2580 4188 2595 4227 :
2626 4171 2724 4226 llic
2752 4173 2897 4227 enim
2925 4171 3329 4227 tabernaculum

1748 4272 2107 4334 opportunum
2138 4270 2241 4328 est,
2268 4271 2325 4316 ut
2348 4277 2444 4333 per
2467 4263 2597 4318 illud
2629 4263 2978 4333 perveniatur
2998 4263 3064 4317 ad
3088 4264 3328 4317 domum.

1748 4356 1882 4412 Cum
1919 4365 2099 4410 autem
2152 4355 2600 4421 tabernaculum,
2636 4354 2781 4425 quod
2813 4355 3186 4409 transitorium
3214 4363 3329 4420 est,

77 4455 158 4499 eos
192 4447 296 4501 hoc
345 4445 492 4500 idem
564 4445 875 4500 desiderare
922 4445 1189 4508 instruat,
1242 4459 1364 4498 cum
1416 4443 1596 4500 subdit
1629 4458 1643 4496 :
1676 4480 1727 4539 Β
1751 4448 2070 4503 admirabile
2105 4447 2276 4502 dicit:
2309 4455 2527 4517 propter
2554 4446 2935 4502 excellentiam
2980 4445 3215 4501 ﬁdelium
3238 4447 3332 4515 qui

77 4531 212 4601 Dico,
236 4551 269 4591 ο
294 4535 599 4599 auditores,
629 4535 772 4605 quod
798 4536 978 4588 anima
1004 4551 1118 4588 mea
1142 4534 1425 4599 desiderat,
1454 4542 1509 4588 et
1538 4549 1645 4589 non

75 4639 226 4692 parvo
272 4626 560 4682 desiderio
602 4642 616 4680 :
650 4626 745 4681 sed
792 4626 951 4679 sitivit
999 4633 1178 4680 anima
1205 4641 1344 4690 mea,
1375 4633 1429 4680 et
1468 4627 1648 4681 adhuc

76 4714 194 4781 sitit,
235 4716 290 4771 id
332 4725 446 4781 est,
484 4724 631 4770 tanto
666 4715 933 4771 desiderio
960 4715 1309 4779 desideravit,
1336 4725 1539 4783 quanto
1561 4714 1650 4770 ille

75 4806 154 4873 qui
176 4808 373 4863 sitiens
406 4816 510 4871 est,
534 4807 817 4877 pervenire
846 4808 915 4861 ad
944 4807 1113 4861 Deum
1149 4808 1335 4875 fortem
1380 4804 1644 4879 [fontem],

78 4896 120 4951 id
157 4908 238 4954 est
300 4900 724 4970 impassibilem,
770 4901 854 4953 cui
911 4899 1091 4953 nullus
1139 4898 1311 4953 hostis
1356 4897 1649 4968 praevalere

75 4997 256 5055 potest,
284 4991 466 5044 vivum
498 4990 891 5055 indeﬁcienter,
921 4989 1075 5059 juxta
1108 4989 1236 5043 illud
1270 5008 1284 5043 :
1325 5009 1342 5041 ι
1384 4990 1516 5043 Vivo
1548 5004 1650 5059 ego

75 5080 119 5133 in
160 5094 431 5147 aeternum
476 5082 611 5154 (Isa.
642 5099 786 5148 χιιι,
834 5083 964 5153 18);
1003 5103 1022 5135 ι
1058 5082 1210 5152 quasi
1240 5083 1444 5137 diceret
1481 5098 1494 5135 :
1528 5081 1652 5137 Ideo

73 5170 198 5225 sitivi
230 5181 290 5227 ut
339 5186 442 5241 per
486 5187 612 5226 eum
641 5173 808 5225 vivum
851 5180 905 5226 et
950 5171 1145 5228 fortem
1176 5172 1331 5226 vivus
1357 5170 1560 5226 eflieiar
1596 5180 1653 5225 et

75 5260 234 5317 fortis.
262 5264 334 5317 Et
360 5278 466 5333 ego
498 5264 590 5333 qui
638 5263 715 5317 sic
743 5264 888 5318 sitivi
926 5272 982 5318 et
1010 5264 1157 5331 sitio,
1188 5264 1400 5334 quando
1426 5263 1650 5328 veniam,

74 5368 226 5411 onere
253 5356 448 5411 carnis
490 5356 760 5425 deposito,
803 5366 922 5411 ante
961 5356 1175 5424 faciem,
1216 5358 1268 5412 id
1304 5366 1389 5412 est
1413 5371 1651 5427 praesen-

75 5444 191 5501 tiam
212 5448 332 5510 Dei,
378 5446 471 5515 qui
506 5446 635 5501 dum
661 5447 713 5500 in
741 5449 845 5503 hac
871 5462 990 5502 sum
1022 5449 1473 5516 peregrinatione,
1502 5448 1652 5503 elon-

72 5547 218 5605 gatus
238 5541 458 5596 videor.
477 5539 543 5596 Et
561 5549 844 5609 postquam
872 5554 1092 5601 venero,
1120 5538 1391 5609 apparebo
1418 5538 1652 5594 inimicis

73 5632 213 5686 vivus
246 5634 309 5686 et
348 5632 534 5694 fortis,
566 5630 657 5701 qui
698 5631 783 5685 hic
807 5630 1046 5685 existens
1075 5630 1266 5685 debilis
1298 5631 1350 5684 in
1380 5645 1567 5696 carne,
1594 5639 1651 5684 et

73 5706 275 5780 assidue
325 5723 526 5779 mortis
557 5722 796 5792 periculo
839 5721 1148 5792 sulijacens,
1201 5739 1297 5777 nec
1339 5722 1502 5776 etiam
1548 5721 1649 5775 ali-

1754 4540 1806 4593 in
1841 4553 1907 4593 eo
1954 4538 2212 4605 militant,
2264 4538 2442 4592 innuit
2484 4539 2703 4593 domum
2744 4552 2866 4608 qua:
2912 4547 3118 4593 :cterna
3150 4538 3333 4595 futura

1751 4637 1853 4693 est,
1889 4629 2059 4683 multo
2110 4626 2284 4698 magis
2325 4627 2721 4683 admirabilem.
2759 4628 2888 4684 Dico
2912 4630 3056 4700 quod
3087 4630 3335 4685 transibo

1751 4736 1924 4791 usque
1974 4722 2041 4776 ad
2079 4723 2296 4777 domum
2325 4722 2419 4776 Dei
2456 4721 2735 4778 existendo
2760 4731 2887 4781 tunc
2920 4725 2976 4777 in
3000 4741 3146 4791 voce,
3171 4725 3223 4779 id
3250 4732 3353 4781 est.

1754 4813 1805 4867 in
1832 4812 2268 4867 manifestatione
2292 4813 2664 4868 exsultationis
2704 4824 2753 4869 et
2783 4814 3128 4884 confessionis
3169 4816 3222 4871 id
3251 4826 3339 4871 est

1752 4904 1948 4959 laudis.
1982 4904 2175 4960 Vocem
2205 4920 2334 4960 vero
2377 4906 2523 4975 ponit
2560 4920 2660 4975 pro
2713 4906 3173 4975 manifestatione,
3204 4908 3331 4977 quia

1753 5010 1850 5065 per
1882 5010 2002 5050 eam
2031 4996 2387 5066 cogitationes
2415 4997 2848 5053 manifestantur.
2876 4998 3027 5066 Quod
3059 5008 3143 5054 est
3179 4998 3334 5054 dice-

1752 5099 1814 5140 re
1847 5103 1859 5138 :
1888 5084 2048 5156 134
2078 5085 2211 5140 Cum
2243 5086 2508 5153 transibo,
2539 5087 2825 5143 manifeste
2856 5087 3142 5143 exsultabo
3164 5087 3219 5142 itt
3243 5103 3331 5154 eo,

1753 5185 1810 5231 et
1834 5178 2136 5232 conﬁtebor
2156 5178 2229 5244 ei,
2274 5179 2325 5232 id
2369 5187 2452 5233 est
2499 5179 2726 5235 laudabo
2763 5194 2906 5234 eum.
2952 5198 2971 5231 ‹
3006 5179 3158 5233 Nunc
3187 5180 3335 5233 enim

1752 5268 1999 5323 videmus
2029 5269 2182 5338 quasi
2230 5284 2327 5339 per
2366 5270 2665 5339 speculum,
2706 5278 2833 5323 tunc
2875 5278 3054 5322 autem
3096 5267 3236 5323 tacie
3267 5269 3335 5322 ad

1754 5362 1946 5418 faciem
1988 5361 2040 5434 (Ι
2085 5360 2209 5417 Cor.
2246 5377 2369 5426 xm,
2409 5362 2522 5431 12),
2554 5382 2573 5414 ι
2612 5361 2898 5432 Subjungit
2927 5375 3054 5415 vero
3109 5374 3332 5414 causam

1754 5452 1904 5507 vocis
1927 5450 2304 5506 exsultationis
2328 5460 2383 5505 et
2413 5450 2789 5516 confessionis,
2821 5450 2932 5504 sic:
2963 5450 3092 5503 Dico
3124 5448 3335 5511 in,voce

1754 5540 2131 5596 exsultationis
2175 5548 2230 5595 et
2274 5538 2649 5594 confessionis.
2694 5538 2756 5593 Et
2783 5554 2941 5592 sonus
2977 5538 3099 5603 iste,
3146 5537 3200 5591 id
3249 5545 3335 5591 est

1752 5647 1856 5687 vos
1884 5640 1970 5686 est
2013 5645 2201 5696 sonus,
2250 5631 2302 5684 id
2346 5638 2431 5685 est
2478 5628 2843 5684 manifestatio
2870 5627 3248 5684 exsultationis
3279 5636 3337 5683 et

1753 5723 2111 5779 confessionis
2153 5737 2288 5779 meae
2316 5720 2592 5776 evulantis.
2629 5717 2781 5786 Quod
2822 5728 2903 5775 est
2951 5719 3131 5775 dicere
3160 5734 3180 5771 τ
3210 5718 3334 5773 Ideo
