3838 6328
530 351 631 408 815

1089 348 1147 405 S.
1183 346 1527 403 BltUNONlS
1559 343 2197 402 CARTllUSlANOBUM
2242 342 2722 402 INSTITUTORIS
2757 342 2907 400 OPP.
2946 339 3125 399 PARS
3164 344 3204 399 Ι.
3621 340 3730 405 (316

527 459 803 517 exsultabo
851 454 1129 511 manifeste
1174 464 1228 509 et
1283 455 1605 520 conﬁtebor,
1657 455 1778 524 quia
1826 454 2099 523 epulabor,
2132 458 2175 511 A
2204 453 2488 508 fessionem
2546 453 2801 519 llermon,
2842 454 2896 508 id
2932 462 3016 508 est
3056 455 3510 512 anathematizans
3544 471 3732 527 peccata

528 568 634 608 non
676 553 728 606 in
766 550 995 604 terrenis
1040 547 1231 617 epulis,
1277 549 1370 601 sed
1412 548 1463 601 in
1504 557 1704 601 :eterna
1741 545 2096 609 beatitudine,

529 662 648 718 qum
676 646 804 701 mihi
825 644 929 699 erit
954 641 1189 713 epulum.
1225 640 1374 697 Unde
1401 640 1529 695 alibi
1554 639 1839 694 Psalmista
1871 656 1882 690 :
1916 636 2096 691 «Iusti

528 736 814 808 epulentur
845 735 898 788 in
923 732 1105 787 laetitia
1143 729 1317 802 (Psal.
1359 745 1538 795 uxvr,
1564 729 1642 800 4).
1680 747 1698 782 ι
1734 727 1909 782 Sonus
1938 728 2099 782 etiam

530 827 654 898 quia
695 825 834 881 sicut
863 832 917 879 et
943 838 1047 879 vox
1077 837 1166 878 res
1196 818 1478 874 manifesta
1523 827 1626 882 est,
1665 831 1763 886 pro
1790 813 2100 869 manifesta-

527 919 674 973 tione
721 915 971 971 similiter
996 914 1233 984 ponitur.
1281 909 1372 966 Vel
1396 910 1475 965 sic
1506 927 1518 962 :
1546 908 1785 965 Fuerunt
1815 906 1945 961 mihi
1973 920 2101 961 con-

528 1008 696 1061 tinue.

596 1099 664 1152 Et
699 1096 917 1166 exponit
958 1112 974 1149 :
1024 1094 1157 1150 Dico
1205 1090 1422 1162 quando
1458 1088 1672 1145 veniam
1729 1095 1855 1141 ante
1906 1084 2100 1141 faciem

527 1188 647 1245 Dei.
680 1187 748 1242 Et
782 1195 929 1243 certa
959 1201 1078 1242 sum
1108 1184 1233 1255 quia
1264 1182 1498 1237 veniam.
1534 1178 1936 1236 Fueruntenim
1969 1176 2100 1232 mihi

530 1278 781 1347 iacrymm
807 1290 938 1331 mea:
971 1276 1055 1331 die
1087 1291 1151 1330 ac
1183 1283 1362 1336 nocte,
1401 1273 1454 1325 id
1476 1280 1560 1327 est.
1593 1270 1813 1342 iugiter.
1842 1267 1993 1334 Quod
2019 1274 2103 1321 est

529 1368 710 1424 dicere
743 1388 755 1421 :
786 1367 1026 1423 Miserias
1056 1382 1153 1437 pro
1184 1381 1248 1421 eo
1271 1359 1472 1433 logiter
1508 1363 1735 1417 sustinui
1766 1379 1786 1414 -:
1812 1361 1937 1415 dum
1965 1358 2100 1414 dici-

530 1470 617 1516 tur
651 1460 780 1515 mihi
815 1458 1072 1530 quotidie.
1098 1456 1201 1513 Ubi
1223 1466 1305 1512 est
1334 1458 1471 1510 Dens
1502 1453 1659 1508 tuus?
1681 1452 1957 1523 Lacrymae
1980 1450 2101 1505 dico

528 1552 821 1608 existentes
844 1564 1009 1619 panes
1032 1548 1225 1602 animte
1253 1561 1405 1601 meae.
1436 1546 1513 1599 Ac
1538 1544 1582 1599 si
1610 1544 1755 1598 dicat
1786 1561 1797 1596 :
1832 1543 1874 1596 A
1905 1541 2101 1611 quibus

528 1640 705 1693 anima
760 1637 999 1692 reficitur
1028 1644 1083 1689 et
1118 1634 1473 1698 confortatur,
1504 1635 1628 1687 dum
1663 1646 1692 1685 a
1733 1630 1979 1686 sordibus
2004 1644 2102 1699 per

527 1748 619 1788 cas
640 1732 888 1801 expiatur
921 1746 935 1784 :
973 1730 1071 1784 etsi
1107 1743 1235 1782 caro
1273 1727 1398 1781 inde
1438 1726 1726 1781 crucietur.
1762 1723 1829 1777 Et
1856 1720 2100 1792 quamvis

2203 556 2342 596 mea.
2390 541 2454 596 Et
2490 544 2744 612 procedet
2775 558 2807 594 a
2844 553 3014 596 monte
3053 544 3277 609 modico,
3313 547 3364 599 iu
3412 556 3491 600 est
3532 548 3591 602 de
3627 566 3729 607 me:

2200 631 2326 699 quia
2348 630 2524 685 fecisti
2564 646 2648 685 me
2692 640 2951 697 montem,
2995 632 3047 686 id
3081 642 3165 687 est
3194 632 3244 687 in
3279 636 3559 692 virtutibus
3582 643 3712 695 excei

2201 732 2342 785 sum,
2384 718 2450 774 ad
2478 720 2694 773 modum
2737 719 2953 774 montis.
2985 719 3054 774 Et
3094 722 3360 776 modicum
3388 731 3577 791 tamen,
3606 729 3732 785 idest

2203 808 2483 875 humilem,
2514 823 2619 863 non
2659 809 2726 864 de
2758 808 3053 864 virtutibus
3095 811 3509 881 superbientem,
3552 816 3611 871 de
3642 827 3734 873 etc

2201 899 2477 957 causativc
2522 901 2611 955 hic
2650 908 2942 971 ponuntur.
2985 900 3140 968 Quod
3170 910 3253 958 est
3271 918 3337 960 ac
3360 904 3411 959 si
3441 904 3611 961 dicat:
3635 907 3734 966 ideo

2202 990 2280 1045 tui
2310 1004 2515 1045 memor
2546 1003 2665 1057 ero,
2693 990 2820 1060 quia
2868 1005 2957 1046 me
2997 989 3175 1047 fecisti
3211 972 3412 1048 terram
3439 992 3668 1054 Iordanis
3692 1007 3736 1053 et

2202 1081 2559 1149 Hermoniim,
2599 1090 2656 1138 et
2685 1090 2924 1138 montem
2955 1082 3251 1139 modicum.
3282 1084 3349 1139 Et
3372 1086 3542 1144 adhuc
3563 1102 3738 1145 memor

2202 1187 2297 1229 ero
2353 1173 2452 1239 tui,
2515 1182 2739 1243 propter
2792 1172 3069 1244 abyssum,
3120 1173 3176 1229 id
3222 1183 3308 1232 est
3359 1176 3739 1247 profunditatem

2202 1277 2399 1329 meam,
2441 1262 2495 1318 id
2537 1271 2621 1319 est
2667 1272 2889 1334 propter
2927 1264 3331 1321 multitudinem
3369 1267 3738 1327 tribulationum

2202 1369 2465 1410 mearum.
2489 1354 2555 1409 Et
2575 1355 2679 1410 hoc
2701 1364 2854 1412 extra
2889 1355 3087 1412 librum
3119 1358 3421 1429 suppletur.

2273 1444 2490 1499 Diceret
2531 1443 2765 1514 aliquis:
2799 1443 2977 1511 Quare
3006 1456 3227 1516 propter
3263 1448 3515 1519 abyssum
3563 1464 3738 1506 memor

2202 1535 2342 1590 eris?
2373 1535 2698 1605 Respondet.
2723 1535 2954 1606 Abyssus
2982 1538 3124 1592 enim
3154 1539 3290 1606 haec,
3322 1540 3376 1595 id
3402 1548 3484 1594 est
3501 1540 3739 1610 profundi-

2202 1635 2284 1681 tas
2314 1626 2717 1681 tribulationum
2744 1627 2964 1692 invocat,
2997 1628 3151 1700 135
3180 1629 3233 1684 id
3262 1639 3347 1685 εει
3370 1630 3424 1685 in
3447 1642 3612 1686 mente
3642 1647 3738 1686 mea

2204 1728 2359 1773 vocat
2394 1735 2490 1790 per
2513 1720 2999 1777 considerationem
3030 1724 3294 1793 abyssum,
3321 1723 3374 1778 id
3400 1734 3482 1779 est
3505 1724 3740 1794 profundi-

528 1822 659 1876 mihi
688 1821 937 1891 lacrymae
972 1825 1152 1873 essent
1186 1817 1271 1871 die
1298 1830 1361 1870 ac
1396 1822 1571 1877 nocte,
1599 1822 1803 1867 tantum
1834 1812 1948 1865 lucc
1981 1823 2100 1878 qua:
2131 1818 2172 1876 [ι
2202 1817 2365 1864 tatem
2388 1809 2747 1866 damnationis
2769 1809 2981 1876 futurae,
3006 1828 3125 1882 qua:
3146 1822 3348 1868 aeterna
3374 1814 3498 1869 erit.
3523 1814 3658 1881 Quod
3674 1825 3739 1869 est

527 1928 627 1984 ego
655 1914 851 1978 dicam,
883 1904 1197 1966 recordatus
1231 1925 1347 1964 sum
1372 1909 1461 1979 qui
1492 1907 1778 1976 aliquando
1804 1920 1899 1977 per
1931 1903 2099 1959 tribu-

528 2005 756 2058 lationes
785 2003 993 2058 oblitus»
1015 2002 1245 2065 fueram,
1284 2000 1491 2055 scilicet
1516 1998 1769 2067 quoniam
1806 2011 1901 2066 per
1926 1994 2099 2063 lacry-

528 2109 644 2146 mas
677 2090 914 2145 transibo
942 2105 1111 2159 usque
1140 2090 1207 2144 ad
1235 2090 1449 2143 domum
1476 2087 1591 2151 Dei,
1623 2087 1859 2141 existens
1885 2085 1937 2137 in
1970 2096 2100 2137 voce

526 2185 926 2248 exsultationis,
976 2197 1095 2251 qua:
1136 2196 1239 2236 vox
1281 2180 1387 2234 erit
1422 2194 1587 2234 sonus
1624 2191 1775 2232 meus
1809 2174 2095 2245 epulantis.

526 2277 640 2347 Ego
666 2276 787 2330 dico
814 2275 901 2343 qui
937 2273 1048 2344 iam
1078 2271 1302 2327 transivi
1350 2270 1403 2325 in
1442 2270 1617 2324 locum
1646 2264 1975 2321 tabernaculi
2001 2262 2100 2318 ad-

528 2367 807 2422 mirabilis.
836 2366 903 2420 Et
934 2365 1057 2435 quia
1085 2364 1325 2417 transibo
1354 2361 1420 2415 ad
1451 2361 1691 2421 domum,
1716 2358 1902 2427 etiam
1928 2366 2102 2409 trans-

529 2456 601 2510 ivi
660 2456 713 2509 in
784 2453 960 2508 locum
1009 2448 1368 2513 tabernaculi,
1430 2446 1590 2503 elfudi
1640 2447 1691 2500 in
1733 2459 1819 2500 me
1863 2442 2100 2499 animam

529 2565 727 2605 meam.
756 2547 898 2617 Ergo
924 2546 1046 2616 quia
1078 2560 1173 2616 per
1201 2542 1573 2599 tribulationcs
1606 2540 1894 2595 transibo:
1927 2538 2102 2603 Quare

529 2640 691 2693 tristis
725 2656 801 2704 es,
850 2638 1028 2691 anima
1068 2652 1209 2701 mea,
1263 2635 1316 2688 in
1349 2628 1812 2688 tribulationibus?
1844 2628 1909 2682 Et
1941 2644 2102 2699 quare

531 2729 809 2784 conturbas
837 2744 940 2793 me,
964 2727 1014 2781 id
1043 2735 1127 2781 est
1156 2725 1335 2780 reddis
1359 2739 1444 2778 me
1468 2725 1733 2778 turbatam
1758 2737 1855 2792 pro
1888 2720 2101 2775 tristitia

531 2822 666 2876 tua?
722 2820 835 2874 Hoc
869 2827 1047 2873 autem
1093 2831 1157 2870 ex
1194 2813 1478 2870 atl‘ectione
1510 2812 1675 2866 nimia
1703 2810 1854 2881 ponit
1887 2808 1987 2863 sub
2020 2808 2102 2862 in-

532 2912 897 2983 terrogatione
925 2928 939 2964 :
965 2908 1129 2977 Quasi
1161 2908 1404 2963 diceret:
1438 2905 1631 2960 Desine
1666 2903 1837 2958 tristis
1880 2916 2017 2965 esse,
2047 2908 2103 2955 ct

530 3003 856 3056 conturbare
882 3016 984 3054 me.
1020 2999 1085 3051 Et
1122 3014 1295 3067 spera,
1332 2996 1489 3050 idest
1521 3008 1669 3064 spem
1702 3006 1839 3063 pone
1867 2991 1923 3044 in
1950 2990 2055 3044 Deo
2080 3003 2099 3041 :

528 3093 777 3163 quoniam
812 3090 983 3144 adhuc
1028 3088 1264 3143 futurum
1295 3096 1378 3143 est
1414 3085 1555 3157 quod
1591 3083 1872 3152 conﬁtebor
1909 3081 2013 3146 illi,
2045 3080 2101 3135 id

2202 1899 2382 1955 dicere
2414 1917 2426 1952 :
2458 1899 2591 1955 Cum
2628 1900 2785 1955 video
2827 1916 2915 1956 me
2941 1900 3029 1956 hic
3059 1916 3088 1957 a
3120 1912 3173 1958 te
3210 1904 3451 1973 permitti
3476 1904 3739 1959 tribulatio-

2201 1990 2361 2043 nibus
2406 1990 2595 2061 allligi,
2632 1991 2758 2061 quia
2804 2006 2902 2061 per
2927 2002 3147 2061 peccata
3172 2002 3229 2049 te
3263 1994 3521 2050 oblivioni
3555 1993 3738 2059 tradidi,

2200 2080 2485 2135 considero
2557 2081 2700 2151 quod
2744 2082 2963 2153 gravius
3008 2082 3061 2136 in
3118 2082 3305 2139 futuro
3359 2085 3670 2149 damnabor,
3702 2087 3736 2138 si

2200 2179 2607 2241 perseveranter
2630 2170 2889 2228 oblivioni
2922 2179 2976 2226 te
2990 2172 3300 2240 tradidero,
3326 2181 3386 2229 et
3406 2173 3486 2228 sic
3506 2186 3599 2242 per
3619 2172 3739 2245 ipsas

2202 2263 2576 2319 trihulationes
2600 2263 2673 2318 tui
2707 2277 2915 2319 memor
2942 2276 3038 2319 ero
3065 2281 3077 2317 :
3107 2262 3327 2319 Invocat
3358 2265 3493 2320 dicit
3520 2278 3549 2318 a
3576 2262 3737 2319 simili-

2202 2355 2389 2409 tudine
2434 2354 2681 2423 alicuius,
2718 2354 2812 2425 qui
2857 2354 3095 2425 aliquem
3135 2364 3451 2425 separatum
3501 2352 3567 2408 ab
3593 2352 3740 2421 aliquo

2200 2453 2378 2511 vocat,
2427 2454 2488 2501 ut
2535 2445 2614 2501 illi
2656 2459 2897 2515 praesens
2941 2460 3040 2517 per
3084 2445 3424 2503 vocationem
3454 2459 3600 2500 suam
3626 2442 3737 2496 fiat:

2200 2538 2440 2604 Invocat,
2490 2538 2544 2595 id
2586 2547 2671 2595 est
2720 2538 2775 2593 in
2825 2547 3005 2594 mente
3028 2545 3206 2594 vocat.
3232 2538 3308 2592 Et
3352 2539 3553 2592 invocat
3575 2535 3624 2591 in
3647 2547 3743 2587 rore

2202 2637 2587 2683 cataractarum
2632 2637 2865 2696 tuarum,
2913 2627 2965 2682 id
3011 2635 3096 2683 est
3131 2627 3185 2681 in
3219 2635 3410 2698 aperta
3439 2623 3743 2681 atlestatione

2200 2723 2585 2793 prophetarum
2610 2730 2845 2791 tuorum,
2871 2722 2963 2793 qui
2989 2723 3167 2778 testati
3204 2731 3331 2777 sunt
3354 2722 3597 2793 abyssum
3621 2718 3741 2774 illam

2202 2814 2460 2869 futuram.
2509 2815 2587 2871 Ac
2622 2815 2669 2870 si
2699 2815 2845 2870 dicat
2880 2813 3024 2870 :Per
3065 2816 3167 2870 hoc
3194 2816 3431 2879 invocat,
3475 2812 3594 2882 quia
3625 2810 3743 2864 videt

2195 2907 2489 2977 prophetas
2520 2906 2638 2960 haec
2682 2914 2908 2961 testatos
2933 2920 3071 2961 esse.
3105 2906 3219 2961 Vox
3247 2921 3403 2971 vero,
3444 2906 3577 2960 sicut
3607 2916 3743 2972 supe‘

2205 2997 2335 3063 rius,
2361 3012 2458 3067 pro
2486 2997 2920 3053 manifestatione
2942 2998 3179 3066 ponitur.
3204 2996 3509 3053 Cataracta:
3532 2997 3743 3051 dicuntur

2200 3091 2500 3160 prophetae,
2527 3104 2595 3145 eo
2638 3090 2779 3158 quod
2810 3104 2907 3160 per
2929 3104 3023 3144 eos
3047 3089 3101 3143 in
3130 3089 3428 3143 humanum
3456 3102 3613 3159 genus
3633 3099 3744 3154 aqua
3816 3098 3817 3103 π

531 3189 615 3236 εει
640 3180 868 3234 Ιίιυάίιυο
913 3178 1060 3231 illum
1101 3176 1336 3245 Per“?Cla
1370 3174 1548 3241 laude,
1580 3174 1631 3227 Ῐη
1658 3172 1947 3228 δεθιυάίηθ
1975 3185 2107 3225 COD“
2130 3163 2170 3221 (ἶ
2204 3182 2463 3237 doctrinae
2487 3181 2789 3247 descendit;
2832 3180 2971 3236 sicut
3007 3196 3104 3251 per
3133 3191 3443 3236 cataractas
3482 3194 3623 3249 aqum
3654 3177 3743 3247 plu-

531 3271 740 3327 stituta.
768 3268 865 3323 Vel
913 3268 1013 3323 sic.
1055 3268 1320 3334 Quoniam
1352 3267 1527 3321 adhuc
1563 3265 1833 3336 sperando
1855 3274 2024 3332 usque
2052 3261 2104 3316 in

534 3363 695 3418 linem
719 3361 865 3428 vitae,
898 3359 1195 3415 confitebor
1231 3357 1327 3412 illi.
1364 3358 1444 3411 Ac
1482 3357 1526 3411 si
1554 3358 1699 3411 dicat
1728 3373 1741 3409 :
1771 3355 2037 3421 Quoniam
2059 3353 2107 3409 si

532 3460 945 3523 perseveranter
992 3462 1283 3518 speravero
1314 3489 1330 3514 ,
1380 3447 1610 3500 laudabo
1657 3460 1780 3500 eum
1828 3444 2105 3513 perl‘eCte,

536 3543 694 3597 aliter
721 3554 850 3595 vero
875 3554 981 3593 non
1018 3538 1325 3592 coutiterer.
1357 3535 1423 3588 Et
1449 3534 1770 3602 sperandum
1806 3540 1888 3586 est
1916 3533 1967 3585 in
1997 3545 2061 3585 eo
2091 3547 2105 3582 :

537 3629 804 3697 Quoniam
835 3626 1087 3690 salutare,
1117 3626 1169 3680 id
1187 3636 1270 3680 est
1296 3624 1555 3688 salvator,
1576 3622 1773 3677 estmei
1801 3620 1970 3675 vultus
1994 3618 2110 3674 exi-

539 3730 710 3785 ειεηε,
746 3719 797 3773 id
826 3725 909 3773 est
945 3731 1077 3770 mea:
1105 3714 1496 3779 similitudinis,
1526 3714 1734 3769 scilicet
1772 3713 1932 3767 homo
1971 3712 2111 3766 sicut

539 3826 656 3882 ego.
689 3810 920 3881 ldcoque
956 3808 1057 3862 mei
1108 3806 1453 3862 miserebitur
1499 3807 1588 3875 qui
1617 3804 1856 3873 eiusdem
1901 3812 2111 3857 natura:

540 3917 679 3958 sum.
706 3898 770 3952 Et
802 3899 938 3953 Deus
961 3915 1103 3953 meus
1129 3907 1232 3963 εει,
1272 3898 1324 3952 id
1353 3906 1432 3951 est
1458 3897 1679 3953 Creator
1719 3910 1888 3950 meus.
1920 3894 2111 3949 Vultus

542 4005 640 4062 pro
669 3989 1015 4045 similitudine
1036 3987 1271 4057 ponitur,
1303 3986 1555 4056 quoniam
1586 3987 1639 4040 in
1669 3985 1817 4039 vultu
1841 3984 2112 4053 prmoipue

539 4082 677 4139 solet
714 4080 991 4136 hominum
1022 4077 1320 4135 similitudo
1350 4078 1617 4133 denotari.
1661 4077 1812 4141 Dico,
1842 4091 1876 4130 ο
1902 4075 2112 4129 audito-

541 4190 650 4242 res,
698 4185 867 4242 quare
910 4171 1080 4225 tristis
1124 4179 1209 4226 est
1246 4169 1461 4224 anima?
1504 4168 1569 4223 Et
1616 4167 1743 4237 quia
1790 4166 1961 4223 tristis
2004 4174 2107 4231 est,

540 4265 850 4322 conturbata
881 4271 954 4317 est
998 4259 1365 4332 indignatione
1387 4258 1564 4313 anima
1594 4274 1707 4312 mea
1735 4256 1803 4310 ad
1834 4255 2109 4324 meipsum,

542 4360 594 4414 id
623 4366 705 4413 est
751 4354 1021 4425 indignata
1058 4360 1143 4408 est
1192 4352 1371 4406 anima
1407 4366 1526 4406 mea
1574 4351 1860 4407 adversum
1920 4358 2113 4405 semet-

542 4449 752 4519 ipsam:
784 4446 909 4515 quia
944 4445 1087 4499 unde
1122 4458 1231 4499 non
1254 4442 1492 4513 oportuit
1518 4442 1742 4511 tristari,
1783 4443 1850 4499 de
1894 4441 2114 4499 tribula-

545 4536 781 4591 tionibus
817 4533 1044 4601 scilicet,
1075 4533 1241 4588 tristis
1289 4532 1432 4588 facta
1466 4541 1567 4586 est.
1604 4531 1662 4585 in
1697 4532 1800 4588 hoc
1824 4542 2000 4588 autem
2031 4532 2113 4586 in-

545 4630 682 4694 nuit,
699 4629 820 4697 quia
842 4628 1089 4684 similiter
1103 4628 1389 4684 adversum
1416 4641 1513 4682 nos
1534 4625 1799 4698 indignari
1823 4626 2109 4683 debemus:

546 4721 591 4777 si
619 4720 905 4790 contigerit
950 4720 1235 4790 aliquando
1272 4735 1371 4790 pro
1416 4718 1764 4775 tribulatione
1792 4718 2035 4783 tristitia,
2061 4726 2117 4773 et

548 4810 627 4866 sic
657 4824 689 4862 a
719 4808 935 4863 tristitia
960 4809 1234 4866 recedere.
1275 4809 1395 4865 Dixi
1421 4810 1562 4880 quod
1588 4810 1824 4865 transibo
1848 4823 2019 4880 usque
2046 4808 2115 4863 ad

549 4899 766 4955 domum
815 4896 933 4952 Dei.
980 4900 1046 4952 Et
1086 4909 1357 4969 prapterea
1395 4900 1523 4971 quia
1567 4902 1634 4955 de
1672 4901 1776 4956 hoc
1799 4908 1948 4955 certa
1970 4913 2111 4965 sum,

547 5004 744 5043 memor
771 5003 858 5042 ero
904 4989 980 5042 tui
1029 4989 1095 5044 ad
1131 4999 1181 5045 te
1228 5005 1444 5062 semper
1489 4990 1733 5047 tendens.
1773 4989 1892 5047 Non
1921 4990 2115 5046 amodo

546 5079 801 5135 oblivioni
851 5087 903 5134 te
948 5080 1186 5134 tradens.
1239 5079 1368 5147 Quae
1412 5080 1670 5135 memoria
1727 5082 2006 5151 continget
2052 5081 2118 5135 de

551 5182 688 5225 terra
714 5170 967 5224 Iordanis
997 5183 1017 5221 :
1047 5170 1113 5224 de
1149 5185 1233 5226 me
1269 5171 1499 5235 scilicet,
1531 5171 1655 5242 quia
1683 5170 1827 5227 facta
1865 5186 1982 5226 sum
2006 5184 2036 5224 a
2066 5181 2116 5230 te

540 5271 695 5333 terra
736 5259 1005 5325 Iordanis,
1052 5259 1104 5315 id
1154 5268 1237 5315 est
1286 5269 1431 5315 terra
1475 5262 1674 5329 irrigua
1713 5269 1765 5316 et
1802 5261 1993 5333 fertilis
2020 5274 2119 5329 per

548 5348 857 5417 Iordanem,
913 5350 964 5407 id
1008 5359 1110 5419 est,
1148 5365 1245 5421 per
1285 5351 1575 5422 baptisma,
1621 5367 1739 5422 qum
1765 5354 1915 5423 prius
1963 5366 2113 5407 eram

551 5450 695 5497 terra
716 5442 917 5498 sterilis
952 5443 1019 5499 ab
1044 5458 1206 5514 opere
1232 5443 1373 5500 bono
1403 5457 1498 5512 per
1523 5453 1863 5513 peccatorum
1893 5444 2115 5499 aridita-

550 5545 681 5591 tem.
708 5532 978 5603 Iordanis,
1010 5536 1137 5605 quia
1187 5536 1239 5591 in
1282 5551 1347 5591 eo
1381 5535 1635 5590 Dominus
1680 5536 1987 5607 baptizatus
2009 5544 2114 5602 est,

551 5641 649 5697 pro
674 5626 942 5695 baptismo
976 5628 1191 5697 ponitur
1221 5645 1235 5681 :
1261 5626 1327 5681 Et
1362 5625 1453 5681 illa
1486 5627 1742 5681 memoria
1772 5627 2026 5698 procedet
2050 5627 2118 5683 de

553 5715 899 5787 uernioniim,
949 5717 1003 5772 id
1043 5728 1145 5783 est,
1169 5720 1232 5774 de
1264 5734 1368 5786 mc,
1392 5717 1515 5787 quia
1548 5716 1685 5773 facta
1712 5732 1826 5774 sum
1854 5732 1952 5787 per
1983 5732 2117 5776 con-

2205 3273 2413 3327 viarum
2450 3272 2504 3326 in
2552 3280 2751 3328 terram
2780 3270 3036 3327 deﬂuunt.
3086 3271 3393 3328 Cataractaa
3428 3284 3646 3341 namque
3679 3268 3745 3322 di-

2206 3370 2402 3418 cuntur
2453 3362 2668 3432 proprie
2716 3361 2818 3416 via:
2862 3376 2958 3429 per
3008 3364 3145 3431 qhas
3190 3376 3344 3432 aqua:
3388 3360 3669 3433 pluviarum
3707 3357 3747 3410 in

2210 3461 2408 3507 terram
2439 3451 2698 3507 deﬂuunt.
2739 3450 2892 3507 Unde
2922 3452 2974 3506 in
2999 3452 3195 3507 Genesi
3222 3452 3463 3522 legitur:
3501 3469 3519 3503 ι
3558 3450 3739 3506 Catara-

2208 3553 2309 3599 cta:
2337 3543 2461 3599 coeli
2493 3554 2692 3613 aperta:
2714 3553 2839 3600 sunt
2870 3543 3022 3613 (Cen.
3045 3559 3141 3611 vit,
3176 3544 3287 3615 it).
3319 3563 3338 3597 ι

2280 3633 2491 3688 Diceret
2512 3634 2706 3703 aliquis
2731 3651 2744 3688 :
2777 3635 2942 3690 Estne
2967 3636 3195 3706 abyssus
3219 3635 3271 3689 in
3303 3636 3392 3690 te?
3420 3633 3746 3710 Respondetur:

2210 3739 2239 3777 a
2265 3722 2534 3790 Patribus,
2566 3723 2637 3777 ita
2665 3741 2677 3777 :
2704 3722 2893 3778 Omnia
2916 3725 3058 3778 enim
3082 3725 3284 3779 excelsa
3319 3736 3439 3791 tua,
3469 3725 3519 3779 id
3544 3732 3636 3788 cst,
3661 3736 3746 3776 ma.

2208 3828 2329 3885 gnte
2380 3813 2789 3880 tribulationes,
2842 3829 2872 3868 a
2930 3814 3285 3884 dispositione
3338 3825 3433 3870 tua
3490 3815 3670 3876 illatze;
3712 3821 3747 3863 et

2208 3907 2399 3975 ﬂuctus
2426 3907 2525 3971 tui,
2552 3906 2604 3961 id
2637 3915 2722 3961 est
2751 3907 2989 3962 minores
3017 3907 3419 3975 tribulationes,
3442 3907 3746 3965 transierunt,

2211 3994 2264 4049 id
2292 4004 2375 4051 est
2400 4004 2663 4051 venerunt
2695 3996 2836 4051 sicut
2865 3997 3180 4064 transirent,
3204 4014 3361 4067 super
3395 4014 3494 4065 me,
3526 4006 3581 4051 ut
3598 3991 3746 4063 oppri-

2211 4098 2423 4145 merent
2460 4104 2565 4145 me.
2595 4088 2729 4145 Cum
2765 4089 2900 4145 dicit
2940 4091 3292 4157 transierunt,
3338 4090 3517 4146 innuit
3543 4086 3669 4159 quod
3689 4083 3746 4139 sit

2211 4188 2477 4234 venerunt
2515 4188 2574 4234 ut
2609 4180 2925 4245 transirent,
2967 4188 3026 4233 ut
3065 4179 3298 4234 instruat
3319 4195 3419 4235 eas
3449 4194 3551 4235 non
3573 4189 3677 4231 esse
3703 4171 3747 4225 ti~

2212 4268 2467 4331 mendas,
2525 4282 2647 4323 cum
2699 4268 2809 4323 sint
2867 4266 3210 4333 transitoria).
3258 4266 3485 4322 Fluctus
3536 4266 3746 4324 dicamut

2214 4357 2611 4427 tribulationes,
2659 4373 2725 4415 eo
2788 4359 2932 4430 quod
2990 4358 3301 4429 opprimunt
3335 4373 3590 4423 carnem,
3637 4355 3746 4409 sicut

2214 4448 2411 4504 ﬂuctus
2436 4448 2748 4519 opprimunt
2790 4429 3001 4503 navem.
3050 4448 3180 4516 Qua:
3209 4429 3423 4504 excelsa
3448 4458 3502 4503 et
3528 4459 3652 4518 quos
3675 4440 3745 4494 llu-

2217 4551 2335 4595 Ctus
2380 4540 2537 4595 nobis
2574 4540 2628 4593 in
2669 4540 2773 4604 die,
2804 4538 2857 4593 id
2881 4546 2965 4593 est
3001 4538 3053 4593 in
3078 4538 3458 4608 prosperitate,
3488 4531 3746 4593 constitutis

2218 4632 2482 4686 mandavit
2520 4630 2800 4696 Dominus,
2853 4644 2952 4700 per
2989 4629 3287 4699 scripturas
3314 4629 3614 4691 doctorum,
3655 4634 3746 4678 essr

2217 4723 2629 4777 misericordiam
2669 4738 2842 4787 suam,
2874 4721 2926 4775 id
2964 4729 3047 4775 est
3088 4734 3187 4790 per
3230 4719 3641 4776 misericordiam
3676 4712 3747 4767 Dei

2217 4814 2374 4869 nobis
2395 4813 2603 4879 inferri,
2625 4821 2706 4878 ut,
2732 4826 2830 4881 per
2849 4825 2945 4867 eas
2968 4810 3198 4882 purgati,
3220 4825 3327 4866 non
3352 4811 3406 4865 in
3440 4810 3611 4864 futuro
3629 4805 3746 4859 ἀπίηις

2219 4917 2431 4967 nemur,
2459 4902 2612 4972 juxta
2650 4902 2777 4955 illud
2814 4901 3099 4971 Augustini
3141 4918 3156 4955 :
3194 4919 3213 4952 ι
3251 4896 3657 4954 Miscricorditer
3675 4889 3747 4944 ad-

2217 4994 2369 5050 hibet
2401 4992 2745 5064 temporalem
2770 4994 3135 5060 severitatem,
3164 5009 3233 5049 ηε
3248 4994 3395 5064 iuste
3418 4990 3730 5046 inferatater

2219 5099 2343 5141 nam
2390 5085 2667 5140 ultionem.
2707 5102 2725 5135 ι
2767 5085 2908 5140 Bene
2929 5084 3060 5139 dicit
3085 5084 3300 5154 quidem
3328 5082 3382 5136 in
3416 5082 3518 5147 die,
3547 5076 3595 5133 id
3614 5081 3686 5131 est
3707 5070 3748 5124 in

2217 5174 2601 5245 prosperitate,
2648 5174 2938 5238 mandavit,
2985 5174 3109 5242 quia
3156 5181 3283 5227 tunc
3330 5170 3570 5226 fidelibus
3603 5158 3751 5219 studio

2219 5254 2620 5334 Scripturarum
2678 5278 2875 5319 vacare
2927 5264 3071 5327 licet,
3121 5278 3243 5317 cum
3276 5278 3306 5316 a
3350 5250 3748 5315 tribulationibus

2219 5356 2520 5426 quiescunt.
2553 5353 2623 5408 Et
2668 5353 2944 5409 mandavit
2971 5367 3068 5422 per
3100 5353 3316 5406 easdem
3356 5348 3668 5417 Scripturas.
3706 5334 3750 5388 ίυ

2223 5457 2392 5513 nocte,
2422 5447 2475 5501 id
2506 5455 2588 5501 est
2619 5447 2673 5501 iu
2703 5445 3028 5500 adversitate
3063 5442 3366 5499 habendum
3388 5452 3504 5495 esse
3525 5431 3749 5490 cautim

2223 5538 2357 5608 ejus,
2381 5538 2431 5591 id
2455 5546 2539 5592 est
2552 5536 2945 5608 iucunditatem
2970 5537 3021 5590 in
3042 5549 3128 5603 eo,
3150 5534 3301 5603 juxta
3323 5532 3447 5588 illud
3468 5519 3746 5595 Evangelii:

2230 5644 2250 5682 ‹
2278 5628 2516 5684 Gaudete
2541 5637 2597 5683 et
2625 5627 2891 5684 exsultate
2918 5641 3041 5681 cum
3072 5639 3169 5680 vos
3192 5624 3404 5680 oderint
3430 5617 3677 5678 homines,
3707 5612 3751 5661 εί

2225 5718 2668 5789 exprobraverint
2713 5732 2841 5784 vos,
2895 5725 2949 5773 et
2979 5714 3236 5783 eiecerint
3295 5724 3484 5772 nomen
3544 5709 3747 5761 vestnlm
