3838 6328
85 358 161 414 817
963 358 1327 416 EXPOSITIO
1364 360 1430 415 lN
1464 360 1798 419 PSALMOS.
1837 394 1907 406 --
1939 364 2130 420 PSAL.
2176 366 2311 419 XLII

3186 376 3288 433 8l8

85 481 296 536 tanquam
356 468 556 522 malum
608 478 826 539 propter
861 468 1058 525 Filium
1100 472 1335 527 hominis
1368 491 1381 528 :
1413 473 1617 531 Merccs
1647 488 1693 547 Α
1790 477 1984 532 Indica
2021 496 2121 545 me,
2156 480 2310 543 Deus,
2347 481 2498 548 quasi
2526 483 2670 537 dicat
2701 500 2712 536 :
2746 484 2859 538 Non
2894 485 3293 559 reformido'ju-

84 560 195 614 enim
212 566 379 613 vestra
411 560 579 613 multa
600 569 682 614 est
714 561 768 614 in
802 562 939 617 cmlo
969 562 1122 633 (Luc.
1152 578 1226 629 γι,
1250 564 1365 635 22).
1394 584 1413 616 ι
1446 565 1645 631 Dicm,‘

84 653 179 722 quia
206 650 376 703 clarus
414 658 520 715 est,
549 668 645 720 pro
670 653 1030 722 prosperitate
1061 655 1491 723 ponit;,noctem
1527 672 1622 710 au-

85 752 183 805 tem,
212 738 328 808 quia
356 739 611 803 obscura,
646 754 744 807 pro
773 740 1117 796 adversitate.
1152 742 1413 808 Quoniam
1441 753 1620 799 autem

83 829 315 883 mandavit
372 828 748 885 tribulationes
798 845 918 886 esse
959 833 1408 901 misericordiam,
1467 844 1522 890 et
1569 836 1621 889 in

83 929 206 974 nocte
233 920 538 975 habendum
578 936 697 976 esse
728 922 1021 991 canticum,
1063 925 1205 993 apud
1233 941 1335 987 me,
1363 924 1417 979 id
1446 934 1528 980 est
1567 926 1621 980 in

82 1011 209 1065 corde
229 1025 345 1065 meo
368 1011 476 1067 erit
502 1015 673 1064 oratio
702 1011 948 1068 facienda
978 1013 1107 1079 Deo,
1131 1015 1308 1084 Opifici
1333 1016 1449 1069 vittr
1474 1033 1620 1082 mete,

82 1102 121 1155 id
145 1111 213 1156 est
246 1101 416 1156 orabo
470 1102 615 1159 intra
668 1116 756 1156 me
807 1102 975 1158 Deum
1008 1112 1284 1159 auctorem
1317 1106 1443 1159 vitae
1470 1120 1621 1171 uncae,

80 1192 248 1246 scilicet
294 1193 473 1245 dicam
511 1191 739 1247 interius
786 1193 897 1249 Deo
929 1209 945 1248 :
978 1193 1024 1250 Ο
1053 1195 1217 1262 Deus,
1253 1206 1307 1249 tu
1332 1206 1619 1267 susceptor,

80 1285 201 1339 idest
224 1285 469 1340 medicus
500 1294 556 1339 et
577 1295 842 1355 patronus
868 1304 1011 1341 meus
1035 1303 1110 1342 es.

132 1377 288 1441 Quare
324 1390 457 1445 ergo
489 1376 679 1431 oblitus
702 1394 753 1432 es
784 1380 902 1443 mei,
933 1378 988 1433 id
1019 1386 1103 1433 est
1124 1364 1321 1431 videris
1349 1391 1470 1432 esse
1489 1376 1626 1432 obli-

80 1474 144 1519 tus
165 1465 291 1519 mei?
330 1465 567 1535 Exponit
614 1475 792 1521 autem
828 1468 881 1521 in
921 1482 1027 1536 quo
1060 1467 1275 1522 videtur
1298 1466 1518 1533 oblitus,
1547 1469 1626 1523 sic

79 1556 282 1610 scilicet:
308 1574 475 1626 quare
510 1560 848 1611 coutristatus
878 1558 1081 1625 incedo,
1112 1559 1163 1613 id
1194 1565 1279 1614 est
1305 1572 1474 1628 quare
1506 1574 1625 1629 per-

79 1646 212 1701 mittis
256 1662 347 1701 me
396 1648 782 1705 contristatnm
815 1650 1065 1705 incedere
1097 1650 1237 1704 viam
1268 1650 1393 1705 vitae
1429 1651 1623 1719 hujus,

77 1738 190 1802 dum,
215 1740 316 1793 hoc
329 1747 418 1793 est
445 1739 609 1807 quod,
628 1740 805 1810 afﬂigit
828 1757 908 1794 me
933 1740 1175 1794 inimicus
1202 1740 1536 1797 tribulando?
1560 1742 1624 1797 Et

1721 568 1918 623 dicium
1967 579 2135 628 tuum.
2196 580 2253 625 ut
2294 572 2467 641 impii,
2519 573 2613 628 sed
2666 589 2783 651 oro,
2820 577 3005 645 judica
3044 596 3123 633 me
3157 581 3292 636 sicut

1715 656 1965 726 judicare
1996 660 2178 715 debes.
2207 658 2273 714 Et
2304 662 2405 716 hoc
2430 662 2587 718 modo
2606 660 3036 732 judica,'scilicet
3064 668 3295 725 discerne

1722 748 1773 803 in
1807 749 1985 803 futuro
2031 767 2246 803 causam
2294 768 2481 817 meam,
2531 753 2582 808 id
2614 762 2697 807 cst
2724 755 2994 822 negotium
3028 762 3203 811 meum
3234 760 3296 814 de

1721 851 1866 910 gente
1908 858 2009 894 non
2037 853 2246 906 saneta,
2281 842 2331 896 id
2366 852 2448 897 est
2475 845 2540 899 de
2567 860 2726 900 causa
2751 845 3006 899 falsorum
3034 846 3297 902 Christia-

1722 944 1935 995 norum,
1970 926 2058 1000 qui
2107 945 2165 985 se
2198 941 2416 986 sanctos
2468 947 2587 988 esse
2621 934 2873 990 simulant
2911 944 2966 990 et
3005 952 3108 990 non
3142 947 3293 1001 sunt;

1725 1029 1785 1074 ut
1815 1035 1937 1076 cum
1982 1037 2123 1077 nunc
2160 1023 2342 1079 nmltis
2378 1024 2641 1080 incertum
2676 1026 2767 1091 sit,
2792 1027 2882 1097 qui
2913 1028 3103 1083 melius
3137 1044 3297 1098 nego-

1724 1110 1859 1165 tium
1906 1112 2106 1167 habent
2160 1122 2213 1168 et
2252 1117 2502 1169 meritum
2547 1116 2600 1170 ir.-
2642 1116 2843 1183 futuro,
2894 1119 3163 1174 reveletur
3204 1135 3299 1189 per

1725 1200 1823 1265 tui,
1849 1199 1977 1268 justi
2000 1200 2217 1269 judicis,
2242 1202 2520 1271 judicium,
2542 1220 2662 1259 cum
2682 1222 2779 1261 nos
2799 1217 3019 1277 pr0pter
3047 1208 3297 1283 meritum

1726 1284 1970 1348 nostrum
2020 1294 2370 1364 salvabimur,
2404 1298 2503 1367 ipsi
2536 1314 2665 1354 vero
2703 1307 2925 1368 propter
2958 1314 3112 1353 suum
3142 1301 3297 1353 datu-

1725 1384 2015 1438 nabantur.
2051 1385 2206 1441 Prius
2236 1395 2414 1443 autem
2457 1403 2616 1458 quam
2649 1390 2999 1458 adjudicium
3027 1390 3155 1445 illud
3181 1406 3297 1461 per-

1727 1471 1996 1535 veniatur,
2049 1490 2169 1529 erue
2190 1492 2270 1529 me
2312 1491 2408 1545 per
2458 1478 2701 1547 corporis
2758 1479 3185 1547 dissolutionem,
3233 1483 3296 1535 ab

1726 1560 1932 1614 homine
1969 1562 2167 1631 iniquo,
2220 1563 2272 1617 id
2311 1575 2394 1618 est
2427 1564 2494 1618 ab
2521 1552 2825 1635 iniquorum
2863 1568 3141 1622 hominum
3168 1584 3300 1624 con—

1726 1652 1916 1715 sortio,
1962 1648 2221 1707 falsorum
2261 1652 2512 1708 videlicet
2541 1654 2995 1722 Christianorum,
3019 1657 3109 1726 qui
3138 1673 3296 1726 aper-

1730 1750 1837 1794 tam
1879 1741 2013 1796 mihi
2046 1741 2283 1797 inferunt
2316 1744 2495 1799 verbis
2522 1744 2604 1800 vel
2648 1743 2804 1799 factis
2842 1747 3292 1814 persecutionem,

76 1829 190 1893 dum,
220 1829 322 1885 hoc
364 1839 454 1885 est
492 1832 654 1900 quod,
683 1832 1083 1902 coufringuntur
1109 1848 1227 1887 ossa
1273 1849 1420 1899 mea,
1453 1833 1506 1888 id
1539 1842 1621 1890 est
1651 1835 1697 1895 Β
1726 1831 1981 1894 atAt-ius,
2007 1840 2061 1886 et
2088 1834 2267 1886 eteteri
2297 1831 2415 1887 falsi
2454 1832 2636 1889 fideles
2659 1844 2713 1889 et
2742 1835 3002 1900 hzeretici,
3042 1837 3132 1905 qui
3162 1837 3294 1891 lide-

78 1917 395 1973 debilitantur
433 1919 778 1976 fortitudines
820 1923 1092 1991 patientiae
1133 1939 1285 1988 meae,
1328 1938 1450 1979 cum
1485 1938 1626 1994 aegre

77 2008 211 2063 ieram
242 2012 646 2079 tribulationes,
671 2015 735 2069 de
762 2015 961 2083 quibus
986 2030 1091 2069 non
1117 2024 1261 2071 esset
1285 2015 1625 2070 tristandusn.

75 2102 176 2156 0350
228 2103 516 2174 pluraliter
569 2105 721 2174 ponit
768 2113 1027 2175 quantum
1080 2105 1147 2161 ad
1204 2107 1389 2176 plures
1445 2104 1627 2160 ﬁdeles

76 2192 309 2249 Ecclesiae.
336 2194 411 2248 Et
447 2208 619 2264 quare
642 2198 995 2252 contristalus
1027 2198 1236 2261 incedo,
1262 2199 1386 2252 dum
1418 2196 1624 2253 inimici

76 2282 172 2347 mei,
214 2283 305 2351 qui
356 2298 446 2337 me
490 2283 767 2349 tribulant,
819 2284 1257 2353 exprobrauerunt
1287 2285 1445 2350 mihi,
1473 2284 1629 2339 idest

74 2372 235 2437 probra
260 2372 400 2426 mihi
429 2373 751 2439 intulerunt,
778 2374 1025 2428 dicentes
1046 2389 1131 2429 me
1156 2374 1376 2430 stultam
1407 2383 1461 2429 et
1492 2375 1627 2427 insa-

76 2477 170 2513 nam
206 2476 350 2525 esse,
390 2477 510 2531 qua:
551 2464 742 2518 amitto
772 2464 910 2518 bona
946 2467 1255 2533 praesentia,
1296 2465 1626 2533 etpromitto

73 2552 175 2605 mihi
213 2552 510 2607 invisibilia
564 2568 629 2608 ac
656 2552 876 2609 futura?
908 2555 974 2609 Et
1007 2555 1130 2608 dum
1163 2556 1343 2609 dicunt
1377 2555 1504 2608 mihi
1536 2572 1628 2624 per

73 2646 271 2713 singulos
313 2646 430 2699 dies
463 2663 481 2700 :
511 2644 609 2699 Ubi
635 2657 708 2701 est
734 2647 872 2701 Deus
908 2656 1053 2713 tuus,
1084 2648 1175 2716 qui
1211 2656 1261 2702 te
1297 2663 1402 2703 non
1434 2647 1630 2702 liberat

72 2743 113 2784 et
143 2751 297 2803 quem
333 2736 628 2790 ostendere
673 2737 897 2806 nequis?
944 2735 1095 2790 Hanc
1121 2744 1299 2790 autem
1329 2735 1627 2790 orationem

76 2839 125 2877 ex
159 2826 359 2897 ingenti
402 2826 672 2881 desiderio
706 2828 787 2883 sic
820 2827 1206 2897 interrogative
1242 2827 1415 2897 ponit.
1456 2826 1522 2879 Et
1546 2834 1629 2880 est

72 2923 150 2975 hoc
172 2932 339 2976 totum
378 2936 442 2977 ac
488 2922 531 2977 si
560 2931 783 2992 poneret
813 2941 825 2975 :
862 2922 980 2978 Noli
1014 2923 1093 2977 sic
1122 2922 1228 2975 mei
1259 2920 1457 2975 oblitus
1481 2934 1624 2985 esse,

71 3023 115 3064 ιιι
140 3013 196 3064 de
222 3012 611 3067 afﬂictionibus
640 3028 772 3082 quas
800 3028 898 3083 pro
927 3022 979 3068 te
1011 3012 1189 3082 patior
1225 3012 1534 3075 contristor,
1575 3017 1628 3064 et

72 3112 113 3153 ut
131 3103 539 3173 court-iugantur
565 3118 689 3158 ossa
722 3118 859 3169 mea,
904 3114 960 3159 et
983 3112 1043 3159 ut
1072 3103 1243 3158 tristis
1272 3103 1374 3158 sim
1406 3102 1473 3156 de
1498 3116 1617 3171 pro-

1724 1919 1805 1975 les
1829 1935 1986 1976 veros
2031 1920 2338 1975 onmimode
2380 1924 2645 1991 persecuti
2689 1932 2837 1976 sunt.
2886 1923 2955 1977 Et
2987 1939 3115 1979 erue
3150 1941 3236 1981 me
3266 1942 3296 1981 a

1726 2013 1909 2068 doloso
1976 2014 2224 2081 homine,
2303 2015 2356 2070 id
2415 2026 2497 2070 est
2555 2031 2584 2069 a
2624 2016 2927 2071 dolosornm
2972 2020 3246 2073 consortio
3279 2058 3293 2073 .

1726 2105 1982 2160 falsorum
2026 2105 2277 2159 videlicet
2308 2106 2739 2162 Christianorum
2780 2116 2836 2163 ct
2879 2108 3295 2174 haereticorum,

1726 2196 1819 2266 qui
1861 2195 2101 2249 dolosam
2148 2195 2279 2253 mibi
2313 2204 2367 2249 et
2411 2195 2669 2251 latentem
2706 2196 2944 2250 inferunt
2967 2198 3294 2266 persecutio-

1725 2298 1871 2339 nem.
1892 2281 2124 2338 Hom-itte
2156 2283 2293 2345 dicit.
2322 2284 2686 2356 singuiariter,
2719 2286 2843 2354 quia
2875 2302 3039 2341 unum
3075 2287 3202 2357 quid
3242 2288 3294 2342 in

1725 2374 1928 2429 malitia
1958 2383 2078 2429 sunt
2104 2391 2119 2441 ;
2146 2376 2362 2447 dignum
2394 2385 2477 2431 est
2516 2383 2696 2431 autem
2723 2376 3014 2447 utijudices
3038 2385 3092 2433 et
3115 2392 3295 2444 eruas.

1724 2468 1970 2536 quoniam
1999 2475 2054 2519 tu
2081 2481 2133 2521 es
2158 2466 2412 2535 fortitudo
2438 2483 2577 2531 mea,
2609 2467 2660 2522 id
2688 2476 2770 2522 εει
2802 2467 2957 2523 fortis
2979 2483 3097 2522 sum
3121 2482 3217 2537 per
3248 2478 3296 2523 te

1726 2569 1795 2609 ne
1846 2554 2090 2609 deliciam
2140 2555 2191 2608 in
2250 2554 2715 2620 tribulationibus,
2768 2557 2895 2629 etsi,
2938 2558 3063 2627 quia
3103 2559 3169 2613 de
3220 2559 3296 2614 eis

1727 2646 2036 2710 contristor,
2070 2646 2247 2701 minus
2292 2646 2478 2700 videar
2524 2662 2644 2702 esse
2682 2646 2973 2719 perfectus.
3010 2648 3297 2704 Praetentio

1729 2735 1926 2789 meriti.
1962 2732 2138 2800 Quare
2177 2750 2308 2805 ergo
2341 2751 2464 2789 cum
2496 2751 2581 2791 me
2617 2736 2696 2791 sic
2723 2736 2837 2806 jam
2866 2737 3062 2793 fortem
3099 2738 3296 2804 fecisti,

1728 2841 1809 2880 me
1831 2824 2085 2894 repulisti,
2113 2826 2165 2879 id
2196 2834 2279 2879 est
2314 2826 2459 2880 visus
2483 2842 2543 2881 es
2578 2842 2607 2879 a
2636 2828 2806 2896 gratia
2832 2827 3126 2897 repulisse?
3152 2829 3294 2883 scili-

1728 2925 1813 2973 cet
1838 2932 1997 2985 quare
2036 2917 2200 2970 tristis
2231 2917 2435 2981 incedo,
2468 2917 2518 2971 id
2550 2925 2635 2971 est
2660 2918 2749 2972 diu
2781 2932 2985 2972 maneo-
3007 2920 3298 2974 incedendo

1728 3008 1796 3062 de
1824 3007 2042 3061 tristitia
2079 3007 2131 3061 in
2170 3007 2476 3061 tristitiam?
2505 3009 2651 3075 dum,
2692 3008 2795 3063 hoc
2817 3017 2900 3063 est
2928 3009 3092 3079 quod,
3119 3010 3300 3080 αῇιὶςιξι

1728 3117 1809 3154 me
1830 3099 2070 3154 inimicus
2099 3099 2406 3154 omnimoda
2437 3098 2740 3159 alﬂictione.
2772 3100 2926 3168 Quod
2965 3111 3047 3156 est
3075 3101 3253 3155 dicere
3284 3116 3297 3152 :

70 3192 161 3246 bris
210 3192 282 3247 ab
328 3193 566 3248 inimicis
623 3207 725 3263 pro
771 3202 826 3248 te
864 3192 1046 3248 illatis.
1084 3192 1238 3247 Facit
1276 3198 1455 3246 autem
1498 3205 1627 3258 apo-
1658 3185 1697 3241 C
1731 3190 1861 3244 Cum
1884 3189 1996 3259 jam
2043 3202 2139 3259 per
2171 3188 2561 3254 fortitudinem,
2607 3204 2769 3258 quam
2817 3205 2845 3242 a
2891 3198 2943 3244 te
2984 3190 3156 3244 habeo
3195 3204 3298 3242 non

70 3284 325 3351 stropham
360 3284 426 3337 ad
452 3298 511 3339 se
539 3284 866 3340 consolando
897 3284 1133 3339 animam
1165 3298 1320 3338 suam
1352 3282 1425 3337 de
1453 3280 1623 3335 tristi-

70 3375 126 3425 tia
171 3390 299 3442 sua,
361 3375 438 3429 sic
468 3391 482 3428 :
516 3374 646 3429 Dico
691 3374 830 3444 quod
862 3374 1002 3428 Deus
1038 3382 1113 3429 est
1150 3381 1418 3441 susceptor
1456 3386 1625 3425 meus.

73 3464 192 3534 Ergo
216 3482 381 3536 quare
401 3467 569 3520 tristis
598 3481 651 3521 es
682 3466 842 3537 136
866 3467 1044 3520 anima
1068 3465 1221 3521 mea?
1241 3473 1290 3518 et
1320 3479 1483 3534 quare
1504 3479 1628 3516 con-

71 3556 234 3609 turbas
272 3556 391 3608 me?
419 3553 538 3609 Noli
579 3554 889 3610 contristari
917 3563 972 3609 et
1008 3553 1337 3610 conturbare
1374 3567 1481 3608 me.
1522 3551 1629 3607 Sed

70 3661 201 3710 spera
236 3646 289 3697 in
324 3645 455 3709 Deo,
478 3647 727 3715 quoniam
756 3645 929 3698 adhuc
959 3645 1242 3714 conﬁtebor
1267 3643 1368 3709 illi,
1397 3643 1629 3699 salutare

69 3735 229 3788 ratius
252 3735 348 3788 mei
366 3746 413 3790 et
438 3734 576 3789 Deus
606 3750 769 3790 meus.
804 3733 917 3793 Hoc
942 3744 1122 3789 autem
1153 3734 1264 3800 hic,
1292 3742 1351 3788 ut
1380 3733 1629 3803 superius

65 3823 358 3890 exponitur.

120 3912 427 3966 Notandum
469 3920 673 3976 autem,
707 3915 808 3967 hoc
833 3912 1080 3981 quamvis
1116 3910 1364 3980 superius
1392 3911 1631 3979 positum

70 4003 152 4064 sit,
180 4004 267 4057 hic
302 4004 467 4057 etiam
501 4018 605 4057 non
640 4002 907 4072 superﬂue
938 4004 1086 4072 poni,
1121 4017 1245 4057 cum
1274 4005 1341 4055 ad
1372 4002 1519 4055 aliud
1542 4017 1629 4070 pn-

70 4102 239 4155 natur,
262 4094 361 4149 hoc
392 4094 565 4148 etiam
596 4108 661 4147 ex
693 4093 979 4148 all‘eetione
1011 4093 1176 4147 nimia
1202 4092 1283 4147 sic
1312 4092 1625 4161 ingeminat.

69 4184 210 4244 Quod
246 4184 381 4238 enim
428 4182 671 4237 multum.
715 4183 1006 4250 desiderat,
1060 4182 1227 4238 semel
1273 4182 1475 4238 dixisse
1524 4197 1629 4237 nsn

71 4273 254 4328 Sufﬁcit

531 4362 596 4435 IN
638 4362 969 4419 PSALMUM
1010 4362 1148 4417 XLII

133 4454 335 4509 Titi-lus
359 4455 763 4524 quadragesimi
796 4456 1041 4511 secundi.
1083 4454 1331 4509 Paetums
1362 4455 1550 4519 David,
1580 4454 1631 4509 id

1725 3279 1909 3350 repelli
1945 3278 2356 3349 promeruerim,
2392 3278 2497 3332 noli
2538 3278 2797 3352 repellere
2825 3279 2904 3333 sic
2930 3287 2988 3333 ut
3027 3278 3093 3333 de
3121 3279 3298 3331 tribu-

1725 3371 2017 3425 lationibus
2042 3372 2238 3440 quibus
2268 3370 2335 3423 ab
2366 3371 2599 3426 inimicis
2636 3385 2733 3440 pro
2766 3380 2829 3425 te.
2851 3371 3075 3447 adliger,
3114 3371 3299 3425 dimit-

1727 3470 1808 3516 tas
1842 3475 1927 3516 me
1968 3461 2174 3516 tristem
2201 3460 2471 3516 incedere.
2505 3462 2631 3515 Dico
2659 3476 2675 3514 :
2692 3461 2877 3532 judico
2913 3477 3011 3515 me.
3043 3461 3111 3517 Et
3136 3461 3300 3514 etiam

1722 3550 2013 3622 judicando
2051 3552 2227 3606 emitte
2266 3552 2321 3606 in
2354 3565 2461 3617 me,
2504 3551 2558 3607 id
2604 3561 2690 3607 est
2731 3551 3016 3607 manifeste
3060 3554 3216 3607 mitte
3247 3553 3299 3606 in

1728 3657 1836 3708 me,
1870 3650 1931 3698 ut
1979 3641 2189 3712 plenius
2220 3655 2563 3711 cognoscam,
2618 3641 2783 3699 lucem
2816 3650 2986 3708 tuam,
3020 3643 3071 3696 id
3105 3651 3189 3697 est
3212 3659 3301 3697 sa-

1728 3732 1984 3802 pientiam
2015 3740 2184 3797 tuam,
2206 3746 2339 3801 qua:
2365 3730 2561 3787 dicitur
2587 3729 2687 3787 lux
2713 3740 2825 3797 tua,
2856 3746 2920 3786 eo
2947 3733 3086 3800 quod
3114 3733 3302 3786 huma-
3330 3769 3346 3782 .

1729 3836 1854 3876 nam
1883 3829 2134 3875 naturam
2175 3818 2275 3875 sibi
2304 3817 2657 3889 personaliter
2689 3819 2893 3873 unitam
2928 3819 3216 3887 illuminet,
3246 3822 3323 3897 εις

1730 3920 1914 3983 postea
1956 3911 2136 3966 omnia
2166 3908 2282 3977 ejus
2312 3910 2573 3978 membra,
2604 3909 2757 3978 juxta
2788 3910 2915 3965 illud
2954 3928 2968 3966 :
3006 3930 3023 3963 ι
3054 3912 3185 3966 Erat
3213 3911 3301 3964 lux

1730 4018 1877 4068 vera,
1905 4017 2023 4071 qua:
2057 4001 2323 4057 illuminat
2350 4015 2562 4057 onmem
2604 4002 2874 4056 hominem
2910 4002 3213 4057 venientem
3248 4002 3301 4055 in

1733 4096 1877 4150 hunc
1923 4093 2175 4147 mundum
2222 4092 2404 4163 (Joan.
2447 4108 2489 4159 ι,
2527 4093 2603 4165 9).
2634 4112 2654 4145 ι
2702 4093 2769 4146 Ει
2803 4094 2992 4148 emitte
3037 4094 3301 4145 veritatem

1733 4196 1902 4246 tuam,
1934 4184 1986 4238 id
2016 4192 2100 4238 est
2129 4183 2412 4237 manifeste
2442 4183 2595 4238 mitte
2624 4182 2677 4236 in
2712 4196 2796 4235 me
2821 4182 3101 4236 veritatem
3132 4189 3300 4243 tuam.

1736 4276 1787 4329 id
1830 4282 1912 4328 est
1951 4274 2240 4328 humanam
2289 4279 2559 4338 naturam,
2600 4280 2660 4325 ut
2698 4271 2819 4324 liam
2851 4271 2900 4325 ei
2928 4268 3220 4324 conformis
3247 4269 3300 4321 in

1734 4364 2163 4435 impassibilitate
2214 4372 2271 4417 ct
2318 4364 2373 4416 in
2420 4361 2842 4416 immortalitate.
2884 4360 3090 4415 Dicitur
3119 4368 3301 4413 autem

1735 4457 1854 4511 ideo
1881 4456 2115 4510 humana
2162 4460 2351 4506 natura
2374 4452 2593 4517 veritas,
2623 4451 2762 4520 quod
2790 4465 2911 4505 cum
2958 4450 3302 4519 impassibilis

68 4553 143 4596 est
195 4546 446 4602 Ecelesia:
515 4556 833 4618 martyrum.
888 4547 1150 4618 Superius
1195 4546 1410 4601 videtur
1454 4546 1629 4616 egisse
1656 4534 1708 4596 Β
1731 4547 1801 4602 sit
1836 4556 1892 4601 et
1920 4544 2256 4610 immortalis,
2288 4544 2498 4614 penitus
2532 4542 2988 4598 incommutabilis
3013 4551 3114 4596 εει.
3151 4542 3302 4597 Unde

70 4632 291 4691 Ecclesia
334 4645 682 4707 martyrum,
736 4638 1013 4708 suspirans
1060 4637 1114 4691 in
1169 4635 1625 4702 tribulationibus,

69 4723 220 4778 illatis
265 4726 333 4780 ab
385 4725 625 4782 inimicis
662 4725 753 4796 qui
791 4734 948 4782 extra
984 4725 1279 4783 Ecclesiam
1309 4735 1433 4778 sunt
1484 4742 1499 4779 :
1533 4724 1624 4793 qui

70 4816 221 4869 etiam
266 4817 520 4872 dixerunt
549 4816 634 4871 his
664 4835 678 4870 :
723 4833 743 4867 ι
781 4815 881 4873 Ubi
920 4825 1005 4873 εει
1030 4817 1177 4871 Deus
1207 4814 1363 4870 tuus?
1390 4832 1417 4867 ιη
1454 4811 1627 4885 (Psal.

69 4921 174 4967 ιιι,
226 4908 331 4976 ll.)
376 4907 483 4964 Hic,
530 4915 729 4971 autem,
760 4907 1002 4971 Ecclesia
1056 4916 1358 4978 martyrum
1402 4903 1516 4975 agit
1573 4904 1629 4960 in

72 4997 493 5053 tribulationibus
548 4997 808 5054 falsorum
860 4998 1099 5054 fidelium
1127 4998 1325 5069 posita,
1372 5010 1538 5052 orans
1573 5003 1633 5050 ut

74 5086 166 5157 Dei
190 5089 385 5155 judicio
421 5105 593 5153 causa
621 5105 717 5146 sua
746 5105 776 5144 a
803 5105 968 5146 causa
994 5091 1235 5161 ipsorum
1264 5089 1627 5155 discernatur,

72 5178 265 5236 srilicet
290 5192 349 5237 ut
400 5192 531 5240 tunc
575 5181 973 5248 manifestetur,
1005 5196 1124 5252 qua:
1160 5181 1341 5252 potior
1365 5181 1457 5246 sit,
1485 5180 1629 5250 quod

73 5284 208 5325 nunc
238 5288 264 5325 a
310 5272 498 5327 multis
541 5273 844 5341 ignoratur.
891 5273 1023 5328 Orat
1059 5273 1224 5327 etiam
1254 5280 1313 5326 ut
1343 5272 1412 5327 ab
1440 5286 1628 5326 eorum

75 5364 327 5417 consortio
359 5372 586 5419 eruatur
616 5374 738 5434 post
781 5365 1026 5434 corporis
1052 5363 1481 5427 dissolutionem,
1510 5378 1629 5432 quae

72 5450 221 5504 modo
248 5453 416 5506 multa
460 5453 664 5521 patitur
698 5468 796 5523 per
834 5454 1143 5509 eorumdem
1180 5453 1500 5519 infidelium,
1544 5453 1632 5507 cui

74 5544 343 5605 praesentia
391 5558 679 5612 corporum
718 5542 1002 5610 conjuncta
1041 5552 1145 5609 est,
1194 5543 1532 5611 iniquitatem
1580 5550 1635 5596 et

72 5628 415 5689 dolositatem.
435 5633 760 5689 Consolatur
784 5649 1000 5703 quoque
1028 5648 1086 5689 se
1113 5634 1178 5687 de
1202 5633 1636 5688 tribulationibus

70 5719 409 5789 suismullam
434 5725 871 5782 indchabendarn
889 5739 1008 5782 esse
1026 5724 1301 5781 tristitiam
1327 5725 1633 5781 ostendens.

1731 4640 1989 4708 scriptum
2006 4646 2122 4691 est:
2152 4653 2171 4687 ι
2202 4636 2352 4705 Apud
2379 4649 2537 4705 quem
2569 4649 2672 4687 non
2695 4643 2778 4687 est
2802 4633 3177 4687 transmutatio
3203 4648 3303 4686 nec

1729 4728 2120 4789 vicissitudinis
2149 4726 2485 4783 obumbratio
2521 4724 2664 4797 (Jac.
2700 4741 2739 4795 ι,
2784 4725 2895 4797 Π).
2930 4744 2949 4779 ι
2996 4725 3137 4779 Bene
3176 4739 3303 4781 vero

1731 4822 1882 4893 ponit
1900 4822 2097 4888 emitte,
2118 4820 2270 4890 quasi
2297 4819 2501 4875 diceret
2527 4838 2540 4872 :
2563 4818 2681 4873 Jam
2710 4819 2763 4873 in
2793 4832 2879 4874 me
2905 4817 3301 4874 misisti'lucem

1734 4920 1904 4977 tuam,
1942 4912 1995 4966 id
2040 4920 2123 4966 est
2155 4909 2514 4980 cognitionem
2559 4917 2615 4964 et
2655 4908 3127 4979 perspicacitatem
3166 4906 3304 4962 lucis

1734 5012 1842 5059 tua:
1867 5019 1882 5069 ;
1908 5003 2003 5058 sed
2031 5002 2259 5057 obscura
2281 5009 2365 5075 est
2390 5008 2444 5056 et
2476 4999 2632 5070 quasi
2664 5014 2760 5071 per
2785 4998 3083 5071 speculum.
3116 4996 3184 5051 Et
3213 5012 3303 5050 ve-

1735 5095 1948 5148 ritatem
1993 5092 2046 5148 in
2082 5106 2168 5147 me
2198 5091 2412 5156 misisti,
2445 5099 2506 5145 ut
2533 5089 2921 5160 aliquantulum
2955 5088 3003 5143 ei
3034 5088 3134 5141 sim
3168 5101 3300 5140 con-

1733 5184 1922 5241 formis
1958 5184 2012 5238 iu
2059 5181 2367 5238 virtutibus.
2401 5180 2557 5251 137
2594 5179 2699 5236 Sed
2736 5182 2787 5233 in
2814 5179 2998 5232 futuro
3031 5176 3223 5240 emitte,
3250 5174 3302 5228 id

1733 5284 1907 5330 estex
1945 5284 1995 5329 te
2024 5275 2076 5328 in
2108 5287 2192 5328 me
2223 5272 2374 5326 mitte
2405 5285 2420 5325 :
2449 5280 2527 5336 ut,
2554 5285 2673 5339 qute
2702 5268 2753 5322 in
2782 5277 2833 5322 te
2852 5264 3163 5319 abscondita
3194 5272 3297 5329 est,

1738 5368 1791 5422 in
1832 5383 1917 5423 me
1945 5365 2182 5435 plenarie
2226 5364 2342 5428 flat,
2386 5362 2437 5416 in
2468 5370 2728 5432 quantum
2759 5355 3011 5427 possibile
3054 5362 3157 5418 est,
3195 5355 3300 5409 sci-

1732 5451 1859 5506 licet
1883 5460 1940 5503 ιιι
1970 5450 2139 5502 lucem
2180 5447 2325 5500 illam
2371 5445 2608 5515 plenarie
2654 5455 3015 5510 cognoscam:
3048 5439 3099 5492 in
3131 5454 3305 5507 quan-

1737 5553 1847 5596 tum
1880 5540 2007 5595 mibi
2039 5537 2291 5609 possibile
2317 5546 2398 5592 est
2424 5548 2768 5604 cognoscere,
2812 5532 2902 5601 qui
2933 5547 3074 5586 nunc
3108 5544 3303 5601 cogno-

1736 5646 1830 5687 sco
1866 5645 1931 5685 ex
1973 5639 2144 5700 parte.
2191 5627 2258 5683 Et
2301 5627 2391 5696 qui
2420 5623 2713 5679 conformis
2755 5623 2994 5694 plenarie
3033 5639 3136 5677 non
3186 5639 3303 5675 sum

1740 5722 1952 5777 veritati
2020 5732 2142 5786 tua‘,
2194 5716 2453 5787 plenarie,
2502 5716 2555 5770 in
2600 5726 2858 5785 quantum
2894 5714 3147 5788 possibile
3198 5721 3299 5775 est,
