3838 6328
573 428 671 481 διε,

1138 425 1195 482 S.
1238 427 1585 485 BRUNONIS
1609 426 2254 491 CARTIIUSJANORUM
2297 427 2788 489 INSTITIJTORIS
2824 428 2972 487 OPP.
3021 427 3198 488 PARS
3235 430 3278 485 ι.
3672 435 3757 494 820

571 536 799 593 habeam
840 535 894 591 in
929 552 1013 593 me
1046 538 1478 593 conformitatem
1525 539 1790 607 veritatis,
1821 546 1879 594 ut
1902 537 2149 609 impassi-
2175 541 2225 601 Α
2253 539 2411 594 ritate
2437 547 2773 608 prmstantes,
2804 554 2900 609 per
2929 540 3131 610 scripta
3155 554 3250 594 sua
3279 551 3598 596 narraoerunt
3622 546 3755 604 nobis.

571 630 696 686 bilis
724 629 966 686 existens
1006 637 1062 686 et
1102 630 1423 686 immortalis
1452 631 1664 702 penitus
1696 628 2151 686 incommutabilis

568 719 821 776 existant.
1566 790 1569 793 ἢ

643 808 713 863 ΕΙ.
739 808 960 880 dignum
988 818 1144 864 estut
1164 810 1379 865 emittas
1400 809 1575 865 lucem
1596 816 1649 865 et
1674 809 1958 864 veritatem
1989 806 2041 860 in
2069 806 2151 860 fu-

572 912 715 959 turo.
748 902 874 974 Ipsa
896 904 1041 959 enim
1069 905 1157 958 lux
1194 914 1250 961 et
1274 905 1477 961 veritas
1505 921 1585 959 me
1614 905 1945 959 deduxerunt
1975 914 2021 959 et
2053 904 2144 957 ad~

569 993 855 1048 duxerunt.
881 993 1333 1065 Prtrposteratum
1365 1004 1448 1051 est
1476 1012 1489 1049 :
1528 995 1643 1065 ipsa
1670 1009 1755 1049 me
1786 996 2146 1061 adduxerunt,

572 1084 626 1138 id
652 1093 737 1139 est
763 1083 1033 1149 Christus,
1056 1085 1149 1154 qui
1167 1085 1256 1140 lux
1282 1095 1365 1142 est
1394 1087 1690 1143 secundum
1718 1086 2075 1150 divinitatem,
2095 1094 2151 1140 et

574 1174 774 1230 veritas
801 1178 1094 1230 secundum
1123 1177 1535 1244 humanitatem,
1570 1192 1656 1232 me
1682 1177 1908 1233 adduxit
1936 1177 2000 1233 de
2020 1191 2151 1232 con-

573 1265 714 1321 valle
760 1266 964 1322 erroris
1014 1268 1069 1321 in
1120 1279 1347 1333 montem
1396 1278 1635 1323 sanctum
1687 1279 1858 1324 tuum.
1914 1269 2149 1340 Exponit

572 1365 753 1410 autem
785 1357 838 1411 in
868 1372 1027 1427 quem
1052 1368 1315 1425 montem,
1344 1375 1464 1415 cum
1492 1360 1770 1431 subjungit
1797 1371 1845 1415 et
1886 1361 1941 1416 in
1974 1362 2147 1416 taber-

571 1448 760 1502 nacula
787 1459 877 1503 tua
904 1466 923 1505 :
955 1451 1087 1507 Dico
1116 1451 1346 1509 invillum
1388 1463 1613 1508 montem
1652 1453 1704 1506 in
1734 1469 1841 1523 quo
1869 1465 1996 1510 sunt
2022 1470 2148 1524 per—

570 1538 699 1594 fecti
741 1540 1035 1598 militantes
1090 1543 1205 1609 tibi,
1256 1543 1462 1599 scilicet
1497 1544 1553 1600 in
1590 1543 1929 1600 altitudinem
1976 1546 2145 1609 virtu~~

572 1642 708 1699 tum,
738 1648 834 1702 per
863 1649 1025 1703 quam
1062 1635 1322 1691 dimicant
1347 1645 1539 1693 contra
1569 1638 1718 1693 vitia.
1760 1639 1826 1695 Et
1856 1648 2146 1710 postquam

569 1726 662 1780 lux
684 1736 738 1782 et
758 1728 960 1783 veritas
983 1729 1316 1787 adduxerunt
1344 1747 1424 1785 me
1444 1746 1463 1785 :
1491 1732 1817 1794 deduxerunt
1840 1746 2055 1804 quoque
2080 1730 2147 1789 de

569 1818 713 1876 bono
764 1822 819 1874 in
872 1821 1085 1888 melius,
1130 1831 1185 1877 et
1231 1838 1582 1893 perseverare
1630 1823 1877 1880 fecerunt
1930 1826 1985 1880 in
2032 1826 2148 1895 ipso

2250 630 2318 686 Et
2348 645 2452 686 non
2483 630 2585 686 tale
2611 631 2739 700 quid
2763 641 3140 697 narraverunt,
3163 632 3309 701 quod
3334 633 3619 703 ignorarent
3643 654 3656 702 ;
3686 640 3760 694 sed

2256 738 2379 791 Dpus
2419 722 2560 785 quod
2598 731 2841 791 operatus
2886 738 2940 776 es
2985 722 3040 776 in
3077 722 3258 776 diebus
3290 738 3487 783 eorum.
3520 726 3646 793 quod
3682 727 3762 797 ipsi

2250 810 2420 866 oculis
2450 811 2718 866 viderunt.
2750 810 2828 866 Ne
2855 826 2983 867 vero
3010 820 3295 882 putaretur
3318 829 3445 883 opus
3474 813 3592 869 illud
3615 832 3764 885 open»

2249 911 2335 971 lus
2364 901 2529 957 fuisse
2555 902 2609 957 in
2644 902 2825 956 diebus
2863 918 2970 958 non
3006 904 3353 973 antiquorum
3379 903 3603 969 Patrum,
3628 907 3762 963 addit.

2250 996 2351 1071 Et,
2371 998 2424 1051 id
2450 1006 2535 1052 est
2562 996 2795 1064 scilicet,
2814 997 2869 1050 in
2894 998 3075 1053 diebus
3100 998 3330 1066 antiquis
3352 1006 3579 1067 operatus
3602 1015 3648 1053 es
3666 1016 3768 1069 aptis

2250 1087 2414 1143 istud.
2444 1086 2590 1142 Bene
2618 1102 2749 1142 vero
2775 1087 2996 1157 apponit
3040 1104 3201 1157 opus,
3247 1096 3308 1142 ut
3350 1088 3533 1145 innuat
3566 1089 3656 1145 hoc
3682 1106 3769 1143 ma-

2249 1192 2413 1247 gnum
2451 1177 2581 1247 quid
2626 1176 2795 1233 fuisse
2834 1176 2978 1247 quod
3016 1192 3142 1237 cum
3183 1178 3262 1233 eis
3308 1177 3436 1233 fecit
3479 1177 3627 1235 Deus.
3664 1179 3771 1234 Illud

2249 1269 2391 1324 enim
2429 1269 2570 1337 quod
2618 1284 2870 1340 magnum
2911 1278 3017 1334 est,
3048 1286 3178 1340 opus
3219 1276 3275 1325 et
3316 1270 3580 1337 negotium
3613 1287 3773 1330 vocare

2248 1359 2897 1430 eonsuevimus.‘Exponit
2924 1369 3103 1416 autem
3132 1362 3275 1430 quod
3302 1378 3452 1431 opus,
3476 1376 3591 1417 cum
3616 1362 3770 1431 adjun-

2248 1451 2363 1521 git:
2402 1450 2505 1506 hoc
2548 1450 2758 1507 scilicet
2795 1453 2939 1521 quod
2981 1469 3167 1507 nianus
3209 1462 3325 1518 tua,
3372 1454 3425 1508 id
3466 1462 3545 1509 est
3577 1456 3773 1524 potentia

2251 1551 2364 1607 tua,
2393 1550 2568 1612 gentes
2599 1543 2908 1613 disperdidit
2946 1558 2965 1598 :
2993 1541 3289 1598 Gebusaeos
3317 1542 3523 1599 scilicet
3544 1553 3595 1599 et
3614 1544 3772 1599 Amor-

2250 1633 2432 1698 rheos,
2454 1640 2508 1686 et
2531 1631 2850 1713 Phereseos,
2879 1633 3115 1704 138a
3135 1644 3362 1690 emeras
3389 1644 3570 1703 gentes
3586 1636 3644 1690 de
3663 1645 3775 1688 terra

2249 1722 2627 1791 promissionis
2677 1742 2689 1777 :
2731 1733 2779 1778 et
2829 1723 2937 1779 illis
2975 1724 3229 1804 gentibus
3264 1724 3548 1795 dispersis,
3596 1726 3645 1781 in
3684 1724 3777 1779 loco

2252 1814 2466 1885 illarum
2514 1814 2765 1884 plantasti
2812 1832 2899 1870 eos
2938 1823 3142 1885 patres.
3180 1816 3317 1880 Cum
3359 1816 3508 1880 dicit,
3554 1816 3776 1886 plautasti,

571 1918 773 1966 monte.
818 1910 929 1966 Iloe
954 1926 1082 1968 vero
1111 1914 1255 1981 quod
1286 1916 1485 1981 oravit,
1510 1916 1702 1982 emitte,
1733 1924 1863 1981 etc.,
1892 1932 1958 1973 ex
1986 1919 2150 1973 certi.-

2257 1906 2446 1973 innuit,
2490 1906 2572 1960 sic
2617 1905 2691 1961 ibi
2743 1920 2837 1961 eos
2884 1906 3085 1976 posuit,
3142 1914 3202 1961 ut
3250 1905 3709 1975 multiplicarentur
3736 1914 3778 1957 et

569 2000 757 2057 tudine
801 2017 973 2071 quam,
1002 2003 1167 2060 habet
1204 2006 1471 2075 promittit
1514 2022 1573 2063 se
1612 2009 1952 2079 adepturum,
1999 2020 2058 2065 ut
2098 2019 2152 2065 et

569 2106 670 2146 nos
718 2093 785 2148 ad
828 2095 1092 2152 orandum
1138 2097 1333 2154 invitet
1370 2099 1620 2169 exemplo
1662 2100 1768 2165 sui,
1811 2109 1871 2156 ut
1901 2102 2151 2158 similiter

570 2179 953 2251 adipiscamur.
1014 2184 1146 2241 Dico
1177 2187 1319 2256 quod
1350 2204 1428 2242 me
1458 2189 1793 2244 adduxerunt
1834 2200 1881 2245 et
1922 2191 2152 2246 deduxe.

569 2282 717 2328 runt.
756 2272 823 2328 Et
864 2289 961 2345 per
986 2277 1088 2335 hoc
1118 2281 1261 2348 quod
1282 2280 1395 2350 jam
1426 2282 1691 2337 adductus
1721 2298 1842 2337 sum
1877 2302 1889 2337 :
1923 2286 2149 2339 iutroibo

569 2363 627 2419 in
670 2364 968 2439 futuro,,'id
1008 2379 1090 2425 est
1117 2371 1377 2428 admittar
1405 2375 1474 2427 ad
1510 2374 1678 2430 altare
1718 2375 1829 2439 Dei,
1871 2377 1925 2433 id
1953 2386 2037 2433 est
2081 2380 2163 2434 ad.

570 2457 831 2524 intuitum,
850 2470 906 2515 et
930 2462 1366 2521 conformitatem
1391 2466 1657 2523 Dominici
1690 2468 1928 2525 hominis
1958 2488 1972 2523 :
2005 2473 2151 2539 quod

569 2546 739 2613 altare
768 2549 863 2605 Dei
907 2552 1128 2620 dicitur,
1160 2569 1226 2611 eo
1256 2557 1398 2626 quod
1438 2557 1491 2613 in
1521 2572 1605 2623 eo,
1637 2559 1691 2615 id
1719 2570 1804 2615 est
1830 2562 1883 2616 in
1908 2562 2025 2631 ejus
2048 2563 2153 2618 fide

570 2640 840 2698 sacriﬁcia
864 2646 1044 2702 omnia
1074 2647 1184 2703 Deo
1210 2663 1239 2702 a
1267 2648 1516 2705 ﬁdelibus
1538 2648 1859 2706 offeruntur.
1896 2652 2149 2723 Alioquin

570 2744 749 2790 autem
776 2735 988 2790 inutilia
1018 2746 1222 2794 essent.
1245 2739 1312 2793 Et
1332 2754 1429 2809 per
1452 2741 1625 2811 ipsum
1652 2743 1839 2811 altare,
1866 2746 1919 2801 id
1948 2754 2033 2801 est
2054 2760 2151 2816 per

569 2826 1006 2883 conformitatem
1032 2838 1086 2885 et
1113 2833 1416 2888 contuitum
1451 2834 1568 2902 ejus
1598 2835 1836 2894 introibo
1863 2839 1933 2892 ad
1960 2839 2149 2908 Deum,

572 2917 624 2971 id
655 2930 739 2973 est
768 2920 834 2973 ad
869 2921 1233 2989 cognitionem
1268 2932 1324 2979 et
1353 2926 1603 2981 subtilem
1638 2929 2151 2998 contemplationem

571 3009 892 3067 divinitatis.
937 3013 1105 3069 Deum
1148 3014 1291 3083 dico,
1321 3017 1411 3086 qui
1439 3017 1695 3087 lwtiﬁcat,
1724 3017 1884 3075 idest
1912 3021 2152 3077 laetifica—

570 3101 650 3155 Iiit
703 3110 827 3159 tunc
861 3104 1186 3174 juventutem
1232 3124 1422 3174 meant,
1467 3109 1520 3165 id
1553 3110 1754 3180 estqui
1787 3112 2149 3190 mejnvenem

570 3192 705 3247 facit
744 3203 805 3249 et
844 3211 1063 3265 novum,
1100 3199 1282 3255 carnis
1324 3201 1543 3256 sordida
1575 3211 1842 3259 vetustate
1883 3205 2146 3274 deposita,

2254 2006 2584 2062 crescerent,
2615 2013 2721 2052 non
2754 2006 2813 2053 ut
2840 1998 3022 2063 statim
3057 1998 3183 2055 inde
3213 1998 3553 2054 discederent
3581 2013 3642 2051 :a
3662 1998 3780 2052 simi-

2252 2088 2479 2143 litudine
2500 2087 2681 2143 herba:
2719 2089 2803 2143 vel
2836 2089 3068 2156 arboris,
3096 2105 3216 2161 qua:
3246 2089 3455 2147 alicubi
3478 2090 3781 2159 plantaturut

2251 2180 2326 2234 ibi
2357 2188 2588 2235 crescat.

2322 2268 2588 2335 Quoniam
2638 2278 2821 2327 autem
2865 2271 3123 2327 dixerat:
3159 2272 3495 2341 disperdidit,
3534 2285 3597 2327 ne
3631 2271 3781 2325 crede-

2252 2367 2440 2415 rentur
2463 2360 2699 2430 ignavia,
2728 2370 2923 2427 tnetus,
2951 2370 3047 2416 aut
3076 2361 3412 2432 negligentia
3443 2370 3593 2417 terra:
3618 2360 3784 2428 disper-

2252 2467 2346 2517 sae,
2377 2450 2445 2506 ad
2485 2452 2981 2523 augmentationem
3012 2452 3270 2523 potentia:
3314 2452 3434 2515 Dei,
3472 2461 3526 2507 et
3562 2461 3614 2504 ut
3649 2449 3784 2516 major

2252 2544 2323 2601 sit
2354 2544 2599 2613 quaestio,
2647 2545 2792 2614 ipsas
2847 2552 3023 2614 gentes
3054 2541 3345 2600 alllictione
3391 2542 3524 2597 dicit
3554 2540 3782 2610 expulsas,

2252 2637 2359 2702 sic;
2380 2637 2502 2691 dico
2527 2654 2542 2691 :
2573 2635 2767 2695 Manus
2790 2646 2881 2689 tua
2903 2644 3076 2705 gentes
3103 2633 3441 2705 disperdidit.
3465 2632 3555 2688 Sic
3578 2631 3780 2688 scilicet:

2251 2728 2493 2799 Aﬂlixisti
2532 2727 2753 2797 populos
2791 2726 2947 2785 bellis
2977 2735 3033 2781 et
3070 2726 3192 2780 aliis
3223 2725 3413 2780 multis
3453 2723 3716 2779 cladibus:
3747 2730 3782 2774 tt

2250 2819 2331 2875 sic
2360 2817 2604 2886 expulisti
2636 2833 2723 2871 eos
2754 2818 2819 2873 de
2849 2825 2991 2872 terra
3021 2816 3405 2887 promissionis
3434 2834 3446 2868 :
3477 2814 3614 2871 Gens
3643 2822 3689 2867 et
3712 2827 3784 2882 po-

2251 2909 2427 2981 pulus,
2452 2909 2540 2963 hic
2578 2907 2720 2967 idem
2751 2907 3078 2978 significant.
3110 2905 3263 2974 Quod
3288 2916 3377 2960 est
3404 2906 3615 2960 dicere:
3644 2902 3786 2958 Multi-

2253 3001 2410 3058 moda
2450 2999 2741 3056 alllietione
2766 2998 3014 3070 expulisti
3043 2998 3267 3070 populus
3297 2998 3443 3053 illos.
3479 2996 3678 3052 Diceret
3709 2994 3786 3047 ali-

2250 3092 2373 3161 quis
2400 3106 2415 3145 :
2447 3090 2625 3158 Quare
2646 3090 2783 3146 dicis
2803 3090 2949 3159 quod
2974 3090 3069 3145 Dei
3092 3104 3287 3143 manus
3309 3100 3503 3159 gentes
3526 3085 3786 3156 disperdidit

2251 3193 2307 3238 et
2328 3178 2562 3254 afﬂixit?
2598 3180 2791 3237 Nonne
2828 3182 2928 3251 ipsi
2962 3189 3146 3251 patres
3189 3180 3348 3239 bellis
3389 3195 3484 3236 eas
3512 3180 3785 3235 afﬂixerunt,

573 3284 661 3339 vel
687 3285 1050 3356 laztiﬁcatjam
1080 3304 1176 3359 spe
1187 3290 1516 3358 juvenlutem
1542 3308 1732 3361 meam,
1764 3295 1817 3350 id
1845 3306 1929 3350 es;
1954 3268 2042 3350 'me
2065 3268 2224 3363 jULC
2255 3288 2310 3332 et
2338 3276 2418 3332 sic
2452 3284 2653 3332 terram
2688 3273 2792 3329 sibi
2830 3273 3232 3344 acquisierunt?
3267 3272 3352 3327 Ad
3390 3273 3496 3328 hoc
3527 3279 3790 3363 autemst:-

572 3392 760 3434 venem
795 3378 1057 3434 futurum.

646 3472 779 3525 Cum
809 3472 940 3526 dicit
970 3474 1215 3539 introibo,
1243 3476 1416 3530 innuit
1443 3492 1554 3532 rem
1580 3487 1869 3543 secretam,
1895 3487 1949 3533 et
1978 3479 2153 3535 adhuc

578 3564 733 3617 nobis
764 3565 1091 3634 incognitam
1119 3581 1237 3621 esse
1264 3585 1275 3619 :
1312 3567 1539 3623 introire
1567 3569 1711 3625 enim
1745 3570 1795 3622 in
1827 3579 2035 3623 secreta
2067 3570 2151 3624 di-

577 3654 771 3706 cimur.
820 3653 950 3708 Dico
979 3656 1121 3723 quod
1154 3664 1281 3711 tunc
1307 3658 1533 3711 introibo
1562 3671 1580 3709 :
1606 3657 1674 3714 Et
1700 3667 1759 3713 ut
1787 3659 2012 3715 introire
2042 3675 2155 3715 me-

576 3758 718 3808 rear,
738 3743 825 3799 hic
848 3743 1088 3812 interim,
1112 3761 1143 3799 ο
1165 3739 1323 3813 Deus,
1343 3748 1432 3817 qui
1451 3762 1508 3803 es
1532 3749 2152 3805 comnmniteromninm

578 3837 717 3892 Deus
755 3846 811 3892 et
841 3848 1074 3905 creator,
1121 3849 1177 3894 et
1206 3828 1347 3894 Deus
1381 3856 1526 3895 meus
1556 3857 1667 3912 pra:
1697 3842 2022 3909 inlidelibus,
2067 3844 2152 3898 cui

575 3932 770 3987 obedio
798 3932 1029 3998 scilicet,
1060 3934 1344 4002 conﬁtebor
1388 3920 1502 3997 tibi,
1533 3935 1585 3989 id
1617 3944 1701 3990 est
1744 3935 1975 3990 laudabo
2019 3946 2069 3990 te
2100 3937 2155 3990 in

574 4026 799 4089 cit/mra,
830 4027 882 4080 id
917 4034 1002 4080 est
1033 4028 1085 4082 iu
1119 4026 1537 4082 mortificatione
1570 4028 1773 4093 carnis,
1802 4029 2018 4098 quando
2055 4043 2154 4096 pro

576 4127 629 4172 te
674 4132 713 4171 at
747 4117 1182 4173 tribulationibus
1209 4118 1373 4173 illatis
1404 4118 1835 4174 mortiﬁcabitur.
1881 4118 1959 4172 Tu
2002 4134 2149 4185 vero,

574 4213 751 4267 anima
779 4229 914 4277 mea,
934 4212 1367 4282 quandoquidem
1388 4227 1484 4281 per
1506 4210 1878 4266 tribulationes
1902 4211 2154 4265 introitu-

574 4317 669 4357 rus
699 4318 840 4367 sum,
870 4317 1032 4371 quare
1053 4301 1217 4355 tristis
1248 4318 1299 4354 es
1323 4301 1375 4355 in
1411 4300 1880 4355 tribulationibus?
1902 4300 1968 4354 Et
1994 4317 2155 4371 quare

573 4412 672 4466 per
695 4396 969 4452 tristitiam
1000 4397 1279 4449 conturbas
1309 4395 1426 4449 me?
1448 4394 1568 4449 Noli
1594 4394 1906 4450 contristari
1936 4402 1990 4448 et
2025 4408 2154 4448 con—

577 4487 797 4542 turbare
828 4503 913 4542 me
937 4502 951 4540 :
979 4488 1072 4559 sed
1111 4502 1264 4556 spera
1292 4487 1347 4540 in
1384 4485 1514 4549 Deo,
1541 4486 1791 4556 quoniam
1837 4484 2009 4538 adhuc
2035 4500 2155 4536 con-

575 4578 760 4641 ﬁtebor
801 4577 879 4630 illi
923 4577 1156 4631 salutare
1202 4575 1375 4631 rullus
1418 4577 1519 4630 mei
1559 4585 1605 4629 et
1648 4574 1788 4629 Deus
1834 4592 1997 4645 utens.
2040 4574 2152 4630 IIuc

577 4677 754 4722 autem
782 4677 840 4722 ut
872 4668 921 4722 in
956 4669 1219 4739 superiori
1246 4668 1461 4724 Psahno
1489 4668 1795 4737 exponitur.

938 4770 943 4779 ’
1038 4758 1463 4814 IN‘PSALMUS
1502 4757 1683 4813 XLIII.

647 4847 845 4901 Psalmi
881 4848 1037 4919 hujus
1068 4849 1469 4917 quadragesimi
1501 4850 1640 4904 tertii
1679 4847 1866 4903 titulus
1896 4848 2035 4902 idem
2074 4855 2157 4901 est

577 4942 669 5012 qui
723 4939 921 4995 Psalmi
968 4941 1364 5010 quadragesimi
1426 4941 1607 5012 primi.
1669 4939 1734 4994 In
1783 4940 1937 5006 ﬁnem
1998 4938 2155 4993 intel-

575 5038 762 5099 lectus,
795 5043 887 5088 aut
913 5033 982 5088 ad
1016 5031 1332 5087 intellectum
1373 5034 1498 5101 ﬁliis
1527 5033 1711 5087 Cliore.
1759 5032 1826 5086 Et
1855 5040 2159 5100 exponetur

576 5137 633 5181 ut
669 5126 799 5180 illic.
840 5124 937 5180 Est
964 5124 1108 5179 enim
1135 5138 1236 5179 vox
1268 5124 1521 5179 Ecclesiae
1548 5123 1817 5193 praecipue
1850 5131 2154 5195 martyrum

576 5221 902 5276 imitantium
946 5218 1146 5274 Christi
1174 5219 1478 5289 passionem
1510 5232 1630 5287 quae
1664 5232 1758 5287 per
1783 5216 1958 5272 Cbore
1987 5216 2156 5287 signi-

578 5316 798 5379 fucatur;
851 5322 907 5370 et
958 5312 1296 5383 precantium
1346 5327 1443 5381 per
1490 5308 1765 5383 Christum
1820 5307 2039 5363 liberari
2086 5309 2155 5363 ab

575 5409 833 5473 inimicis,
874 5406 1179 5479 priesertim
1224 5406 1285 5476 in
1326 5404 1412 5458 die
1456 5400 1667 5471 judicii.
1720 5399 1875 5456 Unde
1910 5401 2097 5455 dicunt
2139 5418 2151 5452 :

645 5502 812 5565 Deus,
841 5501 1060 5554 auribus
1090 5500 1281 5553 nostris
1310 5496 1626 5550 audivimus.
1654 5493 1797 5550 Bene
1831 5492 1983 5562 ponit
2009 5493 2156 5546 auri-

577 5596 669 5647 bus
694 5594 905 5648 nostris.
934 5591 1098 5659 Quasi
1125 5591 1268 5645 dieat
1295 5607 1307 5642 :
1330 5586 1447 5642 Non
1467 5601 1563 5656 per
1587 5584 1795 5641 somnia
1824 5582 2150 5647 audivimus,

579 5699 753 5752 neque
794 5699 892 5753 per
929 5683 1305 5755 cogitationes,
1345 5681 1438 5737 sed
1479 5677 1695 5731 auribus
1731 5675 1943 5740 nostris,
1980 5673 2032 5727 id
2072 5682 2154 5728 est

581 5774 883 5830 (ertissime
907 5777 1201 5843 audivipms
1225 5788 1241 5824 :
1273 5772 1338 5827 Et
1370 5786 1475 5827 non
1498 5769 1793 5824 audivimus
1817 5780 1846 5819 a
1883 5763 2153 5833 qualibus-

582 5877 793 5934 cunque
814 5864 1193 5921 rccitatoribus
1228 5883 1238 5918 :
1269 5866 1374 5919 bed
1400 5872 1572 5934 patres
1601 5860 1785 5923 nostri,
1826 5855 1924 5911 viri
1966 5860 2151 5909 aucto-

2258 3368 2443 3439 quitur
2476 3367 2706 3422 remotio
2748 3365 2830 3421 sic
2876 3384 2889 3418 :
2940 3365 3078 3421 Vere
3120 3380 3310 3418 manus
3361 3373 3461 3418 tua
3508 3360 3791 3432 disperdidit.

2259 3462 2382 3515 Non
2413 3462 2550 3516 enim
2578 3459 2677 3527 ipsi
2706 3468 2889 3527 patres
2914 3457 3267 3527 possederunt
3297 3466 3505 3510 terram
3526 3451 3793 3525 promissio-

2256 3554 2340 3609 nis
2363 3553 2417 3605 iu
2441 3552 2619 3624 gladio
2653 3566 2774 3616 suo,
2804 3551 2858 3604 id
2887 3558 2971 3604 est
2995 3564 3091 3618 per
3116 3547 3354 3618 gladium
3394 3562 3550 3603 suum
3581 3561 3596 3600 :
3637 3554 3679 3598 et
3701 3544 3794 3595 bra-

2255 3645 2429 3699 chium
2455 3658 2630 3704 suum,
2662 3641 2714 3696 id
2743 3648 2827 3695 est
2856 3639 3117 3694 fortitudo
3147 3653 3265 3702 sua,
3297 3654 3408 3691 non
3437 3628 3795 3691 salvariteosab

2256 3738 2496 3806 ipsarum
2520 3733 2765 3805 gentium
2804 3731 2958 3787 bellis
2984 3741 3040 3786 et
3065 3729 3273 3785 insidiis
3301 3747 3314 3782 :
3345 3730 3445 3783 sed
3479 3730 3678 3782 dextera
3707 3736 3795 3783 tua,

2256 3827 2309 3879 id
2337 3833 2419 3879 est
2449 3822 2780 3894 prosperitas
2812 3820 3051 3876 victoriae
3073 3835 3170 3889 per
3201 3828 3252 3873 te
3281 3821 3459 3883 datae;
3495 3828 3541 3872 et
3574 3814 3796 3870 brachium

2255 3928 2425 3981 tuum,
2458 3916 2510 3970 id
2550 3924 2634 3970 est
2673 3913 2932 3967 fortitudo
2964 3921 3083 3977 tua;
3124 3921 3171 3965 et
3194 3910 3520 3965 illuminatio
3547 3905 3796 3965 vultustui,

2258 4011 2308 4065 id
2345 4019 2428 4065 est
2462 4009 2699 4065 lucidum
2732 4007 3016 4064 consilium
3062 4007 3342 4077 sapientia:
3387 4015 3497 4061 tua:
3533 4003 3611 4059 vel
3649 3999 3797 4071 gratia:

2258 4112 2383 4166 tum,
2407 4100 2755 4156 salvaverunt
2785 4113 2898 4154 eos.
2934 4097 3124 4152 Vultus
3152 4097 3241 4151 hic
3266 4111 3368 4165 pro
3400 4096 3575 4168 gratia
3601 4091 3795 4163 ponitur.

2256 4194 2383 4265 quia
2413 4194 2465 4248 in
2496 4193 2645 4247 vultu
2676 4205 2817 4261 saepe
2842 4190 3015 4260 gratia
3041 4188 3323 4258 etijuslibet
3353 4195 3537 4258 potest
3560 4180 3795 4240 denotari:

2258 4286 2383 4341 Sive
2406 4284 2501 4340 Dei
2532 4282 2817 4354 sapientia,
2850 4281 2903 4335 id
2942 4288 3025 4335 est
3057 4280 3149 4335 Dei
3182 4278 3344 4343 ﬁlius,
3385 4279 3561 4332 vultus
3591 4274 3674 4329 Dei
3704 4271 3801 4323 ilia-

2256 4380 2476 4433 minatio
2515 4378 2754 4439 dicitur,
2810 4390 2876 4431 eo
2920 4374 3062 4443 quod
3111 4388 3208 4443 per
3257 4362 3378 4439 ejus
3434 4369 3685 4425 visibilem
3724 4364 3800 4417 hu-

2259 4471 2575 4525 manitatem
2629 4467 2828 4522 mundo
2878 4466 3058 4521 Patris
3106 4464 3397 4519 invisibilis
3454 4462 3632 4518 Deitas
3680 4458 3801 4512 ἰιιηυο

2260 4564 2384 4629 tuit,
2415 4562 2586 4618 'sicut
2634 4562 2689 4615 in
2737 4560 2886 4615 vultu
2944 4574 3091 4629 saepe
3139 4557 3322 4613 cordis
3383 4563 3596 4613 secreta
3646 4550 3802 4617 digno-

2260 4667 2503 4714 SCllllllll‘.

2332 4748 2397 4805 Et
2439 4758 2660 4820 propter
2699 4762 2888 4804 eorum
2929 4740 3120 4800 merita
3158 4758 3261 4797 non
3297 4756 3396 4797 eos
3438 4737 3696 4801 salvasti;
3731 4730 3807 4785 sed

2261 4849 2510 4920 quoniam
2544 4845 2903 4916 complacuisti
2935 4842 3027 4897 tibi
3069 4843 3124 4895 in
3166 4840 3259 4903 eis,
3295 4839 3347 4893 id
3378 4847 3484 4900 est,
3524 4826 3806 4903 complacttil

2261 4940 2359 4996 tibi
2394 4940 2448 4994 in
2482 4939 2561 4994 eis
2586 4936 2880 4992 salvandis.
2923 4933 3074 5001 Quod
3101 4940 3183 4986 est
3223 4931 3406 4986 dicere
3438 4946 3453 4981 :
3491 4927 3616 4983 Solo
3643 4920 3805 4994 placito

2264 5032 2650 5099 misericordiae
2678 5044 2773 5086 eos
2796 5028 3039 5097 salvasti.
3064 5025 3159 5081 Vel
3189 5025 3268 5079 sic
3296 5039 3311 5077 :
3337 5024 3485 5078 Vere
3512 5022 3709 5075 dextero
3734 5023 3805 5065 tua

2260 5142 2306 5186 et
2338 5128 2606 5184 brachium
2652 5135 2698 5179 et
2727 5122 3043 5176 illuminatio
3071 5120 3125 5173 in
3167 5132 3355 5173 eorum
3395 5115 3572 5171 salute
3608 5116 3809 5202 opera-tat

2260 5231 2406 5279 sunt.
2442 5220 2505 5273 Et
2533 5218 2671 5272 adeo
2709 5211 3016 5285 manifeste,
3055 5208 3197 5279 quod
3228 5222 3327 5277 per
3353 5206 3459 5260 hoc
3489 5195 3809 5271 eomplcruisti

2260 5313 2381 5368 aliis
2400 5310 2651 5381 gentibus
2678 5308 2729 5361 in
2753 5306 2833 5360 eis
2858 5302 3097 5367 salvatis,
3130 5300 3183 5354 id
3206 5307 3308 5363 est,
3335 5299 3388 5352 in
3411 5308 3601 5362 comm
3628 5296 3808 5381 patrum

2260 5374 2579 5458 salvaiioiie.
2614 5394 2767 5462 Quod
2795 5402 2879 5449 est
2906 5394 3090 5446 dicere
3124 5408 3136 5443 :
3184 5388 3321 5451 Aliis
3349 5397 3568 5455 quoque
3595 5374 3810 5451 gentibus

2259 5490 2569 5546 videntibus
2604 5495 2656 5539 te
2693 5499 2881 5539 eorum
2916 5481 3147 5536 salutem
3177 5474 3391 5549 operari
3435 5472 3655 5543 placuit,
3690 5474 3740 5519 ut
3772 5470 3811 5513 te

2260 5596 2446 5638 verum
2480 5580 2645 5639 Deum
2681 5588 2805 5629 esse
2841 5578 3253 5643 cognoscerent,
3292 5575 3350 5649 ut
3380 5563 3603 5633 quidam
3639 5554 3809 5649 dixisse

2262 5674 2513 5740 teguntur
2547 5681 2561 5720 :
2594 5684 2612 5717 ι
2650 5664 2767 5719 Non
2806 5673 2891 5719 est
2939 5661 3077 5716 alius
3107 5658 3266 5719 Deus,
3312 5647 3515 5726 praeter
3556 5647 3807 5738 Dominum

2262 5763 2429 5815 Deum
2468 5755 2635 5811 Israel
2674 5754 2836 5823 (Dan.
2873 5767 2955 5816 tn,
2994 5750 3105 5819 17).
3147 5768 3167 5801 ι
3212 5746 3330 5800 Dixi
3370 5740 3518 5811 quod
3556 5746 3724 5809 patres
3745 5742 3807 5782 διε

2263 5849 2520 5932 salvast];
2538 5846 2613 5901 Tu
2636 5863 2688 5900 cs
2723 5846 2828 5915 ipse
2851 5845 2939 5913 qui
2968 5857 3060 5899 eos
3082 5838 3322 5906 salvasti,
3351 5851 3442 5889 rex
3464 5847 3609 5887 meus
3629 5839 3672 5885 et
3694 5823 3807 5879 Dm
