3838 6328
1004 339 1368 403 nxrosrrto
1409 344 1474 400 1N
1509 346 1847 406 PSALMOS.
1885 323 1956 393 ᾳ
1993 353 2186 412 PSAL.
2226 358 2407 415 xuii.

3251 368 3354 428 829
3399 372 3408 382 ’

139 459 274 508 utens,
297 441 456 548 idest
485 453 540 500 te
567 457 754 518 reputo
779 463 962 521 regem
987 467 1164 510 meum
1195 465 1250 511 et
1279 457 1446 512 Deum
1469 475 1670 524 meum,
1703 463 1749 519 Α
1777 479 1882 519 non
1912 467 2348 536 co’mplebuntur,
2389 480 2447 526 ut
2480 475 2649 546 magis
2681 492 2772 532 eos
2807 481 3072 548 attrahat;
3113 484 3205 539 sed
3234 485 3355 543 ideo

137 545 178 591 et
201 550 290 589 non
314 535 494 591 alium.
531 538 634 604 Qui
665 557 768 596 non
799 545 971 600 solum
1000 551 1267 606 mandasti
1288 553 1482 609 salutes
1511 557 1678 625 patri-

137 628 215 680 bus
235 641 323 696 per
348 629 660 698 prophetas,
694 634 786 688 sed
817 635 978 689 etiam
1007 641 1231 696 mandas
1252 657 1348 712 per
1371 643 1678 715 Scripturas

135 715 301 772 salutes
322 717 507 785 Jacob,
538 721 590 776 id
622 732 704 778 est
735 725 910 792 nobis,
941 731 1032 798 qui
1068 745 1255 788 sumus
1297 735 1592 793 luctatores
1623 747 1679 794 et

137 808 348 864 vitiorum
377 812 831 882 supplantatores.
858 818 966 876 ilas
983 822 1190 880 scilicet
1211 826 1412 884 salutes
1431 832 1674 898 mamlas,

137 899 248 968 quod
276 899 325 952 in
346 911 392 955 te
411 917 601 969 cornu,
635 905 687 960 id
715 917 800 962 est
825 923 923 978 per
950 919 1004 968 te
1028 915 1374 984 expulsorem
1402 921 1677 981 ventilabi-

134 1005 243 1080 eius,
267 988 320 1080 id
345 999 426 1046 est
460 997 841 1064 separabimus
883 1017 914 1056 a
955 1005 1113 1062 nobis
1158 1008 1400 1065 inimicos
1447 1023 1674 1080 nostros,

134 1076 336 1134 inﬁdeles
362 1080 588 1150 scilicet,
635 1101 758 1142 cum
786 1091 1094 1149 sedebimus
1149 1111 1311 1165 super
1353 1101 1509 1155 sedes
1543 1076 1676 1158 duo-

134 1165 657 1260 decinuigjudicantes.
698 1176 981 1235 duodecim
1028 1183 1202 1241 tribus
1242 1186 1409 1244 Israel
1456 1188 1670 1260 (Matth.

134 1269 223 1320 xix,
257 1255 362 1322 23).
387 1257 486 1314 Vel
527 1264 916 1337 ventilabimus,
955 1271 1009 1328 id
1037 1283 1311 1334 estcausa
1333 1255 1536 1338 erimus
1563 1298 1676 1339 me-

133 1343 224 1400 ritis
247 1349 458 1417 nostris,
491 1366 662 1423 quare
692 1370 724 1412 a
747 1359 905 1416 nobis
933 1364 1288 1436 ventilentur,
1320 1369 1376 1426 id
1398 1381 1482 1427 est
1518 1387 1676 1444 sepa-

135 1445 362 1533 rentur,-a
394 1441 755 1505 similitudine
782 1451 1084 1522 palearum,
1121 1472 1242 1528 quas
1271 1476 1301 1516 a
1335 1464 1520 1533 granis
1545 1441 1672 1520 cor-

133 1523 257 1582 nibus
293 1527 454 1588 furcae
501 1547 767 1607 separata:
816 1523 1168 1616 ventilantur,
1209 1549 1264 1607 id
1309 1523 1396 1609 est
1431 1569 1462 1609 a
1510 1566 1672 1613 vento

133 1616 388 1716 rapiuntur.
418 1621 515 1680 Sic
555 1633 612 1680 et
642 1627 886 1688 inﬁdeles
919 1633 975 1688 in
1014 1635 1199 1716 futuro
1244 1653 1275 1694 a
1320 1643 1476 1699 nobis
1511 1659 1672 1716 sepa-

134 1708 228 1803 rati,
257 1709 319 1803 ab
343 1711 547 1783 impetu
587 1717 944 1791 malignorum
977 1712 1264 1797 spirituum
1295 1708 1594 1803 rapientur:

185 1797 239 1851 Et
263 1799 356 1857 hoc
385 1805 638 1874 mandas,

131 1905 214 1960 tito,
234 1897 280 1951 id
299 1901 452 1956 estin
482 1903 696 1962 honore
724 1911 960 1970 nominis
988 1919 1130 1985 quod
1158 1919 1542 1992 glorilicamus.
1571 1926 1666 1984 Vel

131 1988 408 2048 conﬁdentes
453 1995 513 2050 in
551 1999 761 2055 nomine
794 2012 884 2058 tuo
913 2045 928 2072 ,
977 2007 1034 2061 in
1075 1988 1182 2067 hoc
1219 2016 1427 2071 nomine
1454 2019 1666 2080 scilicet

129 2081 236 2180 quod
257 2092 332 2138 est
357 2085 696 2158 misericors,
717 2101 1204 2165 spernemus,nullo
1220 2107 1379 2162 modo
1403 2109 1662 2180 timendo,

128 2170 398 2242 insurgentes
425 2177 482 2232 in
512 2179 684 2248 nobis,
725 2183 779 2239 id
813 2195 900 2241 est
933 2187 1176 2248 diabolos
1211 2194 1536 2268 insurgentes
1567 2170 1664 2259 ad:

129 2276 295 2360 versum
322 2281 437 2323 nos.
495 2269 568 2325 Et
594 2287 702 2329 non
736 2277 999 2347 exterius,
1043 2284 1138 2338 sed
1172 2286 1227 2341 in
1265 2288 1435 2356 nobis,
1480 2292 1534 2347 id
1577 2305 1664 2351 est

129 2353 166 2452 in
191 2353 406 2412 interiori
436 2368 631 2422 nostro
663 2381 676 2417 :
711 2364 769 2418 in
798 2367 980 2423 anima
1003 2371 1218 2429 scilicet
1247 2353 1429 2434 malas
1455 2383 1661 2452 cogita-

128 2449 260 2499 tiones
287 2453 644 2520 snggerendo.
691 2455 751 2510 In
791 2456 897 2512 alia
936 2461 1292 2524 translatione
1319 2449 1550 2530 habetur
1574 2475 1660 2528 in-

127 2548 341 2636 surgentes
373 2542 427 2596 in
465 2559 586 2598 nos.
623 2545 691 2602 Et
719 2549 1015 2606 secundum
1047 2554 1151 2612 hoc
1179 2571 1408 2626 possunt
1433 2563 1660 2636 intelligi

126 2627 186 2679 vel
218 2631 497 2690 exteriores
543 2635 773 2705 inimici,
815 2642 900 2696 vel
945 2641 1258 2704 interiores.
1300 2650 1520 2709 Diceret
1555 2627 1660 2710 ali-

126 2715 252 2784 quis:
285 2719 465 2779 Dicitis
503 2727 651 2801 quod
693 2743 792 2798 per
829 2729 997 2788 Deum
1041 2737 1376 2797 ventilabitis
1409 2741 1660 2803 inimicos

126 2815 453 2900 etspemetis:
485 2815 682 2874 Nonne
704 2834 800 2892 per
819 2836 918 2879 vos
938 2813 1192 2893 poteritis
1216 2845 1494 2900 spernere,
1529 2851 1658 2892 con-

128 2895 292 2986 ﬁdendo
332 2904 385 2959 in
429 2905 751 2966 fortitudine
784 2915 999 2970 vestra?
1039 2917 1144 2975 hoc
1185 2895 1367 2980 autem
1415 2895 1658 2986 removet

126 2985 198 3041 sic.
237 2989 360 3049 Vere
384 3009 482 3066 per
520 3013 646 3056 eum
672 3015 1013 3072 spernemns.
1041 3005 1165 3063 Non
1187 3013 1326 3070 enim
1351 3017 1570 3084 sperabo
1598 3019 1655 3074 in

125 3093 219 3172 artu
242 3098 360 3152 meo,
391 3097 439 3142 et
463 3105 573 3144 non
597 3093 814 3148 salvabit
841 3109 923 3150 me
940 3095 1151 3167 gladius
1185 3117 1351 3158 meus.
1385 3105 1540 3172 Quod
1569 3117 1653 3164 est

1778 569 1884 610 non
1918 557 2240 616 determinat
2272 565 2486 632 quando
2513 567 2940 637 complebuntur,
2976 584 3030 636 ut
3064 577 3234 646 magis
3259 593 3354 634 eos

1777 647 1845 702 ad
1885 649 1985 706 hoc
2029 651 2462 724 investigandum
2508 657 2730 730 instiget
2774 679 2786 715 :
2837 663 2952 717 Dixi
2987 665 3124 732 quod
3171 667 3352 735 patres

1777 751 1992 798 nostros
2046 745 2298 814 plantnsti
2351 756 2402 802 ct
2457 751 2710 819 salvasti,
2763 765 2818 809 et
2868 771 3055 809 eorum
3104 757 3354 814 inimicos

1775 833 2008 904 aﬂlixisti
2045 844 2102 891 et
2136 839 2404 908 expulisti,
2441 851 2497 898 et
2536 845 2692 898 nobis
2729 845 2826 900 has
2864 849 3065 900 S“iitit’,.,
3106 849 3352 904 mandas.

1778 921 1935 979 Nunc
1962 935 2155 994 autem,
2187 928 2241 984 id
2267 939 2359 988 est
2385 931 2439 986 in
2476 940 2714 1002 tempore
2741 935 3089 1004 plenitudinis
3117 936 3354 1006 repulisti

1775 1024 1821 1069 et
1851 1015 2135 1085 confudisti
2156 1035 2272 1086 nos,
2296 1029 2350 1075 ct
2382 1021 2528 1080 adca-
2551 1023 2691 1102 quod
2724 1041 2826 1078 non
2851 1027 3153 1094 egredieris,
3184 1024 3352 1094 Deus,

1773 1107 1829 1161 in
1860 1109 2133 1165 virtutibus
2179 1115 2392 1180 nostris,
2428 1114 2482 1169 id
2521 1124 2606 1171 cst
2645 1116 2699 1170 in
2741 1120 3075 1175 exercitibus
3122 1121 3348 1176 nostris.

1774 1198 1927 1267 Quod
1965 1211 2050 1258 cst
2078 1204 2259 1260 dicere
2297 1221 2312 1260 :
2347 1205 2496 1262 Adeo
2523 1207 2809 1276 confudisti
2847 1218 2896 1262 et
2922 1210 3174 1278 repulisti,
3207 1211 3355 1281 quod

1775 1305 1880 1344 non
1906 1290 2044 1346 ultra
2071 1294 2365 1362 poterimus
2390 1304 2580 1350 contra
2610 1297 2795 1352 hostes
2833 1313 3164 1370 congregare
3191 1314 3352 1358 exer-

1773 1376 1934 1443 citus,
1959 1378 2238 1450 inquibus
2265 1383 2562 1456 egrediaris
2593 1385 2660 1438 ad
2691 1385 2950 1440 auxilium
2983 1401 3080 1456 per
3107 1389 3352 1446 ministe-
3393 1459 3396 1462 λ

1773 1468 1915 1522 rium
1955 1469 2292 1541 angelorum,
2335 1473 2482 1528 sicut
2516 1474 2656 1543 apud
2701 1485 2882 1549 patres
2927 1477 3181 1552 antiquos
3229 1477 3347 1534 fuit.

1774 1557 1994 1630 Legitur
2027 1562 2170 1616 enim
2210 1577 2352 1633 saepe
2387 1565 2603 1633 quando
2640 1579 2762 1619 cum
2804 1566 3049 1622 hostibus
3086 1566 3349 1622 dimicare

1771 1663 2116 1721 pararentur,
2141 1655 2494 1712 auxiliatores
2517 1656 2738 1729 angelos
2758 1674 2882 1713 cum
2903 1659 2982 1714 eis
3009 1658 3074 1712 ad
3099 1658 3347 1730 praelium

1771 1746 2120 1814 processisse.
2153 1746 2219 1800 Et
2248 1748 2350 1802 hoc
2372 1747 2530 1804 modo
2555 1762 2650 1817 per
2679 1749 2954 1804 ministros
2977 1763 3102 1804 suos
3127 1749 3348 1805 diceba-

671 1812 814 1880 quod
849 1829 957 1870 non
993 1819 1328 1880 conﬁdentes
1361 1825 1417 1881 in
1459 1831 1667 1886 nomine
1695 1817 1742 1878 Β
1771 1812 1858 1890 iur
1887 1835 2028 1891 Deus
2057 1837 2240 1908 egredi
2286 1837 2338 1892 in
2375 1837 2705 1894 exercitibus
2731 1854 2918 1894 eorum
2951 1839 3017 1894 ad
3057 1838 3341 1894 auxilium.

1767 1924 2052 1986 Exercitus,
2086 1937 2296 1992 autem,
2344 1929 2483 1986 bene
2529 1928 2756 1984 virtutes
2785 1928 3058 1994 dicuntur,
3089 1943 3155 1985 eo
3194 1928 3342 1998 quod

1766 2015 1821 2071 in
1851 2015 1932 2072 eis
1968 2025 2182 2072 constet
2213 2017 2383 2072 virtus
2420 2018 2723 2088 principum
2774 2019 3068 2089 praeliandi.
3115 2019 3348 2090 Exponit

1767 2123 1896 2164 vero
1931 2123 2027 2179 per
2065 2119 2248 2179 partes
2285 2110 2363 2164 sic
2401 2124 2415 2162 :
2449 2108 2726 2176 Quomodo
2762 2110 2907 2166 Deus
2949 2125 3043 2166 eos
3088 2110 3283 2181 repulit
3325 2127 3341 2165 :

1765 2200 1894 2255 Dico
1925 2201 2158 2270 repulisti
2184 2218 2276 2255 nos
2298 2201 2376 2256 sic
2400 2217 2413 2254 :
2430 2201 2674 2267 scilicet,
2699 2201 2951 2271 rapuisti.
2983 2202 3224 2256 Arertisti
3250 2217 3345 2256 nos

1764 2299 2070 2356 retrorsum,
2113 2291 2164 2346 id
2197 2301 2282 2346 est
2315 2291 2606 2361 permisisti
2645 2293 2907 2360 quosdam
2947 2294 3115 2348 averti
3151 2308 3181 2347 a
3217 2305 3344 2348 san-

1763 2382 1953 2437 ctitate
1999 2390 2186 2436 nostra
2231 2381 2433 2452 impetu
2481 2382 2914 2448 tribulationum,
2959 2391 3013 2439 et
3054 2393 3342 2438 retrorsum

1764 2471 1862 2537 ire,
1888 2471 2096 2526 scilicet
2129 2480 2244 2541 post
2266 2472 2505 2528 inimicos
2533 2482 2760 2538 nostros,
2790 2483 2848 2527 ut
2873 2473 3114 2528 cedendo
3151 2473 3345 2528 timore

1759 2576 1936 2634 pinna:
1963 2577 2256 2634 sequamur
2279 2562 2620 2618 inimicorum
2659 2563 2994 2632 exemplum,
3016 2573 3070 2618 et
3095 2563 3175 2619 eis
3211 2578 3341 2620 con-

1759 2654 2076 2714 formemur.
2113 2656 2174 2710 Et
2202 2671 2268 2710 ne
2295 2662 2509 2726 putaret
2547 2655 2741 2725 aliquis
2762 2658 2907 2726 quod
2937 2672 3125 2713 omnes
3153 2665 3342 2715 essent

1759 2747 1935 2802 aversi
1979 2757 2286 2813 retrorsum,
2340 2747 2689 2812 determinat,
2738 2764 2860 2802 cum
2906 2747 3182 2819 subjungil.
3217 2765 3231 2802 :
3263 2745 3341 2802 Et

1757 2835 1837 2890 sic
1864 2834 1986 2891 dico
2016 2835 2271 2902 auertisti,
2300 2836 2443 2905 quod
2485 2836 2560 2889 illi
2593 2837 2681 2907 qui
2708 2838 2927 2910 oderunt
2971 2853 3084 2904 nos,
3127 2836 3340 2892 inimici

1757 2927 1997 2994 scilicet;
2023 2928 2338 2998 diripiebant
2377 2927 2498 2994 sibi,
2531 2927 2584 2980 id
2625 2937 2710 2982 est
2747 2927 2813 2981 ad
2857 2942 3009 2982 suam
3041 2926 3336 2982 conformi-

1759 3026 1925 3073 tatem
1970 3019 2232 3090 quosdam
2267 3035 2333 3075 ex
2373 3019 2547 3093 nobis,
2587 3021 2741 3090 quasi
2770 3020 2915 3075 dicat
2946 3038 2959 3073 :
2999 3018 3116 3074 Non
3145 3033 3336 3078 omnes

1756 3111 2100 3177 avertebant,
2147 3111 2242 3167 sed
2286 3120 2539 3182 partem;
2568 3127 2598 3166 a
2636 3111 2988 3168 similitudine
3029 3111 3174 3167 illius
3211 3111 3333 3182 qui,

127 3169 430 3273 dicere-irim:
455 3183 772 3252 putabimus
803 3186 1082 3260 nosiposse
1108 3192 1308 3250 salvari
1337 3212 1436 3267 per
1461 3213 1649 3256 arcum
1681 3193 1722 3250 C
1753 3218 1877 3260 cum
1918 3218 2038 3260 non.
2065 3211 2241 3272 potest
2278 3169 2390 3258 rem
2431 3203 2666 3272 aliquam
2700 3212 2866 3258 totam
2896 3191 3166 3273 accipere,
3195 3202 3330 3258 diri-

125 3269 164 3313 et
182 3262 385 3332 gladium
435 3282 707 3330 noStrum.
745 3274 850 3332 Per
886 3293 1073 3337 arcum
1113 3262 1406 3343 denotatur
1435 3291 1650 3348 occulta

127 3351 332 3425 deleitsio,
359 3377 476 3430 qua:
497 3365 730 3424 consilio
757 3367 817 3424 ﬁt
837 3378 892 3423 ει
911 3374 1135 3441 astutia,
1159 3375 1226 3430 ad
1245 3379 1462 3434 modum
1491 3381 1652 3454 139

127 3455 263 3512 arcus,
287 3451 370 3519 qui
395 3451 458 3512 in
481 3455 698 3512 occulto
726 3460 1075 3530 percutienda
1103 3465 1334 3533 hostem,
1362 3451 1652 3538 percusso-

127 3545 208 3587 rem
225 3538 288 3594 ab
314 3539 464 3597 hoste
495 3542 758 3602 defendit.
787 3546 894 3604 Per
932 3549 1170 3620 gladium
1209 3569 1364 3624 vero,
1401 3574 1510 3628 quo
1545 3575 1646 3631 pll-

125 3634 273 3723 gnatur
292 3634 534 3689 cominus
572 3647 626 3692 et
663 3649 870 3714 aperte,
901 3641 1147 3700 defensio
1173 3657 1360 3716 aperta
1389 3651 1648 3723 designa-

127 3722 202 3770 tur.
241 3717 346 3789 Vel,
370 3741 708 3796 perlarcum,
739 3732 982 3807 minores
1009 3735 1239 3793 virtutes
1271 3754 1392 3810 quas
1418 3717 1646 3800 occulta:

126 3815 244 3874 sunt;
271 3825 359 3878 per
397 3815 636 3886 gladium
682 3831 890 3891 autent,
939 3825 1177 3895 majores
1216 3845 1338 3899 quae
1385 3832 1646 3891 abscondi

125 3907 360 3995 nequeunt,
401 3921 516 3974 pra:
549 3908 632 3962 sui
671 3913 1064 3984 magnitudine,
1110 3917 1506 3990 intelliguntur,
1549 3939 1648 3995 per

257 3991 532 4050 adversum
575 3997 758 4056 hostes
805 4009 861 4056 et
898 4005 1200 4064 exteriores
1237 4017 1292 4065 et
1332 3991 1646 4082 interiores,

126 4071 263 4135 ﬁdeles
291 4084 618 4150 pneliantur.
655 4088 808 4156 Quod
845 4103 931 4148 est
970 4096 1151 4154 dicere
1181 4115 1196 4153 :
1243 4099 1530 4174 Nunquam
1563 4071 1647 4162 vel

125 4176 378 4262 Petarcum
415 4177 501 4232 vel
533 4194 628 4248 per
653 4182 890 4251 gladium
935 4202 1116 4244 meum
1145 4193 1348 4262 putabo
1378 4212 1466 4253 me
1502 4197 1636 4255 libe-

126 4258 220 4360 rari.
245 4277 409 4335 posse,
458 4270 566 4327 nisi
613 4273 983 4334 misericordia
1035 4258 1524 4356 tua—cooperante.
1576 4293 1646 4350 Et

126 4359 272 4444 merito
314 4373 413 4414 non
449 4363 669 4432 sperabo
711 4367 766 4424 in
809 4385 940 4424 arcu
974 4380 1030 4427 et
1077 4373 1277 4444 gladio.
1324 4381 1418 4436 sed
1450 4383 1507 4438 in
1543 4394 1591 4438 te
1622 4400 1642 4440 :

125 4440 289 4502 intrasti
309 4455 459 4522 enim,
492 4457 558 4513 'id
593 4469 676 4515 est
703 4462 964 4530 salvabis,
997 4440 1104 4522 nos
1131 4471 1272 4526 sicut
1303 4477 1528 4532 mandas
1577 4478 1643 4532 de

124 4533 402 4605 diligentibus
427 4564 544 4614 nos,
582 4559 640 4606 et
667 4556 908 4612 exterius
943 4567 997 4613 et
1028 4559 1277 4618 interius.
1311 4563 1379 4622 Et
1409 4569 1641 4624 odientes

126 4634 190 4716 tto:
220 4633 503 4701 confudisti,
531 4640 584 4694 id
623 4652 706 4697 est
743 4646 1067 4716 confundes,
1095 4655 1395 4711 exteriores
1431 4659 1640 4714 scilicet

125 4707 404 4810 fieslruendo,
427 4728 826 4804 interioresque
847 4737 1228 4810 invictoriosos
1253 4746 1546 4804 reddendo.
1571 4751 1640 4807 Et

124 4796 414 4906 1llic-mandas
441 4823 582 4890 quod
606 4833 714 4880 tota
737 4796 844 4893 die,
875 4829 928 4885 id
952 4840 1036 4886 est
1057 4796 1641 4906 jugiler,

126 4893 290 4996 a[rip-sis
311 4907 538 4967 inimicis
568 4917 930 4976 exterioribus
961 4941 975 4988 ;
1006 4925 1063 4978 in
1094 4893 1202 4981 Dea
1231 4928 1550 4996 existentes,
1583 4934 1636 4990 id

123 4993 181 5084 est
217 4989 260 5084 in
303 4999 706 5072 participatione
749 5007 1104 5068 beatitudinis
1150 5015 1267 5070 Dei.
1317 5016 1420 5084 Qui
1467 4989 1638 5078 etiam

126 5079 275 5138 inimici
300 5089 468 5147 dicent
499 5112 513 5149 :
565 5115 582 5148 t
627 5096 736 5154 Nos
773 5099 1036 5160 insensati
1068 5120 1256 5162 eorum
1288 5111 1450 5168 vitam
1487 5115 1636 5169 aesti-a

124 5169 341 5258 arabimus
376 5183 663 5254 insaniam,
703 5199 760 5244 et
799 5191 963 5247 l‘mem
997 5194 1212 5252 illorum
1256 5199 1372 5256 sine
1406 5201 1631 5258 honore.

125 5254 221 5351 lifts
263 5277 512 5338 quomodo
546 5283 842 5351 computati
873 5292 1000 5340 s‘unt
1049 5287 1196 5343 inter
1248 5254 1574 5350 ﬁlios—Dei?
1607 5313 1624 5348 ι

278 5375 354 5428 ιιι,
396 5364 474 5436 4.)
525 5367 592 5423 Et
633 5345 734 5425 hoc
782 5374 1030 5442 mandas,
1077 5381 1220 5446 quod
1269 5345 1631 5452 conﬁtebimur

126 5439 189 5579 ἔξω
221 5449 266 5503 in
313 5459 574 5529 sarculum,
631 5463 685 5519 id
743 5474 828 5522 est
882 5439 1222 5528 laudabimus
1271 5482 1321 5530 te
1366 5439 1421 5531 iu
1467 5439 1620 5534 aeter-

149 5545 231 5579 um.

149 5545 232 5590 illi].

172 5619 409 5725 Πεδιειο
450 5640 650 5700 salutes
695 5645 777 5702 sic
830 5651 1083 5720 proponit
1117 5651 1286 5709 Deum
1316 5657 1625 5725 mandasse,
1671 5645 1676 5652 ’

128 5719 239 5780 quasi
268 5724 312 5780 in
341 5736 576 5800 priesenti
622 5740 819 5798 sacculo
868 5744 1126 5815 compleri
1173 5747 1450 5805 deberent.
1500 5719 1628 5818 Qnte

1751 3292 1830 3361 pit
1858 3290 1980 3346 inde
2004 3291 2104 3346 sibi
2127 3300 2357 3361 partem.
2382 3291 2511 3346 Dico
2531 3293 2672 3361 quod
2695 3292 2986 3361 permisisti
3011 3307 3112 3348 nos
3132 3291 3330 3361 averti,

1751 3381 2049 3436 secundum
2079 3391 2286 3451 partem
2311 3382 2676 3438 deﬁcientem.
2701 3383 2768 3437 Et
2792 3385 3088 3438 secundum
3115 3391 3335 3454 partem

1752 3485 1858 3526 non
1887 3471 2250 3538 deﬁcientem,
2276 3473 2370 3528 sed
2401 3473 2454 3528 in
2481 3473 2623 3529 bono
2651 3483 3110 3544 perseverantem,
3139 3473 3334 3530 dedisti

1751 3579 1843 3617 nos
1877 3563 1929 3618 in
1960 3572 2226 3634 potestate
2253 3564 2615 3632 inimicorum,
2643 3576 2894 3639 tanquam
2926 3583 3040 3622 oves
3068 3583 3331 3633 escarum,

1751 3654 1806 3710 id
1832 3665 1913 3712 est
1943 3666 2001 3711 ut
2024 3672 2124 3713 nos
2151 3658 2269 3713 sine
2298 3668 2548 3729 respectu
2576 3659 2964 3716 misericordiae
2990 3660 3331 3728 occiderent,

1749 3744 1891 3801 sicut
1915 3761 2067 3814 oves,
2099 3763 2218 3818 qua:
2256 3749 2323 3804 ad
2355 3749 2458 3804 hoc
2507 3758 2646 3804 nata:
2692 3760 2818 3808 sunt
2862 3760 2923 3808 ut
2963 3766 3027 3804 ex
3070 3750 3150 3806 eis
3193 3765 3334 3807 escae

1750 3837 1905 3904 ﬁant,
1937 3838 2335 3917 sinerespeetn
2377 3841 2768 3902 misericordiae
2795 3844 3138 3914 occiduntur.
3170 3841 3243 3900 Et
3270 3843 3328 3900 in

1747 3930 2006 4000 gentibus,
2041 3931 2093 3985 id
2134 3939 2217 3987 est
2253 3931 2398 3986 inter
2435 3941 2623 4002 gentes
2669 3934 2960 4004 dispersisti
2979 3952 3117 4004 .nos,
3156 3935 3211 3992 id
3243 3942 3332 3992 est

1747 4019 2040 4089 permisisti
2069 4019 2300 4091 dispergi
2333 4029 2386 4076 et
2415 4022 2634 4080 exsules
2661 4021 2798 4078 ﬁeri.

1823 4109 1973 4166 Unde
2011 4112 2271 4168 Dominus
2297 4112 2352 4168 in
2381 4113 2675 4185 Evangelia
2706 4133 2718 4168 :
2757 4134 2775 4166 ι
2827 4115 2887 4170 Si
2919 4130 3022 4172 vos,
3055 4115 3330 4186 persecuti

1746 4204 1948 4260 fuerint
1977 4205 2030 4261 in
2062 4221 2171 4267 una
2196 4206 2440 4273 civitate,
2478 4206 2647 4279 fugite
2686 4208 2739 4262 in
2773 4208 2935 4268 aliam
2967 4207 3183 4278 (Matth.
3223 4223 3322 4274 xx,

1744 4296 1861 4368 ‘25).
1895 4316 1916 4350 ι
1952 4297 2072 4352 Dixi
2099 4298 2245 4367 quod
2270 4298 2460 4352 dedisti
2504 4315 2596 4354 nos
2620 4309 2872 4369 tanquam
2899 4315 3016 4354 oves
3061 4316 3325 4366 escarum,

1747 4397 1808 4444 ut
1849 4388 1969 4445 sine
2008 4397 2258 4459 respectu
2293 4389 2476 4458 aliquo
2510 4389 2726 4458 pietatis
2771 4389 3230 4456 interimeremur,
3269 4398 3328 4447 et

1748 4480 1874 4536 inde
1912 4495 2018 4535 non
2057 4481 2283 4551 contigit
2327 4480 2526 4550 aliquis
2568 4479 2778 4536 fructus
2812 4481 3091 4543 Ecclesiae.
3127 4490 3190 4538 ut
3228 4496 3327 4538 ex-

1672 4543 1720 4602 D
1743 4570 1922 4640 emplo
1963 4569 2284 4626 constantiae
2319 4579 2520 4625 nostra:
2551 4570 2642 4625 alii
2686 4581 3132 4627 converterentur
3170 4591 3186 4628 :
3227 4573 3328 4630 sed

1739 4663 2018 4719 vendidisti
2046 4662 2493 4734 populanti-tuum,
2521 4678 2620 4718 nos
2655 4665 2886 4730 scilicet,
2920 4666 3033 4720 sine
3052 4669 3242 4736 pretio,
3269 4665 3326 4724 id

1740 4765 1844 4820 est,
1877 4756 1950 4824 ita
1977 4755 2280 4825 permisisti
2318 4769 2417 4811 nos
2452 4755 2682 4812 interﬁci
2716 4765 2773 4810 ut
2809 4757 3034 4823 similes,
3077 4775 3324 4817 essemus

1739 4846 2017 4912 vendenti,
2048 4854 2104 4902 et
2133 4846 2366 4917 pretium
2399 4846 2524 4908 inde
2559 4862 2665 4904 non
2701 4849 3009 4920 accipienti.
3046 4851 3201 4920 Quod
3224 4863 3324 4912 est

1741 4938 1964 4994 dicere:
2003 4937 2210 4993 idcirco
2260 4939 2462 4993 videris
2507 4940 2760 5010 populum
2798 4957 2955 4997 suum
3000 4947 3322 5015 permittere

1740 5031 1936 5086 debere
1953 5029 2187 5086 interﬁci
2214 5037 2272 5084 ut
2297 5030 2437 5086 ﬁlios
2459 5031 2712 5088 Ecclesia:
2733 5048 2831 5106 per
2850 5049 3037 5090 eorum
3059 5045 3322 5093 constan-

1734 5121 1863 5176 tiam
1900 5121 2104 5191 parias,
2134 5132 2188 5177 et
2217 5121 2319 5178 hoc
2359 5123 2442 5178 sit-
2464 5125 2695 5194 pretium
2736 5127 2924 5182 mortis
2960 5141 3170 5183 eorum.
3203 5127 3312 5184 Sed

1731 5228 1855 5268 cum
1887 5214 2210 5285 quibusdam
2245 5215 2615 5285 interemptis,
2647 5217 2791 5272 nulla
2813 5219 3094 5273 conversio
3119 5219 3314 5276 inﬁde-

1731 5303 1861 5359 lium
1892 5315 2175 5375 sequatnr,
2209 5304 2410 5360 videris
2458 5307 2786 5371 vendidisse,
2837 5315 2891 5360 et
2931 5307 3160 5376 pretium
3190 5307 3314 5364 nul-

1734 5393 1842 5449 lum
1869 5394 2136 5464 accipere.
2165 5394 2232 5448 Et
2261 5394 2304 5450 si
2337 5394 2390 5448 in
2421 5404 2593 5449 morte
2622 5396 2976 5464 quorumdam
3006 5396 3108 5452 fuit
3148 5396 3310 5471 ιω

1735 5483 1913 5552 aliqua
1947 5485 2232 5540 conversio
2272 5485 2590 5551 inﬁdelium,
2631 5501 2734 5539 non
2773 5493 2954 5542 tamen
2992 5487 3093 5558 fuit
3129 5489 3315 5544 multi-

1732 5573 1858 5628 tudo
1883 5575 1938 5628 in
1962 5577 2456 5632 commutationibus
2483 5593 2686 5642 eorum,
2727 5576 2780 5633 id
2806 5587 2890 5634 est
2917 5595 3023 5637 non
3050 5581 3131 5638 sic
3156 5565 3313 5640 εοηὶρ

1735 5666 1960 5730 mutasti
1991 5682 2085 5728 eos
2115 5676 2174 5723 ut
2211 5667 2408 5723 multos
2440 5666 2577 5722 ﬁlios
2612 5683 2710 5736 pro
2735 5683 2926 5726 eorum
2968 5681 3141 5728 morte
3178 5689 3304 5732 sus-

1737 5752 1963 5823 ciperes.
2013 5754 2314 5810 Notandum
2351 5769 2478 5811 vero
2509 5758 2652 5826 quod
2683 5759 2900 5830 quidam
2945 5763 3054 5819 dati
3085 5777 3210 5824 sunt
3247 5770 3300 5828 in
