3862 6322
544 304 648 358 823

543 425 774 469 utortem
820 416 936 470 sine
978 416 1155 485 pretio
1197 417 1398 486 aliquo.
1448 418 1677 484 Quidam
1721 429 1899 473 autem
1953 435 2118 488 parvo

540 508 735 575 pretio,
769 506 988 576 quidam
1027 507 1191 561 etiam
1237 525 1451 579 magno.
1501 511 1605 565 Sed
1648 512 1714 566 de
1753 513 1837 566 ills
1885 513 1974 582 qui
2018 529 2116 582 pro

543 609 737 664 magno
771 595 945 663 pretio
975 596 1087 650 dati
1134 607 1256 651 sunt
1306 614 1411 652 non
1453 600 1725 668 proponit,
1761 618 1885 655 cum
1926 602 1995 657 de
2035 602 2115 665 eis

538 682 674 737 nihil
700 684 1048 753 quaerendum
1076 686 1167 740 sit.

608 769 676 825 Et
700 773 922 841 posuisti
954 791 1045 828 nos
1076 775 1408 843 opprobrium
1435 777 1617 833 vicinis
1659 783 1868 846 nostris,
1899 791 1959 836 ut
1990 798 2113 838 cum

537 874 638 916 nos
678 862 1021 931 permitteres
1067 862 1227 934 aﬂligi
1278 865 1363 920 vel
1406 867 1674 934 interfici,
1723 870 1831 926 illis
1870 873 1963 942 qui
1999 872 2111 942 jam

538 951 706 1006 vicini
731 952 900 1007 nostri
926 962 1085 1008 erant
1107 955 1352 1024 exemplo
1381 968 1571 1013 nostro
1599 958 1841 1018 volentes
1869 963 2112 1018 converti

522 1040 889 1110 opprobrium
924 1057 1186 1108 essemus,
1235 1053 1293 1098 ut
1333 1045 1385 1099 in
1422 1060 1481 1100 se
1524 1051 2020 1106 verecundarentur
2055 1069 2113 1108 se

538 1131 775 1187 voluisse
819 1148 1056 1203 unquam
1101 1134 1400 1192 imitatores
1438 1140 1607 1194 nostri
1637 1140 1775 1196 fieri.
1806 1141 1872 1196 Et
1906 1144 1986 1197 his
2023 1145 2113 1214 qui

538 1232 660 1276 sunt
692 1238 797 1277 non
828 1224 882 1278 in
906 1224 1206 1293 vicinitate,
1251 1228 1345 1283 sed
1371 1229 1426 1282 in
1465 1231 1683 1286 circuitu
1716 1246 1913 1301 nostra,
1949 1236 2000 1290 id
2030 1247 2112 1293 cst

536 1312 591 1366 in
619 1312 955 1382 elongationc
981 1329 1010 1368 a
1049 1316 1225 1371 nobis.
1255 1316 1371 1385 Vcl,
1404 1319 1458 1373 in
1485 1321 1707 1376 circuitu
1734 1335 1930 1392 nostro,
1959 1326 2010 1380 id
2032 1335 2113 1381 cst

538 1402 628 1470 qui
656 1402 1042 1459 circumierunt
1074 1420 1196 1472 nos,
1227 1415 1279 1461 et
1300 1408 1843 1467 circumvallaverunt
1873 1415 2035 1470 minis
2060 1425 2115 1471 et

535 1492 1007 1561 tribulationibus,
1037 1513 1066 1551 a
1110 1500 1463 1557 similitudine
1503 1503 1714 1560 illorum
1751 1508 1843 1577 qui
1878 1508 2111 1578 aliquem

531 1584 967 1643 circumveniunt
996 1605 1064 1644 ne
1106 1592 1321 1647 evadat.
1358 1592 1594 1649 Posuisti
1626 1614 1718 1652 nos
1743 1599 2111 1655 subsannatio-

532 1691 650 1729 nem
672 1685 718 1731 et
740 1678 994 1746 derisum,
1029 1682 1082 1735 id
1112 1692 1195 1737 est
1223 1699 1441 1739 causam
1470 1688 1911 1745 subsannationis
1936 1700 1990 1744 et
2020 1693 2113 1747 de.

531 1763 770 1822 risionis.
825 1768 1172 1828 Subsannare
1220 1776 1449 1833 dicimus
1503 1782 1715 1848 quando
1762 1782 1987 1850 quilibet
2047 1800 2114 1839 ex

532 1856 905 1928 indignatione
938 1864 1101 1918 nimia
1142 1882 1303 1922 nares
1332 1880 1604 1941 corrugat.
1630 1872 1860 1942 Ideoque
1887 1875 2113 1931 subsan-

532 1947 683 2003 natio
733 1964 833 2019 pro
880 1952 1251 2023 indignatione
1294 1958 1534 2027 ponitur.
1579 1961 1732 2029 Quod
1768 1966 2114 2023 estdicere:

532 2032 771 2093 Posuisti
810 2057 903 2095 nos
936 2043 1089 2109 tales,
1132 2056 1319 2101 contra
1365 2063 1500 2117 quos
1542 2051 1640 2121 ipsi
1676 2053 2112 2125 indignarentur,

530 2136 586 2181 et
611 2143 749 2197 quos
774 2130 1105 2188 deriderent.
1140 2135 1203 2189 Et
1231 2138 1453 2205 posuisti
1484 2155 1577 2194 nos
1610 2141 1662 2194 in
1694 2143 2112 2211 similitudinem,

528 2218 586 2273 id
616 2228 701 2274 est
739 2219 792 2274 in
826 2224 1139 2291 parabolam
1166 2228 1423 2297 gentibus,
1474 2238 1549 2294 ut,
1585 2234 1800 2301 quando
1833 2250 1981 2289 reum
2010 2235 2113 2290 ali-

530 2323 691 2377 quem
744 2311 1023 2379 videbant,
1072 2315 1316 2371 dicerent
1363 2335 1375 2371 :
1428 2318 1544 2373 Tali
1600 2332 1770 2378 morte
1819 2324 2009 2393 dignus
2055 2339 2114 2381 es

530 2399 678 2471 quali
709 2402 872 2471 periit
903 2402 991 2458 ille
1022 2414 1115 2459 aut
1148 2406 1257 2462 ille.
1293 2408 1359 2463 Et
1397 2411 1616 2474 posuisti
1653 2430 1746 2468 nos
1786 2415 1840 2469 in
1883 2417 2110 2487 populis,

529 2489 585 2543 id
614 2500 698 2545 est
722 2492 864 2547 intra
893 2495 1119 2563 populos
1142 2501 1536 2555 commotionem
1560 2506 1765 2573 capitis,
1793 2506 1846 2561 id
1875 2518 1959 2563 est
1984 2525 2112 2564 cau-

530 2594 649 2636 sam
679 2586 1057 2641 commotionis
1095 2588 1308 2657 capitis.
1354 2589 1506 2656 Quod
1553 2603 1636 2648 est
1684 2595 1863 2653 dicere
1908 2614 1921 2651 :
1962 2599 2111 2654 Adeo

527 2673 826 2740 permisisti
858 2674 1018 2746 allligi
1050 2686 1107 2732 ut
1147 2678 1389 2735 inﬁdeles
1415 2683 1592 2752 p0puli
1630 2684 1752 2740 inde
1781 2697 1943 2757 caput
1969 2689 2108 2745 deri-

531 2762 678 2818 sorie
712 2775 1013 2833 moverent,
1051 2783 1152 2824 nos
1192 2784 1312 2825 esse
1359 2771 1553 2828 stultos
1599 2782 1654 2830 et
1701 2775 1921 2834 insanos
1961 2793 2121 2837 ειεεες.

531 2862 734 2908 ι·εηιεε.

602 2942 894 3014 Postquam
942 2949 1193 3017 exposuit
1239 2952 1509 3019 quomodo
1554 2953 1698 3011 Deus
1748 2972 1842 3014 eos
1886 2959 2104 3028 repulit,

528 3034 751 3102 exponit
789 3038 1057 3104 quomodo
1086 3037 1340 3094 confundi
1371 3042 1639 3110 permisit,
1670 3044 1752 3100 sic
1786 3062 1798 3099 :
1832 3045 2100 3113 Quoniam

528 3135 711 3179 autem
752 3126 969 3194 posuisti
1014 3144 1107 3183 nos
1148 3132 1505 3201 opprobrium,
1556 3137 2016 3194 subsannationem
2060 3153 2106 3195 et

528 3216 780 3282 derisum,
821 3227 870 3271 et
908 3220 1323 3288 similitudinem,
1365 3233 1413 3277 et
1455 3226 1641 3293 capitis
1681 3231 2105 3296 commotionem,

530 3315 639 3359 tota
669 3309 773 3375 die,
824 3309 875 3364 id
917 3320 1001 3365 est
1031 3309 1255 3381 iugiter,
1301 3324 1375 3368 est
1414 3326 1594 3370 contra
1637 3335 1751 3385 me;
1782 3320 1839 3373 id
1869 3330 1953 3375 est
1983 3330 2107 3378 ante

530 3412 637 3462 me,
674 3399 727 3453 in
759 3412 1051 3471 conspectu
1080 3418 1201 3459 meo
1232 3403 1459 3472 scilicet,
1484 3410 1791 3463 verecundia
1814 3426 1950 3477 mea,
1974 3427 2108 3465 nun—

532 3504 692 3557 quam
737 3506 764 3543 a
814 3507 899 3546 me
933 3492 1235 3547 discedens.
1280 3494 1345 3548 Et
1376 3495 1490 3551 haec
1526 3512 1691 3566 parva
1722 3514 1827 3552 non
1857 3508 1959 3553 est.
2000 3499 2105 3554 Sed

530 3583 770 3649 eaitlusio
812 3582 965 3649 faciei
998 3601 1146 3649 mete,
1181 3585 1230 3638 id
1267 3595 1348 3641 est
1377 3590 1694 3645 verecundia
1730 3606 1835 3645 non
1867 3592 2107 3647 existens

529 3672 758 3727 interius
780 3688 808 3727 a
832 3675 1163 3741 conscientia
1188 3678 1456 3745 criminis,
1495 3682 1589 3735 sed
1610 3683 1852 3738 exterius
1884 3684 1935 3737 in
1967 3683 2106 3741 facie

529 3775 596 3815 ex
636 3762 911 3820 debilitate
941 3766 1142 3831 carnis,
1185 3771 1443 3838 cooperuit
1484 3788 1585 3837 me,
1617 3773 1669 3827 id
1699 3782 1784 3829 cst
1820 3783 1966 3827 tanta
2005 3774 2107 3829 fuit

529 3853 674 3922 quod
721 3868 809 3911 me
848 3855 1009 3910 nimis
1050 3857 1290 3913 exterius
1321 3860 1632 3930 occupavit,
1675 3878 1703 3915 a
1752 3863 2105 3918 similitudine

526 3942 719 4013 ampla:
749 3945 933 4009 vestis,
966 3961 1086 4016 quae
1116 3962 1314 4017 corpus
1346 3959 1514 4004 totum
1556 3954 1819 4020 cooperit.

598 4032 857 4089 Confusio
882 4036 1029 4100 dico,
1071 4052 1189 4106 qua:
1229 4039 1453 4109 contigit
1499 4056 1531 4093 a
1573 4043 1692 4096 voce
1720 4042 2100 4111 exprobrantis,

526 4126 581 4182 id
616 4135 701 4182 est
745 4127 970 4194 inimici,
1014 4130 1145 4184 mihi
1190 4131 1387 4199 probra
1435 4131 1751 4188 multimoda
1796 4134 2097 4191 inferentis.

525 4218 593 4273 Et
635 4218 982 4291 obloquentis,
1016 4222 1070 4278 id
1104 4234 1186 4278 εει
1219 4233 1408 4280 contra
1440 4239 1526 4279 me
1553 4224 1843 4296 loquentis,
1874 4235 1929 4283 et
1959 4227 2103 4282 veri-

526 4319 691 4367 tatem
725 4327 754 4366 a
779 4329 864 4369 me
889 4313 1157 4383 prolatam
1187 4315 1487 4372 rationibus
1516 4318 1771 4387 humanis
1793 4319 2105 4389 improbare

522 4403 791 4458 conantis.
828 4401 892 4469 Et
920 4405 1122 4474 afacie,
1157 4406 1209 4461 id
1235 4414 1319 4461 est
1349 4407 1415 4462 ab
1446 4409 1722 4473 instantia,
1755 4410 1978 4465 inimici.
2005 4410 2099 4477 Et,
2128 4433 2179 4493 υ

522 4490 579 4543 id
621 4500 704 4547 est
752 4492 949 4561 etiam,
978 4497 1328 4565 persequentis
1360 4511 1445 4552 me
1486 4497 1946 4566 tribulationibus,
1989 4514 2098 4555 non

523 4581 699 4635 solum
728 4584 1090 4651 exprobrantis
1111 4598 1157 4639 et
1182 4586 1503 4657 obloquentis
1532 4590 1643 4645 hrec
1673 4592 1850 4649 omnia
1872 4607 1992 4662 qua:
2021 4591 2101 4646 di-

525 4673 723 4737 ximus,
758 4686 1000 4733 venerunt
1041 4693 1197 4746 super
1232 4694 1346 4743 nos,
1390 4679 1441 4733 id
1476 4692 1559 4735 est
1588 4682 1655 4737 ad
1690 4682 2099 4751 oppressionem

524 4764 719 4827 nostri,
746 4780 836 4817 nec
864 4766 1008 4819 obliti
1042 4784 1221 4822 sumus
1267 4780 1333 4822 te.
1372 4768 1439 4823 Et
1467 4770 1567 4825 hoc
1602 4773 1761 4826 modo
1788 4788 1888 4825 non
1919 4788 2102 4826 sumus

522 4856 691 4921 obliti,
729 4857 934 4913 scilicet
973 4860 1144 4929 inique
1185 4877 1287 4914 non
1325 4864 1523 4932 egimus
1564 4864 1618 4917 in
1668 4873 1974 4918 testamento
2012 4874 2102 4919 tuo

522 4948 735 5013 relicto,
774 4950 825 5003 id
862 4959 966 5014 est,
1007 4966 1113 5006 non
1144 4952 1281 5007 male
1313 4955 1521 5023 operati
1553 4952 1756 5009 fuimus
1796 4954 2101 5009 recedendo

520 5053 548 5088 ιι
586 5044 909 5091 testamento
942 5048 1054 5101 tuo,
1084 5038 1133 5093 id
1158 5048 1243 5093 est
1269 5054 1296 5091 a
1327 5039 1687 5108 promissione
1718 5055 1881 5110 quam
1917 5043 1969 5096 in
2000 5046 2099 5100 ba-

521 5129 718 5196 ptismo
754 5127 847 5181 tibi
880 5130 1250 5198 promisimus,
1280 5129 1383 5184 sub
1402 5130 1741 5200 patrinorum
1772 5133 2099 5199 testimonio,

520 5218 732 5272 scilicet
777 5218 923 5288 quod
969 5219 1064 5273 tibi
1107 5219 1228 5284 soli,
1271 5220 1483 5289 pompis
1526 5220 1725 5275 diaboli
1764 5224 2102 5291 postpositis,

520 5307 886 5363 obediremus.
926 5308 992 5363 Et
1036 5308 1139 5363 hoc
1169 5309 1334 5363 etiam
1377 5310 1537 5365 modo
1573 5326 1676 5364 non
1719 5327 1900 5364 sumus
1931 5312 2096 5378 obliti,

519 5400 731 5457 scilicet
755 5418 858 5455 non
882 5402 1087 5456 recessit
1113 5418 1203 5455 cor
1227 5410 1482 5466 nostrum,
1513 5402 1564 5456 id
1592 5412 1674 5457 cst
1702 5402 1951 5458 voluntas
1972 5418 2096 5459 cor-

522 5494 604 5547 dis
637 5494 808 5548 nostri
834 5508 864 5548 a
902 5503 973 5557 te,
1012 5493 1357 5555 retrocundo,
1398 5493 1449 5546 id
1487 5503 1572 5549 est
1614 5494 1680 5547 ad
1726 5493 2097 5551 infidelitatem

522 5581 876 5638 deﬂectendo.
909 5582 1063 5649 Quod
1091 5580 1377 5638 estdicere
1408 5600 1420 5635 :
1456 5581 1572 5638 Non
1600 5584 1774 5638 solum
1796 5586 1972 5655 inique
1996 5602 2098 5640 non

522 5674 740 5743 egimus,
773 5674 865 5728 sed
896 5688 995 5729 nec
1021 5673 1185 5729 etiam
1216 5672 1468 5728 recedere
1500 5688 1530 5729 a
1562 5683 1613 5731 te
1640 5672 1930 5744 voluimus,
1955 5678 2098 5746 quod

1109 303 1165 358 S.
1207 304 1552 362 BRUNONIS
1593 304 2233 364 CARTIIUSIANORUM
2263 302 2751 361 INSTITUTORIS
2788 306 2937 362 OPP.
2975 307 3153 365 PARS
3188 310 3230 379 Ι,

3656 322 3745 389 Μ

2145 424 2193 479 Α
2224 413 2393 468 levius
2426 424 2531 468 est.
2577 416 2643 470 Et
2673 417 2775 472 hoc
2807 433 2913 472 nou
2951 434 3050 488 per
3093 435 3213 487 nos,
3252 427 3357 477 sed:
3386 433 3553 492 perte
3582 428 3741 488 liabu'n

2213 518 2354 556 mus.
2382 502 2519 559 Nam
2548 519 2654 559 non
2686 506 2981 573 declinasti,
3020 508 3071 562 id
3101 518 3183 564 est
3222 510 3482 567 declinari
3526 530 3620 570 nou
3646 534 3742 588 per.

2213 593 2408 648 misisti
2448 595 2659 649 semitas
2687 606 2915 662 nostras,
2958 598 3009 651 id
3050 608 3132 654 est
3172 602 3514 669 operatioues
3548 618 3740 676 nostras,

2212 698 2329 751 quae
2360 692 2486 738 sunt
2520 685 2727 740 semitae
2755 687 2909 741 nobis
2933 687 2999 741 ad
3030 688 3217 755 vitam,
3258 707 3291 743 a
3334 693 3418 745 via
3458 703 3563 759 tua,
3602 696 3645 751 id
3676 711 3743 754 est

2211 786 2241 824 a
2273 773 2355 825 via
2400 773 2780 829 mandatorum
2814 784 3048 831 tuorum.
3093 777 3248 845 Quod
3287 789 3372 834 est
3399 782 3612 838 dicere:
3647 786 3749 855 Non.

2211 862 2507 930 permisisti
2553 879 2651 919 nos
2691 864 2914 919 multum
2960 868 3173 937 operari
3209 871 3311 924 tale
3341 871 3487 939 quid,
3518 876 3644 947 quod
3667 894 3742 945 es.

2214 962 2463 1008 traneum
2490 964 2677 1011 esseta
2704 957 2969 1013 mandatis
3000 960 3121 1013 tuis.
3150 958 3381 1030 Ideoque
3396 964 3560 1033 magis
3580 966 3741 1023 mirum

2212 1054 2317 1111 est,
2348 1062 2471 1101 cum
2504 1049 2639 1102 adeo
2677 1061 3085 1118 perseverantes
3127 1054 3183 1108 in
3219 1054 3363 1110 bono
3397 1056 3580 1123 fecisti,
3607 1076 3751 1129 quare

2212 1139 2290 1192 sic
2333 1138 2568 1207 repulisti
2606 1150 2652 1194 et
2697 1142 3001 1210 confudisti,
3043 1145 3197 1213 quasi
3241 1146 3345 1199 hoc
3381 1147 3519 1201 male
3554 1150 3747 1211 vivendo

2211 1228 2715 1297 promeruissemus.
2746 1229 2960 1297 Quaeret
2987 1232 3183 1301 aliquis
3210 1251 3223 1287 :
3250 1234 3430 1302 Quare
3449 1237 3613 1292 dicitis
3630 1241 3745 1308 quod

2214 1334 2319 1373 non
2356 1317 2539 1373 fuistis
2567 1319 2741 1384 obliti,
2769 1337 2889 1375 cum
2924 1337 3029 1377 non
3065 1322 3260 1379 fuisset
3289 1310 3442 1380 vobis
3466 1341 3616 1382 causa
3642 1331 3746 1384 obli-

2214 1410 2429 1466 vionis?
2455 1411 2833 1482 Respondetur
2868 1430 2881 1467 :
2923 1412 3059 1468 Vere
3088 1416 3243 1471 nobis
3274 1416 3398 1479 fuit,
3418 1420 3645 1485 quoniam
3667 1420 3742 1473 lut-

2211 1499 2430 1553 miliasti
2468 1518 2584 1564 nos,
2623 1501 2675 1554 id
2712 1513 2795 1556 est
2835 1501 3272 1559 tribulationibus
3315 1505 3568 1571 amisisti,
3610 1507 3655 1561 id
3681 1521 3751 1567 est

2213 1589 2373 1660 aﬂligi
2414 1590 2733 1659 permisisxi.
2782 1589 2849 1645 In
2894 1590 3007 1645 loco
3036 1594 3352 1663 aﬂlictionis,
3399 1596 3449 1650 id
3484 1596 3634 1653 estin
3666 1599 3747 1654 hoc

2214 1682 2435 1747 mundo,
2467 1682 2518 1735 in
2554 1698 2661 1750 quo
2689 1693 2771 1737 est
2794 1682 2944 1736 locus
2978 1683 3130 1755 14],
3162 1684 3497 1755 aﬂlictionis;
3531 1690 3580 1742 in
3604 1689 3748 1746 futuro

2145 1769 2190 1827 Β
2216 1772 2358 1825 enim
2386 1771 2538 1827 locus
2563 1772 2869 1828 alllictiouis
2905 1790 3009 1837 non
3038 1776 3161 1830 erit.

2289 1858 2355 1913 Et
2401 1861 2537 1915 adeo
2584 1861 2873 1917 ltumiliasti
2916 1863 3055 1931 quod
3104 1865 3374 1933 cooperuit
3426 1883 3517 1921 nos
3568 1869 3748 1934 umbra,

2218 1952 2485 2007 exsistens
2517 1968 2679 2007 causa
2713 1954 2913 2015 mortis,
2949 1954 2998 2007 id
3028 1965 3110 2009 est
3138 1956 3362 2010 mnuino
3392 1972 3749 2028 occupaverunt

2216 2057 2316 2097 nos
2348 2044 2784 2098 tribulationibus
2823 2044 2895 2098 illi
2928 2046 3017 2114 qui
3053 2047 3357 2115 empliatice
3392 2050 3630 2103 dicuntur
3661 2069 3751 2105 um-

2217 2136 2334 2197 bra,
2366 2135 2415 2189 id
2443 2145 2527 2190 est
2563 2136 2800 2190 umbrosi
2829 2146 2881 2189 et
2911 2135 3124 2190 obscuri
3161 2137 3213 2191 iu
3241 2153 3450 2203 errore,
3481 2141 3625 2209 etqui
3652 2153 3750 2194 sunt

2216 2225 2335 2280 aliis
2362 2241 2522 2281 causa
2544 2226 2757 2293 mortis,
2788 2241 2922 2296 quos
2947 2226 3047 2281 sibi
3079 2228 3428 2296 iucorporant
3447 2230 3578 2283 malo
3603 2246 3750 2283 exem-

2215 2313 2323 2383 plo,
2355 2313 2790 2384 suggestiouibus
2811 2354 2826 2377 ,
2873 2314 3034 2368 minis
3079 2324 3133 2369 et
3164 2316 3600 2370 trilmlationibus
3632 2335 3643 2371 :
3682 2317 3747 2369 Di-

2212 2415 2358 2460 ceret
2386 2405 2578 2474 aliquis
2603 2423 2616 2459 :
2641 2406 2820 2472 Quare
2846 2404 3097 2473 iactastis
3123 2421 3218 2461 vos
3244 2422 3349 2461 non
3384 2406 3545 2462 fuisse
3569 2408 3744 2469 oblitos,

2213 2508 2336 2548 cum
2369 2494 2521 2550 obliti
2553 2494 2803 2555 fueritis?
2844 2494 3255 2564 Respondetur:
3288 2494 3425 2549 Vere
3455 2510 3555 2550 non
3587 2494 3755 2555 fuimus

2210 2583 2387 2638 obliti.
2438 2583 2573 2638 Nam
2621 2586 2669 2639 si
2712 2584 2859 2639 obliti
2903 2601 3085 2649 sumus
3127 2601 3313 2653 nomen
3340 2585 3440 2639 Dei
3470 2587 3642 2655 nostri,
3666 2602 3749 2640 non

2212 2674 2511 2743 reputando
2550 2689 2672 2728 eum
2701 2674 2869 2729 Deum
2902 2684 2954 2728 et
2986 2673 3295 2740 Dominum,
3328 2689 3429 2730 nos
3467 2685 3632 2729 autem
3660 2691 3748 2730 ser-

2209 2780 2304 2819 vos
2328 2774 2381 2820 et
2406 2772 2751 2831 creaturam;
2787 2775 2834 2818 et
2866 2765 2911 2821 si
2952 2764 3327 2820 obliviscendo
3356 2780 3548 2820 nomen
3573 2764 3657 2821 Dci
3679 2783 3749 2821 no-

2209 2854 2307 2915 stri
2337 2855 2682 2924 expandimus
2711 2871 2902 2909 manus
2941 2865 3148 2909 nostras
3183 2855 3496 2925 corporales
3527 2856 3593 2909 ad
3613 2855 3751 2910 Deum

2208 2946 2457 3011 alienum,
2487 2945 2767 3001 adorando
2798 2960 2943 3001 eum.
2995 2946 3090 3001 Vel
3123 2948 3179 3001 si
3204 2946 3560 3016 expandimus
3594 2963 3748 3003 manus

2210 3047 2457 3101 nostras,
2506 3038 2558 3093 id
2598 3048 2678 3092 est
2718 3038 3051 3093 intendimus
3095 3036 3415 3093 affectiones
3458 3047 3661 3093 nostras
3697 3039 3748 3092 ad

2135 3104 2180 3165 (ἶ
2212 3126 2379 3181 Deum
2411 3125 2672 3191 alienum,
2715 3135 2771 3179 ut
2806 3126 2969 3182 etiam
3008 3125 3107 3195 ipsi
3153 3126 3462 3196 supplicare
3504 3127 3747 3191 vellemus,

2213 3212 2402 3267 Nonne
2435 3214 2574 3267 Deus
2607 3214 2832 3283 requiret
2874 3214 2976 3268 ista
3020 3213 3072 3268 in
3110 3213 3329 3281 futuro,
3378 3225 3439 3269 ut
3468 3215 3748 3271 ulciscatur?

2207 3304 2470 3373 Requiret
2506 3320 2651 3361 vere.
2704 3305 2782 3359 Ac
2823 3305 2868 3359 si
2909 3306 3055 3360 dicat
3095 3306 3344 3362 :Verum
3387 3308 3641 3373 dicimus,
3675 3323 3747 3362 nos

2209 3410 2313 3451 non
2341 3395 2537 3451 oblitos
2568 3409 2690 3450 esse
2713 3394 3078 3465 perbibentes.
3109 3395 3243 3450 Nam
3271 3398 3315 3452 si
3347 3397 3499 3452 obliti
3526 3411 3745 3461 essemus,

2209 3487 2274 3539 ad
2305 3487 2432 3555 quid
2479 3486 2581 3542 hoc
2610 3487 2986 3551 mentiremur,
3034 3502 3156 3541 cum
3204 3487 3445 3543 sciaums
3480 3488 3577 3543 hoc
3611 3488 3657 3541 iu
3685 3487 3746 3540 lu-

2211 3585 2332 3630 turo
2356 3578 2519 3631 Deum
2551 3576 2974 3645 requisiturum?
2997 3575 3159 3643 Quasi
3189 3578 3434 3631 dicerent
3459 3595 3472 3630 :
3498 3576 3607 3630 Non
3634 3577 3745 3629 dice-

2206 3683 2387 3725 remus
2416 3668 2539 3733 hoc,
2573 3668 2671 3722 nisi
2704 3681 2891 3722 verum
2932 3676 3096 3721 esset.
3132 3667 3346 3721 Diceret
3393 3666 3585 3736 aliquis
3617 3684 3629 3719 :
3657 3666 3743 3719 Non

2204 3759 2475 3828 requiret,
2517 3759 2775 3829 quoniam
2820 3757 2923 3813 hoc
2968 3758 3196 3828 ignorat.
3236 3758 3316 3814 Ad
3360 3758 3465 3814 hoc
3504 3758 3746 3828 respondet

2207 3851 2287 3906 sic
2313 3869 2325 3903 :
2353 3849 2467 3906 Non
2501 3851 2715 3919 ignorat
2747 3849 2870 3914 hoc,
2908 3848 3029 3919 Ipse
3062 3851 3199 3903 enim
3236 3851 3377 3903 novit
3409 3850 3746 3905 universaliter

2206 3942 2512 4005 abscondita
2538 3941 2732 3995 cordis.
2766 3940 3021 4009 Sequitur
3056 3951 3236 3994 autem
3272 3942 3452 3995 oratio
3477 3957 3571 4012 pro
3594 3942 3744 4011 positis

2205 4034 2259 4090 in
2286 4033 2594 4100 aﬂliclione,
2620 4032 2698 4088 sic
2720 4051 2734 4085 :
2757 4032 2872 4087 Dixi
2896 4032 3022 4101 quia
3053 4032 3348 4086 lmmiliasti
3379 4048 3499 4099 nos,
3525 4042 3576 4088 et
3603 4043 3743 4087 tamen

2204 4138 2312 4178 non
2343 4138 2530 4178 sumus
2557 4122 2732 4178 obliti.
2767 4122 2909 4191 Ergo
2940 4124 3187 4193 quoniam
3224 4133 3438 4191 propter
3471 4134 3518 4177 te
3542 4134 3642 4176 tota
3664 4124 3741 4183 die,

2204 4214 2257 4270 id
2286 4224 2370 4271 est
2400 4214 2637 4278 assidue,
2662 4213 3114 4281 mortiﬁcamurin
3143 4227 3337 4277 carne;
3364 4221 3421 4268 et
3445 4214 3566 4267 dum
3595 4213 3744 4267 morti~

2204 4306 2451 4369 ticamur,
2474 4303 2719 4361 cstimati
2747 4319 2930 4357 sumus
2964 4317 2994 4356 a
3022 4302 3461 4372 persecutoribus
3499 4304 3622 4358 sicut
3657 4318 3743 4356 om

2205 4395 2501 4463 occisionis,
2551 4395 2603 4449 id
2649 4402 2735 4449 est
2787 4394 3037 4449 aestimati
3096 4410 3286 4450 sumus
3337 4395 3610 4450 occidendi
3658 4393 3743 4446 sine

2206 4495 2457 4555 respectu
2496 4484 2917 4558 misericordiae,
2938 4484 3078 4540 sicut
3103 4500 3232 4541 oves
3254 4500 3376 4555 qua:
3416 4486 3483 4539 ad
3513 4486 3608 4540 hoc
3638 4493 3742 4537 nata:

2206 4587 2334 4634 sunt
2380 4586 2439 4633 ut
2486 4578 2805 4634 occidantur
2853 4584 2909 4631 et
2955 4577 3343 4642 comedantur;
3390 4592 3623 4646 exsurge,
3663 4574 3741 4628 Do-

2206 4671 2367 4737 mine,
2410 4670 2463 4726 id
2505 4680 2588 4725 est
2615 4679 2808 4740 potens
2853 4684 3073 4739 apparo,
3122 4670 3212 4739 qui
3246 4669 3453 4724 videris
3501 4670 3739 4738 impotens.

2211 4761 2388 4829 Quare
2414 4763 2677 4817 obdormis
2710 4761 2885 4827 nobis,
2930 4761 2983 4816 id
3019 4771 3101 4817 est
3135 4762 3364 4833 negligis
3409 4762 3549 4816 nos?
3578 4760 3742 4816 Obdur-

2208 4856 2345 4911 mire
2374 4869 2607 4924 namque
2638 4854 2736 4924 Dei
2763 4863 2847 4908 est
2887 4854 3060 4923 ipsum
3096 4853 3331 4922 aliquem
3376 4853 3653 4923 negligere.
3686 4851 3740 4901 Ac

2206 4946 2249 4999 si
2279 4945 2419 5001 dicat
2446 4964 2459 4998 :
2486 4944 2603 4999 Noli
2634 4943 2940 4999 obdormire
2968 4944 3146 5008 nobis,
3179 4944 3273 4998 sed
3304 4958 3553 5010 exsurge.
3586 4941 3643 4995 Et
3666 4941 3740 4993 hoc

2206 5038 2367 5092 modo
2403 5052 2633 5107 exsurge
2667 5052 2680 5089 :
2719 5034 2926 5090 scilicet
2976 5051 3037 5088 ne
3076 5034 3298 5104 repellas
3345 5050 3446 5089 nos
3493 5033 3558 5087 ab
3583 5028 3739 5084 auxilio

2208 5138 2298 5183 tuo
2324 5130 2380 5183 in
2414 5128 2569 5198 ﬁnem
2614 5127 2966 5197 repulsionis,
3012 5126 3063 5179 id
3110 5136 3196 5180 est
3230 5127 3281 5180 iu
3314 5137 3597 5181 internum.
3628 5119 3736 5175 Etsi

2208 5219 2369 5274 modo
2405 5219 2638 5275 videaris
2670 5217 2953 5287 repellere,
3002 5233 3069 5271 ne
3106 5217 3337 5286 repellas
3388 5213 3736 5271 univcrsaliter.

2208 5309 2420 5366 Dictum
2464 5319 2547 5366 est
2594 5319 2649 5364 et
2695 5309 2761 5364 de
2809 5309 3174 5373 tristantibus,
3217 5308 3362 5378 quod
3391 5308 3661 5377 sequitur:
3690 5301 3738 5355 Et

2203 5417 2363 5470 quare
2386 5402 2573 5455 avertis
2604 5401 2791 5469 faciem
2821 5410 2985 5463 tuam,
3014 5399 3064 5453 id
3084 5408 3167 5454 est
3188 5400 3569 5471 benignitatem
3592 5393 3738 5467 gratis

2204 5493 2343 5548 tuas?
2377 5494 2477 5548 hoc
2507 5493 2667 5547 modo
2694 5491 2901 5547 scilicet
2946 5493 3148 5546 avertis
3178 5510 3191 5543 :
3237 5490 3565 5547 Oblivisceris
3587 5486 3737 5554 inopis

2205 5596 2419 5648 nostras,
2450 5584 2503 5639 id
2529 5594 2615 5640 est
2648 5584 2867 5653 inopum
2909 5592 3173 5637 nostrum.
3207 5582 3271 5635 ιιι
3304 5579 3638 5636 tribulationis
3665 5592 3736 5628 uo-

2205 5687 2354 5742 stra',
2397 5677 2449 5732 id
2487 5686 2570 5733 est
2600 5675 2797 5731 videris
2835 5674 3077 5731 oblivisci
3111 5674 3469 5743 quorumdam
3502 5688 3562 5727 es
3595 5667 3734 5727 nobis
