3838 6328
116 314 196 369 8ἱὸ

117 425 186 495 qui
211 429 322 477 sunt
358 438 560 491 mones,
607 423 657 477 id
685 434 768 485 est
798 425 979 478 tristes
1029 425 1082 479 in
1132 426 1476 483 tribulatione
1514 442 1647 479 sna:
1682 431 1726 488 Α

119 527 216 567 cum
258 512 332 565 sic
381 512 660 580 permittas
712 527 806 566 eos
857 513 1060 566 tristari
1110 514 1253 568 unde
1309 515 1647 584 gaudendum

118 612 247 659 esset.
281 602 471 671 Inepes
500 614 681 658 autem
711 604 964 658 dicuntur
994 604 1179 659 ﬁdeles
1214 604 1287 658 illi
1317 606 1407 675 qui
1455 605 1511 658 in
1546 606 1646 658 tri-

117 695 345 749 bulatione
372 710 467 750 sua
496 695 806 761 tristantur,
836 712 901 751 ac
928 697 972 751 si
1001 712 1059 751 se
1085 697 1178 751 Dei
1204 713 1305 768 ope
1334 697 1648 752 dubitarent

118 799 240 855 posse
257 784 691 854 liberari.'lnopes
712 788 855 842 enim
883 789 1157 852 dicuntur,
1178 789 1269 858 qui
1291 789 1405 844 sine
1424 789 1651 859 alicujus

117 890 192 942 ope
214 885 345 928 sunt.
374 876 726 931 Abnndantes
755 886 934 932 autem
971 879 1245 947 dicuntur,
1276 880 1389 949 qui,
1419 882 1518 934 etsi
1555 880 1649 934 tri-

116 964 348 1030 bulentur,
392 965 917 1020 abundantissimam
961 977 1143 1021 tamen
1173 982 1320 1036 spem
1351 967 1552 1021 habent
1580 965 1648 1021 Ii-

118 1056 320 1109 bemndi.
346 1057 424 1110 Ac
452 1057 495 1111 si
526 1057 766 1111 diceret:
796 1056 913 1112 Noli
940 1068 1185 1113 avertere
1216 1060 1427 1125 faciem,
1457 1068 1511 1113 et
1541 1059 1646 1113 noli

118 1145 314 1199 oblivisci
342 1147 579 1215 inopum.
601 1148 731 1203 Orat
757 1164 971 1218 quoque
997 1164 1093 1218 pro
1111 1149 1508 1212 deﬁcientibus,
1535 1149 1646 1202 sic:

118 1252 195 1291 nou
226 1236 386 1291 solum
424 1254 521 1293 oro
570 1254 666 1307 pro
712 1240 996 1309 inepibus,
1039 1243 1133 1295 sed
1183 1242 1429 1311 quoniam
1473 1240 1650 1295 anima

118 1338 278 1391 nostra,
304 1328 354 1382 id
381 1338 467 1383 est
498 1331 676 1384 anima
703 1331 1060 1399 quorumdam
1092 1347 1155 1386 ex
1190 1332 1344 1386 nobis
1371 1331 1648 1385 humiliata

119 1426 209 1481 est,
247 1417 293 1472 id
334 1428 416 1473 est
454 1421 656 1490 dejecta
693 1429 748 1475 et
792 1421 1131 1477 deﬂectibilis
1174 1434 1248 1477 est
1294 1439 1323 1477 a
1368 1423 1652 1477 sanctitate

119 1522 189 1559 sua
212 1517 290 1561 :et
318 1509 419 1563 hoc
450 1511 508 1563 in
533 1510 759 1579 pulvere,
807 1511 858 1565 id
890 1522 972 1566 est
1005 1511 1055 1565 in
1092 1511 1437 1566 tribulatione
1465 1511 1653 1580 pulve-

119 1597 173 1650 ris
191 1598 278 1660 sui,
302 1600 485 1655 carnis
515 1601 720 1656 scilicet
746 1616 877 1665 sum,
909 1617 1027 1671 qua:
1054 1604 1184 1657 nihil
1212 1603 1353 1657 aliud
1384 1612 1465 1658 est
1490 1618 1652 1673 quam

117 1688 256 1754 pulvis
280 1699 330 1744 et
362 1700 530 1745 terra.
564 1692 629 1745 Et
655 1694 911 1762 quoniam
940 1704 1115 1749 venter
1143 1705 1336 1759 noster,
1368 1696 1420 1749 id
1450 1705 1533 1749 est
1561 1695 1652 1750 de-

118 1778 333 1834 bilissima
364 1797 494 1849 pars
524 1792 708 1836 nostra
728 1823 743 1847 ,
788 1783 1172 1853 conglutinatus
1210 1794 1281 1839 est
1313 1785 1367 1837 in
1405 1795 1567 1849 terra,
1598 1784 1650 1839 id
1685 1774 1726 1828 Β

117 1879 177 1923 est
197 1870 503 1938 coniunctus
526 1882 607 1926 est
639 1874 865 1931 terrenis
896 1883 950 1929 et.
970 1874 1263 1930 conformis
1297 1875 1350 1929 in
1378 1875 1649 1930 desiderio

119 1970 430 2016 terrenorum.
464 1962 618 2030 Quod
639 1974 720 2017 est
748 1964 930 2019 dicere
953 1983 966 2019 :
992 1965 1126 2032 Quia
1149 1966 1365 2035 quidam
1394 1981 1458 2020 ex
1496 1965 1648 2020 nobis

117 2059 210 2102 sunt
242 2065 299 2105 ex
334 2059 450 2105 toto
490 2051 832 2117 deﬁcientes,
876 2054 954 2107 sic
996 2063 1054 2107 ut
1095 2071 1202 2108 non
1247 2055 1355 2109 sint
1405 2055 1456 2108 in
1507 2064 1648 2109 terra

118 2140 463 2210 conglutinati,
496 2143 712 2211 quidam
753 2159 883 2198 vero
919 2146 998 2198 sic
1040 2154 1098 2200 ut
1137 2146 1243 2199 sint
1275 2144 1647 2215 conglutinati,

118 2244 322 2299 exsurge,
371 2231 636 2299 Domine,
693 2232 746 2286 id
805 2244 889 2287 est
933 2243 1123 2302 potens
1172 2250 1392 2304 appare.
1444 2234 1506 2289 Et
1550 2235 1651 2290 hoc

120 2321 241 2373 modo
282 2323 490 2378 scilicet
519 2338 748 2394 exsurge
781 2338 795 2377 :
836 2324 1041 2394 Adjuva
1082 2342 1174 2379 nos
1207 2326 1501 2380 secundum
1534 2326 1652 2380 illos

118 2412 183 2477 qui
203 2426 311 2466 sunt
334 2415 549 2482 inopes,
579 2424 880 2470 nontamen
907 2415 1238 2481 deﬁcientes,
1262 2424 1339 2480 ut,
1359 2417 1652 2470 auxiliante

120 2506 168 2557 te,
194 2515 282 2553 non
307 2502 647 2558 deﬁciamus.
685 2504 751 2557 Et
792 2506 985 2560 redime
1013 2523 1105 2560 nos
1136 2522 1165 2559 a
1195 2506 1428 2570 defectu,
1461 2520 1653 2560 secun-

119 2590 212 2643 dum
245 2604 447 2661 partem
486 2609 675 2648 eorum
701 2595 795 2664 qui
826 2595 1103 2650 deﬁciunt.
1142 2596 1295 2663 Quod
1322 2605 1407 2650 est
1442 2596 1649 2650 dicere:

120 2680 228 2735 Mors
263 2692 348 2737 tua
388 2686 465 2739 sit
500 2686 733 2755 pretium
783 2702 891 2756 quo
928 2702 1184 2742 eruamur
1219 2703 1249 2741 a
1299 2686 1510 2742 delectu
1558 2701 1655 2757 per

102 2785 241 2837 quem
272 2790 332 2828 cx
368 2785 487 2830 toto
520 2776 843 2846 periremus.
894 2776 1022 2844 Oro,
1072 2778 1289 2847 adjuva,
1322 2778 1541 2852 redime.
1586 2777 1653 2831 Et

119 2861 195 2917 hoc
223 2864 298 2920 fac
325 2882 433 2921 non
466 2879 688 2937 propter
721 2869 911 2924 merita
949 2860 1154 2933 nostra,
1194 2869 1288 2924 sed
1324 2878 1535 2937 propter
1564 2883 1656 2921 no-

120 2968 207 3009 men
250 2966 387 3009 tuum
431 2958 911 3025 magniﬁcandum,
940 2968 995 3015 et
1034 2975 1064 3013 a
1095 2960 1269 3027 nobis,
1300 2961 1344 3014 si
1372 2974 1478 3013 non
1510 2957 1656 3013 defe-

120 3045 325 3108 cerimus,
357 3056 413 3101 et
454 3047 523 3103 ab
552 3047 702 3116 aliis,
746 3051 995 3121 exemplo
1031 3060 1218 3108 nostro
1252 3052 1319 3107 ad
1364 3051 1468 3105 hoc
1506 3063 1655 3105 com-

119 3138 368 3194 movendis.

1681 3112 1728 3175 C

435 3273 592 3344 142
638 3273 705 3329 IN
742 3273 1073 3333 PSALMUM
1112 3276 1294 3333 XLIV.

170 3395 358 3453 Titulus
387 3402 789 3472 quadragesimi
826 3406 1026 3472 quarti.
1062 3405 1129 3458 In
1150 3407 1307 3475 ﬁnem
1337 3423 1429 3477 pro
1458 3408 1538 3463 Itis
1568 3410 1657 3480 qui

120 3491 554 3555 rcmmutabuntur,
582 3491 706 3558 ﬁliis
730 3492 897 3546 Chorc
922 3494 993 3547 ad
1022 3495 1360 3561 intellectum,
1393 3500 1655 3553 canticum

118 3593 188 3639 pro
210 3578 383 3634 dilecto
422 3595 443 3632 :
476 3581 641 3637 Filios
664 3584 841 3639 Chore
879 3601 983 3639 non
1027 3586 1115 3643 hic
1156 3588 1494 3644 solummodo
1527 3591 1657 3644 dicit

119 3663 378 3725 imitatores
412 3672 679 3741 passionis
709 3673 909 3729 Christi
948 3693 961 3729 :
997 3677 1089 3730 scd
1129 3687 1184 3731 et
1220 3694 1408 3732 omnes
1439 3680 1527 3748 qui
1564 3680 1654 3734 ﬁlii

118 3765 215 3807 sunt
238 3759 467 3827 adoptivi
496 3760 751 3816 Ecclesia:
787 3778 882 3831 per
907 3765 1232 3831 passionem,
1268 3767 1451 3822 titulus
1476 3778 1653 3823 autem

118 3843 178 3895 sic
198 3850 474 3916 exponitur
503 3848 830 3921 :Canticum,
864 3854 916 3909 id
941 3864 1024 3910 est
1054 3865 1313 3912 tractatus
1342 3858 1442 3912 iste
1472 3859 1521 3911 in
1551 3874 1656 3928 quo

119 3939 384 3996 continetur
413 3941 655 4010 jucunda
697 3944 835 4010 laus,
863 3948 1197 4016 propositum
1229 3958 1312 4002 est
1338 3948 1463 4016 ﬁliis
1489 3947 1656 4004 Chore

117 4029 169 4078 ad
190 4030 510 4101 intellectum,
540 4035 594 4089 id
622 4044 705 4090 est
732 4038 797 4091 ad
828 4038 931 4093 hoc
954 4048 1013 4092 ut
1037 4038 1321 4110 diligenter
1349 4051 1656 4096 scrutentur

118 4114 195 4170 hoc
219 4122 478 4176 canticum
523 4125 666 4193 quod
702 4127 1079 4196 gravissimum
1120 4138 1223 4193 est,
1265 4137 1318 4183 et
1353 4129 1432 4183 sic
1467 4129 1532 4183 ad
1574 4129 1654 4183 in-

118 4203 348 4265 tellectum
398 4216 737 4282 perveniant.
801 4214 1085 4271 Canticum
1138 4218 1259 4274 dico
1306 4218 1547 4273 habitum
1600 4228 1655 4273 et

118 4300 430 4366 compositum
462 4317 499 4357 a
522 4305 784 4375 propheta
838 4322 934 4377 pro
960 4308 1040 4362 his
1065 4309 1154 4378 qui
1194 4310 1656 4369 ronmzutabuntur

117 4381 159 4434 δη
174 4384 330 4457 ﬁnem,
357 4391 408 4446 id
435 4400 519 4448 est
553 4394 607 4448 in
633 4394 927 4465 perfectam
971 4400 1520 4465 consummationem,
1549 4400 1654 4455 sci-

118 4468 214 4562 licet
243 4480 304 4534 de
336 4484 670 4542 mortalitate
709 4486 762 4541 in
795 4487 1254 4545 immortalitatem
1280 4507 1293 4543 :
1331 4490 1397 4545 de
1423 4492 1654 4562 passibi-
1684 4469 1730 4529 θ

116 4558 237 4622 litate
280 4571 332 4626 in
382 4574 918 4646 impassibilitatem,
974 4578 1029 4633 id
1078 4587 1163 4633 est
1204 4594 1304 4650 pro
1356 4558 1650 4635 salvandis.

122 4655 332 4717 «Omnes
360 4667 506 4719 enim
547 4682 890 4738 resnrgemus
918 4686 932 4723 :
963 4670 1057 4726 sed
1087 4686 1193 4724 non
1232 4685 1422 4727 omnes
1460 4671 1653 4725 immu-

119 4747 390 4825 labimur-(1
414 4753 537 4809 Cor.
569 4772 659 4821 xv,
689 4756 798 4828 15).
835 4778 853 4811 ι
910 4758 974 4813 Et
1013 4760 1256 4815 habitum
1297 4774 1395 4832 pro
1425 4760 1648 4824 dilecto,

118 4846 499 4901 antonomasticc
525 4845 741 4902 Christo
766 4849 989 4916 scilicet,
1008 4852 1099 4921 qui
1121 4851 1347 4906 dilectus
1376 4859 1460 4905 est
1486 4866 1516 4905 a
1544 4851 1652 4905 Deo

117 4925 242 4988 Patre
266 4944 316 4989 et
335 4937 593 4993 Ecclesia.
616 4939 703 4993 De
728 4954 837 5009 quo
862 4956 962 4995 vox
991 4952 1215 5011 paterna
1246 4942 1325 4997 sic
1351 4940 1653 4996 intonuisse

117 5016 157 5071 in
179 5021 444 5099 Evangelio
474 5030 816 5099 perhibetur:
849 5049 867 5081 ι
897 5031 997 5087 Hic
1033 5042 1116 5088 est
1141 5034 1314 5089 Filius
1343 5049 1495 5088 meus
1519 5033 1654 5087 dile-

117 5118 224 5175 ctus,
259 5134 276 5166 ι
303 5129 405 5171 etc.
456 5118 673 5189 (Matth.
706 5135 789 5187 ιιι,
833 5122 945 5191 I7.)
986 5121 1050 5175 Et
1101 5122 1154 5176 in
1184 5123 1453 5188 Canticis,
1491 5124 1557 5178 de
1585 5137 1651 5177 eo

117 5214 276 5266 sponsa
318 5208 555 5265 Ecclesia
608 5220 883 5266 testatur:
924 5231 941 5265 ι
974 5212 1213 5270 Dilectus
1264 5231 1416 5271 mens
1468 5215 1652 5270 candi-

118 5288 209 5356 dus,
246 5315 265 5347 s
285 5309 385 5354 etc.
416 5300 592 5371 (Cant.
629 5319 678 5368 v,
704 5303 816 5377 10.)
850 5304 993 5361 Bene
1019 5307 1233 5376 quidem
1265 5309 1409 5377 ponit
1438 5322 1534 5377 pro
1565 5306 1649 5362 his

119 5385 186 5448 qui
224 5396 721 5463 commntabuntur;
772 5407 829 5451 et
871 5413 968 5467 pro
1010 5398 1209 5454 dilecto
1256 5418 1269 5455 :
1312 5415 1447 5469 pro,
1500 5404 1645 5460 enim

120 5482 353 5537 causative
398 5487 636 5555 ponitur.
698 5488 861 5556 Quasi
911 5500 1134 5559 poneret
1190 5506 1407 5546 causam
1460 5508 1645 5549 eorum

124 5564 188 5629 illi
206 5577 861 5649 oommulabuntur,ctpro
882 5581 1098 5647 dilecto,
1118 5581 1283 5645 idest,
1304 5583 1369 5635 ad
1389 5585 1644 5639 honorem

124 5665 268 5714 torum
316 5662 439 5722 facit
484 5669 587 5726 hoc
636 5669 906 5725 corticum
950 5686 961 5724 :
1008 5681 1069 5726 ut
1106 5686 1227 5727 cum
1277 5670 1376 5726 hoc
1419 5681 1645 5727 tractatu

979 311 1340 368 EXPOSITIO
1379 311 1443 367 IN
1481 311 1798 368 PSALMOS
1846 340 1916 351 —-
1949 309 2144 366 PSAL.
2192 309 2367 366 XLIV.

3216 308 3322 367 826

1755 440 1940 481 eorum
1990 425 2104 481 laus
2139 424 2420 490 habeatur,
2454 423 2586 477 alios
2634 422 2699 476 ad
2737 436 2859 476 eum
2904 420 3227 477 laudandum
3265 432 3321 480 ct

1750 515 2120 569 honorandum
2151 514 2360 567 invitet.
2414 511 2773 566 Introdncitur
2802 511 2943 565 enim
2972 510 3112 568 Deus
3139 513 3316 580 Pater,

1750 620 1915 675 agens
1943 605 2008 657 ad
2049 604 2260 658 laudent
2292 602 2406 671 ejus
2434 612 2487 656 et
2524 611 2721 655 nostrae
2760 600 2882 653 ﬁdei
2916 603 3318 658 instructionem

1749 696 1816 749 de
1857 696 2104 766 genitura
2156 693 2408 748 ineii‘abili
2448 701 2500 747 et
2544 702 2742 747 acterna
2781 690 2901 744 Filii
2941 692 3042 746 sui.
3074 692 3323 751 Laudatis

1749 783 1970 854 insuper
1997 799 2118 838 eum
2160 783 2455 837 secundum
2487 782 2878 836 humanitatem
2911 781 2976 835 de
3014 782 3322 837 innocentia

1748 881 1802 926 et
1823 870 2032 941 justitia
2071 872 2205 943 ejus,
2244 881 2299 926 et
2328 873 2625 927 adhortans
2655 887 2777 927 eum
2810 873 2876 927 ad
2903 872 3322 941 praedicandum.

1748 963 1952 1017 Laudat
1994 978 2207 1033 quoque
2246 979 2340 1018 eos
2388 964 2478 1032 qtti
2533 964 2586 1017 in
2634 963 2794 1016 ﬁnem
2831 964 3324 1030 commutabuntur,

1752 1052 1803 1106 id
1828 1063 1909 1107 est
1935 1054 2228 1107 Ecclesiam
2261 1054 2607 1122 primitivum,
2642 1067 2760 1122 quae
2783 1053 2875 1107 Dei
2906 1068 3103 1121 sponsa
3128 1062 3230 1118 est,
3262 1055 3327 1108 de

1753 1142 2089 1211 perfectione
2136 1142 2434 1196 virtutum:
2481 1151 2535 1196 et
2569 1142 2887 1195 adhortatur
2925 1142 3093 1210 ipsam
3141 1143 3332 1211 primi-

1753 1232 1913 1285 tivam
1938 1232 2003 1285 ad
2032 1233 2356 1285 audiendum
2384 1240 2436 1285 et
2465 1231 2779 1293 videndum,
2810 1239 2888 1295 ut,
2918 1232 2995 1285 sic
3026 1230 3223 1285 decora
3248 1231 3328 1285 fa-
3408 1284 3421 1287 _

1749 1332 1857 1384 cta,
1901 1322 2173 1391 diligatur.
2226 1322 2291 1374 Et
2339 1321 2506 1390 ipsius
2554 1321 2800 1390 exemplo
2850 1329 2907 1374 et
2941 1321 3328 1389 praedicatione

1750 1411 1879 1465 dicit
1902 1411 2197 1465 Ecclesium
2226 1412 2291 1465 de
2315 1411 2561 1480 gentibus
2588 1425 2987 1476 successuram,
3018 1425 3136 1480 qua:
3163 1412 3327 1467 etiam

1749 1501 1803 1555 in
1835 1504 1993 1555 linem
2027 1500 2468 1555 commutabitur.

1820 1590 2091 1650 Eructavit
2116 1606 2206 1643 cor
2236 1606 2405 1643 meum
2436 1590 2645 1643 verbum
2682 1590 2891 1643 bonum.
2926 1589 3032 1644 Cor
3058 1588 3146 1644 hic
3176 1590 3330 1660 poni-

1756 1692 1840 1738 tur
1865 1698 1963 1752 pro
2003 1682 2236 1737 essentia
2270 1693 2540 1751 paterna:
2578 1694 2642 1735 eo
2672 1680 2814 1750 quod
2853 1680 2967 1753 ipsa
3016 1696 3213 1735 arcana
3259 1681 3333 1736 sit

1753 1783 1807 1830 et
1832 1776 2122 1846 incognita,
2153 1775 2217 1829 ad
2244 1773 2652 1829 similitudinem
2678 1772 2877 1837 cordis,
2895 1772 3034 1840 quod
3062 1781 3329 1827 secretum

1749 1875 1833 1921 est
1860 1877 1911 1921 et
1941 1867 2292 1936 incognitum,
2324 1866 2428 1919 nisi
2457 1865 2555 1920 soli
2586 1865 2719 1930 Deo,
2746 1873 2801 1919 et
2828 1864 2900 1917 illi
2927 1863 3080 1932 cujus
3107 1879 3204 1918 cor
3226 1874 3329 1918 est.

1751 1946 1985 2011 Verbum
2018 1967 2196 2010 autem
2234 1956 2325 2009 Dei
2353 1955 2542 2019 Filius,
2583 1956 2635 2009 id
2682 1963 2765 2009 est
2801 1954 2892 2008 Dei
2930 1954 3193 2023 sapientia
3238 1968 3333 2024 per

1752 2046 2158 2101 similitudinem
2183 2045 2399 2111 dicitur,
2425 2060 2489 2100 eo
2510 2045 2652 2114 quod
2675 2059 2770 2115 per
2795 2045 2967 2113 ipsum
2994 2044 3332 2098 incarnatum

1752 2138 1930 2194 divina
1966 2137 2121 2191 nobis
2151 2137 2400 2192 voluntas
2446 2137 2706 2201 innotuit,
2749 2136 2889 2191 sicut
2917 2137 3095 2191 cordis
3124 2147 3334 2191 secreta

1754 2245 1848 2300 per
1870 2231 2034 2283 verba
2066 2230 2393 2284 revelantur.
2428 2228 2662 2284 Verbum
2690 2230 2855 2285 etiam
2882 2230 3081 2284 dicitur
3102 2244 3166 2284 eo
3192 2230 3334 2299 quod

1752 2333 1848 2387 per
1880 2319 2051 2387 ipsmn
2095 2318 2236 2373 Deus
2276 2317 2437 2373 Pater
2482 2318 2663 2373 omnia
2706 2319 2995 2397 disposuit,
3025 2328 3080 2374 et
3117 2320 3184 2373 ad
3215 2336 3335 2374 esse

1754 2409 2034 2478 perducit:
2077 2409 2218 2463 sicut
2260 2409 2460 2478 aliquis
2500 2410 2753 2478 princeps
2791 2424 2911 2479 qua:
2948 2408 3217 2479 complere
3250 2411 3333 2464 in-

1758 2500 1947 2563 tendit,
1978 2499 2138 2554 verbo
2166 2515 2261 2554 suo
2288 2500 2545 2570 disponit,
2585 2510 2641 2556 et
2667 2500 2908 2570 ejusdem
2937 2501 3083 2555 verbi
3113 2502 3338 2571 imperio

1758 2588 1823 2643 ad
1867 2589 1968 2643 hoc
1997 2587 2139 2658 quod
2181 2589 2498 2657 dispositum
2536 2598 2622 2645 est
2658 2590 3035 2660 complendum
3071 2591 3172 2646 sibi
3210 2594 3339 2647 sub-

1756 2678 1898 2732 ditos
1946 2679 2109 2748 cogit.
2181 2678 2314 2734 Cum
2365 2689 2546 2735 autem
2597 2680 2771 2749 ponit,
2819 2680 3111 2745 Eructatit,
3165 2682 3340 2735 innuit

1756 2767 1898 2836 quod
1937 2767 2084 2822 illum
2128 2783 2195 2823 ex
2242 2778 2451 2824 secreta
2500 2771 2737 2825 essentia
2784 2770 3008 2838 protulit
3050 2781 3103 2825 et
3131 2772 3332 2840 genuit,

1758 2867 1882 2912 ante
1923 2858 2106 2912 mundi
2150 2859 2474 2928 principium
2508 2857 2871 2923 inell’abilitcr,
2919 2876 2947 2912 a
2985 2859 3338 2914 similitudine

1759 2956 2026 3016 ructatus,
2078 2949 2170 3018 qui
2221 2962 2287 3003 ex
2338 2948 2689 3004 interioribus
2736 2957 2790 3003 et
2829 2949 3055 3003 secretis
3094 2949 3339 3018 corporis

1760 3039 2004 3107 partibus
2050 3040 2350 3109 profertur.
2399 3038 2555 3095 Unde
2602 3038 2767 3094 alibi:
2806 3057 2825 3091 ι
2855 3039 2997 3094 Ante
3026 3038 3334 3097 Luciferum

1760 3131 1914 3201 genui
1938 3141 2006 3186 .te
2035 3130 2208 3201 (Psal.
2239 3148 2324 3186 etx
2342 3172 2356 3197 ,
2383 3131 2458 3195 9).
2495 3151 2513 3184 ι
2556 3130 2800 3198 Qualiter
2828 3146 2959 3185 vero
2984 3130 3148 3184 Pater
3175 3144 3338 3199 gene-

1756 3231 1859 3287 ret,
1893 3221 2196 3291 qualiterve
2218 3221 2258 3275 F
2265 3222 2388 3275 ilius
2418 3230 2727 3293 generetur,
2760 3219 2996 3289 qualiter
3024 3219 3187 3282 etiam
3214 3218 3337 3289 Spi-

1761 3314 1897 3368 ritus
1944 3322 2164 3368 sanctus
2209 3313 2488 3381 procedat,
2541 3310 2913 3382 investigabile
2960 3309 3116 3365 nobis
3163 3319 3249 3365 est
3282 3318 3339 3364 et

1757 3406 2117 3475 incognitum,
2161 3403 2473 3459 ﬁrmissima
2517 3412 2692 3457 tamen
2730 3410 2815 3457 est
2842 3401 2945 3455 ﬁde
2980 3399 3333 3455 credendum.

1758 3494 1913 3549 [inde
1939 3495 2162 3565 legitur:
2185 3513 2203 3545 ι
2234 3494 2647 3549 Generationcm
2677 3492 2792 3562 ejus
2821 3493 2941 3562 quis
2967 3489 3279 3546 enarrabiti
3312 3508 3331 3541 ι

1758 3581 1891 3653 (Isa.
1923 3598 2036 3641 ιλιι.
2070 3582 2148 3651 8.)
2182 3582 2391 3637 Nullus.
2434 3583 2641 3636 Bonum
2690 3591 2896 3647 autem,
2929 3597 3034 3636 non
3074 3580 3163 3635 hic
3192 3579 3337 3648 adje-

1757 3672 1917 3734 ctive,
1949 3672 2041 3726 sed
2069 3672 2409 3726 substantive
2444 3672 2661 3740 ponitur
2690 3688 2705 3727 :
2738 3671 2841 3725 hoc
2866 3681 3047 3725 autem
3078 3670 3220 3739 quod
3248 3684 3338 3723 su-

1754 3776 1848 3829 pra
1878 3764 2106 3830 positnm
2142 3771 2240 3824 est,
2278 3764 2547 3828 eructavit,
2588 3770 2725 3827 etc.,
2761 3761 2839 3817 sic
2870 3761 3163 3831 exponitur
3201 3779 3213 3814 :
3246 3776 3338 3814 cor

1755 3868 1947 3917 meum,
1984 3852 2034 3906 id
2069 3862 2153 3907 est
2183 3862 2392 3907 secreta
2420 3854 2656 3908 essentia
2685 3868 2825 3920 mea,
2855 3853 3146 3918 eructavit,
3174 3853 3225 3907 id
3252 3862 3337 3907 est

1755 3946 2000 4014 protulit,
2052 3946 2238 4015 genuit
2273 3948 2499 4001 uerbum.
2552 3947 2620 4001 Et
2658 3963 2765 4002 non
2803 3946 3178 4016 qualecunque
3217 3961 3337 4001 ver-

1759 4036 1915 4100 bum;
1954 4037 2046 4090 sed
2086 4037 2191 4090 tale
2228 4037 2449 4091 verbum
2481 4038 2626 4106 quod
2662 4047 2744 4093 est
2770 4038 2958 4090 bonum
2995 4052 3336 4091 consumma-

1758 4135 1868 4179 tum
1920 4135 1974 4179 et
2012 4141 2306 4191 summum,
2351 4140 2417 4180 ex
2453 4142 2561 4196 quo
2605 4127 2745 4182 bona
2786 4126 2964 4181 omnia
2999 4127 3138 4181 bona
3186 4135 3330 4181 sum.

1755 4214 1892 4281 Quia
1926 4229 2053 4268 vero
2083 4215 2361 4281 praiterite
2397 4216 2611 4270 dixerat
2639 4216 2909 4279 eructavit,
2939 4214 2992 4268 id
3020 4223 3105 4269 est
3125 4215 3333 4283 genuit,

1754 4318 1823 4359 ne
1857 4304 2133 4360 videretur
2180 4320 2327 4360 nunc
2358 4305 2523 4361 etiam
2576 4320 2683 4360 non
2721 4319 3023 4375 generare,
3077 4314 3132 4359 et
3170 4304 3333 4360 sicin

1754 4394 1992 4449 essentia
2036 4394 2217 4449 divina
2267 4394 2602 4448 mutabilitas
2642 4409 2764 4450 esse
2798 4394 3095 4459 videretur,
3133 4402 3189 4447 et
3226 4407 3333 4449 non

1754 4486 1993 4553 perfecta
2024 4488 2303 4543 aeternitas
2349 4487 2505 4555 (nihil
2539 4487 2684 4542 enim
2713 4494 2974 4541 aeternum
3014 4484 3157 4554 quod
3186 4498 3334 4538 eom-

1756 4578 2014 4634 mutabile
2045 4579 2292 4648 factum),
2319 4579 2469 4634 addit
2497 4597 2510 4633 :
2537 4578 2657 4634 Non
2689 4579 2769 4634 sic
2809 4578 3076 4643 eructavi,
3107 4586 3167 4632 ut
3193 4592 3337 4633 nunc

1755 4686 1861 4726 non
1899 4679 2141 4726 eructcm
2168 4689 2181 4725 :
2207 4670 2315 4726 Sed
2344 4686 2489 4726 nunc
2514 4671 2677 4726 etiam
2706 4685 2807 4741 ego
2831 4668 2923 4735 qui
2961 4668 3103 4724 idem
3133 4683 3252 4724 sum
3280 4668 3335 4722 in

1754 4760 1994 4815 essentia
2043 4776 2166 4815 cum
2206 4775 2292 4826 eo,
2339 4761 2457 4815 dico
2499 4777 2656 4832 opera
2688 4778 2803 4816 mea
2836 4760 2964 4831 regi,
3008 4760 3061 4815 id
3097 4768 3181 4815 est
3213 4757 3338 4813 dico

1754 4865 1861 4905 non
1894 4849 2095 4915 verbis,
2128 4852 2221 4906 sed
2256 4849 2511 4906 ineffabili
2544 4851 2725 4908 dicere
2759 4850 2968 4907 scilicet
2999 4850 3249 4920 dispono,
3281 4858 3337 4904 et

1754 4941 2001 5011 concipio
2037 4956 2202 5012 opera
2244 4957 2364 4998 mea
2400 4957 2501 5011 per
2548 4943 2722 5014 ipsum
2749 4944 3024 5007 Verbum,
3057 4941 3209 5018 quod.
3240 4954 3336 4995 rex

1753 5031 1996 5086 omnium
2043 5040 2148 5098 est,
2177 5047 2299 5087 cum
2344 5033 2486 5087 idem
2536 5047 2749 5089 mecum
2790 5034 2859 5089 sit
2897 5033 2951 5088 in
2993 5032 3250 5097 essentia,
3279 5037 3336 5085 et

1754 5135 1856 5191 ego
1891 5136 1986 5176 rex
2022 5122 2145 5177 sim.
2186 5122 2340 5178 Unde
2368 5123 2589 5193 legitur:

1790 5213 1959 5268 Corde
1982 5212 2163 5268 Patris
2187 5216 2415 5284 genitum
2442 5226 2583 5269 creat
2612 5225 2661 5270 et
2688 5216 2815 5285 regit
2841 5213 3017 5267 omnia
3045 5210 3296 5265 Verbum.

1754 5304 1871 5360 Non
1912 5306 2054 5376 quod
2082 5306 2244 5361 Pater
2285 5316 2341 5361 et
2380 5306 2615 5378 Spiritus
2662 5322 2767 5360 non
2801 5313 2989 5359 creent
3024 5311 3080 5357 et
3117 5308 3330 5369 regant,

1711 5407 1723 5419 ‘
1756 5397 1913 5469 143
1944 5414 2065 5453 cum
2104 5414 2271 5454 unum
2314 5399 2443 5465 sint,
2472 5400 2565 5454 sed
2594 5398 2721 5468 quia
2753 5411 2851 5466 per
2878 5394 3114 5451 Verbum
3151 5392 3334 5448 inetia-

1750 5491 1931 5547 biliter
1969 5492 2150 5545 omnia
2188 5492 2505 5561 disponant,
2535 5498 2743 5555 creent,
2778 5497 2832 5543 et
2868 5495 3079 5557 regant.
3143 5484 3306 5555 [Equi

1752 5580 2018 5650 pollenter
2046 5591 2226 5637 autem
2256 5591 2340 5637 est
2381 5580 2675 5636 secundum
2717 5580 3077 5649 Augustinum
3119 5577 3329 5632 Patrem

1752 5674 1921 5729 dicere
1969 5691 2123 5744 opera
2167 5676 2291 5745 regi,
2337 5684 2383 5727 et
2427 5671 2637 5726 Patrem
2692 5671 2891 5727 Filium
2930 5673 3154 5742 gignere.
3206 5668 3329 5725 Filii
