3862 6322
485 358 583 411 827

1053 348 1109 401 8.
1153 347 1499 405 BRUNONIS
1531 343 2174 402 CARTHUSIANORUM
2207 344 2694 402 INSTITUTORIS
2731 345 2881 403 OPI‘.
2919 346 3098 404 PARS
3135 344 3176 403 1.

3610 354 3693 413 828

484 478 715 533 namque
745 463 876 517 dicit
905 476 1024 517 esse
1050 464 1453 532 generationem
1484 470 1788 530 paternam,
1816 474 1913 530 per
1937 474 2060 514 eum
2090 461 2136 519 Α
2171 460 2304 514 Deus
2339 462 2392 514 in
2422 472 2693 529 atteraum,
2745 480 2809 519 ex
2844 463 3057 519 mortali
3095 473 3148 517 et
3187 464 3424 535 passibili
3464 467 3691 526 immom.

483 556 888 624 dispositionem
919 564 974 608 et
995 556 1423 623 conceptionem.

551 645 669 700 Non
706 646 878 699 solum
914 652 1093 698 autem
1124 644 1263 710 dico,
1294 644 1347 698 id
1381 654 1463 698 est
1496 643 1721 713 dispono
1750 655 1911 710 opera
1944 654 2069 695 mea

481 752 577 805 per
628 750 751 791 eum
798 750 810 786 :
858 733 965 788 Sed
1013 735 1180 790 etiam
1234 734 1414 805 lingua
1447 750 1585 801 mea,
1624 731 1675 787 id
1722 742 1804 786 est
1838 731 2064 785 verbum

481 844 685 896 meum,
710 838 795 882 est
822 826 1058 880 calamus
1088 842 1241 883 meus
1270 828 1477 893 scribta,
1499 825 1743 880 velociter
1767 825 2061 893 scribentis,

483 935 580 990 per
627 917 801 989 ipsam
850 917 1112 987 linguam.
1165 916 1320 986 Quod
1362 928 1445 974 est
1483 918 1709 974 dicere:
1750 917 1855 972 Per
1887 918 2064 988 ipsum

481 1010 662 1064 omnia
691 1008 931 1064 velociter
959 1023 1241 1079 compono.
1274 1008 1385 1063 lloe
1417 1018 1599 1064 autem
1631 1024 1727 1079 per
1757 1007 2067 1063 similitudi-

483 1116 606 1155 nem
644 1100 880 1169 ponitur.
924 1097 1076 1155 Sitxut
1106 1100 1250 1153 enitn
1285 1100 1464 1155 scriba
1496 1115 1591 1170 per
1618 1099 1885 1155 calamum
1930 1098 2067 1169 ligu-

486 1204 577 1243 ras
603 1190 775 1258 ponit,
808 1189 888 1243 sic
914 1198 968 1243 et
994 1189 1107 1258 ipse
1133 1188 1298 1245 Pater
1326 1206 1421 1259 per
1447 1191 1642 1246 Filium
1672 1192 1836 1247 rebus
1863 1191 2066 1247 formas

487 1279 783 1350 impressit.
812 1279 953 1336 Bene
977 1294 1104 1335 vero
1131 1280 1285 1351 ponit
1310 1282 1573 1350 velociter,
1605 1296 1728 1336 cum
1761 1282 1880 1336 sine
1913 1297 2064 1351 mora

487 1385 598 1425 sua:
643 1368 930 1423 voluntatis
979 1369 1208 1439 imperio
1249 1370 1508 1440 quidquid
1547 1370 1647 1425 sibi
1696 1370 1952 1440 placitum
1986 1379 2069 1425 est

487 1470 656 1516 creet.
696 1460 857 1515 Juxta
899 1460 1027 1515 illud
1060 1479 1073 1514 :
1109 1481 1128 1514 ι
1160 1460 1352 1517 Omnia
1382 1477 1717 1533 quaecunque
1742 1462 1910 1518 voluit
1942 1461 2069 1516 fecit

488 1547 663 1619 (Psal.
691 1550 865 1620 cxIn).
901 1569 920 1603 ι
961 1550 1030 1605 Et
1054 1551 1183 1607 alibi
1212 1569 1225 1605 :
1271 1570 1289 1603 ι
1325 1551 1444 1621 lpse
1479 1552 1619 1607 dixit
1651 1560 1706 1605 et
1739 1551 1881 1606 facta
1918 1561 2065 1617 sunt,

487 1641 603 1710 ipse
630 1642 927 1709 mandavit,
960 1652 1014 1698 et
1039 1651 1221 1698 creata
1250 1652 1377 1699 sunt
1405 1642 1577 1716 (Psal.
1605 1641 1855 1714 CXLVIII).
1884 1662 1902 1695 I
1944 1642 2070 1697 Lin-

485 1752 590 1805 gua
618 1736 834 1805 quidem
882 1738 1022 1792 bene
1061 1752 1157 1806 pro
1182 1737 1349 1791 verbo
1378 1736 1552 1807 posita
1593 1742 1697 1805 est,
1725 1750 1846 1791 cum
1876 1734 2069 1805 lingua:

487 1828 690 1883 auxilio
715 1828 937 1882 verbum
971 1827 1258 1884 formetur.

559 1915 790 1972 Ostensa
818 1915 979 1971 Verbi
1004 1918 1088 1971 sui
1107 1917 1363 1972 inell‘abili
1389 1918 1657 1988 genitura,
1688 1917 1755 1972 de
1786 1931 1852 1971 eo
1877 1930 2070 1971 secun-

487 2007 612 2061 dutn
663 2007 1056 2062 humanitatem
1103 2010 1244 2076 agit,
1295 2010 1521 2063 laudans
1558 2016 1613 2063 et
1654 2008 1952 2062 adhortans
2002 2007 2071 2062 ad

488 2097 915 2166 prtedicandum,
945 2099 1023 2154 sic
1051 2116 1064 2152 :
1096 2098 1373 2168 Speciosus
1406 2099 1727 2168 forma,etc.
1745 2099 1947 2155 Versus
1977 2099 2070 2167 qui

490 2186 634 2240 hunc
692 2187 967 2257 sequitur,
1021 2189 1228 2244 scibcet
1282 2189 1549 2260 accingere
1612 2198 1743 2255 etc.,
1809 2188 1891 2244 sic
1945 2196 2073 2244 ante

487 2273 686 2342 legitur
714 2292 727 2328 :
765 2275 893 2330 Dico
922 2279 1154 2331 eructavi
1183 2278 1417 2342 verbum,
1448 2288 1505 2333 et
1535 2286 1589 2332 tu
1612 2278 1989 2346 potentissime,
2020 2277 2072 2331 id

488 2372 595 2429 est,
632 2373 683 2417 tu
714 2364 971 2431 Verbum,
1001 2366 1265 2436 mqualem
1296 2382 1507 2422 mecum
1535 2368 1743 2424 habens
1776 2367 2074 2423 divinitatis

489 2453 811 2522 potentiam,
861 2457 1130 2527 accingere
1175 2457 1352 2527 gladio
1381 2467 1470 2512 tuo
1502 2475 1660 2528 super
1687 2458 1860 2527 femur
1885 2469 2029 2511 tuum
2055 2476 2073 2515 :

490 2545 784 2600 secundum
804 2545 1218 2615 humanitatem,
1238 2549 1290 2603 id
1312 2558 1395 2605 est
1417 2548 1593 2605 simile
1609 2550 1684 2604 sis
1703 2549 1907 2620 optimo
1928 2549 2071 2615 duci,

493 2638 819 2707 prteparanti
850 2653 909 2695 se
937 2640 1003 2695 ad
1034 2640 1257 2708 bellum,
1292 2641 1382 2711 qui
1432 2640 1734 2713 accingitur
1770 2640 1948 2711 gladio
1976 2655 2075 2696 suo

491 2743 649 2797 super
684 2728 874 2797 femur,
906 2744 1016 2799 quo
1062 2733 1308 2786 destruat
1356 2730 1671 2798 inimicum;
1718 2739 1780 2785 ut
1821 2730 2077 2786 similiter

489 2806 761 2887 prmpares
804 2828 856 2876 te
890 2820 955 2875 ad
984 2820 1410 2889 praedicandum,
1440 2837 1546 2891 qua
1582 2821 1965 2892 praedicatione
1994 2821 2076 2875 vi-

493 2909 565 2963 tia
600 2908 830 2964 aliorum
866 2912 1150 2976 destt‘uas,
1202 2926 1352 2967 more
1397 2912 1561 2983 gladii
1605 2927 1713 2982 quo
1757 2927 1954 2982 corpus
1984 2912 2077 2967 de-

494 3002 740 3057 strttitur.
790 3002 941 3058 Unde
963 3002 1164 3061 Paulus
1194 3022 1208 3060 :
1241 3022 1260 3056 ι
1292 3002 1542 3063 Gladium
1573 3004 1796 3075 spiritus
1823 3004 1963 3074 quod
1995 3014 2078 3060 est

492 3084 717 3149 verbum
768 3096 859 3152 Dei
882 3093 1098 3167 (Ephrs.
1127 3111 1201 3164 vI,
1233 3095 1342 3169 l'l).
1385 3116 1402 3148 ι
1466 3095 1560 3150 Vel
1598 3096 1679 3151 sic
1723 3113 1736 3150 :
1779 3096 2077 3167 Accingere

491 3184 669 3252 gladio
698 3194 817 3248 tuo.
849 3186 1060 3243 scilicet
1084 3186 1249 3243 verbo
1290 3187 1710 3258 prtedicationis,
1744 3186 1798 3241 id
1822 3196 1906 3243 est
1936 3172 2146 3256 prie-'C

490 3291 625 3345 para
668 3276 905 3345 gladium
957 3286 1130 3346 tuum,
1175 3294 1206 3333 a
1244 3278 1599 3335 similitudine
1651 3278 1794 3334 illius
1832 3277 1922 3348 qui
1959 3277 2075 3349 gla-

492 3368 640 3423 dium
672 3379 942 3439 prteparat
980 3370 1046 3424 ad
1078 3371 1301 3437 bellum,
1330 3371 1456 3424 dum
1486 3384 1552 3426 eo
1581 3369 1901 3440 accingitur.
1948 3369 2079 3424 Gla-

492 3459 580 3511 dio
619 3459 738 3513 dico
770 3460 943 3528 posito
973 3477 1128 3529 super
1152 3461 1346 3530 femur,
1378 3462 1429 3515 id
1459 3470 1544 3516 est
1575 3476 1737 3531 super
1768 3461 2076 3516 humanita-

497 3554 627 3601 tem.
658 3544 810 3612 Qno-J
839 3556 923 3602 est
950 3548 1130 3602 dicere
1178 3566 1191 3603 :
1239 3549 1409 3616 Quem
1441 3549 1677 3620 gladium
1722 3565 1825 3607 non
1856 3552 2076 3606 habebit

496 3655 527 3696 a
569 3656 628 3695 se
667 3643 997 3708 humanitas,
1041 3643 1136 3698 sed
1182 3644 1401 3698 dabitur
1450 3645 1549 3715 ipsi
1596 3646 1847 3715 desuper,
1902 3645 1953 3701 id
1990 3655 2075 3700 est

494 3747 523 3784 a
569 3730 871 3786 divinitate.
928 3733 1088 3789 Juxta
1129 3734 1259 3790 illttd
1302 3736 1488 3791 Jacobi
1527 3737 1799 3807 apostoli:
1847 3756 1865 3789 ι
1902 3736 2075 3793 Omne

494 3829 694 3882 donum
746 3827 1045 3897 perfectum
1092 3832 1375 3887 desursum
1423 3820 1508 3887 est
1560 3832 1767 3904 (Jacob.
1818 3850 1853 3898 I,
1894 3834 2004 3903 l7).
2049 3852 2066 3884 ι

493 3916 697 3975 Femur
724 3934 824 3989 pro
852 3920 1185 3977 humanitate
1214 3924 1451 3993 ponitur,
1484 3940 1550 3979 eo
1582 3925 1726 3993 quod
1756 3941 1820 3980 ex
1851 3924 2072 3980 femori-

495 4007 599 4065 bus
627 4009 861 4064 humana
888 4013 1164 4081 generatio
1201 4014 1471 4081 procedat.
1516 4012 1668 4068 Unde
1692 4013 1964 4069 Abraham
1994 4014 2075 4068 le-

495 4099 671 4168 gimus
716 4114 931 4154 servum
974 4115 1131 4157 suum
1165 4102 1408 4156 dextram
1460 4102 1560 4159 sub
1603 4103 1808 4156 femore
1851 4118 2069 4172 ponere,

494 4197 550 4242 et
577 4204 673 4258 per
701 4191 867 4244 Deum
899 4190 1021 4244 eteli
1053 4190 1238 4258 jurare
1271 4192 1483 4258 fecisse,
1515 4209 1583 4247 ne
1607 4193 1765 4247 alieni
1798 4194 2075 4263 sanguinis

495 4294 719 4334 uxorem
750 4279 862 4334 lilio
900 4295 997 4334 suo
1027 4281 1317 4336 adduceret
1369 4279 1522 4352 (Gen.
1556 4297 1707 4346 xxiv,
1738 4282 1795 4351 2)
1832 4296 1847 4335 :
1892 4284 2076 4351 praesi-

493 4380 746 4439 gnantem
786 4386 851 4425 ex
886 4370 1089 4426 femore
1117 4388 1215 4427 suo
1247 4372 1535 4441 quemdam
1563 4386 1685 4428 εεεε
1720 4373 2075 4437 nasciturum,

493 4463 583 4531 qui
631 4462 793 4518 homo
842 4471 897 4517 et
952 4464 1094 4519 Deus
1147 4464 1269 4519 caeli
1321 4464 1559 4533 perfecte
1617 4465 1895 4521 existeret.
1946 4466 2075 4521 Dico

2171 553 2274 607 lem
2314 553 2515 608 faciens
2551 563 2607 609 et
2641 556 3051 625 impassibiletn.
3098 555 3156 610 III
3197 555 3299 611 hoc
3330 566 3500 611 autem
3533 560 3698 629 innuit,

2168 645 2308 713 quod
2345 645 2459 713 qui,
2492 656 2649 715 prout
2679 646 2932 716 possibile
2963 645 3145 712 fuerit,
3188 646 3437 702 similiter
3478 652 3699 717 speciosus

2168 737 2291 803 erit,
2319 737 2371 791 in
2406 736 2586 792 futuro
2611 754 2825 808 quoque
2856 738 3229 794 benedicetur.
3259 737 3353 793 Vel
3376 739 3451 794 sic
3474 756 3486 793 :
3512 741 3701 811 Dignum

2167 838 2252 883 est
2295 837 2353 883 ttt
2399 829 2721 899 accingaris.
2776 829 3061 900 Propterea
3117 831 3265 887 enim
3312 839 3371 885 ut
3412 833 3701 903 accittgaris,

2168 920 2426 977 benedixit
2462 931 2542 989 te,
2589 921 2641 976 id
2678 930 2762 976 est
2799 921 3165 993 magnificavit
3216 930 3269 977 te
3318 921 3373 977 in
3420 921 3703 992 innocentia,

2168 1008 2417 1066 faciendo
2466 1011 2761 1065 immunem
2816 1026 2844 1064 a
2895 1021 3157 1081 peccato:
3194 1012 3343 1066 Deus
3399 1026 3495 1082 ego
3536 1013 3708 1071 scilicet

2167 1101 2260 1171 qui
2302 1101 2443 1156 Deus
2486 1110 2608 1156 tuus
2653 1116 2795 1167 sum,
2842 1104 3139 1157 secundum
3184 1102 3583 1169 humanitatem,
3608 1120 3709 1175 qua:

2169 1190 2473 1245 benedictio
2500 1191 2605 1243 erit
2633 1190 2685 1245 in
2710 1199 2995 1246 teternum.
3032 1192 3300 1259 Quoniam
3324 1201 3501 1245 autem
3534 1196 3712 1262 specio-

2168 1296 2262 1335 sus
2289 1295 2367 1344 es,
2399 1280 2607 1335 intende
2644 1281 2823 1350 specie
2862 1290 2972 1347 tua,
3003 1281 3054 1335 id
3083 1290 3167 1336 est
3196 1282 3469 1336 intensnm
3497 1290 3546 1336 te
3571 1281 3642 1338 lac
3666 1285 3712 1339 in

2167 1372 2334 1442 specie
2375 1382 2498 1437 tua,
2531 1371 2581 1426 id
2607 1382 2688 1427 est
2716 1373 2769 1426 in
2804 1373 3110 1428 innocentia
3159 1381 3248 1427 tua
3278 1390 3292 1425 :
3319 1387 3424 1426 non
3453 1374 3714 1428 secundum

2169 1472 2534 1533 augmentum,
2559 1464 2652 1519 sed
2677 1464 2969 1519 secundum
2997 1462 3479 1532 perseverantiam.
3498 1461 3548 1515 In
3562 1461 3714 1517 Domi-

2170 1556 2292 1609 nico
2328 1547 2483 1609 enim'
2523 1555 2761 1617 homine,
2795 1556 3032 1623 perlecta
3072 1569 3292 1623 semper
3326 1551 3428 1606 fuit
3472 1567 3501 1605 a
3546 1553 3715 1621 princi-

2170 1647 2262 1715 pio
2298 1647 2624 1701 innocentia.
2663 1646 2729 1710 Et
2761 1647 3033 1701 intensnm
3066 1655 3118 1700 te
3149 1644 3233 1700 fac
3266 1645 3319 1698 in
3351 1642 3716 1714 pulchritudine

2176 1746 2261 1791 tua
2282 1778 2307 1804 ,.
2338 1737 2388 1791 id
2425 1746 2508 1791 est
2558 1737 2611 1797 in
2649 1736 2982 1807 perfectione
3029 1735 3287 1789 virtutum
3330 1734 3714 1805 perseverando,

2104 1829 2146 1883 Β
2173 1836 2227 1880 ει
2262 1825 2314 1879 in
2350 1824 2682 1896 perfectione
2722 1825 2987 1879 bonorum
3026 1840 3252 1894 operum
3298 1822 3472 1878 eundo
3507 1823 3567 1878 de
3600 1822 3719 1877 bono

2171 1932 2335 1986 opere
2362 1917 2412 1969 in
2440 1916 2636 1970 bonum
2662 1930 2820 1985 opus.
2875 1913 2993 1971 Non
3019 1915 3163 1971 enim
3195 1913 3563 1973 simulomnia
3582 1928 3723 1983 opera

2173 2020 2267 2060 sua
2297 2007 2436 2059 bona
2468 2005 2617 2061 fecit.

2244 2097 2309 2151 Et
2341 2095 2667 2152 intendenda
2692 2096 2911 2166 procede
2939 2095 3099 2168 ιω
3119 2111 3362 2165 prospere
3389 2095 3455 2149 ad
3484 2094 3723 2150 debeban-

2174 2188 2299 2243 dnm
2348 2188 2516 2252 vitia,
2565 2186 2953 2257 praedicatione
3006 2196 3118 2250 tua,
3161 2194 3219 2239 et
3272 2185 3340 2240 ad
3382 2185 3721 2240 debellandum

2174 2277 2465 2334 diabolum.
2512 2278 2577 2332 Et
2613 2279 2693 2333 sic
2723 2295 2966 2348 prospere
3001 2296 3014 2332 :
3053 2277 3262 2332 scilicet
3302 2293 3459 2347 regna
3498 2277 3549 2331 in
3582 2277 3723 2331 fideli-

2174 2370 2275 2425 bus
2308 2388 2320 2423 :
2351 2368 2633 2425 debellatis
2668 2370 2815 2425 vitiis
2844 2379 2899 2425 et
2926 2368 3159 2432 diabolo,
3199 2368 3322 2423 dico
3359 2384 3533 2437 regna.
3560 2366 3618 2422 Et
3640 2367 3724 2423 hoc

2173 2469 2382 2531 propter
2426 2460 2730 2525 veritatem,
2797 2460 2847 2514 id
2898 2472 2982 2516 est
3026 2467 3247 2529 propter
3315 2458 3727 2528 prmdicationem

2175 2565 2337 2622 quam
2369 2550 2449 2605 eis
2485 2550 2671 2604 facies.
2710 2550 2775 2605 Et
2811 2561 3025 2620 promer
3066 2549 3537 2613 mansuetudinem,
3576 2549 3622 2604 id
3658 2560 3724 2607 est

2176 2643 2301 2712 quia
2334 2659 2440 2697 non
2484 2642 2720 2708 rebellis,
2766 2644 2859 2698 sed
2889 2652 3204 2698 mansuetus
3238 2642 3349 2697 eris
3392 2642 3446 2697 in
3485 2643 3722 2712 passione.

2176 2731 2338 2787 Juxta
2386 2732 2516 2787 illud
2563 2732 2713 2787 Isaia:
2752 2749 2767 2787 :
2804 2752 2822 2785 ι
2857 2732 2976 2789 Noli
3022 2734 3234 2798 timere,
3286 2732 3395 2787 lilia
3439 2732 3584 2799 Sion,
3620 2748 3723 2788 ecce

2178 2838 2273 2880 rex
2307 2832 2429 2881 tuus
2458 2823 2604 2878 venit
2641 2824 2733 2878 tibi
2773 2835 3088 2879 mansuetus
3137 2823 3271 2894 (Isa.
3303 2840 3438 2889 LXII,
3464 2826 3569 2895 il).
3612 2843 3631 2877 ι
3671 2825 3725 2879 Et

2178 2925 2401 2988 propter
2424 2916 2690 2987 justitiam
2725 2925 2871 2974 tuam
2905 2932 3066 2988 quam
3099 2917 3290 2981 babes,
3324 2917 3393 2972 ad
3426 2916 3576 2985 cuius
3602 2916 3727 2971 simi-

2180 3008 2459 3063 litudinem
2506 3015 2561 3061 et
2596 3007 2695 3077 ipsi
2731 3006 2864 3076 justi
2914 3007 3064 3063 fient.
3112 3005 3207 3061 Vel
3244 3016 3465 3077 propter
3492 3007 3727 3076 justitiam

2180 3111 2343 3167 qnam
2395 3096 2475 3152 eis
2519 3095 2694 3151 dabis.
2747 3095 2899 3163 Quod
2932 3105 3017 3151 est
3043 3096 3225 3151 dicere
3267 3114 3281 3151 :
3327 3095 3541 3152 Veritas
3579 3106 3657 3151 tua
3685 3106 3728 3150 et

2179 3185 2538 3241 mansuetudo
2573 3195 2626 3240 et
2650 3184 2860 3253 justitia
2894 3200 3059 3240 causa
3089 3194 3249 3240 erunt
3280 3201 3448 3255 quare
3478 3186 3530 3240 in
3558 3186 3629 3242 eis
3658 3201 3729 3241 re-

2179 3279 2390 3348 gnabis.
2424 3278 2543 3331 Dixi
2588 3294 2748 3347 regna
2775 3287 2987 3347 propter
3014 3279 3306 3342 veritatem,
3335 3287 3384 3330 et
3416 3276 3471 3331 in
3512 3277 3630 3331 illud
3656 3291 3726 3331 re-

2177 3384 2342 3441 gnttm
2374 3367 2591 3422 deducet
2625 3377 2697 3432 te,
2746 3367 2799 3421 id
2835 3378 2919 3421 est
2956 3365 3207 3421 dilatabit
3241 3375 3291 3421 te
3326 3366 3561 3432 dextera,
3591 3366 3639 3421 id
3662 3374 3730 3419 est

2178 3461 2415 3532 potentia
2445 3469 2558 3513 tua.
2597 3459 2664 3513 Et
2692 3459 2796 3513 hoc
2826 3458 3158 3525 mirabiliter,
3186 3457 3238 3512 id
3263 3466 3348 3512 est
3371 3471 3468 3527 per
3493 3457 3732 3513 mirabilia

2175 3565 2296 3620 qua:
2323 3548 2653 3618 operaberis.
2681 3546 2835 3614 Quod
2862 3558 2946 3602 est
2975 3547 3155 3602 dicere
3182 3562 3195 3599 :
3226 3546 3329 3601 Per
3357 3545 3612 3602 miracula
3631 3560 3731 3615 quae

2175 3641 2416 3712 potentia
2482 3648 2569 3694 tua
2639 3640 2986 3708 operabitur,
3062 3637 3350 3693 deduceris
3405 3636 3462 3691 in
3514 3652 3727 3708 regnum.

2175 3734 2241 3787 Et
2283 3732 2448 3786 etiam
2484 3732 2689 3800 sagitta:
2721 3741 2827 3784 tum
2867 3728 3136 3784 deducent
3181 3737 3256 3792 te,
3294 3728 3346 3783 id
3368 3737 3451 3783 est
3481 3728 3731 3783 sententia:

2176 3821 2605 3895 prmdieationis,
2643 3834 2764 3889 qua:
2804 3819 3059 3873 dicuntur
3096 3819 3337 3887 sagittw,
3381 3834 3448 3873 eo
3484 3819 3616 3888 quod
3651 3833 3728 3887 per

2175 3929 2271 3969 eas
2306 3914 2373 3967 ad
2420 3913 2636 3968 modum
2687 3911 3009 3983 sagittarum
3061 3910 3226 3965 corda
3281 3921 3572 3980 perennes.
3618 3909 3727 3963 Nam

2176 4004 2386 4074 sagitta:
2437 4011 2540 4056 line
2580 4011 2749 4056 acuta:
2791 4011 2941 4065 sunt,
2978 4001 3029 4054 id
3075 4008 3159 4055 est
3195 4010 3546 4070 penetrantes
3585 4014 3730 4067 usque

2176 4096 2242 4149 ad
2274 4109 2368 4149 eor
2393 4103 2447 4148 et
2473 4092 2741 4151 ellicaces.
2779 4091 2845 4145 Et
2871 4094 2966 4160 per
3000 4092 3144 4159 ipsas
3175 4092 3408 4159 sagittas
3429 4090 3602 4160 populi
3632 4088 3731 4143 inﬁ-

2177 4187 2327 4242 deles
2370 4186 2438 4239 ab
2480 4185 2560 4239 eis
2599 4183 2843 4254 percussi
2880 4184 3097 4248 cadent,
3149 4183 3203 4237 id
3239 4192 3326 4238 est
3360 4183 3652 4237 morientur
3686 4182 3731 4232 in

2132 4340 2137 4343 ,
2178 4281 2331 4333 corde
2372 4278 2704 4331 inimicorum
2736 4276 2890 4346 regis,
2932 4275 2983 4329 id
3024 4284 3109 4330 est
3138 4275 3437 4330 secundum
3485 4273 3623 4327 illam
3650 4286 3730 4324 vo-

2180 4369 2438 4423 lunlatem
2469 4367 2652 4423 cordis
2689 4368 2906 4432 cadent,
2941 4365 3239 4421 secundum
3273 4379 3436 4434 quam
3472 4361 3728 4420 eruntini-

2183 4460 2307 4514 nIici
2352 4460 2426 4514 tui
2472 4457 2636 4527 regis.
2685 4455 2838 4522 Quod
2876 4464 2962 4510 est
3010 4456 3187 4511 dicere
3220 4472 3232 4507 :
3271 4454 3578 4511 Secundum
3612 4452 3730 4523 quod

494 4526 785 4622 accingere,
832 4554 884 4607 id
930 4562 1015 4607 est
1059 4526 1401 4622 praepara-te
1432 4554 1503 4608 ad
1550 4555 1954 4624 praedicandum
1982 4572 1995 4608 :
2022 4566 2077 4609 et
2106 4526 2155 4583 θ
2182 4552 2304 4606 mali
2353 4559 2499 4616 sunt,
2542 4526 2923 4604 destruentur.
2986 4545 3180 4615 Populi
3220 4545 3345 4602 dico
3385 4546 3487 4600 sub
3524 4556 3575 4600 te
3615 4543 3730 4598 redi-

494 4644 721 4698 idoneus
748 4657 809 4697 es
840 4645 907 4696 ad
936 4643 1057 4698 hoc.

565 4730 700 4785 Nam
728 4734 989 4802 speciosus
1027 4748 1087 4787 es
1117 4715 1310 4801 fbrma,
1351 4735 1404 4789 id
1446 4744 1530 4791 est
1564 4734 1965 4804 pulchritudine
1996 4736 2078 4788 in-

495 4824 706 4888 teriori,
760 4825 1069 4879 innocentia
1102 4826 1309 4880 scilicet
1340 4842 1353 4878 :
1385 4843 1495 4895 prae
1530 4827 1655 4895 ﬁliis
1694 4828 1983 4890 hominum,
2024 4827 2076 4881 id

496 4923 581 4968 est
612 4922 738 4970 ante
766 4914 975 4979 fideles,
1008 4916 1097 4983 qui
1134 4916 1529 4972 rationabiliter
1558 4933 1617 4971 se
1653 4918 1852 4971 habent
1889 4927 1946 4971 ut
1983 4918 2079 4971 ho-

495 5007 688 5063 mines.
721 5006 874 5075 Quod
904 5020 987 5063 εει
1017 5010 1196 5063 dicere
1220 5026 1233 5062 :
1255 5008 1388 5064 Cum
1421 5009 1659 5079 perfecte
1687 5024 1798 5077 pra:
1825 5009 2079 5063 omnibus

493 5099 873 5155 innocentibus
908 5102 985 5155 sis
1014 5101 1305 5168 innocens,
1340 5101 1564 5155 idoneus
1592 5116 1651 5155 es
1689 5102 1755 5155 ad
1781 5100 2078 5170 praedican-

495 5192 646 5258 dum,
675 5192 931 5262 qudniam
961 5192 1014 5247 in
1052 5201 1105 5248 te
1138 5191 1565 5262 reptehensibile
1607 5190 1739 5245 nihil
1780 5190 2072 5244 invenitur.

496 5284 563 5346 Et
592 5300 815 5339 necesse
842 5293 924 5339 est
954 5293 1013 5339 ut
1041 5283 1362 5350 accingaris,
1393 5282 1647 5350 quoniam
1681 5282 1735 5334 in
1761 5281 1915 5335 labiis
1947 5282 2075 5347 tuis,

496 5373 551 5428 id
574 5384 658 5429 est
690 5390 786 5442 per
806 5375 1239 5444 praedicationem
1264 5388 1383 5441 qua:
1411 5373 1665 5441 procedet
1690 5389 1721 5429 a
1752 5372 1909 5427 labiis
1937 5374 2074 5438 tuis,

494 5464 692 5534 diffusa
731 5473 805 5518 est
855 5466 1049 5534 gratia,
1092 5465 1145 5518 id
1189 5472 1275 5518 est
1321 5460 1650 5518 dilfundetur
1686 5462 1857 5533 gratia
1900 5462 2075 5516 sancti

496 5559 727 5628 Spiritus
752 5560 809 5614 in
835 5575 1004 5630 genus
1031 5560 1323 5614 hutnannm
1350 5559 1578 5625 scilicet,
1610 5559 1859 5615 remissio
1885 5573 2077 5628 pecca-

499 5662 693 5706 torum.
735 5653 799 5707 Et
822 5662 1094 5720 propterea
1119 5652 1243 5720 quia
1268 5653 1529 5721 speciosus
1556 5667 1644 5719 es,
1672 5659 1727 5707 et
1755 5649 2081 5707 diffundetur

500 5741 667 5808 gratia
699 5741 750 5794 in
785 5741 936 5795 labiis
960 5740 1085 5808 tuis,
1127 5739 1406 5807 benedizit,
1437 5740 1489 5795 id
1518 5750 1599 5797 est
1630 5737 1995 5811 magniﬁcabit
2033 5748 2080 5794 te

2179 4641 2359 4713 gandi,
2393 4642 2447 4695 id
2475 4640 2682 4709 estqui
2725 4648 2827 4693 tum
2866 4638 3057 4692 ditioni
3104 4636 3464 4707 subjicientur
3508 4653 3524 4690 :
3563 4636 3624 4690 Et
3649 4635 3729 4688 hoc

2178 4744 2262 4790 est
2290 4751 2355 4789 ac
2383 4734 2427 4788 si
2459 4735 2539 4788 sic
2564 4740 2789 4801 poneret
2821 4748 2835 4787 :
2884 4730 2987 4784 Per
3023 4729 3325 4784 sententias
3366 4726 3729 4797 pratdicatiouis

2181 4836 2304 4892 tum,
2352 4841 2472 4893 qua:
2516 4823 2761 4878 ellicaces
2807 4829 2990 4887 erant,
3024 4820 3204 4889 populi
3236 4820 3333 4874 tibi
3382 4818 3728 4887 subjicientur,

2179 4927 2233 4972 et
2262 4916 2340 4970 sic
2387 4930 2612 4983 regnum
2663 4922 2816 4966 tuum
2851 4911 3185 4967 dilatabitur.
3233 4910 3349 4966 Hoc
3389 4919 3567 4964 autem
3593 4905 3731 4974 aequi-

2180 5008 2446 5080 pollenter
2492 5018 2653 5072 supra
2694 5003 2897 5073 posuit,
2976 5016 3100 5056 cum
3146 5001 3306 5066 dixit,
3355 5016 3512 5069 regna
3553 5006 3731 5066 propter

2178 5103 2462 5155 veritatem.
2504 5097 2649 5151 ltlem
2685 5095 2830 5149 enim
2870 5101 2959 5148 est
2990 5094 3214 5155 veritas,
3251 5090 3396 5159 quod
3441 5100 3497 5145 et
3530 5089 3727 5158 sagittae.

2179 5193 2288 5248 Sed
2315 5191 2441 5261 quia
2475 5205 2581 5244 non
2611 5195 2889 5257 posuerat,
2919 5194 3213 5252 antequam
3250 5182 3339 5237 illa
3363 5176 3730 5252 praedicationis

2177 5284 2380 5340 veritas
2430 5280 2617 5336 ellicax
2668 5286 2815 5333 esset
2864 5276 3067 5340 futura,
3118 5275 3314 5343 repetit
3356 5270 3731 5341 arquipollenter

2177 5391 2299 5431 cum
2332 5372 2464 5429 dicit
2492 5389 2507 5425 :
2544 5369 2768 5441 Sagitta:
2805 5379 2910 5423 tua:
2942 5378 2991 5421 te
3019 5366 3293 5421 deducent
3331 5366 3385 5419 in
3425 5378 3661 5433 regnum,
3686 5367 3731 5411 ut

2179 5466 2342 5521 addat
2373 5472 2564 5517 acutw.
2601 5460 2755 5527 Quod
2797 5467 2882 5513 est
2909 5458 3129 5513 dicere:
3164 5456 3297 5523 Quae
3331 5470 3436 5509 non
3471 5460 3626 5507 erunt
3663 5463 3731 5502 re-

2182 5568 2337 5620 tnsaz,
2368 5556 2463 5609 sed
2497 5553 2764 5609 efﬁcaces.
2802 5551 2932 5605 Dico
2962 5549 3103 5618 quod
3133 5547 3314 5617 populi
3348 5545 3441 5600 sub
3469 5555 3514 5597 te
3546 5543 3728 5597 cadent.

2183 5647 2250 5702 Et
2285 5652 2404 5715 post
2446 5642 2547 5713 ipsi
2584 5640 2764 5711 populi
2802 5648 2964 5696 erunt
2993 5637 3140 5694 sedes
3181 5647 3293 5701 tua,
3339 5651 3373 5691 ο
3397 5634 3558 5689 Deus.
3602 5631 3731 5698 Quod

2183 5746 2264 5793 est
2292 5735 2508 5790 dicere:
2543 5732 2587 5788 Ο
2610 5730 2730 5797 Fili,
2763 5731 2853 5799 qui
2884 5744 2987 5784 non
3021 5728 3339 5793 simpliciter
3372 5741 3427 5782 es
3455 5727 3629 5782 homo.
3656 5720 3733 5776 sed
