3838 6328
177 346 271 413 829
1075 344 1437 404 exeosmo
1473 346 1541 402 tN
1580 343 1917 402 PSALMOS.
1943 376 2013 387 —
2052 347 2246 419 esst.
2284 352 2472 407 λων.
3334 363 3440 421 θεο

175 462 329 515 etiam
367 459 549 521 Deus.
580 460 756 532 populi
786 461 887 531 ipsi
918 470 1082 516 erunt
1111 461 1372 518 habitatio
1405 471 1513 518 tua.
1553 463 1619 517 Et
1647 468 1754 516 non
1782 464 1834 524 Α
1862 470 1978 519 tore
2015 475 2227 533 careat,
2274 467 2493 523 assiduo
2544 470 2808 527 exercitio
2857 471 3111 528 limarum
3149 474 3437 535 candidum

177 550 339 606 solum
370 548 431 604 in
467 551 576 607 hoc
599 551 816 618 saeculo,
848 552 941 607 sed
967 561 1015 606 et
1042 552 1096 605 in
1120 552 1371 629 siccatum
1400 553 1580 607 σιτευιὶ
1602 551 1761 622 hujus

175 641 605 697 subsecutivum.
654 640 815 698 Juxta
851 642 979 698 illud
1008 661 1023 698 :
1053 643 1251 698 Anima
1290 643 1443 714 justi,
1485 645 1630 700 sedes
1677 654 1763 702 est

175 730 284 787 Dei.

144 840 153 873 ι
236 821 303 876 Ει
329 830 632 893 postquam
670 825 723 879 in
756 826 837 882 eis
864 826 1098 893 sedebis,
1130 829 1174 884 si
1209 829 1499 900 aliquando
1534 830 1759 887 distorte

176 912 344 973 ierint,
382 914 696 971 recedendi)
728 932 758 969 a
788 916 1127 988 subiectione
1168 928 1278 987 tua,
1314 921 1454 974 male
1482 922 1758 990 cperando

174 1012 222 1059 et
249 1002 572 1070 cogitando,
602 1021 745 1075 reges
782 1023 866 1060 eos
895 1008 1063 1078 virga,
1091 1009 1144 1063 id
1170 1019 1254 1064 cst
1290 1013 1626 1067 correctione
1663 1013 1758 1067 tri-

173 1093 509 1149 bulationum
552 1114 565 1149 :
608 1113 638 1151 a
670 1098 1019 1153 similitudine
1069 1101 1217 1169 equi,
1248 1103 1339 1171 qui
1378 1118 1501 1157 cum
1534 1103 1758 1159 distorle

173 1192 270 1248 eat,
309 1185 463 1254 uirga
504 1188 832 1255 percutitur,
876 1198 932 1243 et
986 1190 1041 1244 in
1089 1192 1236 1246 viam
1286 1194 1582 1249 reducitur.
1641 1195 1756 1251 lloc

174 1282 340 1328 autem
371 1285 540 1331 extra
579 1277 775 1333 librum
816 1281 1119 1350 suppletur,
1159 1283 1251 1339 sed
1292 1301 1359 1341 ex
1401 1287 1755 1356 sequentibus

173 1364 414 1432 habetur,
450 1382 580 1422 cum
624 1370 773 1429 addit
810 1389 823 1424 :
858 1370 927 1425 Et
957 1372 1046 1426 illa
1076 1375 1219 1444 virga
1255 1377 1398 1445 regni
1443 1377 1552 1443 tui,
1586 1378 1638 1433 id
1670 1385 1757 1433 est

172 1456 429 1511 correctio
469 1472 571 1525 per
607 1474 771 1527 quam
816 1476 971 1531 reges
1022 1472 1143 1519 tuos
1179 1464 1383 1533 fideles,
1435 1467 1487 1521 id
1537 1476 1619 1523 est
1660 1469 1753 1538 qui

174 1544 526 1612 subjicientur
570 1550 817 1619 regimini
862 1561 972 1618 tuo,
1006 1554 1112 1608 erit
1146 1556 1292 1626 virga
1336 1557 1663 1625 directionis,
1695 1559 1752 1614 id

171 1650 243 1693 est
273 1642 426 1710 virga
467 1644 714 1714 dirigens
752 1662 869 1715 eos,
905 1656 959 1703 et
1000 1649 1054 1703 in
1088 1650 1228 1704 viam
1268 1651 1554 1708 reducens.
1598 1652 1751 1710 Unde

172 1729 447 1787 Psahnista
495 1734 627 1790 alibi
658 1750 672 1789 :
711 1754 728 1787 ι
762 1737 1008 1794 Visitabo
1044 1740 1096 1794 in
1124 1740 1277 1813 virga
1309 1742 1623 1813 iniquitates
1658 1760 1748 1801 eo-

1860 551 1920 606 ﬁt
1946 562 2001 608 et
2029 554 2277 611 nitidum.

1930 644 2230 702 Notandum
2255 659 2435 705 autem
2469 653 2609 720 quod
2635 651 2874 722 myrrha,
2912 652 2961 707 id
3000 662 3102 719 est,
3152 655 3437 729 incorrup-

1862 736 2118 804 tibilitas;
2164 747 2219 793 et
2255 740 2427 807 casia,
2457 741 2509 795 id
2534 751 2652 807 'est,
2694 741 2953 797 exaltatio
2985 742 3037 795 in
3071 743 3165 797 Dei
3203 759 3437 813 praesen-

1859 826 1957 893 tia,
1979 826 2033 881 in
2067 826 2249 883 futuro
2280 844 2310 883 a
2342 830 2593 886 domibus
2621 831 2877 887 eburneis
2912 832 3221 900 spirabunt.
3247 831 3303 887 In
3332 833 3433 889 hac

1857 929 2037 974 autem
2062 920 2194 986 vita,
2222 931 2400 991 gutta,
2423 922 2476 976 id
2505 930 2607 987 est,
2639 922 2922 978 humilitas
2945 923 3196 993 spirabit.
3223 922 3279 978 Si
3309 938 3438 980 vero

1857 1007 1924 1060 ad
1966 1008 2135 1063 solam
2178 1011 2415 1065 animam
2459 1011 2750 1076 referatur,
2777 1013 3011 1082 spirabit
3050 1014 3212 1067 etiam
3246 1013 3299 1067 in
3336 1014 3438 1069 hac

1855 1100 1967 1153 vita
2005 1101 2490 1172 incorruptibilitas
2520 1102 2641 1157 ﬁdei
2673 1112 2729 1157 et
2749 1102 3006 1156 exaltatio
3034 1103 3087 1157 in
3119 1104 3432 1157 virtutibus.

1855 1187 1932 1241 Ex
1966 1188 2163 1257 quibus
2193 1189 2406 1246 scilicet
2435 1192 2657 1262 myrrha
2686 1200 2743 1245 et
2769 1199 2917 1261 gutta
2955 1201 3013 1246 ct
3050 1193 3220 1257 casia,
3248 1206 3316 1245 ex
3354 1192 3435 1247 eis

1854 1281 2224 1350 spirantibus,
2269 1284 2325 1336 iu
2366 1284 2564 1338 honore
2609 1294 2720 1348 tuo,
2771 1282 2823 1337 id
2856 1291 2961 1348 est,
2993 1285 3060 1337 ad
3091 1284 3195 1339 hoc
3220 1293 3280 1337 ut
3310 1282 3434 1338 inde

1855 1373 2254 1439 honoriﬁceris,
2273 1389 2378 1429 non
2406 1383 2465 1429 ut
2487 1375 2611 1429 inde
2634 1374 2968 1445 superbiant,
3007 1374 3110 1429 sibi
3135 1375 3249 1430 lucc
3272 1376 3429 1429 attri-

1852 1461 2096 1527 buendo;
2127 1464 2539 1529 delectaverunt,
2581 1464 2635 1519 id
2674 1471 2759 1519 est
2796 1463 3162 1529 delectabunt,
3208 1476 3260 1518 te
3305 1464 3434 1533 filia:

1854 1567 2056 1621 regum,
2093 1554 2142 1608 id
2185 1563 2268 1609 est
2312 1554 2413 1624 ipsi
2460 1553 2663 1619 ﬁdeles,
2709 1554 2800 1623 qui
2842 1556 3090 1624 superius
3131 1554 3259 1610 dicti
3306 1564 3432 1611 sunt

1853 1639 2045 1697 domus
2072 1643 2343 1698 eburneae.
2376 1643 2528 1711 Quod
2564 1652 2649 1699 est
2684 1643 2863 1698 dicere
2893 1660 2906 1697 :
2942 1643 3020 1697 Ex
3050 1643 3135 1699 his
3161 1644 3315 1699 valde
3337 1643 3432 1698 dc-

1852 1730 2158 1788 lectaberis.
2193 1734 2286 1790 Vel
2314 1737 2392 1790 sic
2419 1754 2431 1789 :
2463 1735 2538 1790 Ex
2567 1735 2764 1805 quibus
2787 1751 2855 1790 ex
2886 1750 2945 1790 se
2974 1735 3307 1806 spirantibus
3330 1733 3428 1789 de-

173 1835 296 1885 rum,
318 1841 336 1872 s
365 1821 551 1892 (Ρεαι.
575 1841 840 1895 Luxu",
869 1828 985 1901 53,)
1007 1837 1116 1886 εις,
1147 1831 1379 1903 Εχροηίι
1403 1846 1583 1891 autem
1615 1852 1748 1907 quo-
1782 1832 1825 1886 B
1851 1824 2126 1881 lectabunt
2162 1836 2213 1880 te
2250 1827 2453 1891 ﬁdeles,
2477 1828 2569 1897 qui
2596 1835 2758 1882 erunt
2797 1827 3091 1882 secundum
3123 1826 3427 1881 doctrinam

174 1910 315 1965 modo
352 1913 580 1984 diriget,
620 1917 699 1971 sic
740 1935 753 1970 :
794 1919 924 1975 Dico
966 1924 1111 1990 quod
1146 1924 1294 1995 virga
1336 1929 1480 1995 regni
1525 1929 1602 1983 tui
1643 1930 1750 1985 erit

172 1998 295 2067 rirga
330 2016 431 2069 per
475 2020 643 2074 quam
683 2008 885 2081 diriges
934 2026 1050 2067 eos.
1100 2014 1166 2068 Et
1208 2015 1312 2072 hoc
1348 2019 1510 2075 modo
1541 2020 1749 2076 scilicet

172 2089 383 2146 dilexisti
406 2095 687 2163 justitiam
716 2111 764 2154 et
800 2103 958 2157 odisti
993 2105 1342 2175 iniquitatem,
1377 2109 1431 2164 id
1468 2120 1553 2165 est
1582 2110 1749 2166 facies

170 2196 249 2237 eos
286 2198 384 2253 per
430 2187 609 2256 ipsam
655 2191 865 2263 virgam
915 2195 1141 2267 diligere
1183 2199 1474 2268 justitiam,
1520 2211 1577 2257 et
1623 2204 1747 2260 odio

172 2272 351 2330 habere
386 2278 741 2349 iniquitatem.
793 2284 889 2341 Vel
917 2286 997 2341 sic
1023 2305 1035 2341 :
1065 2288 1183 2343 Dixi
1210 2291 1351 2360 quod
1380 2294 1560 2362 populi
1586 2306 1747 2351 erunt

172 2363 309 2421 sedes
357 2376 485 2432 tua,
537 2379 593 2427 et
629 2386 724 2430 eos
773 2376 1006 2448 diriges,
1054 2389 1109 2435 et
1153 2383 1365 2440 adhoc
1404 2400 1462 2441 es
1497 2387 1741 2442 idoneus.

172 2450 287 2546 liam
317 2456 556 2519 dilexisti
577 2462 867 2532 justitiam.
901 2468 1056 2535 Quod
1085 2481 1168 2526 est
1195 2472 1378 2530 dicere
1403 2493 1417 2530 :
1446 2475 1633 2534 Justus
1660 2493 1739 2546 es,

174 2544 377 2639 ideoque
419 2561 623 2621 potens
669 2558 779 2612 eris
823 2574 917 2615 eos
954 2562 1211 2633 dirigere.
1256 2566 1329 2620 Et
1356 2568 1460 2624 hoc
1488 2578 1638 2639 patet
1674 2544 1742 2628 ex

174 2637 397 2704 opposito
427 2644 577 2710 quod
607 2645 842 2703 dilexisti
863 2650 1153 2719 justitiam,
1190 2670 1315 2710 nam
1356 2637 1515 2714 odisti
1549 2662 1745 2733 iniqui-

176 2734 332 2782 tatem.
362 2731 489 2786 Dixi
513 2739 657 2803 quod
677 2739 890 2794 dextera
918 2749 1012 2797 tua
1037 2743 1257 2800 deducet
1283 2757 1349 2813 te,
1373 2759 1427 2803 et
1445 2752 1624 2821 papuli
1639 2731 1742 2809 sub

176 2824 215 2869 te
238 2820 415 2915 cadent
441 2840 464 2879 :
493 2836 549 2880 et
578 2839 739 2885 erunt
780 2833 928 2888 sedes
969 2846 1080 2899 tua,
1126 2847 1183 2891 et
1219 2839 1419 2911 diriges
1451 2820 1546 2899 eos
1575 2847 1735 2915 virga,

176 2916 220 2960 et
245 2908 339 2966 hoc
366 2912 493 2971 idco
521 2920 647 2987 quia
676 2920 907 2977 dilexisti
927 2924 1191 2993 justitiam
1226 2939 1273 2983 et
1305 2908 1459 2985 odisti
1487 2908 1738 3005 iniquilas

176 3004 275 3091 teut.
306 3000 371 3055 Et
402 3014 465 3058 ut
492 3006 606 3061 haec
634 3012 812 3065 omnia
842 3012 995 3080 ﬁant,
1034 3031 1067 3069 ο
1098 3017 1263 3083 Deus,
1299 3028 1350 3074 tu
1379 3000 1585 3079 scilicet
1610 3025 1732 3091 Fili,

176 3088 251 3153 qui
286 3107 385 3147 non
428 3096 606 3165 solum
646 3115 707 3156 es
744 3102 927 3171 homo,
959 3107 1052 3161 sed
1097 3118 1154 3163 et
1191 3110 1335 3166 Deus
1368 3129 1381 3165 :
1414 3113 1555 3168 Deus
1585 3088 1730 3182 tuus,

1853 1915 1977 1970 ﬁlia:
2005 1932 2214 1988 regum,
2258 1919 2308 1974 id
2350 1931 2436 1974 est
2474 1919 2840 1989 apostolormn
2868 1961 2884 1985 ,
2928 1906 3019 1989 qui
3066 1934 3223 1990 reges
3266 1925 3429 1973 erunt

1850 2006 2121 2062 Ecclesiae.
2142 2007 2290 2064 Unde
2308 2009 2598 2080 Apostolus
2623 2028 2636 2063 :
2667 2029 2684 2062 ‹
2709 2009 2885 2065 Filioli
2913 2009 3040 2075 mei,
3065 2025 3201 2079 quos
3226 2009 3428 2064 iterum

1848 2095 2089 2165 parturio
2118 2094 2260 2167 (Cal.
2300 2114 2379 2163 ιιι,
2414 2098 2536 2169 t9);
2569 2118 2586 2151 ι
2622 2108 2677 2155 et
2716 2099 2769 2154 in
2802 2099 3019 2154 Psalmo
3050 2117 3064 2154 :
3108 2118 3126 2151 ι
3154 2099 3222 2155 Ει
3254 2114 3421 2167 nunc,

1849 2201 2023 2257 reges,
2056 2188 2336 2259 intelligitc
2366 2188 2538 2261 (Psul.
2570 2208 2633 2259 ιι,
2662 2190 2781 2257 10);
2836 2210 2854 2244 ι
2890 2193 3011 2247 ﬁlia:
3042 2207 3229 2261 regum
3248 2190 3371 2246 dico
3403 2207 3421 2247 :

1846 2289 1901 2334 et
1925 2279 2027 2334 hoc
2048 2281 2101 2334 iu
2143 2282 2340 2338 honore
2362 2292 2477 2347 tuo,
2510 2283 2562 2339 id
2595 2292 2702 2349 est,
2728 2285 2809 2340 sic
2833 2295 2957 2339 sunt
2982 2284 3102 2339 ﬁlia:
3132 2298 3338 2352 regum,
3365 2292 3427 2339 ut

1846 2369 1901 2424 in
1949 2371 2049 2425 hoc
2092 2371 2469 2428 honoriﬁceris
2508 2374 2576 2428 ab
2616 2375 2746 2445 ipsis
2790 2374 3023 2441 liliabus,
3065 2374 3210 2445 quod
3246 2373 3423 2444 gratia

1844 2468 1936 2515 tua
1962 2470 2089 2516 sunt
2113 2461 2256 2517 ﬁliae.
2291 2461 2581 2518 Sciendum
2623 2466 2765 2533 quod
2807 2465 2927 2520 ideo
2959 2465 3175 2535 myrrha
3208 2479 3306 2533 pro
3336 2463 3423 2517 in-

1843 2552 2299 2620 corruptibilitate
2339 2554 2579 2623 ponitur,
2629 2554 2758 2624 quia
2808 2571 3038 2624 corpora
3084 2568 3149 2608 ea
3197 2552 3421 2608 inuncta

1843 2638 1981 2694 ﬁunt
2004 2640 2457 2711 incorruptibilia.
2485 2642 2646 2698 Gutta
2680 2659 2808 2699 vero
2838 2644 3047 2714 species
3072 2652 3155 2699 est
3184 2642 3421 2697 medico.

1842 2746 1984 2797 rum,
2028 2748 2149 2802 qua:
2189 2734 2256 2789 ad
2301 2742 2568 2789 tumorem
2608 2734 2979 2804 depellendum
3034 2734 3229 2789 idonea
3277 2740 3360 2788 est
3403 2748 3417 2784 :

1842 2818 1962 2874 ideo
2003 2836 2103 2890 pro
2141 2822 2449 2877 humilitate
2496 2823 2735 2892 ponitur,
2763 2840 2882 2894 qua:
2912 2823 2977 2877 ad
3019 2822 3286 2893 superbia:
3330 2829 3416 2875 tu-

1838 2924 2045 2964 morem
2070 2911 2482 2987 deprimendum
2509 2923 2591 2968 est
2612 2913 2813 2968 valida.
2838 2913 2995 2968 Casia
3023 2912 3261 2982 quidem,
3289 2911 3415 2980 quia

1832 2998 1987 3067 juxta
2024 3001 2411 3073 Hieronymum
2447 3005 2614 3059 arbor
2654 3015 2737 3061 est
2770 3006 2822 3059 in
2863 3005 3031 3059 altum
3066 3016 3412 3064 excresccns,

1834 3108 1934 3160 pro
1966 3093 2297 3150 exultatione
2343 3097 2430 3152 hic
2476 3096 2651 3166 posita
2698 3106 2803 3153 est.
2846 3096 2942 3153 V'cl
2984 3096 3063 3149 sic
3102 3102 3281 3166 potest
3308 3091 3413 3162 legi

175 3190 257 3246 ego
288 3185 498 3242 sciiicei
536 3193 664 3244 um;
704 3202 755 3247 ιε
795 3195 908 3250 oleo
947 3196 1163 3265 παίειν,
1204 3201 1258 3255 id
1294 3213 1407 3270 ρει,
1445 3205 1643 3274 reple“
1680 3178 1730 3263 ὡ
1758 3178 1800 3235 C
1834 3197 2023 3253 versus
2050 3185 2154 3240 iste
2186 3204 2199 3240 :
2233 3185 2369 3255 Quia
2414 3188 2648 3253 dixerat,
2691 3186 2855 3242 quit
2888 3199 2937 3241 te
2974 3186 3113 3242 Deus
3147 3196 3267 3239 tuus
3298 3181 3411 3238 oleo

177 3270 321 3364 gratia
355 3277 582 3344 speciali
624 3290 677 3335 et
716 3282 1060 3342 immunitate
1096 3291 1327 3358 peccati,
1358 3308 1456 3362 per
1488 3270 1647 3364 quam
1678 3308 1729 3352 te

176 3358 481 3423 ltetiﬁcarem
509 3388 621 3440 pra:
652 3377 998 3445 consortibus,
1028 3379 1083 3433 id
1110 3390 1194 3436 est
1221 3358 1521 3443 ante—alios—
1545 3388 1729 3447 ﬁdeles

178 3455 248 3518 qui
274 3469 391 3514 sunt
430 3475 714 3520 consortes
741 3468 838 3535 tui,
874 3469 925 3524 id
951 3479 1034 3525 est
1076 3474 1386 3532 cohaeredes
1419 3487 1474 3532 ct
1509 3481 1726 3549 partici-

176 3560 252 3614 pes
273 3557 573 3613 sanctitatis
608 3567 735 3616 tua).
773 3560 935 3617 Juxta
967 3564 1094 3620 illud
1116 3564 1357 3637 Apostoli
1383 3586 1400 3626 :
1428 3590 1446 3623 ι
1480 3572 1728 3630 llaaredes

178 3644 360 3733 quidem
395 3648 517 3714 Dei,
558 3654 871 3711 cohaeredes
914 3646 1094 3715 auiem
1139 3658 1339 3715 Christi
1380 3662 1558 3733 (Rom.
1604 3680 1721 3729 vni,

177 3731 266 3800 ¹7)-
296 3755 313 3787 ι
366 3740 601 3798 Unetum
643 3759 763 3801 esse
798 3746 908 3801 oleo
939 3748 1099 3815 dicit,
1138 3765 1167 3804 a
1202 3731 1555 3810 similitudine
1584 3755 1726 3812 illius

177 3827 250 3890 qui
281 3829 383 3885 oleo
426 3845 643 3890 sacrato
686 3839 905 3908 ungitur
952 3850 1010 3894 ut
1054 3854 1148 3896 rex
1204 3842 1486 3899 eﬁiciatur.
1538 3845 1632 3902 Sic
1670 3857 1727 3905 et

178 3915 392 3979 Christus
422 3934 482 3980 ut
512 3942 603 3981 rex
631 3939 776 3984 esset
802 3929 913 3985 oleo
945 3932 1131 4003 gratia:
1160 3935 1412 4004 specialis
1437 3945 1493 3993 et
1524 3938 1722 3993 immu-

178 4006 334 4067 nitatis
377 4025 575 4072 unctus
622 4028 705 4073 est
739 4036 769 4073 a
813 4021 993 4077 Patre.
1042 4024 1110 4078 Et
1157 4026 1283 4080 inde
1327 4026 1498 4083 videri
1547 4037 1725 4099 potest

179 4103 293 4165 quod
320 4116 512 4162 unctus
542 4119 626 4162 est
653 4110 767 4165 olco
792 4111 1008 4167 lretitirc.
1042 4113 1177 4181 Quia
1209 4116 1365 4188 [5.5
1393 4120 1627 4189 myrrha,
1669 4121 1720 4176 id

178 4200 245 4243 est
273 4192 746 4267 incorruptibilitas
771 4211 891 4272 post
915 4205 1249 4273 passionem;
1281 4217 1329 4261 et
1356 4209 1519 4274 casia,
1556 4210 1608 4264 id
1638 4219 1722 4265 est

180 4284 399 4344 exultatio
426 4293 761 4347 ascensionis
793 4295 844 4348 in
874 4296 1102 4365 caelum;
1134 4308 1181 4352 et
1205 4308 1375 4370 gutta,
1418 4301 1469 4356 id
1494 4312 1579 4357 est
1618 4303 1717 4359 bu-

181 4372 347 4432 militas
385 4381 438 4435 in
487 4382 771 4450 passione,
817 4386 1098 4456 spirabunt
1146 4405 1179 4442 a
1229 4392 1542 4448 vestimentis
1591 4395 1716 4448 tuis.

180 4459 407 4525 Pluralem
455 4474 608 4542 ponit
654 4490 753 4544 pro
803 4477 1085 4546 singulari,
1129 4482 1467 4539 vestimentis
1509 4487 1717 4542 scilicet

1836 3276 2036 3333 la’titia:
2075 3296 2183 3349 pra:
2221 3282 2549 3336 consortibus
2590 3282 2715 3347 tuis,
2750 3280 2961 3336 videtur
2997 3295 3091 3335 eos
3127 3283 3411 3332 consortes

1834 3383 1955 3425 esse
1986 3369 2164 3426 minus
2203 3370 2474 3427 inunctos.
2506 3369 2680 3430 Aliter
2705 3370 2848 3425 enim
2878 3369 3017 3423 male
3056 3365 3291 3438 positum
3323 3376 3410 3416 es-

1839 3470 1941 3527 set,
1972 3479 2083 3533 pra:
2108 3463 2454 3518 consortibus.
2486 3462 2567 3519 0b
2594 3462 2697 3517 hoc
2728 3476 2857 3517 vero
2883 3467 3153 3531 quaereret
3182 3454 3409 3526 aliquis:

1835 3555 2045 3610 Suntne
2080 3562 2364 3611 consortes
2393 3555 2734 3623 aliquatenus
2772 3552 2918 3607 uncti
2948 3551 3060 3605 oleo
3102 3548 3321 3613 lwtitiw,
3354 3547 3410 3602 id

1831 3652 1913 3698 cst
1948 3644 2120 3713 gratia
2165 3644 2422 3713 speciali?
2461 3642 2540 3698 Ad
2580 3644 2903 3701 hocautetn
2940 3640 3021 3694 sic
3062 3636 3350 3707 respondet
3389 3653 3404 3690 :

1829 3731 1970 3787 Vere
1993 3732 2141 3787 uncti
2165 3742 2288 3787 sunt
2314 3733 2460 3798 oleo;
2492 3742 2547 3787 ct
2574 3732 2700 3787 inde
2729 3732 2831 3786 hoc
2856 3737 3100 3801 apparet,
3142 3726 3402 3798 quoniam

1828 3810 1861 3875 ἁ
1892 3822 2207 3877 vestimentis
2246 3831 2371 3888 tuis,
2411 3823 2463 3876 id
2494 3832 2596 3887 est,
2624 3839 2652 3876 a
2691 3822 3054 3887 consortibus,
3099 3818 3193 3888 qui
3236 3813 3407 3870 vesti-

1827 3921 2013 3967 menta
2038 3912 2317 3979 dicuntur,
2346 3926 2412 3968 eo
2437 3914 2582 3985 quod
2606 3922 2655 3967 te
2681 3912 2784 3969 ﬁde
2813 3911 3098 3976 ambiunt,
3126 3909 3266 3965 sicut
3288 3921 3409 3961 ves-

1828 4004 2053 4059 timenta
2102 4019 2301 4075 corpus
2345 4005 2624 4071 ambiunt,
2671 4005 2883 4073 spirant
2924 4003 3169 4073 myrrha,
3218 4000 3270 4054 id
3297 4005 3404 4064 est,

1825 4096 2139 4166 virginitas;
2179 4106 2237 4151 et
2259 4106 2429 4166 gutta,
2460 4097 2511 4151 id
2535 4107 2618 4151 est
2652 4097 2927 4150 humilitas
2958 4094 3041 4148 vel
3068 4093 3317 4156 castitas;
3350 4098 3406 4144 et

1825 4188 1994 4253 casia,
2036 4188 2087 4242 id
2120 4196 2203 4243 est
2244 4186 2398 4243 ﬁdcs.
2438 4187 2569 4241 Dico
2594 4186 2738 4256 quod
2765 4202 2794 4239 a
2816 4183 3157 4239 vestimentis
3192 4181 3405 4251 spirant

1825 4283 1961 4348 hiec,
1988 4282 2195 4337 scilicet
2218 4297 2249 4336 a
2283 4282 2531 4337 domibus
2556 4279 2833 4343 eburneis,
2865 4278 2917 4331 id
2948 4284 3031 4330 est
3065 4291 3094 4329 a
3134 4270 3405 4328 consorti-

1823 4372 1947 4438 bus,
1982 4372 2073 4440 qui
2110 4382 2163 4425 et
2186 4372 2507 4427 vestimenta
2542 4371 2793 4425 dicuntur
2824 4378 2879 4422 et
2906 4368 3097 4421 domus
3122 4366 3400 4427 eburneae,

1823 4476 1920 4531 per
1946 4461 2352 4517 similitudinem
2384 4460 2572 4530 utjam
2601 4462 2802 4515 dictum
2840 4466 2943 4513 est.
2985 4459 3062 4512 Ex
3090 4456 3305 4527 quibus,
3346 4452 3400 4508 id

182 4569 256 4620 ιπο
283 4530 611 4621 vestimento.
654 4530 816 4633 ’ρηοά
1749 4530 1793 4585 D
1822 4563 1932 4619 est,
1966 4556 2189 4626 myrrha
2219 4563 2274 4609 et
2292 4563 2440 4623 gutta
2468 4564 2522 4608 ct
2545 4553 2714 4617 casia,
2745 4550 3070 4606 delectabunt
3102 4561 3147 4604 te
3172 4548 3299 4619 ﬁlice
3321 4563 3393 4602 re-

184 4657 269 4714 lua,
290 4669 397 4723 qua:
424 4660 621 4715 dicitur
645 4663 1020 4717 vestimentum
1049 4665 1368 4732 divinitatis,
1399 4684 1464 4724 eo
1491 4674 1632 4740 quod
1664 4676 1717 4728 in

1844 4661 1940 4698 llltll
1970 4645 2022 4697 in
2052 4644 2248 4698 Itonore
2278 4656 2367 4699 tuo
2392 4658 2409 4696 .'
2444 4645 2559 4699 hmc
2590 4658 2696 4698 non
2724 4651 3026 4697 mutantur.
3100 4688 3105 4693 .

182 4753 227 4791 ea
262 4743 408 4804 lateat
442 4760 496 4806 et
537 4752 586 4806 ei
630 4753 1007 4823 coniungatur,
1047 4766 1107 4810 ut
1153 4758 1294 4812 intra
1335 4762 1714 4818 veSIitnentum
1844 4812 1850 4817 .
1894 4753 2384 4824 Myrrlmquidcm.
2414 4756 2542 4825 (illia
2573 4770 2792 4809 carnem
2818 4770 2848 4808 ει
2875 4770 2935 4809 se
2965 4761 3184 4825 unctam
3217 4752 3399 4807 incor-

182 4845 341 4901 corpus
377 4841 506 4897 latet
543 4852 595 4897 ct
627 4844 676 4898 ei
720 4844 1083 4917 conjungitur,
1119 4849 1435 4905 rcdolebunt
1469 4853 1718 4911 ﬁdelibus

1844 4843 2131 4913 'uptibilem
2172 4844 2325 4910 facit,
2352 4861 2452 4915 pro
2481 4844 2796 4914 virginitate
2828 4845 3066 4915 ponitur,
3098 4859 3195 4914 per
3237 4856 3401 4913 quam

185 4925 264 4978 tuis
317 4931 792 5003 incorruptibilitas
840 4946 896 4989 et
925 4937 1186 4993 exaltatio
1221 4949 1343 5009 post
1376 4944 1713 5010 passionem,
1822 4948 1950 4989 caro
1986 4934 2297 5004 incorrupta
2327 4951 2361 5001 a5
2386 4935 2597 4989 luxuria
2632 4937 2839 4991 existit.
2871 4935 2976 4991 Per
3011 4946 3214 5007 guttam
3248 4948 3400 4998 vero,

183 5027 222 5069 et
250 5020 502 5083 humilitas
548 5027 791 5082 habenda
832 5029 884 5083 in
920 5031 1170 5098 passione
1211 5049 1223 5085 ;
1269 5042 1324 5089 ει
1363 5036 1612 5104 exemplo
1641 5036 1716 5090 iui
1822 5040 1929 5095 qua
1966 5040 2171 5080 venena
2205 5026 2384 5079 omnia
2425 5026 2822 5096 deprimuntur,
2862 5027 3104 5083 Charitas
3143 5023 3397 5093 intelligi-

186 5114 357 5176 myrrha
390 5127 442 5172 et
472 5126 623 5188 gutta
656 5127 709 5171 et
738 5120 881 5173 casia
915 5121 1197 5189 spirabunt
1228 5141 1259 5177 a
1296 5124 1536 5179 domibus
1562 5126 1713 5181 ebur-
1823 5125 1933 5181 ῑυνν
1965 5130 2060 5185 Per
2110 5131 2272 5186 quam
2305 5117 2488 5171 omnia
2518 5133 2721 5174 νειιθηει
2746 5119 3003 5174 Vitiorum
3039 5116 3401 5185 exs‘ingu‘m"

188 5200 292 5267 uois,
324 5207 369 5261 id
407 5218 492 5263 est
534 5211 672 5267 bene
716 5212 1035 5268 redolehunt
1081 5215 1175 5270 tibi
1215 5217 1270 5270 in
1303 5217 1552 5275 ﬁdelibus
1583 5222 1711 5289 tuis,
1821 5216 1927 5264 lur-
1967 5208 2073 5264 Per
2096 5209 2293 5265 casiam
2324 5218 2526 5279 autem.
2567 5227 2688 5281 quae
2716 5212 2768 5266 in
2800 5211 3018 5280 aquosis
3048 5208 3181 5263 locis
3212 5205 3396 5275 nasci-

186 5290 252 5353 ιιιιί
288 5294 526 5354 dicuntur
564 5301 758 5357 domus
799 5312 933 5368 ture,
981 5320 1047 5360 eo
1082 5308 1224 5374 quod
1271 5308 1322 5361 in
1362 5308 1441 5364 eis
1477 5309 1710 5369 habites,
1820 5311 1926 5365 tur,
1959 5300 2229 5370 baptisma
2265 5302 2573 5358 denOtatur.
2616 5302 2721 5357 Per
2760 5303 3029 5371 baptisma
3063 5314 3191 5356 vero
3236 5296 3394 5360 ﬁdes,

189 5374 235 5431 Et
268 5385 521 5457 eburneae,
566 5393 618 5446 id
661 5404 745 5449 est
783 5396 1116 5465 perfectione
1158 5399 1419 5457 virtutum
1474 5404 1712 5462 nitentes
1817 5406 1916 5461 Per
1956 5408 2121 5461 quam
2156 5393 2223 5449 ad
2264 5396 2531 5465 baptisma
2568 5394 2905 5465 Ρθννθηίῑυνν
2963 5393 3194 5462 ideoque
3243 5387 3394 5445 casia

188 5480 226 5523 ει
256 5482 470 5539 Candida:
500 5503 513 5538 :
545 5486 689 5554 quod
724 5488 953 5559 contigit
990 5492 1071 5545 eis
1102 5505 1197 5560 per
1226 5492 1425 5548 multas
1462 5496 1709 5553 anxieta-
1816 5500 1916 5555 Ρτο
1938 5486 2044 5542 ﬁde
2074 5490 2309 5559 Domum
2343 5489 2651 5544 Νοιειηιιυηι
2677 5497 2855 5543 autem
2882 5488 3025 5559 ll"0d
3057 5487 3243 5543 ﬁdeles
3280 5498 3391 5539 "0“

192 5568 248 5655 les
276 5581 418 5643 atque
456 5576 698 5642 labores,
740 5580 947 5635 scilicet
990 5591 1049 5636 ut
1089 5583 1243 5637 nitidi
1280 5585 1400 5640 sim
1438 5588 1490 5640 in
1527 5588 1707 5655 peric-
1816 5578 1975 5647 ﬁlios,
2005 5581 2100 5636 sed
2129 5582 2267 5637 ﬁlias
2295 5582 2448 5648 dicit,
2480 5592 2538 5636 ut
2564 5595 2657 5637 eos
2681 5582 2930 5636 lunnitict
2959 5596 3026 5637 ne
3054 5582 3106 5636 in
3133 5595 3191 5637 se
3217 5581 3390 5636 conﬁ-

190 5652 321 5715 ctione
357 5665 639 5723 virtutum.
684 5670 825 5724 sicut
874 5671 1008 5727 ebur
1042 5690 1052 5724 :
1085 5675 1226 5741 quod
1263 5691 1384 5731 cum
1436 5652 1587 5746 prius
1628 5680 1707 5735 ni-
1817 5673 1965 5742 dant,
2007 5691 2128 5731 cum
2157 5676 2359 5733 debiles
2389 5676 2498 5733 sint
2538 5686 2589 5733 et
2622 5677 2857 5750 fragiles.
2900 5689 2954 5735 et
2988 5679 3052 5735 ad
3088 5678 3391 5747 cadendum
