3838 6328
483 313 580 367 831

1055 314 1114 371 5.
1146 286 1499 379 VBRUNONIS
1524 322 2169 383 CARTHUSIANORUM
2199 326 2695 395 [NSTITUTORIS
2719 331 2872 388 OPP.
2911 333 3091 391 PARS
3114 336 3154 392 Ι.

3599 334 3701 405 εδει

482 424 668 478 faciles
703 443 715 477 :
748 424 814 479 ad
846 426 1064 482 modum
1101 428 1341 487 feminini
1372 448 1555 501 sexus,
1596 437 1684 506 qui
1715 438 1941 492 debilior
1971 445 2054 492 est
2083 442 2125 497 A
2156 436 2279 492 dine
2308 440 2506 509 populi.
2541 440 2608 493 Et
2632 441 2931 498 obliviscere
2949 445 3161 501 domum
3188 452 3351 518 patris
3389 456 3463 506 tui
3484 455 3685 524 diaboli,

482 514 813 579 masculino;
845 532 939 571 seu
963 519 1126 573 etiam
1146 530 1201 574 ut
1222 523 1471 578 ostendat
1489 527 1722 580 maximo
1742 527 1889 582 cultu
1916 543 2050 596 pra:-

481 606 768 662 dieationls
795 623 888 663 eos
917 623 1075 679 egere
1108 628 1119 663 :
1163 613 1229 667 ad
1260 614 1474 669 modum
1505 615 1758 683 filiarum,
1788 633 1909 686 quae
1936 634 2047 671 nia-

471 693 579 761 jori
608 695 753 750 cultu
784 708 945 767 egent
983 715 1143 769 quam
1184 701 1309 769 filii;
1366 713 1420 759 et
1444 719 1539 773 per
1568 707 1671 763 hoc
1699 721 1791 760 eos
1818 707 2045 762 multum

477 783 724 839 subditos
753 785 916 841 faciat
941 790 1415 859 przedicationihus
1445 793 1621 865 146,
1656 797 1746 864 qui
1779 796 1831 850 in
1858 811 2044 851 eorum

477 873 627 927 cultu
653 875 808 931 valde
837 878 1106 936 laborant.
1130 881 1285 937 Juxta
1309 883 1436 938 illud
1464 886 1703 954 Apostoli
1731 906 1743 940 :
1773 906 1790 938 ι
1820 886 2045 943 Obedite

478 968 783 1034 praepositis
830 973 1048 1036 vestris,
1093 981 1147 1027 et
1175 976 1448 1045 suhjaeete
1484 977 1579 1031 eis.
1616 977 1720 1047 lpsi
1750 979 1894 1032 enim
1920 994 2044 1048 per-

476 1053 720 1124 vigilant,
755 1060 908 1126 quasi
942 1060 1205 1115 rationem
1244 1078 1341 1132 pro
1376 1065 1657 1120 animabus
1694 1067 1887 1122 vestris
1921 1068 2045 1123 red-

475 1143 663 1209 dituri,
697 1153 755 1198 ut
792 1161 912 1201 cum
948 1149 1143 1219 gaudio
1178 1151 1282 1205 hoc
1311 1152 1514 1209 faciant
1546 1164 1602 1209 et
1637 1171 1739 1210 non
1766 1166 2041 1226 gementes

475 1231 662 1303 (Hebr.
706 1251 825 1301 xm,
875 1237 985 1308 17).
1021 1259 1039 1292 ι
1088 1239 1311 1295 Peracta
1348 1242 1735 1311 admonitione,
1784 1259 1837 1302 ει
1881 1247 2039 1304 laude

472 1324 677 1390 sponsi,
707 1330 772 1379 ad
809 1326 1127 1384 laudandum
1159 1339 1213 1386 et
1239 1334 1635 1390 admonendum
1664 1354 1916 1408 sponsam
1950 1341 2037 1395 in~

473 1414 667 1481 tendit,
710 1428 769 1471 ut
805 1434 924 1474 eam
960 1424 1303 1479 attentiorem
1338 1427 1403 1480 ad
1438 1429 1797 1486 obediendum
1838 1448 2035 1503 sponso

469 1506 675 1561 reddat.
700 1508 882 1565 Ethoc
911 1512 989 1567 sie
1013 1512 1140 1570 facit
1176 1531 1189 1569 :
1218 1515 1395 1570 Astitit
1423 1522 1622 1589 regina,
1650 1530 1757 1577 etc.
1784 1523 1935 1589 Quod
1958 1526 2035 1581 sic

466 1597 745 1653 continuat
765 1619 778 1654 :
802 1601 948 1668 Dico,
968 1602 1088 1673 Fili,
1113 1606 1255 1675 quod
1281 1608 1413 1662 adeo
1426 1613 1687 1679 speciosus
1710 1615 1817 1670 eris
1839 1616 2029 1685 forma.

466 1683 669 1755 Regina
698 1698 904 1760 autem,
942 1692 994 1746 id
1024 1702 1130 1757 est,
1177 1693 1416 1751 Ecclesia
1462 1699 1736 1768 primitiva
1779 1683 2030 1772 sponsata

2152 539 2221 579 ne
2248 526 2386 585 ultra
2431 529 2564 583 velis
2603 544 2723 585 esse
2753 532 2946 588 domus
2978 535 3094 604 ejus
3138 545 3193 590 et
3234 540 3454 595 mansio.
3500 542 3560 596 Et
3597 544 3684 600 hoc

2147 615 2299 683 ponit
2324 632 2353 670 a
2386 618 2736 677 similitudine
2763 636 3004 691 sponsae,
3034 639 3153 693 quae
3180 641 3376 695 sponso
3404 643 3556 698 quem
3580 633 3686 689 dili-

2146 704 2223 772 git
2273 706 2427 761 valde
2484 708 2805 777 conjuncta,
2855 712 2972 781 ejus
3016 715 3217 769 amoris
3261 732 3421 771 causa
3465 722 3686 789 populum

2146 809 2301 848 suum
2330 805 2384 850 et
2413 798 2623 851 domum
2658 801 2823 867 patris
2862 801 3218 859 obliviScitur.
3263 806 3504 863 Ostendit
3528 821 3685 868 autem

2145 898 2264 953 qua:
2302 884 2373 939 illi
2418 887 2544 942 inde
2579 888 2788 944 utilitas
2825 892 3121 962 continget,
3162 895 3207 948 si
3244 896 3600 966 obliviscatur,
3636 913 3687 957 ιιι

2144 973 2315 1042 magis
2341 990 2459 1028 eam
2494 976 2559 1029 ad
2586 976 2685 1033 hoc
2708 980 2968 1046 attrahat,
3000 981 3077 1036 sic
3100 1000 3112 1035 :
3133 983 3197 1037 Et
3220 976 3263 1038 si
3289 987 3520 1042 audieris
3546 992 3686 1045 etvi-

2143 1062 2287 1117 deris
2309 1073 2363 1118 et
2391 1065 2555 1119 oblita
2593 1066 2761 1123 fueris
2792 1088 2805 1122 :
2834 1086 2949 1135 rex,
2989 1072 3041 1125 id
3073 1083 3158 1128 est
3196 1074 3436 1143 Sponsus
3461 1086 3576 1135 tuus
3607 1081 3684 1137 Fi-

2141 1152 2242 1207 lius
2268 1169 2438 1220 meus,
2466 1157 2555 1225 qui
2583 1165 2632 1212 te
2656 1169 2824 1229 reget,
2853 1163 3177 1231 concupiscet
3202 1166 3440 1221 decorem
3461 1178 3617 1238 luunt,
3638 1171 3701 1237 id

2139 1251 2244 1308 est,
2271 1244 2549 1300 adamahit
2579 1256 2629 1301 le
2655 1259 2876 1318 propter
2904 1250 3151 1307 decorem
3184 1255 3445 1310 virtutum
3468 1267 3681 1326 tuarum,

2137 1334 2201 1386 ad
2216 1334 2618 1397 similitudinem
2634 1354 2862 1408 sponsae,
2878 1356 2996 1411 quae
3012 1358 3110 1417 pro
3122 1343 3316 1405 decore
3338 1361 3435 1407 suo
3457 1362 3486 1401 a
3508 1363 3684 1417 sponso

2137 1424 2441 1480 adamatur.
2486 1427 2555 1483 Et
2599 1444 2728 1484 vere
2765 1431 2955 1487 audire
2997 1434 3160 1489 debes
3189 1450 3337 1501 eum,
3374 1444 3428 1490 et
3457 1437 3679 1494 oblivisci

2133 1525 2355 1587 propter
2388 1533 2513 1572 eum
2552 1520 2805 1589 populum
2839 1530 3010 1588 tuum,
3047 1533 3102 1579 et
3138 1526 3355 1581 domum
3388 1528 3551 1597 patris
3591 1531 3679 1595 tui,

2132 1606 2379 1673 quoniam
2402 1606 2511 1675 ipse
2542 1618 2616 1661 est
2652 1608 2907 1664 Dominus
2935 1611 3076 1673 Deus
3109 1623 3248 1667 tuus.
3291 1614 3527 1686 Equum
3551 1619 3701 1673 enim.

2131 1704 2214 1751 est
2248 1705 2307 1752 ut
2349 1697 2581 1755 Domino
2622 1701 2851 1768 ancilla,
2889 1712 2944 1760 et
2988 1704 3099 1762 Deo
3137 1716 3393 1768 creatura
3432 1723 3527 1764 sua
3568 1710 3681 1765 obe-

464 1772 584 1837 tibi,
618 1774 670 1829 id
699 1785 803 1842 est,
837 1780 936 1835 sub
977 1783 1325 1840 matrimonio
1364 1787 1760 1847 conformitatis
1801 1802 1852 1849 ει
1904 1794 2025 1850 fidei
2058 1781 2107 1842 Β
2132 1785 2265 1843 dii“-

461 1864 749 1935 conjuucta
777 1887 789 1925 :
825 1885 985 1939 quam
1017 1879 1083 1928 de
1104 1876 1297 1931 ancilla
1327 1880 1589 1949 reginam,
1620 1883 1686 1938 de
1710 1899 1864 1939 serva
1895 1886 2029 1943 lihe-

463 1972 577 2010 ram
610 1968 785 2014 morte
820 1970 907 2016 tua
947 1962 1117 2021 facies
1150 1983 1163 2018 :
1203 1968 1389 2033 astitit,
1433 1969 1485 2025 id
1515 1980 1617 2038 est,
1651 1975 1850 2029 aslahit
1881 1977 1974 2031 tibi
2010 1994 2023 2030 :
2074 1965 2080 1969 ’

459 2058 648 2116 parata
684 2053 749 2106 ad
781 2054 1169 2124 obediendum;
1212 2075 1360 2116 more
1401 2062 1525 2118 boni
1572 2065 1734 2133 servi,
1763 2068 1854 2136 qui
1901 2080 2027 2127 ante

458 2137 745 2194 Dominum
771 2158 985 2214 semper
1006 2156 1167 2213 astat,
1195 2150 1259 2202 ad
1291 2159 1481 2206 nutum
1507 2154 1667 2209 etiam
1692 2155 1910 2211 obedire
1933 2174 2027 2228 pa-

456 2232 722 2287 ratus.'Et
744 2234 845 2289 hoc
868 2236 1040 2306 ipsum
1064 2242 1205 2308 quod
1239 2244 1446 2308 astabit,
1490 2248 1743 2315 procedet
1769 2267 1801 2302 a
1828 2251 2025 2308 dextris

455 2321 584 2384 tuis,
611 2322 661 2376 id
690 2335 794 2389 est,
828 2341 856 2379 a
890 2329 1273 2397 propitiatione
1305 2343 1412 2398 tua,
1439 2351 1545 2390 non
1579 2353 1608 2391 a
1638 2341 1845 2395 meritis
1872 2341 2019 2410 ejus:

451 2412 731 2469 dexteram
766 2432 861 2486 pro
886 2422 1270 2491 propitiatione
1300 2430 1471 2496 ponit,
1502 2430 1629 2498 quia
1663 2432 1727 2486 ad
1759 2431 1852 2486 Dei
1889 2435 2023 2488 dex-

402 2568 405 2573 (
453 2513 624 2557 teram
681 2507 933 2563 dicuntur
981 2517 1323 2582 concessuri,
1373 2518 1463 2588 qui
1524 2521 1703 2575 divina
1766 2525 2024 2594 propitia-

450 2596 598 2653 tione
640 2610 765 2655 sunt
829 2603 880 2656 in
927 2603 1108 2661 futuro
1156 2608 1420 2666 salvandi.
1474 2613 1604 2668 Dico
1645 2616 1844 2671 astahit
1896 2634 1910 2671 :
1969 2626 2023 2673 et

457 2676 561 2742 hoc
582 2689 636 2742 in
665 2694 875 2759 vestitu,
906 2704 960 2750 et
990 2696 1279 2775 nonjtndo,
1312 2704 1406 2758 sed
1436 2704 1712 2774 deaurato,
1743 2708 1795 2762 id
1828 2717 1930 2774 est,
1964 2717 2019 2765 in

454 2778 789 2845 perfectione
810 2784 1065 2840 virtutum
1082 2804 1186 2857 qua
1209 2791 1508 2859 ornabitur,
1536 2795 1676 2850 sicut
1698 2798 2020 2856 vestimento

451 2869 692 2936 pretioso
726 2886 921 2942 corpus
976 2886 1218 2932 ornatur.
1269 2879 1372 2935 Per
1410 2897 1602 2937 aurum
1658 2894 1836 2941 autem
1877 2888 2019 2957 quod

449 2956 725 3011 metallum
766 2962 1061 3029 pretiosum
1088 2975 1170 3020 est
1199 2975 1253 3022 et
1283 2968 1532 3037 solidum,
1562 2973 1823 3042 perfectio
1851 2956 2020 3031 virtu-

448 3053 561 3100 tum
589 3048 872 3119 aecipitur.
902 3053 970 3108 Et
994 3070 1101 3109 non
1137 3056 1191 3111 in
1219 3058 1451 3129 simplici
1482 3064 1701 3130 vestitu,
1735 3066 1786 3120 id
1821 3075 1927 3133 est,
1964 3069 2016 3123 in

2199 1878 2497 1937 Annuntiat
2522 1898 2734 1954 quoque
2768 1887 3176 1943 conversionem
3202 1889 3540 1960 gentilitatis,
3569 1906 3695 1949 cum.

2130 1969 2264 2025 dicit
2290 1988 2303 2024 :
2328 1970 2397 2025 Et
2425 1974 2720 2028 adorabunt
2747 1992 2865 2029 eum
2891 1987 2938 2029 et
2967 1977 3096 2044 ﬁlia:
3125 1977 3271 2048 Tyri,
3303 1989 3412 2035 etc.
3445 1980 3589 2047 Quod
3609 1983 3678 2039 sic

2129 2061 2479 2117 continuatur
2513 2082 2524 2118 :
2559 2065 2677 2119 Dixi
2707 2067 2848 2135 quod
2880 2067 3019 2122 Filio
3043 2084 3164 2124 meo
3186 2073 3389 2127 astabit
3414 2074 3605 2143 regina,
3632 2076 3678 2129 id

2128 2159 2212 2206 est
2254 2151 2493 2207 Ecclesia
2526 2154 2830 2223 primitiva,
2861 2166 2916 2211 et
2959 2172 3063 2213 non
3102 2159 3445 2218 solummodo
3480 2162 3588 2219 lucc
3611 2164 3689 2219 illi.

2128 2240 2352 2306 astabit,
2401 2242 2493 2297 sed
2533 2243 2826 2299 adorabunt
2871 2264 2988 2300 eum
3016 2259 3087 2316 et,
3134 2250 3188 2304 id
3222 2260 3309 2306 est
3346 2253 3533 2318 etiam,
3567 2254 3676 2322 ﬁlia:

2128 2329 2275 2400 Tyri,
2316 2332 2368 2386 id
2407 2342 2489 2388 est
2535 2335 2730 2389 anima:
2769 2338 3109 2407 gentilitatis,
3149 2340 3308 2396 facta:
3350 2344 3479 2412 ﬁlia:
3511 2359 3602 2415 per
3625 2346 3677 2400 li-

2125 2419 2269 2474 dem.
2304 2420 2403 2475 Per
2432 2421 2632 2493 Tyrum
2661 2439 2808 2491 vero,
2840 2428 2967 2497 quia
2989 2428 3141 2485 locus
3169 2440 3255 2486 est
3282 2434 3544 2499 gentium,
3566 2449 3675 2503 gen-

2129 2512 2299 2568 tilitas
2329 2513 2668 2583 intelligitur.
2697 2516 2753 2570 In
2781 2516 3004 2573 Hebraea
3038 2522 3397 2578 translatione
3425 2524 3672 2579 habetur:

2123 2606 2419 2660 adorabunt
2447 2622 2567 2660 eum
2606 2608 2880 2676 fortissimi
2905 2609 3051 2680 Tyri,
3077 2613 3129 2666 id
3160 2623 3266 2679 εει,
3292 2616 3674 2670 venerabuntur

2122 2712 2246 2752 eum
2296 2708 2563 2769 martyres
2608 2700 2674 2754 de
2703 2700 2971 2770 gentibus,
3004 2704 3095 2772 qui
3126 2703 3415 2760 fortissimi
3454 2715 3605 2761 erunt
3630 2708 3674 2760 ia

2122 2788 2371 2857 angustia
2398 2788 2829 2844 tribulationum.
2878 2790 3033 2863 147
3062 2793 3234 2863 Tyrus
3258 2797 3409 2851 enim
3454 2800 3675 2866 angustia

2124 2876 2554 2948 interpretatur:
2593 2889 2646 2934 et
2686 2895 2791 2935 non
2822 2883 3128 2939 adorabunt
3169 2900 3359 2942 vacua:
3396 2902 3427 2942 a
3458 2888 3672 2941 muneri-

2120 2964 2221 3022 bus
2246 2982 2260 3031 ;
2311 2968 2404 3022 sed
2433 2968 2487 3021 in
2519 2969 2840 3034 muneribus,
2869 2971 2921 3026 id
2951 2982 3057 3037 est,
3092 2974 3146 3028 in
3178 2974 3460 3032 offerendo
3487 2978 3672 3046 seipsas

2122 3072 2369 3113 munera.
2399 3058 2560 3113 Juxta
2590 3058 2718 3114 illud
2757 3077 2771 3114 :
2806 3059 3061 3132 Quisquis
3092 3067 3295 3134 cogitat
3325 3068 3473 3137 quod
3500 3077 3669 3122 voveat

444 3149 549 3189 una
588 3137 701 3193 sola
740 3141 956 3209 virtute,
1008 3146 1101 3200 sed
1132 3128 1478 3217 circumdata,
1517 3152 1569 3207 id
1608 3128 1713 3218 est,
1750 3157 2013 3213 adornata
2044 3128 2086 3188 θ
2120 3151 2372 3215 Domino,
2424 3152 2658 3221 seipsum
2704 3165 2974 3224 pneparct
3018 3166 3073 3212 et
3109 3168 3325 3214 voveat.
3388 3160 3502 3216 Hoc
3542 3162 3681 3221 enim.

444 3228 698 3285 uarietate
726 3232 983 3288 virtutum
1016 3253 1030 3291 :
1064 3252 1094 3292 a
1125 3238 1478 3299 similitudine
1511 3260 1743 3316 sponsae,
1772 3262 1891 3320 qua:
1910 3266 2011 3307 va-

444 3318 543 3373 riis
566 3324 794 3391 gemmis
823 3327 1138 3383 adornatur.

509 3410 815 3468 Notandum
853 3426 1031 3471 autem
1071 3421 1211 3488 quod
1245 3422 1367 3478 ideo
1406 3439 1526 3479 eam
1573 3441 1670 3496 per
1706 3428 2015 3486 similitudi-

442 3513 565 3553 nem
608 3502 895 3557 visibilium
936 3518 1377 3564 ornamentorum
1418 3512 1626 3578 laudat,
1658 3524 1717 3568 ιιι
1746 3520 1917 3588 magis
1947 3522 2012 3575 ad

439 3588 697 3643 virtutum
735 3593 1121 3660 perfectionem
1163 3602 1423 3655 attrahat.
1467 3602 1633 3673 Magis
1672 3606 1813 3660 enim
1850 3624 2009 3677 quam

440 3677 751 3746 invisibilia,
779 3684 1007 3739 visibilia
1026 3688 1200 3745 solent
1217 3693 1457 3763 exempla
1470 3710 1791 3765 provocare.
1817 3700 2010 3770 Sequi-

438 3780 527 3823 tur
549 3782 725 3828 autem
757 3778 969 3835 laudem
1000 3780 1330 3849 exhortatio,
1354 3800 1473 3839 cum
1503 3786 1632 3841 dicit
1662 3791 2005 3861 :Audi,/ilia,

440 3872 549 3917 etc.
582 3864 773 3921 Filiam
801 3883 867 3923 ex
896 3870 1178 3927 affectione
1206 3874 1370 3927 nimia
1404 3884 1579 3939 vocat,
1618 3879 1741 3947 quia
1765 3894 1881 3934 eam
1912 3898 2007 3951 per

435 3955 594 4009 fidem
629 3960 988 4029 regenerabit.
1019 3963 1087 4017 Et
1125 3964 1261 4020 bene
1286 3966 1446 4020 tiliam
1478 3966 1756 4036 feminine,
1787 3974 1910 4041 quia
1942 3976 2007 4030 de

433 4046 498 4103 ea
533 4058 590 4102 ut
616 4050 681 4105 de
713 4053 899 4121 regina
940 4063 996 4108 ut
1018 4055 1083 4110 de
1115 4072 1309 4126 sponsa
1344 4076 1504 4129 agere
1536 4064 1831 4132 inceperat,
1862 4067 2004 4135 quod

433 4137 513 4191 sic
549 4140 832 4195 continuat
867 4161 879 4196 :
925 4144 1056 4199 Dico
1093 4148 1233 4214 quod
1275 4151 1472 4204 astahit
1508 4154 1691 4225 regina
1726 4156 1778 4208 in
1807 4158 2003 4211 vestitu

433 4226 712 4285 deaurato.
761 4230 838 4287 Ne
884 4250 1013 4290 vero
1054 4239 1305 4292 vestitum
1347 4241 1490 4297 hunc
1526 4246 1766 4311 amittas,
1800 4265 1829 4301 ο
1864 4249 2000 4316 ﬁlia,

430 4317 548 4372 Filii
581 4322 683 4377 mei
712 4338 933 4393 sponsa,
970 4328 1096 4381 audi
1126 4343 1312 4384 vocem
1345 4332 1538 4402 Sponsi
1576 4353 1588 4388 :
1620 4345 1676 4390 et
1696 4353 1800 4393 non
1828 4338 2001 4395 solum

431 4408 614 4463 auditu
657 4414 943 4481 exteriori;
988 4420 1083 4473 sed
1127 4434 1174 4472 et
1208 4422 1342 4487 vide,
1386 4424 1437 4479 id
1477 4435 1581 4491 est,
1615 4427 1853 4499 intellige
1880 4445 2001 4500 quae

428 4499 634 4567 audies,
663 4513 721 4557 ut
744 4506 1008 4573 perﬁcias.
1033 4509 1128 4566 Vel
1161 4511 1239 4567 sic
1265 4512 1457 4580 :Audi,
1486 4516 1627 4583 vide,
1655 4526 1711 4573 ct
1734 4520 1813 4575 sic
1840 4499 1999 4579 intel-

429 4589 557 4659 .ige.
587 4589 699 4646 Nisi
733 4595 879 4649 enim
919 4598 1192 4666 crederes,
1224 4616 1329 4657 non
1358 4602 1689 4674 intelligeres
1727 4625 1742 4663 :
1776 4609 1844 4665 Et
1871 4625 1999 4668 ecce

428 4695 529 4736 vox
546 4679 741 4751 Sponsi
765 4701 926 4755 quam
949 4688 1136 4746 audies
1168 4710 1181 4747 :
1213 4691 1531 4753 Obliviscere
1552 4697 1799 4767 populum
1824 4711 1993 4769 tuum,

428 4773 479 4828 Id
524 4783 628 4842 est,
676 4777 923 4835 carnales
975 4782 1348 4842 observentias
1393 4788 1577 4859 populi
1628 4791 1706 4847 tui
1756 4791 1992 4864 Judaici,

429 4876 543 4932 qua:
573 4866 779 4922 umbrae
804 4879 960 4924 erant
1005 4870 1138 4926 Novi
1182 4873 1535 4934 Testamenti.
1564 4877 1636 4934 Et
1665 4882 1824 4938 etiam
1863 4884 1993 4939 obli-

428 4952 614 5007 viscere
659 4954 873 5011 domum
917 4961 1085 5028 patris
1128 4963 1227 5029 lui,
1272 4964 1324 5018 id
1368 4976 1471 5033 est,
1523 4973 1989 5031 conversationem

427 5047 639 5110 diaboli,
666 5051 757 5118 qui
789 5052 1067 5123 hucusque
1090 5063 1243 5125 pater
1273 5066 1394 5115 tuus
1416 5062 1642 5118 exstitit.
1669 5063 1832 5119 Juxta
1860 5067 1989 5123 illud

428 5138 695 5210 Evangelii
726 5158 740 5196 :
774 5163 792 5196 ι
826 5142 934 5201 Vos
955 5161 1022 5201 ex
1061 5157 1215 5217 patre
1248 5150 1459 5209 diabolo
1499 5156 1631 5211 estis
1660 5156 1842 5225 (Joan.
1866 5174 1986 5227 vm,

425 5231 534 5302 6-1).
576 5253 594 5285 ι
639 5234 861 5291 Domum
888 5253 987 5307 pro
1017 5244 1429 5300 conversatione
1464 5248 1637 5316 ponit,
1662 5263 1727 5304 eo
1757 5251 1902 5319 quod
1932 5252 1988 5305 iu
2043 5297 2057 5309 .

425 5321 580 5392 domo
604 5329 944 5383 conversatio
970 5329 1243 5384 hominum
1267 5340 1370 5386 est.
1400 5333 1497 5389 Vel
1522 5337 1599 5390 sic
1625 5354 1638 5389 :
1666 5337 1827 5405 Audi,
1848 5339 1987 5408 filia,

423 5416 738 5485 prophetata
774 5434 805 5472 a
841 5420 1118 5490 prophetis
1149 5421 1215 5475 de
1243 5420 1455 5492 Sponso
1482 5434 1594 5482 tuo.
1625 5426 1691 5482 Et
1719 5430 1987 5485 audiendo

424 5506 565 5576 vide,
608 5508 658 5563 id
690 5519 772 5564 est
796 5511 1051 5583 intellige.
1083 5513 1151 5567 Et
1176 5512 1519 5583 intelligendo
1548 5518 1847 5574 obliviscere
1887 5538 1981 5589 ροι-

421 5601 601 5667 pulum
624 5613 791 5668 tuum,
822 5605 871 5659 id
893 5615 995 5671 est,
1024 5607 1152 5661 vitia
1179 5608 1231 5662 in
1259 5617 1311 5664 te
1335 5611 1621 5665 existentia
1646 5627 1764 5681 qua:
1793 5612 1980 5666 dicun-

424 5708 515 5746 tur
540 5697 785 5764 populus.
819 5710 1100 5771 propterea
1126 5702 1248 5771 quia
1288 5703 1452 5759 multa
1478 5713 1624 5770 sunt,
1659 5720 1691 5760 a
1734 5703 1982 5759 similitu-

2118 3244 2372 3314 exigitur,
2415 3244 2519 3300 hoc
2562 3245 2807 3301 debetur.
2843 3246 2961 3302 Non
3005 3250 3179 3304 solum
3209 3260 3395 3305 autem
3426 3265 3674 3323 pauperes

2116 3335 2183 3391 de
2208 3335 2352 3406 Tyro
2380 3338 2683 3396 adorabunt
2708 3349 2759 3397 te
2787 3360 2799 3396 :
2833 3341 2928 3397 sed
2967 3351 3015 3396 et
3041 3360 3238 3409 omnes,
3269 3345 3323 3401 id
3355 3356 3463 3412 est,
3488 3347 3667 3402 omnis~

2115 3429 2259 3482 modi
2293 3428 2475 3483 divites
2511 3430 2694 3500 plebis,
2712 3432 2774 3488 id
2812 3442 2916 3499 est,
2941 3434 3135 3491 divites
3166 3436 3218 3491 in
3248 3435 3499 3506 plebeiis,
3522 3437 3574 3491 id
3598 3444 3671 3490 est

2114 3520 2169 3575 in
2199 3522 2427 3575 terrenis
2451 3522 2870 3592 deprecabuntur
2896 3526 3097 3580 vultum
3129 3538 3299 3596 tuum,
3332 3543 3370 3583 ο
3399 3528 3599 3596 regina,
3621 3524 3666 3579 id

2112 3621 2217 3678 est,
2253 3614 2688 3684 deprecabuntur
2714 3615 2880 3671 Deum
2913 3627 2971 3672 ut
2999 3619 3089 3673 det
3112 3619 3193 3674 eis
3220 3618 3434 3673 vultum
3454 3618 3669 3674 similem

2110 3703 2278 3758 vultui
2315 3713 2425 3768 tuo,
2465 3704 2674 3759 scilicet
2704 3706 3160 3775 pulchritudinem
3197 3707 3487 3772 virtutum,
3526 3714 3583 3760 ut
3619 3711 3665 3758 et

2111 3792 2213 3862 ipsi
2242 3796 2470 3848 adorare
2501 3796 2731 3863 possint.
2761 3794 3026 3861 Quoniam
3068 3797 3211 3853 enim
3250 3795 3591 3867 pulchritudo
3617 3793 3662 3846 in

2107 3884 2255 3937 vultu
2284 3886 2736 3955 potiusapparere
2761 3887 2918 3954 solet,
2945 3888 3125 3943 vultus
3146 3902 3244 3956 pro
3273 3885 3663 3958 pulchritudine

2106 3977 2347 4046 ponitur.
2381 3976 2477 4032 Vel
2505 3977 2707 4031 vultum
2751 3978 2882 4032 dicit
2907 3980 3080 4033 visum
3114 3978 3433 4034 interiorem
3455 4017 3470 4042 ,
3510 3976 3560 4031 id
3590 3983 3663 4029 est

2107 4070 2462 4133 intellectum,
2480 4086 2577 4139 per
2588 4085 2747 4138 quem
2761 4070 2978 4141 intelligi
2989 4080 3073 4124 tur
3084 4070 3357 4140 quomodo
3374 4069 3660 4125 sitadoran-

2106 4164 2206 4218 dus
2239 4162 2402 4216 Deus.
2432 4163 2497 4216 Et
2525 4163 2662 4217 bene
2691 4163 2870 4218 vultus
2901 4179 3000 4232 pro
3028 4163 3143 4218 visu
3186 4163 3431 4232 ponitur,
3472 4174 3587 4215 cum
3611 4157 3659 4211 in

2104 4251 2253 4306 vultu
2285 4251 2357 4305 sit
2381 4252 2530 4306 visus
2554 4266 2867 4321 corporeus.
3589 4336 3601 4346 .

2176 4340 2444 4407 Quoniam
2494 4351 2677 4396 autem
2728 4340 3039 4396 laudaverat
3083 4341 3327 4411 reginam
3372 4341 3440 4395 de
3478 4340 3657 4391 vestitu

2105 4446 2292 4496 aureo,
2318 4446 2385 4486 ne
2409 4439 2694 4501 putaretur
2714 4431 2881 4500 gloria
2909 4431 3120 4486 decoris
3140 4429 3258 4498 ejus
3281 4429 3523 4484 exterius
3548 4439 3659 4479 esse

2102 4522 2156 4577 in
2184 4536 2430 4592 corpore,
2461 4522 2784 4576 determinat
2809 4522 2913 4576 hoc
2950 4522 3031 4577 sic
3075 4539 3089 4575 :
3142 4521 3259 4574 Dixi
3304 4520 3451 4589 quod
3494 4515 3671 4586 regina-

2099 4614 2300 4669 astahit
2328 4614 2382 4667 in
2411 4613 2593 4667 vestitu
2624 4612 2879 4666 deaurato
2906 4628 2925 4665 :
2949 4618 3005 4666 et
3025 4609 3293 4681 gloriosus
3318 4608 3544 4663 vestitus
3565 4605 3659 4658 iste

2096 4718 2205 4759 non
2249 4702 2627 4772 intelligendus
2671 4710 2755 4757 est
2784 4701 3025 4756 exterius
3055 4714 3177 4755 esse
3212 4700 3265 4752 in
3296 4712 3541 4793 corpore,

2095 4794 2263 4849 omnis
2304 4792 2473 4863 gloria
2525 4793 2640 4863 ejus
2686 4792 2815 4863 ﬁlia:
2857 4792 3016 4862 regis,
3047 4790 3100 4845 id
3128 4799 3213 4845 est
3240 4789 3365 4844 tilia:
3390 4786 3509 4842 Filii
3536 4786 3653 4846 mei,

2094 4897 2257 4954 quam
2300 4881 2551 4952 superius
2608 4882 2849 4953 reginam
2883 4882 3014 4948 dixi,
3054 4879 3160 4935 erit
3186 4879 3251 4933 ab
3278 4878 3445 4975 intus,
3475 4873 3523 4928 id
3552 4880 3649 4975 est,

2094 4977 2163 5031 ab
2196 4976 2412 5044 anima,
2453 4990 2747 5030 coruscans
2785 4975 2841 5028 in
2878 4974 3100 5042 ﬁmbriis
3142 4972 3341 5037 aureis,
3391 4969 3445 5023 id
3484 4976 3566 5022 est
3598 4969 3649 5019 in

2096 5069 2431 5140 perfectione
2454 5068 2762 5133 charitatis,
2790 5081 2909 5136 quae
2933 5080 3028 5135 per
3056 5078 3218 5134 opera
3246 5062 3387 5115 bona
3419 5064 3643 5130 apparet.

2092 5159 2195 5215 Per
2232 5159 2472 5215 fimbrias
2521 5160 2736 5228 quidem
2778 5155 3037 5227 perfectio
3083 5155 3392 5218 denotatur,
3423 5167 3488 5206 eo
3516 5146 3643 5219 quod

2092 5249 2148 5305 in
2196 5249 2303 5306 fine
2346 5250 2573 5304 vestium
2620 5256 3008 5320 supponantur.
3058 5246 3163 5301 Per
3207 5260 3396 5298 aurum
3442 5242 3661 5315 quidem.

2095 5342 2356 5407 Charitas,
2381 5356 2499 5410 quae
2529 5340 2673 5395 omni
2707 5340 2809 5393 alia
2838 5340 3039 5395 virtute
3073 5340 3362 5411 pretiosior
3385 5346 3489 5400 est,
3515 5334 3645 5388 sicut

2090 5449 2279 5488 aurum
2308 5432 2521 5488 caeteris
2551 5432 2781 5487 metallis
2806 5434 3096 5503 pretiosius
3120 5442 3224 5488 est.
3254 5432 3319 5487 Et
3346 5444 3450 5484 non
3480 5425 3641 5482 solum

2090 5524 2313 5597 gloriam
2339 5523 2560 5579 habebit
2580 5525 2632 5578 in
2652 5524 2872 5593 ﬁmbriis
2894 5526 3092 5590 aureis,
3124 5526 3217 5580 sed
3238 5524 3396 5579 etiam
3419 5516 3639 5574 eritcir-

2090 5616 2426 5681 cumamicta,
2461 5614 2513 5667 id
2545 5623 2649 5678 est,
2682 5624 2873 5670 ornata
2916 5614 3251 5667 varietatibus
3280 5611 3547 5663 virtutum.
3577 5601 3639 5655 Et

2089 5706 2191 5762 hoc
2224 5705 2387 5760 etiam
2419 5706 2665 5776 superius
2693 5704 2925 5776 positum
2952 5703 3069 5761 fuit.
3106 5719 3227 5759 cum
3257 5701 3383 5758 dixit
3423 5697 3635 5751 circum-
