3838 6328
179 360 250 418 333
980 348 1341 405 EXPOSITIO
1380 348 1444 401 IN
1486 347 1798 403 PSALSIOb
1881 379 1927 387 —
1967 349 2157 403 PSAL.
2194 349 2350 403 XLIV

3218 357 3323 414 854

176 479 263 530 data
287 471 524 531 varietate;
556 467 647 521 sed
673 467 795 536 quia
827 480 987 520 causa
1017 462 1483 517 determinationis
1506 462 1657 516 dixe-
1688 466 1733 519 A
1760 462 1871 517 sive
1915 465 2175 533 gentium,
2215 466 2267 518 in
2303 479 2408 533 qua
2450 480 2645 520 nomen
2693 467 2783 520 Dei
2827 481 2933 520 non
2981 466 3323 535 praedicetur.

178 575 235 619 rat
252 562 383 617 omnis
407 560 581 628 gloria,
604 568 739 622 etc.,
768 572 835 610 ne
860 558 912 609 in
943 556 1074 609 solis
1100 554 1320 622 ﬁmbriis
1347 552 1662 607 crederetur

175 655 363 726 gloriosa,
393 652 486 704 hoc
510 647 724 718 repetit.
757 646 851 701 Vel
875 654 1052 714 potest
1082 645 1183 699 hoc
1217 643 1489 695 diversum
1515 653 1658 704 esse,

175 748 229 800 sic
260 762 270 797 :
305 741 402 795 Dixi
437 740 571 809 quod
610 738 779 809 gloria
821 738 948 805 filia:
1002 736 1135 804 regis
1172 734 1277 787 erit
1304 733 1369 785 ab
1412 734 1575 796 intus,
1607 740 1662 787 et

171 833 291 885 etiam
327 830 421 898 ipsa
470 827 573 880 ﬁlia
618 827 722 881 erit
757 826 1172 888 circumamicta,
1216 823 1268 877 id
1307 830 1391 876 est
1433 822 1663 875 circum-

173 924 278 986 data,
329 918 663 980 varietatibus,
724 917 776 971 id
847 923 932 970 est
974 914 1140 969 variis
1180 912 1431 983 gentibus
1475 929 1490 966 :
1542 926 1663 980 quae

171 1010 252 1079 ejus
268 1006 477 1075 exemplo
497 1004 736 1067 credent,
760 1011 816 1058 et
842 1016 962 1057 eam
984 1001 1324 1055 adornabunt
1350 999 1418 1054 ad
1446 998 1663 1053 modum

170 1097 365 1161 vestium,
399 1108 510 1164 quae
550 1090 935 1149 circumdando
963 1103 1176 1160 corpus,
1220 1089 1487 1145 adornant
1513 1086 1662 1142 illud.

171 1188 383 1255 ﬂecteret
399 1185 586 1254 aliquis
610 1201 623 1236 :
650 1181 929 1250 Quomodo
954 1181 1061 1237 erit
1083 1179 1476 1235 circumamicta
1498 1178 1666 1233 varie-

171 1283 312 1335 tatibus
336 1278 599 1353 gentium?
627 1278 709 1333 Ah
740 1274 846 1332 hoc
876 1275 1166 1347 respondet
1191 1274 1271 1329 sic
1300 1290 1314 1327 :
1342 1272 1418 1327 Ita
1441 1272 1666 1326 circum-

171 1374 313 1427 amicta
334 1372 427 1426 erit
457 1383 474 1422 :
504 1370 848 1423 Adducentur
870 1368 1076 1424 scilicet
1114 1382 1210 1437 per
1232 1364 1534 1421 doctrinam
1559 1363 1664 1417 Pa-

171 1474 291 1527 lmm,
323 1464 366 1516 id
390 1471 466 1517 est
498 1458 882 1530 apostolorum,
921 1459 1050 1528 regi,
1087 1459 1139 1512 id
1170 1466 1253 1512 est
1283 1456 1501 1512 Christo
1526 1453 1664 1509 Filio

171 1567 275 1616 meo,
297 1562 394 1621 post
423 1567 535 1605 eam
578 1550 840 1619 reginam,
873 1548 991 1602 alia:
1031 1548 1254 1618 virgines
1297 1548 1362 1600 de
1395 1545 1663 1616 gentibus,

170 1643 301 1703 idest,
328 1640 497 1694 ﬁdeles
530 1639 723 1692 anima:
756 1652 875 1707 quae
904 1644 1063 1691 erunt
1092 1635 1417 1702 incorruptae
1454 1633 1507 1686 in
1540 1632 1661 1696 ﬁde,

170 1732 215 1785 ad
237 1730 417 1784 modum
445 1729 708 1797 virginum
734 1740 853 1795 quae
882 1726 1207 1793 incorruptae
1242 1732 1366 1776 sunt
1388 1722 1439 1775 in
1469 1735 1663 1789 corpo-

1765 551 2049 623 I’ropterea
2085 542 2212 607 vero
2245 554 2370 622 quia
2408 554 2501 608 ﬁlii
2529 565 2689 609 erunt
2720 568 2985 609 memores
3027 558 3327 625 praedican-

1763 647 1854 707 do,
1885 646 2064 715 populi
2094 647 2399 723 Iudaeorum
2437 656 2492 699 et
2530 647 2768 716 gentium
2806 646 3186 712 conﬁtebuntur
3213 650 3327 715 tibi,

1763 738 1817 801 id
1843 748 1947 801 est,
1980 737 2271 792 laudabunt
2315 746 2366 792 te
2400 738 2693 804 credendo,
2730 737 2783 790 in
2825 747 3095 802 wternum,
3142 737 3194 792 id
3223 749 3328 803 est,

1762 830 1998 899 quandiu
2026 829 2262 883 mundus
2289 828 2390 884 iste
2419 810 2657 893 durabit,
2685 844 2850 899 usque
2878 828 2930 882 in
2956 826 3207 881 steculum
3233 845 3332 882 sa:-

1763 920 1868 974 culi
1896 920 2054 990 hujus
2077 919 2507 974 subsecutivum.
2551 918 2738 974 Potest
2766 919 2930 973 etiam
2958 918 3195 986 psalmus
3232 920 3334 975 istc

1763 1009 1866 1082 legi
1891 1008 1945 1065 in
1969 1025 2201 1080 persona
2228 1010 2526 1081 Prophetas,
2554 1018 2613 1064 ut
2637 1009 2846 1080 planior
2874 1009 2946 1065 sit
2969 1009 3150 1074 lectio,
3177 1010 3224 1065 si
3245 1024 3335 1066 so-

1765 1099 2039 1156 lummodo
2063 1100 2291 1155 duorum
2315 1114 2567 1155 versuum
2596 1095 2893 1170 primorum
2922 1100 3194 1169 expositio
3216 1116 3336 1154 mu-

1744 1197 1934 1247 ‘tetur.
1980 1188 2038 1245 Si
2084 1198 2268 1245 autem
2322 1189 2376 1244 in
2418 1189 2698 1261 Propheta:
2739 1203 2969 1260 persona
3010 1190 3333 1260 accipiatur,

1768 1294 1875 1347 non
1900 1279 2012 1351 agit
2038 1280 2105 1335 de
2131 1277 2388 1335 ineﬁ‘abili
2420 1280 2667 1349 genitura
2695 1279 3338 1348 verbi,quemadmodum

1766 1370 1819 1425 in
1846 1386 2074 1440 persona
2096 1370 2275 1426 Patris
2301 1370 2510 1442 agitur;
2544 1372 2638 1426 sed
2672 1372 2724 1426 in
2755 1371 2945 1441 primis
2983 1370 3193 1426 duobus
3217 1387 3339 1427 vcr-

1767 1460 1918 1516 sibus
1958 1460 2114 1529 quasi
2146 1461 2469 1529 prooemium
2507 1460 2658 1525 facit,
2692 1469 2753 1514 ut
2779 1460 3056 1514 auditores
3083 1461 3338 1515 attentio~

1766 1563 1856 1604 res
1896 1548 2087 1603 reddat
2115 1563 2130 1602 :
2156 1564 2465 1619 preponens
2494 1550 2635 1606 unde
2662 1551 2713 1604 in
2750 1551 2849 1605 hoc
2889 1564 3053 1619 opere
3081 1559 3242 1621 agat;
3272 1552 3339 1607 de

1770 1653 1897 1707 rege
1921 1639 2154 1703 scilicet,
2182 1638 2234 1694 id
2256 1648 2339 1693 est
2363 1640 2580 1695 Christo
2602 1642 3032 1697 antonomastice
3062 1656 3209 1713 rege.
3238 1643 3337 1697 Cui

1769 1738 1954 1804 postea
1989 1745 2094 1784 non
2128 1730 2465 1785 adhortalive
2491 1746 2666 1800 neque
2693 1732 3011 1800 imperative
3032 1773 3046 1796 ,
3076 1734 3170 1786 sed
3212 1749 3339 1788 con-

166 1838 207 1875 re
236 1839 246 1872 :
274 1830 318 1875 et
349 1819 466 1888 ipsae
495 1818 717 1887 virgines
753 1831 858 1870 non
894 1826 1055 1871 erunt
1096 1814 1283 1867 aliena:
1315 1828 1343 1865 a
1374 1811 1665 1866 conformis
1700 1824 1742 1883 Β
1770 1817 1976 1871 cessive
2009 1827 2063 1871 et
2098 1818 2440 1887 deprecative
2479 1819 2608 1873 dicit
2641 1829 2697 1873 ut
2725 1820 2901 1889 gladio
2941 1821 3341 1890 praedicationis

164 1922 260 1977 tate,
290 1912 375 1965 etsi
416 1910 519 1964 sint
562 1909 748 1962 alienae
782 1908 835 1961 in
866 1921 1080 1976 genere.
1116 1906 1221 1961 Sed
1259 1905 1387 1973 ἱρείη
1414 1903 1667 1973 proxima:
1704 1964 1707 1965 ν

165 1999 246 2069 ejus
280 2001 557 2056 existentes
599 2000 651 2052 in
694 1997 1100 2062 conformitatc,
1151 1996 1435 2064 a/ferentur
1472 1992 1587 2058 tibi,
1616 1993 1667 2046 id

163 2102 238 2157 est,
256 2095 311 2147 ad
341 2092 529 2148 cultum
562 2090 785 2146 honoris
809 2089 907 2156 tui,
927 2104 960 2144 o
987 2089 1104 2155 Fili,
1130 2103 1224 2159 per
1248 2085 1547 2141 doctrinam
1568 2082 1668 2138 Pa-

1770 1910 2100 1979 accingatur.
2154 1908 2270 1965 Non
2340 1910 2483 1965 enim
2542 1921 2789 1966 creatura
2845 1913 3123 1967 adhortari
3179 1914 3341 1969 debet

1769 1999 2101 2068 Creatorem,
2131 2001 2353 2071 ignarus
2379 2002 2663 2070 scientem,
2691 2017 2865 2072 neque
2892 2004 3120 2059 Domino
3147 2009 3341 2059 servos

1770 2091 2058 2160 imperare.

162 2190 283 2236 trum.
317 2181 449 2238 Bene
477 2197 610 2237 vero
636 2181 768 2236 dicit
799 2182 1109 2250 aﬂ‘erentur,
1138 2187 1196 2233 ut
1230 2194 1323 2234 eas
1354 2176 1669 2233 humiliores
1725 2188 1752 2225 ὲ
1838 2186 2048 2242 Laudat
2082 2202 2212 2242 vero
2256 2198 2378 2256 post
2424 2188 2599 2257 ipsum
2642 2203 2846 2258 regem,
2885 2187 3145 2243 Ecclesia;
3181 2202 3343 2257 span.

165 2272 298 2351 faciat,
324 2275 585 2329 inuuendo
606 2289 698 2329 eas
726 2287 832 2328 non
854 2272 1296 2344 posseacccdere
1314 2284 1411 2339 per
1439 2284 1519 2335 sc,
1545 2284 1666 2324 cum

155 2364 316 2422 debiles
334 2368 431 2423 sint
457 2367 511 2421 in
536 2366 848 2432 intellectu;
880 2366 974 2421 sed
997 2379 1093 2434 per
1121 2362 1340 2417 Patrum
1368 2362 1667 2417 doctrinam

154 2456 419 2526 uterentur,
444 2470 599 2513 more
624 2455 845 2522 inﬁrmi,
875 2454 967 2526 qui
992 2455 1059 2510 ab
1082 2454 1189 2509 alio
1212 2451 1401 2517 fertur,
1427 2468 1549 2507 cum
1573 2467 1669 2521 per

158 2562 201 2603 se
234 2563 322 2604 non
365 2550 533 2621 possit
583 2550 682 2604 ire.
730 2547 798 2603 Et
839 2548 922 2603 hic
960 2546 1183 2618 virgines
1227 2560 1334 2599 non
1382 2544 1670 2613 a/fercntur

159 2636 297 2691 invita:
332 2637 396 2691 ad
431 2646 513 2703 te;
558 2636 652 2693 sed
700 2636 990 2705 a/ferentur
1036 2636 1092 2689 in
1133 2634 1351 2699 (milia;
1391 2642 1583 2687 etnon
1614 2632 1667 2687 in

156 2739 283 2793 parva
306 2725 497 2794 laetitia,
538 2726 635 2782 sed
666 2735 741 2792 et,
772 2725 826 2780 id
847 2733 930 2781 est
954 2724 1182 2789 scilicet,
1215 2723 1267 2777 in
1299 2721 1666 2789 exsultatione,

154 2814 194 2867 id
224 2825 293 2872 est
323 2817 373 2872 in
398 2818 633 2873 maxima
663 2816 869 2871 laztitiu.
904 2815 972 2870 Et
1004 2814 1299 2873 notandum
1337 2822 1420 2867 est
1446 2813 1587 2881 quod
1615 2813 1669 2867 in

158 2904 232 2960 hac
253 2908 345 2962 vita
374 2909 449 2963 sic
485 2909 795 2977 a/ferentur.
822 2906 880 2961 In
911 2907 1094 2962 futuro
1127 2916 1305 2961 autem
1342 2906 1671 2958 adducentur

156 3008 177 3046 a
199 2996 302 3050 tein
328 2998 574 3067 templum
607 2998 680 3052 tui
712 2999 869 3068 regis,
897 2998 949 3052 in
975 2996 1311 3052 Hierusalem
1340 2994 1670 3049 scilicetcm-

154 3080 319 3152 Iestem,
344 3104 458 3159 qua:
491 3096 582 3145 est
618 3089 874 3159 templum
915 3098 969 3144 et
1009 3088 1270 3142 habitatio
1309 3096 1420 3140 tua.
1461 3085 1666 3141 Notan-

1769 2291 1916 2341 sum,
1956 2277 2023 2332 ad
2064 2276 2474 2332 instructionem
2521 2284 2761 2332 nostram
2799 2290 2854 2333 et
2880 2276 3340 2341 conformitatem,

1771 2374 1831 2422 ut
1870 2369 2033 2423 etiam
2085 2381 2185 2421 nos
2215 2366 2282 2422 ad
2314 2367 2485 2436 ipsius
2514 2368 2726 2422 laudem
2760 2367 2970 2433 invitet,
3013 2367 3342 2438 dignumque

1774 2456 1929 2511 laude
1962 2471 2086 2510 eum
2113 2456 2381 2511 ostendat.
2418 2455 2628 2512 Laudat
2663 2470 2878 2526 quoque
2916 2472 3168 2527 sponsam
3218 2456 3340 2525 ejus

1770 2546 2064 2602 Ecclesium
2090 2546 2446 2617 primitivam,
2481 2546 2547 2601 de
2578 2547 2774 2602 ancilla
2803 2548 3042 2619 reginam
3066 2548 3339 2643 eﬂ'ectan},

1772 2648 1831 2693 ut
1885 2638 2042 2693 laude
2106 2652 2204 2694 sua
2265 2648 2605 2693 commoveat
2669 2654 2790 2694 eam
2862 2640 2931 2694 ad
2980 2638 3341 2696 obedientium

1773 2729 2001 2800 Sponso,
2023 2743 2119 2800 per
2147 2744 2306 2800 quem
2333 2744 2529 2799 sponsa
2563 2730 2808 2802 speciosa
2846 2741 2950 2786 est.
2976 2732 3147 2798 Quam
3176 2733 3340 2788 etiam

1772 2821 2092 2895 adhortatur
2128 2820 2193 2874 ad
2229 2820 2559 2875 audiendum
2601 2837 2789 2877 vocem
2816 2820 3009 2890 Sponsi
3041 2831 3095 2877 et
3127 2824 3174 2877 ei
3214 2823 3343 2878 obc-

1772 2912 2025 2967 diendum
2051 2929 2065 2975 ;
2123 2911 2286 2966 ﬁliam
2314 2925 2433 2966 eam
2460 2925 2525 2966 ex
2559 2911 2844 2966 aﬁ‘ectione
2875 2911 3039 2966 nimia
3081 2912 3341 2979 dicendo;

1773 3000 1856 3054 vel
1888 3001 1967 3055 sui
2014 2999 2300 3068 Propheta
2345 3001 2643 3056 secundum
2686 3000 3007 3065 doctrinam,
3052 3002 3136 3056 vel
3174 3003 3342 3073 ipsius

1773 3090 1977 3147 Christi
2007 3091 2303 3146 secundum
2330 3078 2816 3162 regenerationem.
2846 3091 3106 3146 Ennntiat
3127 3107 3342 3162 quoque

154 3174 247 3229 dum
274 3190 439 3234 autem
473 3180 888 3251 tequipollenter
921 3193 1042 3233 esse
1083 3179 1243 3243 idem,
1275 3180 1666 3233 circumamicta
1696 3176 1737 3233 C
1773 3182 2087 3250 prophetico
2126 3181 2365 3251 gentium
2390 3181 2455 3235 ad
2480 3180 2640 3237 ﬁdem
2661 3181 3063 3242 adductionem,
3091 3196 3188 3251 per
3215 3197 3346 3253 apo-

154 3268 450 3338 rarietatibus,
499 3281 561 3327 et
597 3273 926 3325 adducentur
962 3271 1069 3341 regi
1108 3272 1326 3341 virgines
1359 3281 1471 3339 post
1516 3286 1667 3336 eam;

154 3355 222 3409 sed
247 3356 350 3413 ideo
376 3360 594 3431 repetit,
620 3368 697 3427 ut,
729 3361 985 3430 quoniam
1020 3360 1191 3429 magis
1228 3375 1321 3413 eas
1350 3360 1416 3414 ad
1445 3359 1549 3414 hoc
1588 3369 1671 3414 at—

153 3445 296 3511 trahit,
312 3450 566 3506 ostendat
586 3450 728 3520 quod
745 3451 814 3505 ob
835 3450 939 3504 hoc
963 3448 1298 3504 adducentur
1328 3451 1380 3504 in
1411 3450 1670 3520 templum

150 3536 256 3606 regis
280 3537 327 3593 in
353 3540 618 3595 futurum.

201 3628 386 3686 Diceret
412 3632 614 3704 aliquis
654 3652 667 3687 :
704 3632 851 3688 Dicis
878 3633 1019 3703 quod
1059 3634 1348 3704 aﬂ'erentar
1373 3634 1477 3704 regi
1508 3634 1670 3704 virgi-

149 3733 213 3772 nes
234 3735 315 3790 per
334 3724 635 3779 doctrinam
670 3723 913 3778 Patrum.
949 3723 1101 3791 Quod
1134 3739 1318 3778 verum
1349 3739 1467 3778 esse
1501 3724 1671 3778 conﬁ-

149 3819 253 3876 teor,
292 3817 380 3871 sed
425 3816 659 3872 mortuis
702 3815 975 3881 Patribus,
1024 3817 1119 3885 qui
1170 3831 1293 3870 vere
1342 3815 1667 3881 morientur,

149 3914 241 3955 cum
272 3904 510 3961 homines
543 3905 668 3968 sint,
700 3920 807 3959 non
838 3905 1167 3959 adducentur
1198 3903 1388 3973 aliqua:
1416 3906 1675 3974 virgines?

146 4003 225 4047 non
256 3998 390 4052 enim
423 3997 536 4054 erit
569 3997 661 4066 qui
702 3996 955 4051 adducat.
994 3995 1076 4050 Ad
1116 3996 1217 4050 hoc
1253 4004 1432 4049 autem
1468 3996 1548 4051 sic
1584 4010 1672 4051 re-

146 4086 328 4151 spondet
360 4102 377 4142 :
414 4088 765 4142 Adduccntur
806 4087 992 4157 utique
1035 4102 1131 4154 per
1159 4086 1317 4152 ﬁlios,
1348 4086 1401 4140 id
1441 4098 1546 4153 est,
1574 4100 1671 4155 per

143 4177 380 4250 episcopos
426 4191 484 4237 et
530 4180 879 4245 sacerdotes,
921 4189 1253 4248 ctetcrosquc
1293 4178 1548 4235 Ecclesiae
1579 4194 1675 4249 pa-

144 4273 299 4337 διοῐεε,
327 4272 696 4343 apostolorum
732 4286 1095 4327 successores.
1132 4271 1235 4325 Pro
1257 4272 1496 4341 patribus
1530 4272 1675 4327 enim

143 4354 182 4413 id
215 4371 284 4417 est
318 4365 371 4420 in
410 4364 537 4421 loco
580 4363 833 4428 Patrum,
876 4363 1240 4434 apostolorum
1281 4363 1513 4429 scilicet,
1566 4363 1677 4417 nati

142 4463 252 4519 tum,
276 4456 323 4509 id
351 4466 455 4523 est,
497 4465 792 4511 nascentur
823 4455 875 4509 in
904 4455 1006 4511 ﬁde
1035 4465 1089 4509 et
1122 4452 1294 4510 oﬁicio
1329 4455 1674 4525 praedicandi,

1775 3272 2036 3328 stolorum
2065 3281 2118 3327 et
2140 3286 2327 3327 eorum
2362 3272 2593 3326 ﬁliorum
2628 3272 3090 3341 praedicationem.
3117 3271 3345 3327 Eructa-

1773 3363 1842 3417 vit
1869 3379 1961 3417 cor
2000 3379 2173 3417 meum
2199 3363 2408 3416 verbum
2438 3362 2667 3428 bonum;
2695 3363 2838 3433 quod
2863 3372 2948 3419 est
2979 3364 3165 3419 dicere
3188 3380 3203 3418 :
3236 3364 3345 3420 Cor

1776 3468 1952 3508 meum
1985 3452 2249 3522 disposuit
2284 3451 2555 3529 loquendp
2583 3450 2829 3521 proferre
2859 3452 3081 3507 verbmn
3119 3454 3341 3508 bonum.

1774 3545 1879 3600 Per
1910 3546 2009 3601 hoc
2051 3561 2179 3600 vero
2219 3546 2363 3616 quod
2403 3546 2533 3600 dicit
2564 3545 2777 3608 bonum,
2813 3546 3008 3599 invitat
3035 3559 3132 3600 nos
3163 3546 3229 3601 ad
3258 3546 3343 3616 ip-

1774 3652 1894 3690 sum
1931 3637 2153 3691 verbum
2194 3637 2481 3706 diligenter
2522 3637 2927 3701 attendendum,
2970 3636 3095 3705 quia
3142 3638 3343 3693 bonum

1776 3736 1877 3781 est.
1902 3727 2344 3782 Ostenditautem
2363 3726 2632 3796 quomodo
2659 3727 2858 3781 bonum
2886 3724 2978 3786 sit,
3007 3739 3129 3777 cum
3154 3724 3341 3779 addit:

1780 3816 1916 3871 Vere
1945 3816 2143 3871 bonum
2178 3817 2301 3870 erit.
2345 3814 2478 3868 Nam
2510 3831 2666 3880 opera
2710 3831 2844 3880 mea,
2881 3814 3088 3870 scilicet
3120 3816 3343 3871 verbum

1778 3922 1979 3972 meum,
2012 3907 2129 3959 dico
2161 3922 2282 3977 ego,
2326 3905 2378 3959 id
2420 3912 2527 3971 est,
2561 3905 2800 3960 devoveo
2829 3913 2885 3960 et
2921 3920 3181 3961 consecro
3214 3907 3343 3976 regi,

1780 3994 1834 4048 id
1862 4003 1966 4061 est,
1993 3995 2212 4050 Christo
2238 3996 2667 4051 antonomastice
2697 3995 2831 4066 regi.
2858 3995 3020 4062 Quasi
3048 3996 3191 4051 dicat
3224 4014 3237 4049 :
3271 3997 3363 4052 De

1781 4102 1905 4157 rege
1935 4088 2021 4142 hic
2051 4103 2231 4158 agam,
2258 4087 2347 4142 cui
2378 4087 2480 4142 huc
2507 4102 2644 4157 Opus
2685 4102 2862 4141 meum
2897 4087 3032 4140 dico.
3069 4086 3137 4139 Et
3179 4086 3347 4140 decli-

1781 4189 1942 4235 natur
1970 4182 2110 4247 dico,
2148 4197 2256 4235 non
2285 4182 2402 4235 dico
2435 4181 2593 4249 dicis,
2629 4182 2722 4235 sed
2748 4181 2865 4234 dico
2890 4181 3060 4245 dicas,
3092 4179 3233 4251 quod
3263 4186 3347 4233 est

1780 4276 2020 4330 devoveo
2050 4282 2107 4329 et
2139 4289 2421 4329 consecro.
2451 4273 2565 4329 Hoc
2584 4284 2765 4327 autem
2790 4271 2931 4341 quod
2956 4272 3177 4326 verbum
3204 4269 3348 4325 istud

1779 4365 2040 4420 eructabo
2070 4379 2176 4419 non
2207 4380 2239 4419 a
2268 4379 2353 4418 me
2376 4363 2500 4427 erit,
2525 4364 2619 4418 sed
2642 4363 2825 4433 lingua
2853 4379 2964 4416 mea
2987 4362 3092 4417 erit
3112 4360 3349 4416 calamus

1782 4456 1989 4521 scribae,
2023 4455 2074 4508 id
2106 4463 2220 4518 est,
2242 4453 2420 4509 sancti
2448 4451 2682 4523 Spiritus
2707 4451 2946 4506 velociter
2965 4449 3234 4505 scribentis
3255 4465 3353 4520 per

140 4542 233 4608 ﬁlii,
254 4545 302 4599 id
328 4557 409 4604 est
437 4548 679 4619 episcopi
707 4557 761 4602 et
791 4545 970 4602 caeteri
1009 4556 1257 4615 pastores
1299 4524 1395 4600 εει
1423 4546 1523 4601 hoc
1553 4546 1648 4601 tibi
1660 4586 1673 4612 ,
1708 4524 1752 4578 D
1781 4547 1954 4617 ipsum
1978 4546 2267 4600 calamum.
2298 4544 2411 4599 Hoc
2433 4553 2611 4599 autem
2636 4557 2731 4612 per
2757 4541 3162 4598 similitudinem
3190 4541 3345 4596 dicit.

142 4630 286 4700 idest,
315 4640 381 4694 ad
404 4655 546 4709 opus
581 4648 728 4694 tuum
755 4654 769 4703 ;
801 4646 855 4693 et
886 4654 970 4691 eos
1001 4636 1142 4691 lilios
1169 4639 1451 4690 constitues
1481 4638 1676 4706 princi-

140 4738 203 4791 pes
226 4745 368 4797 super
396 4747 605 4785 onmem
636 4739 849 4793 terram,
884 4728 936 4782 id
962 4737 1064 4792 est,
1106 4743 1319 4781 onmem
1356 4726 1673 4793 Ecclesium,

142 4830 234 4884 (tua:
254 4822 456 4877 stabilis
478 4832 564 4878 est
588 4832 641 4876 et
665 4819 835 4875 solida
867 4828 923 4874 ut
948 4827 1089 4893 terra
1114 4835 1127 4872 :
1162 4818 1324 4890 148
1350 4828 1403 4873 ει
1430 4834 1549 4889 qua:
1582 4819 1673 4872 tibi

139 4914 381 4974 generabit
418 4913 651 4976 fructus,
698 4926 863 4981 Opera
901 4910 1041 4965 bona
1093 4911 1302 4966 scilicet
1344 4911 1411 4965 ad
1457 4911 1675 4965 modum

145 5006 284 5067 lente,
312 5019 430 5073 qua:
459 5003 670 5058 fructus
698 5002 951 5057 messium
977 5000 1200 5071 profert.
1227 5000 1304 5054 Ita
1326 5000 1533 5056 scilicet
1554 5018 1677 5054 con-

139 5092 283 5147 stitues
330 5095 617 5163 principes,
672 5105 731 5147 ut
769 5107 1104 5161 quaecunque
1133 5092 1421 5162 ligaverint
1456 5092 1540 5147 vel
1570 5092 1679 5147 sol-

141 5182 281 5236 verint
298 5200 461 5255 super
483 5194 685 5238 terram
709 5224 723 5247 ,
748 5183 858 5238 sint
877 5182 1038 5254 ligata
1062 5182 1145 5237 vel
1169 5182 1338 5237 soluta
1365 5191 1419 5237 et
1447 5183 1498 5236 in
1527 5183 1679 5240 caelis

139 5268 317 5335 (Hattli.
346 5291 462 5341 xvi,
498 5274 611 5345 i9).
643 5273 744 5343 Ipsi
777 5288 906 5328 vero
935 5273 1209 5343 principes
1234 5274 1538 5340 constituti,
1571 5290 1676 5330 non

139 5372 266 5416 erunt
284 5363 477 5430 otiosi;
511 5364 603 5418 sed
633 5378 832 5416 ntemor
858 5376 946 5414 ero
978 5362 1202 5414 nominis
1230 5361 1328 5425 tui,
1355 5361 1404 5415 id
1424 5370 1507 5416 est
1534 5362 1679 5432 ipsos

137 5465 368 5509 memores
395 5469 527 5510 esse
558 5453 752 5509 faciam
784 5452 1019 5507 nominis
1050 5453 1149 5518 tui,
1188 5462 1246 5507 ut
1282 5452 1580 5523 praedicent
1609 5454 1669 5509 il-

136 5537 205 5593 Iud
245 5545 296 5598 iu
331 5548 481 5600 omni
519 5545 849 5616 generatione
870 5542 1199 5609 Iudaeorum,
1250 5553 1299 5598 et
1346 5546 1679 5616 generatione

131 5632 364 5700 gentium,
412 5649 518 5706 per
564 5633 969 5690 successionem
1026 5634 1462 5703 generationum.
1519 5633 1679 5690 Nulla

132 5724 250 5780 enim
274 5742 444 5792 usque
468 5727 540 5784 ad
564 5727 721 5784 ﬁnem
743 5725 931 5825 ωηεάὶ
954 5728 1228 5797 generatio
1248 5728 1352 5783 erit
1372 5726 1676 5786 Judzcorum

1784 4639 1933 4693 Sicut
1961 4638 2104 4692 enim
2140 4636 2383 4711 calamus
2405 4650 2511 4690 non
2540 4649 2637 4705 per
2659 4650 2740 4702 se,
2762 4635 2857 4689 sed
2889 4633 3067 4689 scriba
3098 4641 3352 4688 movente

1784 4727 1992 4782 litteras
2030 4725 2266 4790 format;
2307 4724 2387 4778 sic
2418 4732 2471 4778 et
2502 4725 2683 4794 lingua
2720 4737 2837 4777 mea
2878 4736 2982 4776 non
3022 4735 3117 4790 per
3148 4735 3228 4785 se,
3255 4721 3350 4775 sed

1786 4818 1990 4889 Spiritu
2035 4829 2225 4873 sancto
2274 4826 2546 4879 movente,
2600 4817 2758 4870 verba
2792 4814 3068 4868 formabit.
3108 4812 3175 4866 Et
3213 4812 3350 4867 bene

1782 4913 1934 4982 punit
1958 4911 2200 4965 velociter
2220 4908 2511 4963 scribentis.
2550 4906 2804 4961 i’elociter
2826 4918 3056 4973 namque
3077 4904 3195 4958 sine
3212 4917 3349 4972 pra:-

1781 5005 2135 5060 mcditatione
2170 5019 2264 5073 per
2296 5018 2419 5057 cum
2456 5000 2690 5069 Spiritus
2728 5009 2956 5055 sanctus
2994 4995 3253 5063 loquitur,
3291 5003 3349 5048 ut

1781 5097 1835 5152 in
1867 5099 1967 5151 hoc
1988 5095 2310 5151 ostendatur
2338 5094 2503 5149 verba
2530 5094 2645 5163 ipsa
2674 5108 2779 5147 non
2805 5108 2834 5146 a
2858 5092 3037 5161 seipso
3057 5086 3348 5155 Propheta,

1782 5184 1876 5241 sed
1907 5199 1939 5239 a
1969 5183 2176 5255 Spiritu
2223 5192 2413 5238 sancto
2456 5196 2575 5237 esse
2624 5198 2638 5235 :
2681 5189 2737 5235 et
2782 5194 2910 5235 ecce
2955 5176 3164 5231 verbum
3207 5174 3352 5243 quod

1781 5285 2033 5331 eructare
2071 5289 2165 5330 cor
2208 5288 2387 5330 meum
2430 5272 2712 5343 disposuit.
2755 5270 2798 5324 Ο
2842 5264 3191 5336 potentissime
3232 5276 3348 5328 rex,

1787 5365 2023 5430 Christe,
2054 5365 2323 5435 accingere
2349 5363 2526 5433 gladio
2550 5372 2641 5416 tuo
2665 5377 2819 5430 super
2834 5359 3005 5427 femur
3030 5366 3195 5408 tuum.
3224 5351 3353 5423 Spe-

1786 5458 1957 5511 ciosus
1987 5455 2132 5511 enim
2162 5455 2272 5511 eris
2286 5455 2457 5526 [arma
2477 5470 2586 5523 prie
2614 5451 2739 5515 ﬁliis
2770 5449 3060 5512 hominum,
3088 5455 3196 5501 etc.
3225 5444 3354 5512 Quae

1791 5547 1986 5603 amodo
2014 5561 2121 5601 non
2152 5553 2450 5609 mutantur,
2482 5541 2577 5599 sed
2606 5552 2662 5595 ut
2685 5538 2935 5610 superius
2958 5537 3031 5594 ita
3056 5551 3202 5593 nunc
3220 5552 3353 5605 quo-

1787 5656 1891 5714 que
1920 5641 2186 5712 leguntur.
