  <div class='ocr_page' id='page_1' title='image "/cluster/home/n/w/nwhite01/storage/ocr_20150623/152/hvd.32044015473804/423.png"; bbox 0 0 3838 6328; ppageno 0'>
   <div class='ocr_carea' id='block_1_1' title="bbox 467 268 570 325">
    <p class='ocr_par' dir='ltr' id='par_1_1' title="bbox 467 268 570 325">
     <span class='ocr_line' id='line_1_1' title="bbox 467 268 570 325; baseline -0.019 0"><span class='ocrx_word' id='word_1_1' title='bbox 467 268 570 325; x_wconf 72' lang='lat'><strong>835</strong></span> 
     </span>
    </p>
   </div>
   <div class='ocr_carea' id='block_1_2' title="bbox 957 366 1581 433">
    <p class='ocr_par' dir='ltr' id='par_1_2' title="bbox 957 366 1581 433">
     <span class='ocr_line' id='line_1_2' title="bbox 957 366 1581 433; baseline -0.01 -2"><span class='ocrx_word' id='word_1_2' title='bbox 957 376 1026 432; x_wconf 85' lang='lat' dir='ltr'><strong>IN</strong></span> <span class='ocrx_word' id='word_1_3' title='bbox 1061 374 1391 433; x_wconf 81' lang='lat' dir='ltr'><strong>PSALMUM</strong></span> <span class='ocrx_word' id='word_1_4' title='bbox 1422 366 1581 428; x_wconf 76' lang='lat' dir='ltr'><strong>XLV.</strong></span> 
     </span>
    </p>
   </div>
   <div class='ocr_carea' id='block_1_3' title="bbox 544 450 2042 538">
    <p class='ocr_par' dir='ltr' id='par_1_3' title="bbox 544 450 2042 538">
     <span class='ocr_line' id='line_1_3' title="bbox 544 450 2042 538; baseline -0.013 -15"><span class='ocrx_word' id='word_1_5' title='bbox 544 466 755 523; x_wconf 82' lang='lat' dir='ltr'><strong>Titulus</strong></span> <span class='ocrx_word' id='word_1_6' title='bbox 781 467 1177 538; x_wconf 73' lang='lat' dir='ltr'><strong>quadragesimi</strong></span> <span class='ocrx_word' id='word_1_7' title='bbox 1206 463 1404 534; x_wconf 90' lang='lat' dir='ltr'><strong>quinti.</strong></span> <span class='ocrx_word' id='word_1_8' title='bbox 1433 460 1503 515; x_wconf 86' lang='lat' dir='ltr'><strong>In</strong></span> <span class='ocrx_word' id='word_1_9' title='bbox 1539 459 1698 528; x_wconf 80' lang='lat' dir='ltr'><strong>ﬁnem</strong></span> <span class='ocrx_word' id='word_1_10' title='bbox 1726 454 1853 523; x_wconf 79' lang='lat' dir='ltr'><strong>ﬁliis</strong></span> <span class='ocrx_word' id='word_1_11' title='bbox 1884 450 2042 517; x_wconf 85' lang='lat' dir='ltr'><strong>Core,</strong></span> 
     </span>
    </p>
   </div>
   <div class='ocr_carea' id='block_1_4' title="bbox 468 540 2041 629">
    <p class='ocr_par' dir='ltr' id='par_1_4' title="bbox 468 540 2041 629">
     <span class='ocr_line' id='line_1_4' title="bbox 468 540 2041 629; baseline -0.014 -14"><span class='ocrx_word' id='word_1_12' title='bbox 468 576 565 629; x_wconf 79' lang='lat' dir='ltr'><strong>pro</strong></span> <span class='ocrx_word' id='word_1_13' title='bbox 585 557 796 612; x_wconf 86' lang='lat' dir='ltr'><strong>arcanis</strong></span> <span class='ocrx_word' id='word_1_14' title='bbox 827 556 1073 611; x_wconf 84' lang='lat' dir='ltr'><strong>Psalmus</strong></span> <span class='ocrx_word' id='word_1_15' title='bbox 1106 554 1295 609; x_wconf 84' lang='lat' dir='ltr'><strong>David.</strong></span> <span class='ocrx_word' id='word_1_16' title='bbox 1329 549 1578 606; x_wconf 85' lang='lat' dir='ltr'><strong>Psalmus</strong></span> <span class='ocrx_word' id='word_1_17' title='bbox 1607 548 1709 602; x_wconf 88' lang='lat' dir='ltr'><strong>iste</strong></span> <span class='ocrx_word' id='word_1_18' title='bbox 1736 552 1821 597; x_wconf 91' lang='lat' dir='ltr'><strong>est</strong></span> <span class='ocrx_word' id='word_1_19' title='bbox 1852 540 2041 604; x_wconf 80' lang='lat' dir='ltr'><strong>David,</strong></span> 
     </span>
    </p>
   </div>
   <div class='ocr_carea' id='block_1_5' title="bbox 448 637 2047 716">
    <p class='ocr_par' dir='ltr' id='par_1_5' title="bbox 448 637 2047 716">
     <span class='ocr_line' id='line_1_5' title="bbox 448 637 2047 716; baseline -0.011 -11"><span class='ocrx_word' id='word_1_20' title='bbox 448 646 524 707; x_wconf 72' lang='grc' dir='ltr'>ιι]</span> <span class='ocrx_word' id='word_1_21' title='bbox 562 658 647 704; x_wconf 98' lang='grc' dir='ltr'><strong>εει</strong></span> <span class='ocrx_word' id='word_1_22' title='bbox 694 648 950 715; x_wconf 69' lang='lat' dir='ltr'><strong>Ecclesia:</strong></span> <span class='ocrx_word' id='word_1_23' title='bbox 988 645 1306 716; x_wconf 75' lang='lat' dir='ltr'><strong>primitivze,</strong></span> <span class='ocrx_word' id='word_1_24' title='bbox 1344 657 1465 712; x_wconf 63' lang='lat' dir='ltr'><strong>qua:</strong></span> <span class='ocrx_word' id='word_1_25' title='bbox 1506 655 1669 696; x_wconf 91' lang='lat' dir='ltr'><strong>manu</strong></span> <span class='ocrx_word' id='word_1_26' title='bbox 1722 637 1877 692; x_wconf 89' lang='lat' dir='ltr'><strong>fortis</strong></span> <span class='ocrx_word' id='word_1_27' title='bbox 1932 643 2047 699; x_wconf 91' lang='lat' dir='ltr'><strong>est,</strong></span> 
     </span>
    </p>
   </div>
   <div class='ocr_carea' id='block_1_6' title="bbox 469 726 2048 807">
    <p class='ocr_par' dir='ltr' id='par_1_6' title="bbox 469 726 2048 807">
     <span class='ocr_line' id='line_1_6' title="bbox 469 726 2048 807; baseline -0.008 -15"><span class='ocrx_word' id='word_1_28' title='bbox 469 739 700 794; x_wconf 74' lang='lat' dir='ltr'><strong>viriliter</strong></span> <span class='ocrx_word' id='word_1_29' title='bbox 749 752 914 807; x_wconf 83' lang='lat' dir='ltr'><strong>agens</strong></span> <span class='ocrx_word' id='word_1_30' title='bbox 962 738 1014 790; x_wconf 93' lang='lat' dir='ltr'><strong>in</strong></span> <span class='ocrx_word' id='word_1_31' title='bbox 1055 734 1516 795; x_wconf 72' lang='lat' dir='ltr'><strong>tribulationibus,</strong></span> <span class='ocrx_word' id='word_1_32' title='bbox 1562 728 1876 800; x_wconf 87' lang='lat' dir='ltr'><strong>propositus</strong></span> <span class='ocrx_word' id='word_1_33' title='bbox 1922 726 2048 795; x_wconf 78' lang='lat' dir='ltr'><strong>filiis</strong></span> 
     </span>
    </p>
   </div>
   <div class='ocr_carea' id='block_1_7' title="bbox 471 818 2051 897">
    <p class='ocr_par' dir='ltr' id='par_1_7' title="bbox 471 818 2051 897">
     <span class='ocr_line' id='line_1_7' title="bbox 471 818 2051 897; baseline -0.009 -11"><span class='ocrx_word' id='word_1_34' title='bbox 471 832 625 897; x_wconf 87' lang='lat' dir='ltr'><strong>Core,</strong></span> <span class='ocrx_word' id='word_1_35' title='bbox 659 831 712 885; x_wconf 91' lang='lat' dir='ltr'><strong>id</strong></span> <span class='ocrx_word' id='word_1_36' title='bbox 738 841 822 886; x_wconf 88' lang='lat' dir='ltr'><strong>est</strong></span> <span class='ocrx_word' id='word_1_37' title='bbox 852 830 976 885; x_wconf 85' lang='lat' dir='ltr'><strong>ﬁliis</strong></span> <span class='ocrx_word' id='word_1_38' title='bbox 1001 828 1257 885; x_wconf 78' lang='lat' dir='ltr'><strong>Crucilixi</strong></span> <span class='ocrx_word' id='word_1_39' title='bbox 1301 828 1406 881; x_wconf 84' lang='lat' dir='ltr'><strong>ﬁde</strong></span> <span class='ocrx_word' id='word_1_40' title='bbox 1437 833 1492 879; x_wconf 93' lang='grc' dir='ltr'><strong>ει</strong></span> <span class='ocrx_word' id='word_1_41' title='bbox 1514 820 1918 879; x_wconf 86' lang='lat' dir='ltr'><strong>conformitate.</strong></span> <span class='ocrx_word' id='word_1_42' title='bbox 1958 818 2051 873; x_wconf 83' lang='lat' dir='ltr'><strong>Fi-</strong></span> 
     </span>
    </p>
   </div>
   <div class='ocr_carea' id='block_1_8' title="bbox 474 910 2053 987">
    <p class='ocr_par' dir='ltr' id='par_1_8' title="bbox 474 910 2053 987">
     <span class='ocr_line' id='line_1_8' title="bbox 474 910 2053 987; baseline -0.008 -11"><span class='ocrx_word' id='word_1_43' title='bbox 474 923 560 977; x_wconf 91' lang='lat' dir='ltr'><strong>liis</strong></span> <span class='ocrx_word' id='word_1_44' title='bbox 590 923 709 978; x_wconf 90' lang='lat' dir='ltr'><strong>dico</strong></span> <span class='ocrx_word' id='word_1_45' title='bbox 739 922 1085 977; x_wconf 89' lang='lat' dir='ltr'><strong>tendentibus</strong></span> <span class='ocrx_word' id='word_1_46' title='bbox 1127 920 1181 972; x_wconf 86' lang='lat' dir='ltr'><strong>in</strong></span> <span class='ocrx_word' id='word_1_47' title='bbox 1210 918 1387 987; x_wconf 81' lang='lat' dir='ltr'><strong>ﬁnem,</strong></span> <span class='ocrx_word' id='word_1_48' title='bbox 1416 916 1469 969; x_wconf 89' lang='lat' dir='ltr'><strong>id</strong></span> <span class='ocrx_word' id='word_1_49' title='bbox 1499 922 1602 977; x_wconf 90' lang='lat' dir='ltr'><strong>est,</strong></span> <span class='ocrx_word' id='word_1_50' title='bbox 1634 910 2053 968; x_wconf 55' lang='lat' dir='ltr'><strong>consummatio.</strong></span> 
     </span>
    </p>
   </div>
   <div class='ocr_carea' id='block_1_9' title="bbox 477 1003 2051 1075">
    <p class='ocr_par' dir='ltr' id='par_1_9' title="bbox 477 1003 2051 1075">
     <span class='ocr_line' id='line_1_9' title="bbox 477 1003 2051 1075; baseline -0.008 -8"><span class='ocrx_word' id='word_1_51' title='bbox 477 1030 601 1069; x_wconf 90' lang='lat' dir='ltr'><strong>nem</strong></span> <span class='ocrx_word' id='word_1_52' title='bbox 632 1013 744 1068; x_wconf 88' lang='lat' dir='ltr'><strong>veri</strong></span> <span class='ocrx_word' id='word_1_53' title='bbox 776 1013 903 1068; x_wconf 90' lang='lat' dir='ltr'><strong>boni</strong></span> <span class='ocrx_word' id='word_1_54' title='bbox 940 1019 994 1066; x_wconf 87' lang='lat' dir='ltr'><strong>et</strong></span> <span class='ocrx_word' id='word_1_55' title='bbox 1029 1009 1245 1066; x_wconf 89' lang='lat' dir='ltr'><strong>summi.</strong></span> <span class='ocrx_word' id='word_1_56' title='bbox 1288 1008 1517 1061; x_wconf 87' lang='lat' dir='ltr'><strong>lIabitus</strong></span> <span class='ocrx_word' id='word_1_57' title='bbox 1548 1006 1651 1059; x_wconf 90' lang='lat' dir='ltr'><strong>iste</strong></span> <span class='ocrx_word' id='word_1_58' title='bbox 1687 1003 1927 1075; x_wconf 81' lang='lat' dir='ltr'><strong>psalmus</strong></span> <span class='ocrx_word' id='word_1_59' title='bbox 1955 1016 2051 1070; x_wconf 82' lang='lat' dir='ltr'><strong>pro</strong></span> 
     </span>
    </p>
   </div>
   <div class='ocr_carea' id='block_1_10' title="bbox 478 1092 2051 1169">
    <p class='ocr_par' dir='ltr' id='par_1_10' title="bbox 478 1092 2051 1169">
     <span class='ocr_line' id='line_1_10' title="bbox 478 1092 2051 1169; baseline -0.008 -13"><span class='ocrx_word' id='word_1_60' title='bbox 478 1105 710 1169; x_wconf 84' lang='lat' dir='ltr'><strong>arcanis,</strong></span> <span class='ocrx_word' id='word_1_61' title='bbox 746 1104 797 1158; x_wconf 89' lang='lat' dir='ltr'><strong>id</strong></span> <span class='ocrx_word' id='word_1_62' title='bbox 823 1111 906 1158; x_wconf 92' lang='lat' dir='ltr'><strong>est</strong></span> <span class='ocrx_word' id='word_1_63' title='bbox 934 1102 1176 1157; x_wconf 85' lang='lat' dir='ltr'><strong>contuitu</strong></span> <span class='ocrx_word' id='word_1_64' title='bbox 1201 1110 1255 1155; x_wconf 91' lang='lat' dir='ltr'><strong>et</strong></span> <span class='ocrx_word' id='word_1_65' title='bbox 1274 1099 1561 1153; x_wconf 80' lang='lat' dir='ltr'><strong>occasione</strong></span> <span class='ocrx_word' id='word_1_66' title='bbox 1584 1109 1905 1149; x_wconf 88' lang='lat' dir='ltr'><strong>arcanorum</strong></span> <span class='ocrx_word' id='word_1_67' title='bbox 1944 1092 2051 1146; x_wconf 90' lang='lat' dir='ltr'><strong>sci-</strong></span> 
     </span>
    </p>
   </div>
   <div class='ocr_carea' id='block_1_11' title="bbox 478 1184 2056 1256">
    <p class='ocr_par' dir='ltr' id='par_1_11' title="bbox 478 1184 2056 1256">
     <span class='ocr_line' id='line_1_11' title="bbox 478 1184 2056 1256; baseline -0.006 -9"><span class='ocrx_word' id='word_1_68' title='bbox 478 1194 610 1248; x_wconf 86' lang='lat' dir='ltr'><strong>licet</strong></span> <span class='ocrx_word' id='word_1_69' title='bbox 650 1203 984 1248; x_wconf 87' lang='lat' dir='ltr'><strong>secretorum</strong></span> <span class='ocrx_word' id='word_1_70' title='bbox 1034 1192 1385 1247; x_wconf 86' lang='lat' dir='ltr'><strong>consiliorum</strong></span> <span class='ocrx_word' id='word_1_71' title='bbox 1439 1188 1553 1252; x_wconf 87' lang='lat' dir='ltr'><strong>Dei,</strong></span> <span class='ocrx_word' id='word_1_72' title='bbox 1601 1187 1747 1256; x_wconf 89' lang='lat' dir='ltr'><strong>quod</strong></span> <span class='ocrx_word' id='word_1_73' title='bbox 1805 1184 2056 1239; x_wconf 82' lang='lat' dir='ltr'><strong>videlicet</strong></span> 
     </span>
    </p>
   </div>
   <div class='ocr_carea' id='block_1_12' title="bbox 484 1276 2054 1352">
    <p class='ocr_par' dir='ltr' id='par_1_12' title="bbox 484 1276 2054 1352">
     <span class='ocr_line' id='line_1_12' title="bbox 484 1276 2054 1352; baseline -0.003 -19"><span class='ocrx_word' id='word_1_74' title='bbox 484 1300 502 1333; x_wconf 76' lang='grc' dir='ltr'><strong>ι</strong></span> <span class='ocrx_word' id='word_1_75' title='bbox 524 1283 738 1338; x_wconf 65' lang='lat' dir='ltr'><strong>accitas</strong></span> <span class='ocrx_word' id='word_1_76' title='bbox 756 1282 1047 1351; x_wconf 80' lang='lat' dir='ltr'><strong>contigitin</strong></span> <span class='ocrx_word' id='word_1_77' title='bbox 1070 1281 1229 1352; x_wconf 62' lang='lat'><strong>149</strong></span> <span class='ocrx_word' id='word_1_78' title='bbox 1249 1280 1433 1343; x_wconf 88' lang='lat' dir='ltr'><strong>Israel,</strong></span> <span class='ocrx_word' id='word_1_79' title='bbox 1450 1286 1507 1332; x_wconf 88' lang='lat' dir='ltr'><strong>ut</strong></span> <span class='ocrx_word' id='word_1_80' title='bbox 1528 1277 1802 1347; x_wconf 88' lang='lat' dir='ltr'><strong>plenitudo</strong></span> <span class='ocrx_word' id='word_1_81' title='bbox 1815 1276 2054 1347; x_wconf 84' lang='lat' dir='ltr'><strong>gentium</strong></span> 
     </span>
    </p>
   </div>
   <div class='ocr_carea' id='block_1_13' title="bbox 478 1365 2058 1441">
    <p class='ocr_par' dir='ltr' id='par_1_13' title="bbox 478 1365 2058 1441">
     <span class='ocr_line' id='line_1_13' title="bbox 478 1365 2058 1441; baseline -0.003 -18"><span class='ocrx_word' id='word_1_82' title='bbox 478 1370 727 1425; x_wconf 86' lang='lat' dir='ltr'><strong>intraret.</strong></span> <span class='ocrx_word' id='word_1_83' title='bbox 762 1391 780 1423; x_wconf 74' lang='grc' dir='ltr'><strong>ι</strong></span> <span class='ocrx_word' id='word_1_84' title='bbox 814 1371 986 1441; x_wconf 81' lang='lat' dir='ltr'><strong>(Rom.</strong></span> <span class='ocrx_word' id='word_1_85' title='bbox 1011 1387 1089 1433; x_wconf 78' lang='lat' dir='ltr'><strong>x1,</strong></span> <span class='ocrx_word' id='word_1_86' title='bbox 1120 1371 1243 1439; x_wconf 67' lang='lat'><strong>25);</strong></span> <span class='ocrx_word' id='word_1_87' title='bbox 1274 1378 1327 1423; x_wconf 92' lang='lat' dir='ltr'><strong>et</strong></span> <span class='ocrx_word' id='word_1_88' title='bbox 1364 1370 1504 1437; x_wconf 90' lang='lat' dir='ltr'><strong>quod</strong></span> <span class='ocrx_word' id='word_1_89' title='bbox 1529 1368 1581 1422; x_wconf 93' lang='lat' dir='ltr'><strong>in</strong></span> <span class='ocrx_word' id='word_1_90' title='bbox 1612 1368 1792 1420; x_wconf 86' lang='lat' dir='ltr'><strong>futuro</strong></span> <span class='ocrx_word' id='word_1_91' title='bbox 1820 1365 2058 1434; x_wconf 73' lang='lat' dir='ltr'><strong>reliquis:</strong></span> 
     </span>
    </p>
   </div>
   <div class='ocr_carea' id='block_1_14' title="bbox 478 1454 2057 1529">
    <p class='ocr_par' dir='ltr' id='par_1_14' title="bbox 478 1454 2057 1529">
     <span class='ocr_line' id='line_1_14' title="bbox 478 1454 2057 1529; baseline -0.004 -15"><span class='ocrx_word' id='word_1_92' title='bbox 478 1460 645 1516; x_wconf 90' lang='lat' dir='ltr'><strong>Israel</strong></span> <span class='ocrx_word' id='word_1_93' title='bbox 675 1462 836 1515; x_wconf 78' lang='lat' dir='ltr'><strong>salva:</strong></span> <span class='ocrx_word' id='word_1_94' title='bbox 870 1461 1021 1526; x_wconf 83' lang='lat' dir='ltr'><strong>fient,</strong></span> <span class='ocrx_word' id='word_1_95' title='bbox 1064 1470 1121 1516; x_wconf 86' lang='lat' dir='ltr'><strong>et</strong></span> <span class='ocrx_word' id='word_1_96' title='bbox 1157 1460 1300 1529; x_wconf 89' lang='lat' dir='ltr'><strong>quod</strong></span> <span class='ocrx_word' id='word_1_97' title='bbox 1345 1473 1472 1513; x_wconf 87' lang='lat' dir='ltr'><strong>suos</strong></span> <span class='ocrx_word' id='word_1_98' title='bbox 1511 1458 1761 1527; x_wconf 81' lang='lat' dir='ltr'><strong>permisit</strong></span> <span class='ocrx_word' id='word_1_99' title='bbox 1806 1456 1965 1526; x_wconf 83' lang='lat' dir='ltr'><strong>allligi</strong></span> <span class='ocrx_word' id='word_1_100' title='bbox 2002 1454 2057 1507; x_wconf 91' lang='lat' dir='ltr'><strong>in</strong></span> 
     </span>
    </p>
   </div>
   <div class='ocr_carea' id='block_1_15' title="bbox 482 1545 2055 1619">
    <p class='ocr_par' dir='ltr' id='par_1_15' title="bbox 482 1545 2055 1619">
     <span class='ocr_line' id='line_1_15' title="bbox 482 1545 2055 1619; baseline -0.004 -16"><span class='ocrx_word' id='word_1_101' title='bbox 482 1550 753 1619; x_wconf 88' lang='lat' dir='ltr'><strong>primitiva</strong></span> <span class='ocrx_word' id='word_1_102' title='bbox 779 1550 1021 1606; x_wconf 85' lang='lat' dir='ltr'><strong>Ecclesia</strong></span> <span class='ocrx_word' id='word_1_103' title='bbox 1050 1564 1081 1603; x_wconf 90' lang='lat' dir='ltr'><strong>a</strong></span> <span class='ocrx_word' id='word_1_104' title='bbox 1105 1547 1325 1603; x_wconf 71' lang='lat' dir='ltr'><strong>Iudmis.</strong></span> <span class='ocrx_word' id='word_1_105' title='bbox 1351 1547 1454 1614; x_wconf 85' lang='lat' dir='ltr'><strong>Qui</strong></span> <span class='ocrx_word' id='word_1_106' title='bbox 1481 1547 1562 1601; x_wconf 93' lang='lat' dir='ltr'><strong>sui</strong></span> <span class='ocrx_word' id='word_1_107' title='bbox 1588 1556 1774 1616; x_wconf 86' lang='lat' dir='ltr'><strong>postea</strong></span> <span class='ocrx_word' id='word_1_108' title='bbox 1805 1545 2055 1600; x_wconf 76' lang='lat' dir='ltr'><strong>conversi</strong></span> 
     </span>
    </p>
   </div>
   <div class='ocr_carea' id='block_1_16' title="bbox 481 1637 2060 1711">
    <p class='ocr_par' dir='ltr' id='par_1_16' title="bbox 481 1637 2060 1711">
     <span class='ocr_line' id='line_1_16' title="bbox 481 1637 2060 1711; baseline -0.004 -15"><span class='ocrx_word' id='word_1_109' title='bbox 481 1650 609 1696; x_wconf 88' lang='lat' dir='ltr'><strong>sunt</strong></span> <span class='ocrx_word' id='word_1_110' title='bbox 642 1642 710 1695; x_wconf 83' lang='lat' dir='ltr'><strong>ad</strong></span> <span class='ocrx_word' id='word_1_111' title='bbox 755 1642 1159 1711; x_wconf 52' lang='lat' dir='ltr'><strong>praedicandum</strong></span> <span class='ocrx_word' id='word_1_112' title='bbox 1198 1640 1466 1711; x_wconf 81' lang='lat' dir='ltr'><strong>gentibus,</strong></span> <span class='ocrx_word' id='word_1_113' title='bbox 1508 1638 1598 1693; x_wconf 92' lang='lat' dir='ltr'><strong>ubi</strong></span> <span class='ocrx_word' id='word_1_114' title='bbox 1633 1653 1848 1708; x_wconf 87' lang='lat' dir='ltr'><strong>quoque</strong></span> <span class='ocrx_word' id='word_1_115' title='bbox 1892 1637 2060 1691; x_wconf 89' lang='lat' dir='ltr'><strong>vehe-</strong></span> 
     </span>
    </p>
   </div>
   <div class='ocr_carea' id='block_1_17' title="bbox 1034 235 3137 319">
    <p class='ocr_par' dir='ltr' id='par_1_17' title="bbox 1034 235 3137 319">
     <span class='ocr_line' id='line_1_17' title="bbox 1034 235 3137 319; baseline -0.014 -1"><span class='ocrx_word' id='word_1_116' title='bbox 1034 262 1093 319; x_wconf 91' lang='lat' dir='ltr'><strong>S.</strong></span> <span class='ocrx_word' id='word_1_117' title='bbox 1119 256 1467 318; x_wconf 74' lang='lat' dir='ltr'><strong>BRUNONIS</strong></span> <span class='ocrx_word' id='word_1_118' title='bbox 1503 247 2147 313; x_wconf 72' lang='lat' dir='ltr'><strong>CARTIIUSIANORUM</strong></span> <span class='ocrx_word' id='word_1_119' title='bbox 2191 240 2672 298; x_wconf 62' lang='lat' dir='ltr'><strong>INSTITU&#39;I‘ORIS</strong></span> <span class='ocrx_word' id='word_1_120' title='bbox 2703 238 2853 295; x_wconf 84' lang='lat' dir='ltr'><strong>OPP.</strong></span> <span class='ocrx_word' id='word_1_121' title='bbox 2896 235 3076 293; x_wconf 73' lang='lat' dir='ltr'><strong>PARS</strong></span> <span class='ocrx_word' id='word_1_122' title='bbox 3098 235 3137 290; x_wconf 86' lang='lat' dir='ltr'><strong>I.</strong></span> 
     </span>
    </p>
   </div>
   <div class='ocr_carea' id='block_1_18' title="bbox 2074 349 3693 425">
    <p class='ocr_par' dir='ltr' id='par_1_18' title="bbox 2074 349 3693 425">
     <span class='ocr_line' id='line_1_18' title="bbox 2074 349 3693 425; baseline -0.001 -13"><span class='ocrx_word' id='word_1_123' title='bbox 2074 361 2124 420; x_wconf 82' lang='grc' dir='ltr'><strong>Α</strong></span> <span class='ocrx_word' id='word_1_124' title='bbox 2146 357 2257 413; x_wconf 85' lang='lat' dir='ltr'><strong>erit</strong></span> <span class='ocrx_word' id='word_1_125' title='bbox 2281 356 2422 425; x_wconf 89' lang='lat' dir='ltr'><strong>quod</strong></span> <span class='ocrx_word' id='word_1_126' title='bbox 2446 354 2661 419; x_wconf 85' lang='lat' dir='ltr'><strong>montes,</strong></span> <span class='ocrx_word' id='word_1_127' title='bbox 2694 353 2746 409; x_wconf 88' lang='lat' dir='ltr'><strong>id</strong></span> <span class='ocrx_word' id='word_1_128' title='bbox 2770 361 2855 409; x_wconf 88' lang='lat' dir='ltr'><strong>est</strong></span> <span class='ocrx_word' id='word_1_129' title='bbox 2885 350 3119 424; x_wconf 81' lang='lat' dir='ltr'><strong>apostoli</strong></span> <span class='ocrx_word' id='word_1_130' title='bbox 3146 349 3405 407; x_wconf 86' lang='lat' dir='ltr'><strong>sublimes</strong></span> <span class='ocrx_word' id='word_1_131' title='bbox 3439 349 3693 411; x_wconf 77' lang='lat' dir='ltr'><strong>altitudine</strong></span> 
     </span>
    </p>
   </div>
   <div class='ocr_carea' id='block_1_19' title="bbox 3606 237 3692 293">
    <p class='ocr_par' dir='ltr' id='par_1_19' title="bbox 3606 237 3692 293">
     <span class='ocr_line' id='line_1_19' title="bbox 3606 237 3692 293; baseline 0.012 -1"><span class='ocrx_word' id='word_1_132' title='bbox 3606 237 3692 293; x_wconf 68' lang='lat'><strong>858</strong></span> 
     </span>
    </p>
   </div>
   <div class='ocr_carea' id='block_1_20' title="bbox 2149 441 3691 515">
    <p class='ocr_par' dir='ltr' id='par_1_20' title="bbox 2149 441 3691 515">
     <span class='ocr_line' id='line_1_20' title="bbox 2149 441 3691 515; baseline -0.003 -12"><span class='ocrx_word' id='word_1_133' title='bbox 2149 447 2453 504; x_wconf 89' lang='lat' dir='ltr'><strong>sanctitatis</strong></span> <span class='ocrx_word' id='word_1_134' title='bbox 2479 456 2536 502; x_wconf 89' lang='lat' dir='ltr'><strong>et</strong></span> <span class='ocrx_word' id='word_1_135' title='bbox 2561 446 2843 502; x_wconf 63' lang='lat' dir='ltr'><strong>inocentim</strong></span> <span class='ocrx_word' id='word_1_136' title='bbox 2869 446 3254 515; x_wconf 77' lang='lat' dir='ltr'><strong>transferentur</strong></span> <span class='ocrx_word' id='word_1_137' title='bbox 3275 459 3305 499; x_wconf 89' lang='lat' dir='ltr'><strong>a</strong></span> <span class='ocrx_word' id='word_1_138' title='bbox 3327 441 3525 499; x_wconf 68' lang='lat' dir='ltr'><strong>Judzeis</strong></span> <span class='ocrx_word' id='word_1_139' title='bbox 3547 445 3597 499; x_wconf 88' lang='lat' dir='ltr'><strong>in</strong></span> <span class='ocrx_word' id='word_1_140' title='bbox 3622 464 3691 500; x_wconf 74' lang='lat' dir='ltr'><strong>cor</strong></span> 
     </span>
    </p>
   </div>
   <div class='ocr_carea' id='block_1_21' title="bbox 2148 532 3697 608">
    <p class='ocr_par' dir='ltr' id='par_1_21' title="bbox 2148 532 3697 608">
     <span class='ocr_line' id='line_1_21' title="bbox 2148 532 3697 608; baseline 0 -16"><span class='ocrx_word' id='word_1_141' title='bbox 2148 540 2331 604; x_wconf 83' lang='lat' dir='ltr'><strong>maris,</strong></span> <span class='ocrx_word' id='word_1_142' title='bbox 2364 538 2417 593; x_wconf 90' lang='lat' dir='ltr'><strong>id</strong></span> <span class='ocrx_word' id='word_1_143' title='bbox 2444 546 2529 593; x_wconf 91' lang='lat' dir='ltr'><strong>est</strong></span> <span class='ocrx_word' id='word_1_144' title='bbox 2553 538 2606 593; x_wconf 92' lang='lat' dir='ltr'><strong>in</strong></span> <span class='ocrx_word' id='word_1_145' title='bbox 2644 536 3066 608; x_wconf 81' lang='lat' dir='ltr'><strong>profunditatem</strong></span> <span class='ocrx_word' id='word_1_146' title='bbox 3097 535 3362 607; x_wconf 85' lang='lat' dir='ltr'><strong>gentium,</strong></span> <span class='ocrx_word' id='word_1_147' title='bbox 3392 551 3509 606; x_wconf 72' lang='lat' dir='ltr'><strong>qua:</strong></span> <span class='ocrx_word' id='word_1_148' title='bbox 3530 532 3697 593; x_wconf 76' lang='lat' dir='ltr'><strong>dilllus:</strong></span> 
     </span>
    </p>
   </div>
   <div class='ocr_carea' id='block_1_22' title="bbox 2151 625 3699 695">
    <p class='ocr_par' dir='ltr' id='par_1_22' title="bbox 2151 625 3699 695">
     <span class='ocr_line' id='line_1_22' title="bbox 2151 625 3699 695; baseline -0.001 -12"><span class='ocrx_word' id='word_1_149' title='bbox 2151 635 2305 683; x_wconf 89' lang='lat' dir='ltr'><strong>erant</strong></span> <span class='ocrx_word' id='word_1_150' title='bbox 2358 627 2411 681; x_wconf 94' lang='lat' dir='ltr'><strong>in</strong></span> <span class='ocrx_word' id='word_1_151' title='bbox 2462 627 2643 682; x_wconf 89' lang='lat' dir='ltr'><strong>omnia</strong></span> <span class='ocrx_word' id='word_1_152' title='bbox 2683 626 2809 682; x_wconf 86' lang='lat' dir='ltr'><strong>vitia</strong></span> <span class='ocrx_word' id='word_1_153' title='bbox 2862 626 3013 695; x_wconf 89' lang='lat' dir='ltr'><strong>quasi</strong></span> <span class='ocrx_word' id='word_1_154' title='bbox 3060 639 3230 690; x_wconf 89' lang='lat' dir='ltr'><strong>mare,</strong></span> <span class='ocrx_word' id='word_1_155' title='bbox 3276 631 3331 678; x_wconf 93' lang='lat' dir='ltr'><strong>ct</strong></span> <span class='ocrx_word' id='word_1_156' title='bbox 3368 625 3699 681; x_wconf 85' lang='lat' dir='ltr'><strong>amaricantes</strong></span> 
     </span>
    </p>
   </div>
   <div class='ocr_carea' id='block_1_23' title="bbox 2149 714 3700 785">
    <p class='ocr_par' dir='ltr' id='par_1_23' title="bbox 2149 714 3700 785">
     <span class='ocr_line' id='line_1_23' title="bbox 2149 714 3700 785; baseline 0.001 -14"><span class='ocrx_word' id='word_1_157' title='bbox 2149 716 2343 783; x_wconf 92' lang='lat' dir='ltr'><strong>Deum,</strong></span> <span class='ocrx_word' id='word_1_158' title='bbox 2373 717 2529 773; x_wconf 91' lang='lat' dir='ltr'><strong>idolis</strong></span> <span class='ocrx_word' id='word_1_159' title='bbox 2559 716 2864 773; x_wconf 88' lang='lat' dir='ltr'><strong>serviendo.</strong></span> <span class='ocrx_word' id='word_1_160' title='bbox 2892 715 2998 771; x_wconf 89' lang='lat' dir='ltr'><strong>Cor</strong></span> <span class='ocrx_word' id='word_1_161' title='bbox 3031 724 3213 770; x_wconf 89' lang='lat' dir='ltr'><strong>autem</strong></span> <span class='ocrx_word' id='word_1_162' title='bbox 3244 730 3341 785; x_wconf 92' lang='lat' dir='ltr'><strong>pro</strong></span> <span class='ocrx_word' id='word_1_163' title='bbox 3362 714 3700 785; x_wconf 85' lang='lat' dir='ltr'><strong>profunditate</strong></span> 
     </span>
    </p>
   </div>
   <div class='ocr_carea' id='block_1_24' title="bbox 2151 807 3701 878">
    <p class='ocr_par' dir='ltr' id='par_1_24' title="bbox 2151 807 3701 878">
     <span class='ocr_line' id='line_1_24' title="bbox 2151 807 3701 878; baseline 0.001 -16"><span class='ocrx_word' id='word_1_164' title='bbox 2151 808 2391 877; x_wconf 88' lang='lat' dir='ltr'><strong>ponitur,</strong></span> <span class='ocrx_word' id='word_1_165' title='bbox 2419 808 2545 878; x_wconf 88' lang='lat' dir='ltr'><strong>quia</strong></span> <span class='ocrx_word' id='word_1_166' title='bbox 2577 808 2630 862; x_wconf 90' lang='lat' dir='ltr'><strong>in</strong></span> <span class='ocrx_word' id='word_1_167' title='bbox 2656 807 3005 863; x_wconf 89' lang='lat' dir='ltr'><strong>interioribus</strong></span> <span class='ocrx_word' id='word_1_168' title='bbox 3039 812 3141 862; x_wconf 80' lang='lat' dir='ltr'><strong>est.</strong></span> <span class='ocrx_word' id='word_1_169' title='bbox 3173 808 3334 873; x_wconf 86' lang='lat' dir='ltr'><strong>Quasi</strong></span> <span class='ocrx_word' id='word_1_170' title='bbox 3379 808 3519 863; x_wconf 82' lang='lat' dir='ltr'><strong>dicat</strong></span> <span class='ocrx_word' id='word_1_171' title='bbox 3546 823 3561 861; x_wconf 92' lang='lat'><strong>:</strong></span> <span class='ocrx_word' id='word_1_172' title='bbox 3603 808 3701 864; x_wconf 74' lang='lat' dir='ltr'><strong>Non</strong></span> 
     </span>
    </p>
   </div>
   <div class='ocr_carea' id='block_1_25' title="bbox 2154 898 3701 969">
    <p class='ocr_par' dir='ltr' id='par_1_25' title="bbox 2154 898 3701 969">
     <span class='ocr_line' id='line_1_25' title="bbox 2154 898 3701 969; baseline 0.002 -16"><span class='ocrx_word' id='word_1_173' title='bbox 2154 898 2207 953; x_wconf 91' lang='lat' dir='ltr'><strong>in</strong></span> <span class='ocrx_word' id='word_1_174' title='bbox 2235 899 2522 969; x_wconf 90' lang='lat' dir='ltr'><strong>quamdam</strong></span> <span class='ocrx_word' id='word_1_175' title='bbox 2570 898 2887 969; x_wconf 87' lang='lat' dir='ltr'><strong>particulam</strong></span> <span class='ocrx_word' id='word_1_176' title='bbox 2932 899 3268 955; x_wconf 87' lang='lat' dir='ltr'><strong>solummodo</strong></span> <span class='ocrx_word' id='word_1_177' title='bbox 3315 900 3701 967; x_wconf 76' lang='lat' dir='ltr'><strong>transferentur,</strong></span> 
     </span>
    </p>
   </div>
   <div class='ocr_carea' id='block_1_26' title="bbox 2155 987 3704 1061">
    <p class='ocr_par' dir='ltr' id='par_1_26' title="bbox 2155 987 3704 1061">
     <span class='ocr_line' id='line_1_26' title="bbox 2155 987 3704 1061; baseline 0.001 -17"><span class='ocrx_word' id='word_1_178' title='bbox 2155 991 2247 1044; x_wconf 88' lang='lat' dir='ltr'><strong>sed</strong></span> <span class='ocrx_word' id='word_1_179' title='bbox 2276 1005 2444 1059; x_wconf 91' lang='lat' dir='ltr'><strong>usque</strong></span> <span class='ocrx_word' id='word_1_180' title='bbox 2471 990 2522 1044; x_wconf 92' lang='lat' dir='ltr'><strong>in</strong></span> <span class='ocrx_word' id='word_1_181' title='bbox 2555 990 2941 1060; x_wconf 90' lang='lat' dir='ltr'><strong>plenitudinem</strong></span> <span class='ocrx_word' id='word_1_182' title='bbox 2970 991 3231 1061; x_wconf 86' lang='lat' dir='ltr'><strong>gentium.</strong></span> <span class='ocrx_word' id='word_1_183' title='bbox 3262 987 3359 1045; x_wconf 88' lang='lat' dir='ltr'><strong>Vel</strong></span> <span class='ocrx_word' id='word_1_184' title='bbox 3392 990 3470 1046; x_wconf 90' lang='lat' dir='ltr'><strong>sic</strong></span> <span class='ocrx_word' id='word_1_185' title='bbox 3496 1011 3509 1045; x_wconf 86' lang='lat'><strong>:</strong></span> <span class='ocrx_word' id='word_1_186' title='bbox 3532 988 3704 1047; x_wconf 83' lang='lat' dir='ltr'><strong>Trans-</strong></span> 
     </span>
    </p>
   </div>
   <div class='ocr_carea' id='block_1_27' title="bbox 2157 1068 3706 1148">
    <p class='ocr_par' dir='ltr' id='par_1_27' title="bbox 2157 1068 3706 1148">
     <span class='ocr_line' id='line_1_27' title="bbox 2157 1068 3706 1148; baseline 0.001 -15"><span class='ocrx_word' id='word_1_187' title='bbox 2157 1080 2393 1148; x_wconf 81' lang='lat' dir='ltr'><strong>ferentur</strong></span> <span class='ocrx_word' id='word_1_188' title='bbox 2439 1092 2658 1146; x_wconf 82' lang='lat' dir='ltr'><strong>montes,</strong></span> <span class='ocrx_word' id='word_1_189' title='bbox 2713 1082 2764 1135; x_wconf 90' lang='lat' dir='ltr'><strong>id</strong></span> <span class='ocrx_word' id='word_1_190' title='bbox 2814 1091 2896 1137; x_wconf 84' lang='lat' dir='ltr'><strong>est</strong></span> <span class='ocrx_word' id='word_1_191' title='bbox 2940 1068 3202 1137; x_wconf 64' lang='lat' dir='ltr'><strong>doctrinae</strong></span> <span class='ocrx_word' id='word_1_192' title='bbox 3242 1081 3503 1135; x_wconf 89' lang='lat' dir='ltr'><strong>montium</strong></span> <span class='ocrx_word' id='word_1_193' title='bbox 3542 1085 3592 1136; x_wconf 90' lang='lat' dir='ltr'><strong>in</strong></span> <span class='ocrx_word' id='word_1_194' title='bbox 3630 1100 3706 1137; x_wconf 77' lang='lat' dir='ltr'><strong>cor</strong></span> 
     </span>
    </p>
   </div>
   <div class='ocr_carea' id='block_1_28' title="bbox 2156 1169 3705 1243">
    <p class='ocr_par' dir='ltr' id='par_1_28' title="bbox 2156 1169 3705 1243">
     <span class='ocr_line' id='line_1_28' title="bbox 2156 1169 3705 1243; baseline 0.004 -21"><span class='ocrx_word' id='word_1_195' title='bbox 2156 1171 2339 1235; x_wconf 89' lang='lat' dir='ltr'><strong>maris,</strong></span> <span class='ocrx_word' id='word_1_196' title='bbox 2378 1169 2432 1224; x_wconf 91' lang='lat' dir='ltr'><strong>id</strong></span> <span class='ocrx_word' id='word_1_197' title='bbox 2462 1179 2544 1225; x_wconf 86' lang='lat' dir='ltr'><strong>est</strong></span> <span class='ocrx_word' id='word_1_198' title='bbox 2571 1173 2833 1242; x_wconf 90' lang='lat' dir='ltr'><strong>gentium,</strong></span> <span class='ocrx_word' id='word_1_199' title='bbox 2861 1179 2922 1226; x_wconf 91' lang='lat' dir='ltr'><strong>ut</strong></span> <span class='ocrx_word' id='word_1_200' title='bbox 2948 1187 3052 1226; x_wconf 92' lang='lat' dir='ltr'><strong>non</strong></span> <span class='ocrx_word' id='word_1_201' title='bbox 3098 1173 3273 1227; x_wconf 90' lang='lat' dir='ltr'><strong>solum</strong></span> <span class='ocrx_word' id='word_1_202' title='bbox 3300 1172 3542 1243; x_wconf 90' lang='lat' dir='ltr'><strong>corporis</strong></span> <span class='ocrx_word' id='word_1_203' title='bbox 3574 1189 3705 1237; x_wconf 87' lang='lat' dir='ltr'><strong>aure,</strong></span> 
     </span>
    </p>
   </div>
   <div class='ocr_carea' id='block_1_29' title="bbox 2159 1263 3710 1335">
    <p class='ocr_par' dir='ltr' id='par_1_29' title="bbox 2159 1263 3710 1335">
     <span class='ocr_line' id='line_1_29' title="bbox 2159 1263 3710 1335; baseline 0.002 -19"><span class='ocrx_word' id='word_1_204' title='bbox 2159 1263 2250 1317; x_wconf 91' lang='lat' dir='ltr'><strong>sed</strong></span> <span class='ocrx_word' id='word_1_205' title='bbox 2274 1263 2437 1317; x_wconf 86' lang='lat' dir='ltr'><strong>etiam</strong></span> <span class='ocrx_word' id='word_1_206' title='bbox 2474 1276 2567 1318; x_wconf 87' lang='lat' dir='ltr'><strong>eas</strong></span> <span class='ocrx_word' id='word_1_207' title='bbox 2596 1264 2895 1335; x_wconf 87' lang='lat' dir='ltr'><strong>percipiant</strong></span> <span class='ocrx_word' id='word_1_208' title='bbox 2923 1266 3108 1320; x_wconf 90' lang='lat' dir='ltr'><strong>corde.</strong></span> <span class='ocrx_word' id='word_1_209' title='bbox 3152 1264 3231 1318; x_wconf 87' lang='lat' dir='ltr'><strong>Ne</strong></span> <span class='ocrx_word' id='word_1_210' title='bbox 3258 1280 3388 1320; x_wconf 86' lang='lat' dir='ltr'><strong>vero</strong></span> <span class='ocrx_word' id='word_1_211' title='bbox 3418 1274 3710 1335; x_wconf 86' lang='lat' dir='ltr'><strong>putarentur</strong></span> 
     </span>
    </p>
   </div>
   <div class='ocr_carea' id='block_1_30' title="bbox 2159 1353 3708 1428">
    <p class='ocr_par' dir='ltr' id='par_1_30' title="bbox 2159 1353 3708 1428">
     <span class='ocr_line' id='line_1_30' title="bbox 2159 1353 3708 1428; baseline 0.004 -21"><span class='ocrx_word' id='word_1_212' title='bbox 2159 1363 2370 1409; x_wconf 90' lang='lat' dir='ltr'><strong>montes</strong></span> <span class='ocrx_word' id='word_1_213' title='bbox 2394 1353 2513 1410; x_wconf 90' lang='lat' dir='ltr'><strong>ideo</strong></span> <span class='ocrx_word' id='word_1_214' title='bbox 2541 1356 2898 1411; x_wconf 80' lang='lat' dir='ltr'><strong>transferendi</strong></span> <span class='ocrx_word' id='word_1_215' title='bbox 2920 1370 3043 1413; x_wconf 88' lang='lat' dir='ltr'><strong>esse</strong></span> <span class='ocrx_word' id='word_1_216' title='bbox 3065 1356 3118 1411; x_wconf 93' lang='lat' dir='ltr'><strong>in</strong></span> <span class='ocrx_word' id='word_1_217' title='bbox 3145 1366 3357 1428; x_wconf 88' lang='lat' dir='ltr'><strong>gentes,</strong></span> <span class='ocrx_word' id='word_1_218' title='bbox 3385 1367 3446 1411; x_wconf 91' lang='lat' dir='ltr'><strong>ut</strong></span> <span class='ocrx_word' id='word_1_219' title='bbox 3463 1359 3530 1413; x_wconf 90' lang='lat' dir='ltr'><strong>ibi</strong></span> <span class='ocrx_word' id='word_1_220' title='bbox 3551 1358 3708 1413; x_wconf 88' lang='lat' dir='ltr'><strong>timide</strong></span> 
     </span>
    </p>
   </div>
   <div class='ocr_carea' id='block_1_31' title="bbox 2160 1446 3708 1518">
    <p class='ocr_par' dir='ltr' id='par_1_31' title="bbox 2160 1446 3708 1518">
     <span class='ocr_line' id='line_1_31' title="bbox 2160 1446 3708 1518; baseline 0.001 -17"><span class='ocrx_word' id='word_1_221' title='bbox 2160 1446 2414 1512; x_wconf 89' lang='lat' dir='ltr'><strong>laterent,</strong></span> <span class='ocrx_word' id='word_1_222' title='bbox 2444 1463 2547 1502; x_wconf 91' lang='lat' dir='ltr'><strong>non</strong></span> <span class='ocrx_word' id='word_1_223' title='bbox 2580 1457 2638 1503; x_wconf 91' lang='lat' dir='ltr'><strong>ut</strong></span> <span class='ocrx_word' id='word_1_224' title='bbox 2674 1449 2753 1503; x_wconf 92' lang='lat' dir='ltr'><strong>eis</strong></span> <span class='ocrx_word' id='word_1_225' title='bbox 2796 1449 3174 1518; x_wconf 66' lang='lat' dir='ltr'><strong>praedicarent,</strong></span> <span class='ocrx_word' id='word_1_226' title='bbox 3216 1450 3385 1504; x_wconf 85' lang='lat' dir='ltr'><strong>addit.</strong></span> <span class='ocrx_word' id='word_1_227' title='bbox 3430 1448 3557 1505; x_wconf 90' lang='lat' dir='ltr'><strong>Dico</strong></span> <span class='ocrx_word' id='word_1_228' title='bbox 3588 1451 3708 1518; x_wconf 85' lang='lat' dir='ltr'><strong>quod</strong></span> 
     </span>
    </p>
   </div>
   <div class='ocr_carea' id='block_1_32' title="bbox 2166 1540 3709 1609">
    <p class='ocr_par' dir='ltr' id='par_1_32' title="bbox 2166 1540 3709 1609">
     <span class='ocr_line' id='line_1_32' title="bbox 2166 1540 3709 1609; baseline 0.001 -17"><span class='ocrx_word' id='word_1_229' title='bbox 2166 1540 2548 1609; x_wconf 84' lang='lat' dir='ltr'><strong>transferentur</strong></span> <span class='ocrx_word' id='word_1_230' title='bbox 2575 1542 2629 1595; x_wconf 90' lang='lat' dir='ltr'><strong>in</strong></span> <span class='ocrx_word' id='word_1_231' title='bbox 2660 1556 2750 1595; x_wconf 86' lang='lat' dir='ltr'><strong>cor</strong></span> <span class='ocrx_word' id='word_1_232' title='bbox 2778 1542 2961 1609; x_wconf 86' lang='lat' dir='ltr'><strong>maris,</strong></span> <span class='ocrx_word' id='word_1_233' title='bbox 2993 1549 3047 1597; x_wconf 90' lang='lat' dir='ltr'><strong>et</strong></span> <span class='ocrx_word' id='word_1_234' title='bbox 3088 1541 3163 1596; x_wconf 92' lang='lat' dir='ltr'><strong>ibi</strong></span> <span class='ocrx_word' id='word_1_235' title='bbox 3195 1556 3302 1597; x_wconf 92' lang='lat' dir='ltr'><strong>non</strong></span> <span class='ocrx_word' id='word_1_236' title='bbox 3336 1542 3597 1606; x_wconf 88' lang='lat' dir='ltr'><strong>latebunt,</strong></span> <span class='ocrx_word' id='word_1_237' title='bbox 3630 1544 3709 1597; x_wconf 86' lang='lat' dir='ltr'><strong>sed</strong></span> 
     </span>
    </p>
   </div>
   <div class='ocr_carea' id='block_1_33' title="bbox 2163 1632 3708 1702">
    <p class='ocr_par' dir='ltr' id='par_1_33' title="bbox 2163 1632 3708 1702">
     <span class='ocr_line' id='line_1_33' title="bbox 2163 1632 3708 1702; baseline 0.001 -18"><span class='ocrx_word' id='word_1_238' title='bbox 2163 1641 2471 1699; x_wconf 81' lang='lat' dir='ltr'><strong>sonuerunt,</strong></span> <span class='ocrx_word' id='word_1_239' title='bbox 2501 1633 2551 1685; x_wconf 88' lang='lat' dir='ltr'><strong>id</strong></span> <span class='ocrx_word' id='word_1_240' title='bbox 2574 1640 2655 1687; x_wconf 84' lang='lat' dir='ltr'><strong>est</strong></span> <span class='ocrx_word' id='word_1_241' title='bbox 2682 1640 2868 1702; x_wconf 89' lang='lat' dir='ltr'><strong>aperte</strong></span> <span class='ocrx_word' id='word_1_242' title='bbox 2895 1632 2976 1688; x_wconf 92' lang='lat' dir='ltr'><strong>eis</strong></span> <span class='ocrx_word' id='word_1_243' title='bbox 3008 1632 3406 1701; x_wconf 68' lang='lat' dir='ltr'><strong>praedicabunt,</strong></span> <span class='ocrx_word' id='word_1_244' title='bbox 3434 1632 3499 1685; x_wconf 90' lang='lat' dir='ltr'><strong>ad</strong></span> <span class='ocrx_word' id='word_1_245' title='bbox 3520 1635 3708 1687; x_wconf 90' lang='lat' dir='ltr'><strong>modum</strong></span> 
     </span>
    </p>
   </div>
   <div class='ocr_carea' id='block_1_34' title="bbox 485 1722 3711 1805">
    <p class='ocr_par' dir='ltr' id='par_1_34' title="bbox 485 1722 3711 1805">
     <span class='ocr_line' id='line_1_34' title="bbox 485 1722 3711 1805; baseline 0.001 -20"><span class='ocrx_word' id='word_1_246' title='bbox 485 1741 696 1787; x_wconf 86' lang='lat' dir='ltr'><strong>menter</strong></span> <span class='ocrx_word' id='word_1_247' title='bbox 731 1741 858 1787; x_wconf 89' lang='lat' dir='ltr'><strong>sunt</strong></span> <span class='ocrx_word' id='word_1_248' title='bbox 897 1732 1334 1788; x_wconf 88' lang='lat' dir='ltr'><strong>tribulationibus</strong></span> <span class='ocrx_word' id='word_1_249' title='bbox 1360 1731 1555 1785; x_wconf 89' lang='lat' dir='ltr'><strong>attriti.</strong></span> <span class='ocrx_word' id='word_1_250' title='bbox 1589 1730 1719 1805; x_wconf 61' lang='lat' dir='ltr'><strong>Quae</strong></span> <span class='ocrx_word' id='word_1_251' title='bbox 1754 1729 1934 1784; x_wconf 90' lang='lat' dir='ltr'><strong>omnia</strong></span> <span class='ocrx_word' id='word_1_252' title='bbox 1972 1745 2060 1783; x_wconf 89' lang='lat' dir='ltr'><strong>ar—</strong></span> <span class='ocrx_word' id='word_1_253' title='bbox 2092 1723 2134 1777; x_wconf 90' lang='lat' dir='ltr'><strong>B</strong></span> <span class='ocrx_word' id='word_1_254' title='bbox 2162 1722 2279 1776; x_wconf 89' lang='lat' dir='ltr'><strong>soni</strong></span> <span class='ocrx_word' id='word_1_255' title='bbox 2307 1738 2427 1791; x_wconf 65' lang='lat' dir='ltr'><strong>qua:</strong></span> <span class='ocrx_word' id='word_1_256' title='bbox 2454 1738 2539 1777; x_wconf 90' lang='lat' dir='ltr'><strong>res</strong></span> <span class='ocrx_word' id='word_1_257' title='bbox 2566 1732 2753 1792; x_wconf 89' lang='lat' dir='ltr'><strong>aperta</strong></span> <span class='ocrx_word' id='word_1_258' title='bbox 2781 1734 2894 1789; x_wconf 73' lang='lat' dir='ltr'><strong>est;</strong></span> <span class='ocrx_word' id='word_1_259' title='bbox 2928 1732 3193 1779; x_wconf 85' lang='lat' dir='ltr'><strong>eteorum</strong></span> <span class='ocrx_word' id='word_1_260' title='bbox 3223 1738 3380 1789; x_wconf 66' lang='lat' dir='ltr'><strong>sor-0.</strong></span> <span class='ocrx_word' id='word_1_261' title='bbox 3418 1724 3469 1778; x_wconf 75' lang='lat' dir='ltr'><strong>id</strong></span> <span class='ocrx_word' id='word_1_262' title='bbox 3497 1732 3575 1780; x_wconf 64' lang='lat' dir='ltr'><strong>est</strong></span> <span class='ocrx_word' id='word_1_263' title='bbox 3598 1739 3711 1794; x_wconf 68' lang='grc' dir='ltr'><strong>[πω-</strong></span> 
     </span>
    </p>
   </div>
   <div class='ocr_carea' id='block_1_35' title="bbox 482 1819 2061 1891">
    <p class='ocr_par' dir='ltr' id='par_1_35' title="bbox 482 1819 2061 1891">
     <span class='ocr_line' id='line_1_35' title="bbox 482 1819 2061 1891; baseline -0.001 -16"><span class='ocrx_word' id='word_1_264' title='bbox 482 1836 618 1876; x_wconf 84' lang='lat' dir='ltr'><strong>cana</strong></span> <span class='ocrx_word' id='word_1_265' title='bbox 657 1832 805 1887; x_wconf 91' lang='lat' dir='ltr'><strong>sunt,</strong></span> <span class='ocrx_word' id='word_1_266' title='bbox 839 1831 895 1877; x_wconf 90' lang='lat' dir='ltr'><strong>et</strong></span> <span class='ocrx_word' id='word_1_267' title='bbox 938 1838 969 1876; x_wconf 91' lang='lat' dir='ltr'><strong>a</strong></span> <span class='ocrx_word' id='word_1_268' title='bbox 1008 1822 1193 1891; x_wconf 87' lang='lat' dir='ltr'><strong>paucis</strong></span> <span class='ocrx_word' id='word_1_269' title='bbox 1234 1820 1319 1875; x_wconf 89' lang='lat' dir='ltr'><strong>vel</strong></span> <span class='ocrx_word' id='word_1_270' title='bbox 1354 1836 1384 1875; x_wconf 90' lang='lat' dir='ltr'><strong>a</strong></span> <span class='ocrx_word' id='word_1_271' title='bbox 1414 1820 1573 1874; x_wconf 91' lang='lat' dir='ltr'><strong>nullis</strong></span> <span class='ocrx_word' id='word_1_272' title='bbox 1611 1819 1823 1890; x_wconf 85' lang='lat' dir='ltr'><strong>cognita</strong></span> <span class='ocrx_word' id='word_1_273' title='bbox 1847 1860 1861 1885; x_wconf 94' lang='lat'><strong>,</strong></span> <span class='ocrx_word' id='word_1_274' title='bbox 1890 1834 2061 1888; x_wconf 88' lang='lat' dir='ltr'><strong>quare</strong></span> 
     </span>
    </p>
   </div>
   <div class='ocr_carea' id='block_1_36' title="bbox 484 1908 2064 1982">
    <p class='ocr_par' dir='ltr' id='par_1_36' title="bbox 484 1908 2064 1982">
     <span class='ocr_line' id='line_1_36' title="bbox 484 1908 2064 1982; baseline -0.002 -16"><span class='ocrx_word' id='word_1_275' title='bbox 484 1912 596 1966; x_wconf 78' lang='lat' dir='ltr'><strong>sint</strong></span> <span class='ocrx_word' id='word_1_276' title='bbox 640 1928 669 1964; x_wconf 90' lang='lat' dir='ltr'><strong>a</strong></span> <span class='ocrx_word' id='word_1_277' title='bbox 710 1913 820 1966; x_wconf 92' lang='lat' dir='ltr'><strong>Deo</strong></span> <span class='ocrx_word' id='word_1_278' title='bbox 851 1912 931 1967; x_wconf 88' lang='lat' dir='ltr'><strong>sic</strong></span> <span class='ocrx_word' id='word_1_279' title='bbox 986 1913 1315 1982; x_wconf 86' lang='lat' dir='ltr'><strong>dispensata.</strong></span> <span class='ocrx_word' id='word_1_280' title='bbox 1349 1912 1416 1965; x_wconf 85' lang='lat' dir='ltr'><strong>Et</strong></span> <span class='ocrx_word' id='word_1_281' title='bbox 1453 1912 1747 1965; x_wconf 88' lang='lat' dir='ltr'><strong>notandum</strong></span> <span class='ocrx_word' id='word_1_282' title='bbox 1795 1910 1939 1980; x_wconf 91' lang='lat' dir='ltr'><strong>quod</strong></span> <span class='ocrx_word' id='word_1_283' title='bbox 1974 1908 2064 1963; x_wconf 88' lang='lat' dir='ltr'><strong>hic</strong></span> 
     </span>
    </p>
   </div>
   <div class='ocr_carea' id='block_1_37' title="bbox 486 1999 2064 2070">
    <p class='ocr_par' dir='ltr' id='par_1_37' title="bbox 486 1999 2064 2070">
     <span class='ocr_line' id='line_1_37' title="bbox 486 1999 2064 2070; baseline -0.001 -16"><span class='ocrx_word' id='word_1_284' title='bbox 486 2002 902 2058; x_wconf 79' lang='lat' dir='ltr'><strong>introducantur</strong></span> <span class='ocrx_word' id='word_1_285' title='bbox 932 2002 1118 2057; x_wconf 84' lang='lat' dir='ltr'><strong>fideles</strong></span> <span class='ocrx_word' id='word_1_286' title='bbox 1149 2002 1433 2070; x_wconf 91' lang='lat' dir='ltr'><strong>primitivi,</strong></span> <span class='ocrx_word' id='word_1_287' title='bbox 1455 2016 1563 2055; x_wconf 89' lang='lat' dir='ltr'><strong>non</strong></span> <span class='ocrx_word' id='word_1_288' title='bbox 1594 1999 1870 2070; x_wconf 74' lang='lat' dir='ltr'><strong>praeterite</strong></span> <span class='ocrx_word' id='word_1_289' title='bbox 1898 2014 2064 2069; x_wconf 85' lang='lat' dir='ltr'><strong>agen-</strong></span> 
     </span>
    </p>
   </div>
   <div class='ocr_carea' id='block_1_38' title="bbox 486 2092 2064 2162">
    <p class='ocr_par' dir='ltr' id='par_1_38' title="bbox 486 2092 2064 2162">
     <span class='ocr_line' id='line_1_38' title="bbox 486 2092 2064 2162; baseline 0 -15"><span class='ocrx_word' id='word_1_290' title='bbox 486 2103 590 2157; x_wconf 88' lang='lat' dir='ltr'><strong>tes,</strong></span> <span class='ocrx_word' id='word_1_291' title='bbox 622 2095 850 2149; x_wconf 90' lang='lat' dir='ltr'><strong>dicendo</strong></span> <span class='ocrx_word' id='word_1_292' title='bbox 877 2110 937 2150; x_wconf 88' lang='lat' dir='ltr'><strong>se</strong></span> <span class='ocrx_word' id='word_1_293' title='bbox 972 2103 1284 2150; x_wconf 85' lang='lat' dir='ltr'><strong>constantes</strong></span> <span class='ocrx_word' id='word_1_294' title='bbox 1308 2092 1506 2159; x_wconf 86' lang='lat' dir='ltr'><strong>fuisse;</strong></span> <span class='ocrx_word' id='word_1_295' title='bbox 1544 2093 1638 2147; x_wconf 87' lang='lat' dir='ltr'><strong>sed</strong></span> <span class='ocrx_word' id='word_1_296' title='bbox 1681 2093 2064 2162; x_wconf 89' lang='lat' dir='ltr'><strong>promittentes</strong></span> 
     </span>
    </p>
   </div>
   <div class='ocr_carea' id='block_1_39' title="bbox 489 2182 2065 2251">
    <p class='ocr_par' dir='ltr' id='par_1_39' title="bbox 489 2182 2065 2251">
     <span class='ocr_line' id='line_1_39' title="bbox 489 2182 2065 2251; baseline 0 -14"><span class='ocrx_word' id='word_1_297' title='bbox 489 2200 548 2238; x_wconf 85' lang='lat' dir='ltr'><strong>se</strong></span> <span class='ocrx_word' id='word_1_298' title='bbox 580 2194 894 2241; x_wconf 87' lang='lat' dir='ltr'><strong>constantes</strong></span> <span class='ocrx_word' id='word_1_299' title='bbox 926 2186 1137 2245; x_wconf 89' lang='lat' dir='ltr'><strong>futuros</strong></span> <span class='ocrx_word' id='word_1_300' title='bbox 1179 2187 1231 2238; x_wconf 91' lang='lat' dir='ltr'><strong>in</strong></span> <span class='ocrx_word' id='word_1_301' title='bbox 1266 2184 1728 2247; x_wconf 88' lang='lat' dir='ltr'><strong>tribulationibus,</strong></span> <span class='ocrx_word' id='word_1_302' title='bbox 1762 2198 1884 2251; x_wconf 74' lang='lat' dir='ltr'><strong>qua:</strong></span> <span class='ocrx_word' id='word_1_303' title='bbox 1919 2198 1948 2236; x_wconf 91' lang='lat' dir='ltr'><strong>a</strong></span> <span class='ocrx_word' id='word_1_304' title='bbox 1972 2182 2065 2237; x_wconf 87' lang='lat' dir='ltr'><strong>Ju-</strong></span> 
     </span>
    </p>
   </div>
   <div class='ocr_carea' id='block_1_40' title="bbox 489 2276 2069 2345">
    <p class='ocr_par' dir='ltr' id='par_1_40' title="bbox 489 2276 2069 2345">
     <span class='ocr_line' id='line_1_40' title="bbox 489 2276 2069 2345; baseline 0 -16"><span class='ocrx_word' id='word_1_305' title='bbox 489 2277 621 2330; x_wconf 68' lang='lat' dir='ltr'><strong>da~is</strong></span> <span class='ocrx_word' id='word_1_306' title='bbox 652 2276 953 2331; x_wconf 88' lang='lat' dir='ltr'><strong>infercntur</strong></span> <span class='ocrx_word' id='word_1_307' title='bbox 974 2288 1068 2332; x_wconf 90' lang='lat' dir='ltr'><strong>eta</strong></span> <span class='ocrx_word' id='word_1_308' title='bbox 1088 2278 1365 2344; x_wconf 80' lang='lat' dir='ltr'><strong>gentibus,</strong></span> <span class='ocrx_word' id='word_1_309' title='bbox 1387 2276 1838 2345; x_wconf 77' lang='lat' dir='ltr'><strong>inpracdicatione</strong></span> <span class='ocrx_word' id='word_1_310' title='bbox 1859 2283 2069 2343; x_wconf 85' lang='lat' dir='ltr'><strong>aposto-</strong></span> 
     </span>
    </p>
   </div>
   <div class='ocr_carea' id='block_1_41' title="bbox 486 2366 2067 2433">
    <p class='ocr_par' dir='ltr' id='par_1_41' title="bbox 486 2366 2067 2433">
     <span class='ocr_line' id='line_1_41' title="bbox 486 2366 2067 2433; baseline 0.001 -16"><span class='ocrx_word' id='word_1_311' title='bbox 486 2366 684 2433; x_wconf 86' lang='lat' dir='ltr'><strong>lorum,</strong></span> <span class='ocrx_word' id='word_1_312' title='bbox 737 2376 792 2420; x_wconf 90' lang='grc' dir='ltr'><strong>ει</strong></span> <span class='ocrx_word' id='word_1_313' title='bbox 833 2368 937 2421; x_wconf 88' lang='lat' dir='ltr'><strong>hoc</strong></span> <span class='ocrx_word' id='word_1_314' title='bbox 986 2369 1054 2421; x_wconf 87' lang='lat' dir='ltr'><strong>ad</strong></span> <span class='ocrx_word' id='word_1_315' title='bbox 1095 2368 1509 2420; x_wconf 88' lang='lat' dir='ltr'><strong>instructionem</strong></span> <span class='ocrx_word' id='word_1_316' title='bbox 1553 2366 1782 2419; x_wconf 91' lang='lat' dir='ltr'><strong>aliorum</strong></span> <span class='ocrx_word' id='word_1_317' title='bbox 1833 2366 2067 2419; x_wconf 83' lang='lat' dir='ltr'><strong>filiorum</strong></span> 
     </span>
    </p>
   </div>
   <div class='ocr_carea' id='block_1_42' title="bbox 487 2456 2070 2525">
    <p class='ocr_par' dir='ltr' id='par_1_42' title="bbox 487 2456 2070 2525">
     <span class='ocr_line' id='line_1_42' title="bbox 487 2456 2070 2525; baseline -0.001 -13"><span class='ocrx_word' id='word_1_318' title='bbox 487 2456 647 2512; x_wconf 83' lang='lat' dir='ltr'><strong>Core.</strong></span> <span class='ocrx_word' id='word_1_319' title='bbox 680 2456 748 2511; x_wconf 87' lang='lat' dir='ltr'><strong>Et</strong></span> <span class='ocrx_word' id='word_1_320' title='bbox 789 2457 982 2511; x_wconf 90' lang='lat' dir='ltr'><strong>melius</strong></span> <span class='ocrx_word' id='word_1_321' title='bbox 1013 2457 1192 2511; x_wconf 85' lang='lat' dir='ltr'><strong>future</strong></span> <span class='ocrx_word' id='word_1_322' title='bbox 1232 2457 1647 2511; x_wconf 88' lang='lat' dir='ltr'><strong>introducuntur</strong></span> <span class='ocrx_word' id='word_1_323' title='bbox 1682 2472 1843 2525; x_wconf 91' lang='lat' dir='ltr'><strong>quam</strong></span> <span class='ocrx_word' id='word_1_324' title='bbox 1873 2464 2070 2524; x_wconf 81' lang='lat' dir='ltr'><strong>praete-</strong></span> 
     </span>
    </p>
   </div>
   <div class='ocr_carea' id='block_1_43' title="bbox 491 2546 2069 2616">
    <p class='ocr_par' dir='ltr' id='par_1_43' title="bbox 491 2546 2069 2616">
     <span class='ocr_line' id='line_1_43' title="bbox 491 2546 2069 2616; baseline 0.001 -18"><span class='ocrx_word' id='word_1_325' title='bbox 491 2547 613 2610; x_wconf 88' lang='lat' dir='ltr'><strong>rite,</strong></span> <span class='ocrx_word' id='word_1_326' title='bbox 642 2555 722 2612; x_wconf 80' lang='lat' dir='ltr'><strong>ut,</strong></span> <span class='ocrx_word' id='word_1_327' title='bbox 744 2562 866 2602; x_wconf 91' lang='lat' dir='ltr'><strong>cum</strong></span> <span class='ocrx_word' id='word_1_328' title='bbox 888 2561 944 2601; x_wconf 92' lang='lat' dir='ltr'><strong>se</strong></span> <span class='ocrx_word' id='word_1_329' title='bbox 967 2547 1286 2616; x_wconf 86' lang='lat' dir='ltr'><strong>prophetico</strong></span> <span class='ocrx_word' id='word_1_330' title='bbox 1304 2546 1509 2616; x_wconf 87' lang='lat' dir='ltr'><strong>Spiritu</strong></span> <span class='ocrx_word' id='word_1_331' title='bbox 1528 2547 1637 2616; x_wconf 84' lang='lat' dir='ltr'><strong>jam</strong></span> <span class='ocrx_word' id='word_1_332' title='bbox 1659 2546 1914 2615; x_wconf 83' lang='lat' dir='ltr'><strong>praescios</strong></span> <span class='ocrx_word' id='word_1_333' title='bbox 1940 2561 2069 2601; x_wconf 77' lang='lat' dir='ltr'><strong>con-&#39;-</strong></span> 
     </span>
    </p>
   </div>
   <div class='ocr_carea' id='block_1_44' title="bbox 488 2636 2071 2706">
    <p class='ocr_par' dir='ltr' id='par_1_44' title="bbox 488 2636 2071 2706">
     <span class='ocr_line' id='line_1_44' title="bbox 488 2636 2071 2706; baseline 0.001 -17"><span class='ocrx_word' id='word_1_334' title='bbox 488 2644 697 2691; x_wconf 88' lang='lat' dir='ltr'><strong>stantes</strong></span> <span class='ocrx_word' id='word_1_335' title='bbox 730 2647 786 2691; x_wconf 87' lang='lat' dir='ltr'><strong>et</strong></span> <span class='ocrx_word' id='word_1_336' title='bbox 824 2637 1121 2706; x_wconf 86' lang='lat' dir='ltr'><strong>intrepidos</strong></span> <span class='ocrx_word' id='word_1_337' title='bbox 1160 2637 1475 2701; x_wconf 88' lang='lat' dir='ltr'><strong>ostendunt,</strong></span> <span class='ocrx_word' id='word_1_338' title='bbox 1528 2650 1874 2691; x_wconf 84' lang='lat' dir='ltr'><strong>successores</strong></span> <span class='ocrx_word' id='word_1_339' title='bbox 1932 2636 2071 2690; x_wconf 81' lang='lat' dir='ltr'><strong>filios</strong></span> 
     </span>
    </p>
   </div>
   <div class='ocr_carea' id='block_1_45' title="bbox 492 2724 2071 2796">
    <p class='ocr_par' dir='ltr' id='par_1_45' title="bbox 492 2724 2071 2796">
     <span class='ocr_line' id='line_1_45' title="bbox 492 2724 2071 2796; baseline 0.002 -17"><span class='ocrx_word' id='word_1_340' title='bbox 492 2724 634 2780; x_wconf 86' lang='lat' dir='ltr'><strong>Core</strong></span> <span class='ocrx_word' id='word_1_341' title='bbox 666 2725 734 2780; x_wconf 90' lang='lat' dir='ltr'><strong>ad</strong></span> <span class='ocrx_word' id='word_1_342' title='bbox 765 2728 1126 2781; x_wconf 75' lang='lat' dir='ltr'><strong>constantiam</strong></span> <span class='ocrx_word' id='word_1_343' title='bbox 1165 2727 1410 2796; x_wconf 85' lang='lat' dir='ltr'><strong>exemplo</strong></span> <span class='ocrx_word' id='word_1_344' title='bbox 1458 2729 1541 2782; x_wconf 92' lang='lat' dir='ltr'><strong>sui</strong></span> <span class='ocrx_word' id='word_1_345' title='bbox 1585 2729 1834 2782; x_wconf 82' lang='lat' dir='ltr'><strong>invitent.</strong></span> <span class='ocrx_word' id='word_1_346' title='bbox 1877 2727 2071 2784; x_wconf 78' lang='lat' dir='ltr'><strong>Osten-</strong></span> 
     </span>
    </p>
   </div>
   <div class='ocr_carea' id='block_1_46' title="bbox 493 2815 2069 2885">
    <p class='ocr_par' dir='ltr' id='par_1_46' title="bbox 493 2815 2069 2885">
     <span class='ocr_line' id='line_1_46' title="bbox 493 2815 2069 2885; baseline 0.004 -18"><span class='ocrx_word' id='word_1_347' title='bbox 493 2815 628 2869; x_wconf 86' lang='lat' dir='ltr'><strong>dunt</strong></span> <span class='ocrx_word' id='word_1_348' title='bbox 649 2816 810 2883; x_wconf 89' lang='lat' dir='ltr'><strong>etiam</strong></span> <span class='ocrx_word' id='word_1_349' title='bbox 838 2816 1221 2885; x_wconf 85' lang='lat' dir='ltr'><strong>praedicatores</strong></span> <span class='ocrx_word' id='word_1_350' title='bbox 1244 2816 1298 2870; x_wconf 89' lang='lat' dir='ltr'><strong>in</strong></span> <span class='ocrx_word' id='word_1_351' title='bbox 1323 2815 1761 2871; x_wconf 87' lang='lat' dir='ltr'><strong>tribulationibus</strong></span> <span class='ocrx_word' id='word_1_352' title='bbox 1782 2830 1813 2870; x_wconf 88' lang='lat' dir='ltr'><strong>a</strong></span> <span class='ocrx_word' id='word_1_353' title='bbox 1840 2816 2069 2873; x_wconf 92' lang='lat' dir='ltr'><strong>Domino</strong></span> 
     </span>
    </p>
   </div>
   <div class='ocr_carea' id='block_1_47' title="bbox 496 2906 2070 2978">
    <p class='ocr_par' dir='ltr' id='par_1_47' title="bbox 496 2906 2070 2978">
     <span class='ocr_line' id='line_1_47' title="bbox 496 2906 2070 2978; baseline 0.003 -18"><span class='ocrx_word' id='word_1_354' title='bbox 496 2920 618 2961; x_wconf 91' lang='lat' dir='ltr'><strong>esse</strong></span> <span class='ocrx_word' id='word_1_355' title='bbox 644 2906 999 2963; x_wconf 74' lang='lat' dir='ltr'><strong>lretificandos</strong></span> <span class='ocrx_word' id='word_1_356' title='bbox 1023 2916 1078 2963; x_wconf 92' lang='grc' dir='ltr'><strong>ει</strong></span> <span class='ocrx_word' id='word_1_357' title='bbox 1105 2908 1506 2964; x_wconf 77' lang='lat' dir='ltr'><strong>confirmandos</strong></span> <span class='ocrx_word' id='word_1_358' title='bbox 1535 2916 1590 2963; x_wconf 89' lang='lat' dir='ltr'><strong>et</strong></span> <span class='ocrx_word' id='word_1_359' title='bbox 1621 2909 1981 2978; x_wconf 88' lang='lat' dir='ltr'><strong>adjuvandos,</strong></span> <span class='ocrx_word' id='word_1_360' title='bbox 2009 2916 2070 2964; x_wconf 86' lang='lat' dir='ltr'><strong>ut</strong></span> 
     </span>
    </p>
   </div>
   <div class='ocr_carea' id='block_1_48' title="bbox 490 2997 2072 3068">
    <p class='ocr_par' dir='ltr' id='par_1_48' title="bbox 490 2997 2072 3068">
     <span class='ocr_line' id='line_1_48' title="bbox 490 2997 2072 3068; baseline 0.002 -18"><span class='ocrx_word' id='word_1_361' title='bbox 490 2997 621 3059; x_wconf 79' lang='lat' dir='ltr'><strong>filiis</strong></span> <span class='ocrx_word' id='word_1_362' title='bbox 644 2997 783 3053; x_wconf 91' lang='lat' dir='ltr'><strong>Core</strong></span> <span class='ocrx_word' id='word_1_363' title='bbox 808 3000 1006 3068; x_wconf 84' lang='lat' dir='ltr'><strong>quibus</strong></span> <span class='ocrx_word' id='word_1_364' title='bbox 1034 3009 1203 3067; x_wconf 76' lang='lat' dir='ltr'><strong>agitat</strong></span> <span class='ocrx_word' id='word_1_365' title='bbox 1240 2999 1381 3053; x_wconf 85' lang='lat' dir='ltr'><strong>istud</strong></span> <span class='ocrx_word' id='word_1_366' title='bbox 1414 3000 1551 3055; x_wconf 90' lang='lat' dir='ltr'><strong>idem</strong></span> <span class='ocrx_word' id='word_1_367' title='bbox 1588 3001 1817 3056; x_wconf 89' lang='lat' dir='ltr'><strong>innuant</strong></span> <span class='ocrx_word' id='word_1_368' title='bbox 1842 3014 1961 3054; x_wconf 90' lang='lat' dir='ltr'><strong>esse</strong></span> <span class='ocrx_word' id='word_1_369' title='bbox 1988 3000 2072 3053; x_wconf 92' lang='lat' dir='ltr'><strong>l&#39;u-</strong></span> 
     </span>
    </p>
   </div>
   <div class='ocr_carea' id='block_1_49' title="bbox 2166 1814 3712 1882">
    <p class='ocr_par' dir='ltr' id='par_1_49' title="bbox 2166 1814 3712 1882">
     <span class='ocr_line' id='line_1_49' title="bbox 2166 1814 3712 1882; baseline 0 -13"><span class='ocrx_word' id='word_1_370' title='bbox 2166 1814 2455 1882; x_wconf 89' lang='lat' dir='ltr'><strong>dicatione,</strong></span> <span class='ocrx_word' id='word_1_371' title='bbox 2488 1815 2711 1869; x_wconf 75' lang='lat' dir='ltr'><strong>turbatw</strong></span> <span class='ocrx_word' id='word_1_372' title='bbox 2740 1824 2884 1882; x_wconf 90' lang='lat' dir='ltr'><strong>sunt,</strong></span> <span class='ocrx_word' id='word_1_373' title='bbox 2917 1814 2969 1870; x_wconf 90' lang='lat' dir='ltr'><strong>id</strong></span> <span class='ocrx_word' id='word_1_374' title='bbox 3010 1827 3093 1870; x_wconf 92' lang='lat' dir='ltr'><strong>est</strong></span> <span class='ocrx_word' id='word_1_375' title='bbox 3123 1815 3511 1882; x_wconf 88' lang='lat' dir='ltr'><strong>turbabuntur;</strong></span> <span class='ocrx_word' id='word_1_376' title='bbox 3544 1817 3611 1870; x_wconf 88' lang='lat' dir='ltr'><strong>ita</strong></span> <span class='ocrx_word' id='word_1_377' title='bbox 3635 1816 3712 1869; x_wconf 88' lang='lat' dir='ltr'><strong>ad-</strong></span> 
     </span>
    </p>
   </div>
   <div class='ocr_carea' id='block_1_50' title="bbox 2164 1904 3708 1977">
    <p class='ocr_par' dir='ltr' id='par_1_50' title="bbox 2164 1904 3708 1977">
     <span class='ocr_line' id='line_1_50' title="bbox 2164 1904 3708 1977; baseline 0.001 -19"><span class='ocrx_word' id='word_1_378' title='bbox 2164 1920 2355 1961; x_wconf 87' lang='lat' dir='ltr'><strong>versus</strong></span> <span class='ocrx_word' id='word_1_379' title='bbox 2378 1914 2609 1971; x_wconf 88' lang='lat' dir='ltr'><strong>montes,</strong></span> <span class='ocrx_word' id='word_1_380' title='bbox 2638 1924 2789 1977; x_wconf 70' lang='lat' dir='ltr'><strong>aqua:</strong></span> <span class='ocrx_word' id='word_1_381' title='bbox 2805 1923 3006 1974; x_wconf 89' lang='lat' dir='ltr'><strong>eorum,</strong></span> <span class='ocrx_word' id='word_1_382' title='bbox 3034 1906 3083 1961; x_wconf 88' lang='lat' dir='ltr'><strong>id</strong></span> <span class='ocrx_word' id='word_1_383' title='bbox 3110 1914 3196 1961; x_wconf 91' lang='lat' dir='ltr'><strong>est</strong></span> <span class='ocrx_word' id='word_1_384' title='bbox 3215 1906 3397 1976; x_wconf 88' lang='lat' dir='ltr'><strong>populi</strong></span> <span class='ocrx_word' id='word_1_385' title='bbox 3421 1904 3532 1973; x_wconf 82' lang='lat' dir='ltr'><strong>ejus</strong></span> <span class='ocrx_word' id='word_1_386' title='bbox 3550 1908 3708 1962; x_wconf 88' lang='lat' dir='ltr'><strong>maris.</strong></span> 
     </span>
    </p>
   </div>
   <div class='ocr_carea' id='block_1_51' title="bbox 2168 1996 3714 2067">
    <p class='ocr_par' dir='ltr' id='par_1_51' title="bbox 2168 1996 3714 2067">
     <span class='ocr_line' id='line_1_51' title="bbox 2168 1996 3714 2067; baseline 0.001 -17"><span class='ocrx_word' id='word_1_387' title='bbox 2168 1996 2372 2051; x_wconf 88' lang='lat' dir='ltr'><strong>Eorum</strong></span> <span class='ocrx_word' id='word_1_388' title='bbox 2401 1997 2552 2066; x_wconf 85' lang='lat' dir='ltr'><strong>ponit</strong></span> <span class='ocrx_word' id='word_1_389' title='bbox 2584 1997 2885 2067; x_wconf 87' lang='lat' dir='ltr'><strong>pluraliter,</strong></span> <span class='ocrx_word' id='word_1_390' title='bbox 2928 1998 3053 2067; x_wconf 91' lang='lat' dir='ltr'><strong>quia</strong></span> <span class='ocrx_word' id='word_1_391' title='bbox 3087 2012 3237 2051; x_wconf 89' lang='lat' dir='ltr'><strong>mare</strong></span> <span class='ocrx_word' id='word_1_392' title='bbox 3271 1996 3603 2053; x_wconf 86' lang='lat' dir='ltr'><strong>collectivum</strong></span> <span class='ocrx_word' id='word_1_393' title='bbox 3637 2012 3714 2052; x_wconf 57' lang='lat' dir='ltr'><strong>ut»</strong></span> 
     </span>
    </p>
   </div>
   <div class='ocr_carea' id='block_1_52' title="bbox 2169 2076 3714 2158">
    <p class='ocr_par' dir='ltr' id='par_1_52' title="bbox 2169 2076 3714 2158">
     <span class='ocr_line' id='line_1_52' title="bbox 2169 2076 3714 2158; baseline 0.001 -17"><span class='ocrx_word' id='word_1_394' title='bbox 2169 2102 2291 2141; x_wconf 89' lang='lat' dir='ltr'><strong>men</strong></span> <span class='ocrx_word' id='word_1_395' title='bbox 2320 2095 2419 2150; x_wconf 88' lang='lat' dir='ltr'><strong>est,</strong></span> <span class='ocrx_word' id='word_1_396' title='bbox 2454 2095 2507 2141; x_wconf 90' lang='lat' dir='ltr'><strong>et</strong></span> <span class='ocrx_word' id='word_1_397' title='bbox 2539 2087 2705 2142; x_wconf 90' lang='lat' dir='ltr'><strong>multa</strong></span> <span class='ocrx_word' id='word_1_398' title='bbox 2730 2076 3021 2158; x_wconf 78' lang='lat' dir='ltr'><strong>significat.</strong></span> <span class='ocrx_word' id='word_1_399' title='bbox 3050 2088 3159 2143; x_wconf 87' lang='lat' dir='ltr'><strong>Cur</strong></span> <span class='ocrx_word' id='word_1_400' title='bbox 3181 2096 3364 2141; x_wconf 90' lang='lat' dir='ltr'><strong>autem</strong></span> <span class='ocrx_word' id='word_1_401' title='bbox 3390 2088 3560 2158; x_wconf 90' lang='lat' dir='ltr'><strong>populi</strong></span> <span class='ocrx_word' id='word_1_402' title='bbox 3586 2104 3714 2157; x_wconf 61' lang='lat' dir='ltr'><strong>aqua)</strong></span> 
     </span>
    </p>
   </div>
   <div class='ocr_carea' id='block_1_53' title="bbox 2170 2179 3714 2250">
    <p class='ocr_par' dir='ltr' id='par_1_53' title="bbox 2170 2179 3714 2250">
     <span class='ocr_line' id='line_1_53' title="bbox 2170 2179 3714 2250; baseline -0.001 -17"><span class='ocrx_word' id='word_1_403' title='bbox 2170 2179 2531 2243; x_wconf 54' lang='lat' dir='ltr'><strong>dicanturﬁin</strong></span> <span class='ocrx_word' id='word_1_404' title='bbox 2560 2179 2822 2248; x_wconf 90' lang='lat' dir='ltr'><strong>psalnmm</strong></span> <span class='ocrx_word' id='word_1_405' title='bbox 2846 2180 3082 2250; x_wconf 90' lang='lat' dir='ltr'><strong>primum</strong></span> <span class='ocrx_word' id='word_1_406' title='bbox 3120 2180 3325 2235; x_wconf 91' lang='lat' dir='ltr'><strong>dictum</strong></span> <span class='ocrx_word' id='word_1_407' title='bbox 3362 2189 3464 2236; x_wconf 89' lang='lat' dir='ltr'><strong>est.</strong></span> <span class='ocrx_word' id='word_1_408' title='bbox 3504 2179 3592 2234; x_wconf 81' lang='lat' dir='ltr'><strong>Vel</strong></span> <span class='ocrx_word' id='word_1_409' title='bbox 3622 2190 3714 2232; x_wconf 88' lang='lat' dir='ltr'><strong>tur-</strong></span> 
     </span>
    </p>
   </div>
   <div class='ocr_carea' id='block_1_54' title="bbox 2167 2268 3717 2333">
    <p class='ocr_par' dir='ltr' id='par_1_54' title="bbox 2167 2268 3717 2333">
     <span class='ocr_line' id='line_1_54' title="bbox 2167 2268 3717 2333; baseline 0.001 -12"><span class='ocrx_word' id='word_1_410' title='bbox 2167 2268 2463 2333; x_wconf 88' lang='lat' dir='ltr'><strong>babuntur,</strong></span> <span class='ocrx_word' id='word_1_411' title='bbox 2494 2268 2543 2322; x_wconf 92' lang='lat' dir='ltr'><strong>id</strong></span> <span class='ocrx_word' id='word_1_412' title='bbox 2567 2277 2651 2324; x_wconf 91' lang='lat' dir='ltr'><strong>est</strong></span> <span class='ocrx_word' id='word_1_413' title='bbox 2678 2269 2904 2323; x_wconf 74' lang='lat' dir='ltr'><strong>turbida:</strong></span> <span class='ocrx_word' id='word_1_414' title='bbox 2940 2278 2995 2323; x_wconf 92' lang='lat' dir='ltr'><strong>et</strong></span> <span class='ocrx_word' id='word_1_415' title='bbox 3026 2270 3216 2323; x_wconf 69' lang='lat' dir='ltr'><strong>lutosa:</strong></span> <span class='ocrx_word' id='word_1_416' title='bbox 3242 2284 3366 2324; x_wconf 89' lang='lat' dir='ltr'><strong>esse</strong></span> <span class='ocrx_word' id='word_1_417' title='bbox 3400 2270 3717 2325; x_wconf 86' lang='lat' dir='ltr'><strong>ostendentnr</strong></span> 
     </span>
    </p>
   </div>
   <div class='ocr_carea' id='block_1_55' title="bbox 2169 2359 3716 2431">
    <p class='ocr_par' dir='ltr' id='par_1_55' title="bbox 2169 2359 3716 2431">
     <span class='ocr_line' id='line_1_55' title="bbox 2169 2359 3716 2431; baseline 0 -19"><span class='ocrx_word' id='word_1_418' title='bbox 2169 2374 2319 2427; x_wconf 71' lang='lat' dir='ltr'><strong>aqua:</strong></span> <span class='ocrx_word' id='word_1_419' title='bbox 2345 2374 2570 2424; x_wconf 87' lang='lat' dir='ltr'><strong>eorum,,</strong></span> <span class='ocrx_word' id='word_1_420' title='bbox 2605 2360 2659 2414; x_wconf 90' lang='lat' dir='ltr'><strong>id</strong></span> <span class='ocrx_word' id='word_1_421' title='bbox 2696 2369 2779 2414; x_wconf 87' lang='grc' dir='ltr'><strong>εει</strong></span> <span class='ocrx_word' id='word_1_422' title='bbox 2801 2359 3064 2415; x_wconf 78' lang='lat' dir='ltr'><strong>doctrinae</strong></span> <span class='ocrx_word' id='word_1_423' title='bbox 3093 2376 3280 2415; x_wconf 90' lang='lat' dir='ltr'><strong>eorum</strong></span> <span class='ocrx_word' id='word_1_424' title='bbox 3311 2376 3451 2430; x_wconf 90' lang='lat' dir='ltr'><strong>quas</strong></span> <span class='ocrx_word' id='word_1_425' title='bbox 3487 2369 3636 2431; x_wconf 83' lang='lat' dir='ltr'><strong>agunt</strong></span> <span class='ocrx_word' id='word_1_426' title='bbox 3663 2361 3716 2413; x_wconf 84' lang='lat' dir='ltr'><strong>de</strong></span> 
     </span>
    </p>
   </div>
   <div class='ocr_carea' id='block_1_56' title="bbox 2172 2447 3717 2518">
    <p class='ocr_par' dir='ltr' id='par_1_56' title="bbox 2172 2447 3717 2518">
     <span class='ocr_line' id='line_1_56' title="bbox 2172 2447 3717 2518; baseline -0.002 -16"><span class='ocrx_word' id='word_1_427' title='bbox 2172 2448 2545 2518; x_wconf 88' lang='lat' dir='ltr'><strong>superstitiosa</strong></span> <span class='ocrx_word' id='word_1_428' title='bbox 2584 2447 2795 2503; x_wconf 89' lang='lat' dir='ltr'><strong>cultura</strong></span> <span class='ocrx_word' id='word_1_429' title='bbox 2843 2449 3128 2505; x_wconf 88' lang='lat' dir='ltr'><strong>idolorum.</strong></span> <span class='ocrx_word' id='word_1_430' title='bbox 3173 2450 3300 2515; x_wconf 74' lang='lat' dir='ltr'><strong>Qua:</strong></span> <span class='ocrx_word' id='word_1_431' title='bbox 3340 2450 3459 2504; x_wconf 90' lang='lat' dir='ltr'><strong>ideo</strong></span> <span class='ocrx_word' id='word_1_432' title='bbox 3502 2450 3717 2504; x_wconf 89' lang='lat' dir='ltr'><strong>dicuntur</strong></span> 
     </span>
    </p>
   </div>
   <div class='ocr_carea' id='block_1_57' title="bbox 2172 2539 3715 2611">
    <p class='ocr_par' dir='ltr' id='par_1_57' title="bbox 2172 2539 3715 2611">
     <span class='ocr_line' id='line_1_57' title="bbox 2172 2539 3715 2611; baseline 0 -20"><span class='ocrx_word' id='word_1_433' title='bbox 2172 2551 2345 2607; x_wconf 72' lang='lat' dir='ltr'><strong>aquae,</strong></span> <span class='ocrx_word' id='word_1_434' title='bbox 2378 2539 2501 2607; x_wconf 90' lang='lat' dir='ltr'><strong>quia</strong></span> <span class='ocrx_word' id='word_1_435' title='bbox 2531 2555 2597 2593; x_wconf 84' lang='lat' dir='ltr'><strong>ex</strong></span> <span class='ocrx_word' id='word_1_436' title='bbox 2634 2540 2713 2594; x_wconf 92' lang='lat' dir='ltr'><strong>eis</strong></span> <span class='ocrx_word' id='word_1_437' title='bbox 2747 2539 2941 2595; x_wconf 92' lang='lat' dir='ltr'><strong>stultos</strong></span> <span class='ocrx_word' id='word_1_438' title='bbox 2974 2539 3077 2593; x_wconf 86' lang='lat' dir='ltr'><strong>sibi</strong></span> <span class='ocrx_word' id='word_1_439' title='bbox 3104 2540 3509 2609; x_wconf 80' lang='lat' dir='ltr'><strong>acquiescentes</strong></span> <span class='ocrx_word' id='word_1_440' title='bbox 3539 2548 3715 2611; x_wconf 86' lang='lat' dir='ltr'><strong>potant.</strong></span> 
     </span>
    </p>
   </div>
   <div class='ocr_carea' id='block_1_58' title="bbox 2172 2626 3718 2701">
    <p class='ocr_par' dir='ltr' id='par_1_58' title="bbox 2172 2626 3718 2701">
     <span class='ocr_line' id='line_1_58' title="bbox 2172 2626 3718 2701; baseline 0 -20"><span class='ocrx_word' id='word_1_441' title='bbox 2172 2626 2325 2694; x_wconf 85' lang='lat' dir='ltr'><strong>Quod</strong></span> <span class='ocrx_word' id='word_1_442' title='bbox 2353 2636 2437 2683; x_wconf 90' lang='lat' dir='ltr'><strong>est</strong></span> <span class='ocrx_word' id='word_1_443' title='bbox 2467 2629 2648 2684; x_wconf 87' lang='lat' dir='ltr'><strong>dicere</strong></span> <span class='ocrx_word' id='word_1_444' title='bbox 2680 2646 2693 2683; x_wconf 96' lang='lat'><strong>:</strong></span> <span class='ocrx_word' id='word_1_445' title='bbox 2726 2629 2891 2701; x_wconf 73' lang='lat' dir='ltr'><strong>Aquw</strong></span> <span class='ocrx_word' id='word_1_446' title='bbox 2918 2646 3119 2693; x_wconf 87' lang='lat' dir='ltr'><strong>eorum,</strong></span> <span class='ocrx_word' id='word_1_447' title='bbox 3146 2631 3196 2685; x_wconf 93' lang='lat' dir='ltr'><strong>id</strong></span> <span class='ocrx_word' id='word_1_448' title='bbox 3221 2642 3305 2687; x_wconf 89' lang='lat' dir='ltr'><strong>est</strong></span> <span class='ocrx_word' id='word_1_449' title='bbox 3327 2630 3595 2695; x_wconf 71' lang='lat' dir='ltr'><strong>doctrinae,</strong></span> <span class='ocrx_word' id='word_1_450' title='bbox 3621 2646 3718 2699; x_wconf 69' lang='lat' dir='ltr'><strong>quae</strong></span> 
     </span>
    </p>
   </div>
   <div class='ocr_carea' id='block_1_59' title="bbox 2172 2721 3715 2789">
    <p class='ocr_par' dir='ltr' id='par_1_59' title="bbox 2172 2721 3715 2789">
     <span class='ocr_line' id='line_1_59' title="bbox 2172 2721 3715 2789; baseline 0.001 -16"><span class='ocrx_word' id='word_1_451' title='bbox 2172 2721 2493 2776; x_wconf 85' lang='lat' dir='ltr'><strong>videbantur</strong></span> <span class='ocrx_word' id='word_1_452' title='bbox 2534 2723 2687 2777; x_wconf 64' lang='lat' dir='ltr'><strong>bona}</strong></span> <span class='ocrx_word' id='word_1_453' title='bbox 2709 2732 2763 2778; x_wconf 89' lang='lat' dir='ltr'><strong>et</strong></span> <span class='ocrx_word' id='word_1_454' title='bbox 2810 2721 2999 2777; x_wconf 86' lang='lat' dir='ltr'><strong>lucidae</strong></span> <span class='ocrx_word' id='word_1_455' title='bbox 3054 2732 3109 2778; x_wconf 90' lang='lat' dir='ltr'><strong>et</strong></span> <span class='ocrx_word' id='word_1_456' title='bbox 3170 2724 3353 2789; x_wconf 91' lang='lat' dir='ltr'><strong>utiles,</strong></span> <span class='ocrx_word' id='word_1_457' title='bbox 3413 2725 3479 2780; x_wconf 89' lang='lat' dir='ltr'><strong>ad</strong></span> <span class='ocrx_word' id='word_1_458' title='bbox 3535 2724 3715 2778; x_wconf 89' lang='lat' dir='ltr'><strong>modum</strong></span> 
     </span>
    </p>
   </div>
   <div class='ocr_carea' id='block_1_60' title="bbox 2174 2812 3720 2883">
    <p class='ocr_par' dir='ltr' id='par_1_60' title="bbox 2174 2812 3720 2883">
     <span class='ocr_line' id='line_1_60' title="bbox 2174 2812 3720 2883; baseline -0.001 -18"><span class='ocrx_word' id='word_1_459' title='bbox 2174 2825 2327 2881; x_wconf 83' lang='lat' dir='ltr'><strong>aquae</strong></span> <span class='ocrx_word' id='word_1_460' title='bbox 2356 2812 2535 2880; x_wconf 71' lang='lat' dir='ltr'><strong>clarze,</strong></span> <span class='ocrx_word' id='word_1_461' title='bbox 2563 2829 2681 2883; x_wconf 84' lang='lat' dir='ltr'><strong>quae</strong></span> <span class='ocrx_word' id='word_1_462' title='bbox 2709 2814 2778 2868; x_wconf 93' lang='lat' dir='ltr'><strong>ad</strong></span> <span class='ocrx_word' id='word_1_463' title='bbox 2808 2814 3028 2869; x_wconf 90' lang='lat' dir='ltr'><strong>bibendi</strong></span> <span class='ocrx_word' id='word_1_464' title='bbox 3073 2829 3201 2869; x_wconf 93' lang='lat' dir='ltr'><strong>usus</strong></span> <span class='ocrx_word' id='word_1_465' title='bbox 3237 2814 3386 2870; x_wconf 91' lang='lat' dir='ltr'><strong>utilis</strong></span> <span class='ocrx_word' id='word_1_466' title='bbox 3418 2823 3530 2880; x_wconf 90' lang='lat' dir='ltr'><strong>est;</strong></span> <span class='ocrx_word' id='word_1_467' title='bbox 3569 2823 3720 2870; x_wconf 85' lang='lat' dir='ltr'><strong>osten-</strong></span> 
     </span>
    </p>
   </div>
   <div class='ocr_carea' id='block_1_61' title="bbox 2176 2904 3718 2977">
    <p class='ocr_par' dir='ltr' id='par_1_61' title="bbox 2176 2904 3718 2977">
     <span class='ocr_line' id='line_1_61' title="bbox 2176 2904 3718 2977; baseline 0.002 -19"><span class='ocrx_word' id='word_1_468' title='bbox 2176 2904 2373 2958; x_wconf 90' lang='lat' dir='ltr'><strong>dentur</strong></span> <span class='ocrx_word' id='word_1_469' title='bbox 2393 2919 2490 2974; x_wconf 91' lang='lat' dir='ltr'><strong>per</strong></span> <span class='ocrx_word' id='word_1_470' title='bbox 2537 2906 2774 2960; x_wconf 89' lang='lat' dir='ltr'><strong>sonitum</strong></span> <span class='ocrx_word' id='word_1_471' title='bbox 2815 2921 3001 2961; x_wconf 92' lang='lat' dir='ltr'><strong>eorum</strong></span> <span class='ocrx_word' id='word_1_472' title='bbox 3046 2920 3167 2962; x_wconf 90' lang='lat' dir='ltr'><strong>esse</strong></span> <span class='ocrx_word' id='word_1_473' title='bbox 3211 2907 3444 2962; x_wconf 68' lang='lat' dir='ltr'><strong>turbidae</strong></span> <span class='ocrx_word' id='word_1_474' title='bbox 3482 2917 3535 2962; x_wconf 91' lang='lat' dir='ltr'><strong>et</strong></span> <span class='ocrx_word' id='word_1_475' title='bbox 3589 2906 3718 2977; x_wconf 80' lang='lat'><strong>150</strong></span> 
     </span>
    </p>
   </div>
   <div class='ocr_carea' id='block_1_62' title="bbox 2176 2994 3715 3068">
    <p class='ocr_par' dir='ltr' id='par_1_62' title="bbox 2176 2994 3715 3068">
     <span class='ocr_line' id='line_1_62' title="bbox 2176 2994 3715 3068; baseline 0.001 -19"><span class='ocrx_word' id='word_1_476' title='bbox 2176 2995 2394 3051; x_wconf 90' lang='lat' dir='ltr'><strong>inutiles</strong></span> <span class='ocrx_word' id='word_1_477' title='bbox 2432 3004 2488 3050; x_wconf 91' lang='lat' dir='ltr'><strong>et</strong></span> <span class='ocrx_word' id='word_1_478' title='bbox 2517 2994 2695 3061; x_wconf 65' lang='lat' dir='ltr'><strong>foadze,</strong></span> <span class='ocrx_word' id='word_1_479' title='bbox 2740 2997 2808 3051; x_wconf 87' lang='lat' dir='ltr'><strong>ad</strong></span> <span class='ocrx_word' id='word_1_480' title='bbox 2852 2994 3260 3053; x_wconf 88' lang='lat' dir='ltr'><strong>similitudinem</strong></span> <span class='ocrx_word' id='word_1_481' title='bbox 3302 3013 3461 3068; x_wconf 66' lang='lat' dir='ltr'><strong>aqua:</strong></span> <span class='ocrx_word' id='word_1_482' title='bbox 3509 2998 3715 3060; x_wconf 73' lang='lat' dir='ltr'><strong>turbidae,</strong></span> 
     </span>
    </p>
   </div>
   <div class='ocr_carea' id='block_1_63' title="bbox 499 3084 3718 3161">
    <p class='ocr_par' dir='ltr' id='par_1_63' title="bbox 499 3084 3718 3161">
     <span class='ocr_line' id='line_1_63' title="bbox 499 3084 3718 3161; baseline 0.001 -19"><span class='ocrx_word' id='word_1_483' title='bbox 499 3098 680 3143; x_wconf 88' lang='lat' dir='ltr'><strong>turum</strong></span> <span class='ocrx_word' id='word_1_484' title='bbox 723 3089 769 3143; x_wconf 89' lang='lat' dir='ltr'><strong>si</strong></span> <span class='ocrx_word' id='word_1_485' title='bbox 805 3105 911 3145; x_wconf 89' lang='lat' dir='ltr'><strong>non</strong></span> <span class='ocrx_word' id='word_1_486' title='bbox 953 3089 1274 3146; x_wconf 81' lang='lat' dir='ltr'><strong>defecerint.</strong></span> <span class='ocrx_word' id='word_1_487' title='bbox 1310 3093 1505 3147; x_wconf 91' lang='lat' dir='ltr'><strong>Dicunt</strong></span> <span class='ocrx_word' id='word_1_488' title='bbox 1548 3106 1762 3161; x_wconf 90' lang='lat' dir='ltr'><strong>quoque</strong></span> <span class='ocrx_word' id='word_1_489' title='bbox 1802 3108 1910 3145; x_wconf 91' lang='lat' dir='ltr'><strong>non</strong></span> <span class='ocrx_word' id='word_1_490' title='bbox 1952 3106 2073 3146; x_wconf 90' lang='lat' dir='ltr'><strong>esse</strong></span> <span class='ocrx_word' id='word_1_491' title='bbox 2101 3091 2145 3153; x_wconf 92' lang='lat' dir='ltr'>C</span> <span class='ocrx_word' id='word_1_492' title='bbox 2176 3100 2297 3154; x_wconf 78' lang='lat' dir='ltr'><strong>quae</strong></span> <span class='ocrx_word' id='word_1_493' title='bbox 2320 3084 2514 3151; x_wconf 70' lang='lat' dir='ltr'><strong>lutosa,</strong></span> <span class='ocrx_word' id='word_1_494' title='bbox 2542 3084 2685 3140; x_wconf 65' lang='lat' dir='ltr'><strong>facila</strong></span> <span class='ocrx_word' id='word_1_495' title='bbox 2702 3095 2757 3141; x_wconf 84' lang='lat' dir='ltr'><strong>et</strong></span> <span class='ocrx_word' id='word_1_496' title='bbox 2779 3085 2983 3141; x_wconf 80' lang='lat' dir='ltr'><strong>inutilis</strong></span> <span class='ocrx_word' id='word_1_497' title='bbox 3006 3094 3109 3141; x_wconf 77' lang='lat' dir='ltr'><strong>est.</strong></span> <span class='ocrx_word' id='word_1_498' title='bbox 3133 3086 3200 3140; x_wconf 87' lang='grc' dir='ltr'>Ει</span> <span class='ocrx_word' id='word_1_499' title='bbox 3224 3098 3445 3153; x_wconf 78' lang='lat' dir='ltr'><strong>montes,</strong></span> <span class='ocrx_word' id='word_1_500' title='bbox 3474 3087 3616 3141; x_wconf 82' lang='lat' dir='ltr'><strong>idest</strong></span> <span class='ocrx_word' id='word_1_501' title='bbox 3639 3085 3718 3156; x_wconf 83' lang='lat' dir='ltr'><strong>ipsi</strong></span> 
     </span>
    </p>
   </div>
   <div class='ocr_carea' id='block_1_64' title="bbox 499 3178 2076 3251">
    <p class='ocr_par' dir='ltr' id='par_1_64' title="bbox 499 3178 2076 3251">
     <span class='ocr_line' id='line_1_64' title="bbox 499 3178 2076 3251; baseline 0.003 -20"><span class='ocrx_word' id='word_1_502' title='bbox 499 3178 805 3233; x_wconf 87' lang='lat' dir='ltr'><strong>mirandum</strong></span> <span class='ocrx_word' id='word_1_503' title='bbox 852 3180 913 3235; x_wconf 85' lang='lat' dir='ltr'><strong>si</strong></span> <span class='ocrx_word' id='word_1_504' title='bbox 939 3189 1131 3234; x_wconf 89' lang='lat' dir='ltr'><strong>contra</strong></span> <span class='ocrx_word' id='word_1_505' title='bbox 1168 3181 1558 3251; x_wconf 59' lang='lat' dir='ltr'><strong>praedicatores</strong></span> <span class='ocrx_word' id='word_1_506' title='bbox 1590 3181 1644 3234; x_wconf 92' lang='lat' dir='ltr'><strong>in</strong></span> <span class='ocrx_word' id='word_1_507' title='bbox 1689 3182 2076 3249; x_wconf 67' lang='lat' dir='ltr'><strong>praedicatione</strong></span> 
     </span>
    </p>
   </div>
   <div class='ocr_carea' id='block_1_65' title="bbox 498 3269 2074 3333">
    <p class='ocr_par' dir='ltr' id='par_1_65' title="bbox 498 3269 2074 3333">
     <span class='ocr_line' id='line_1_65' title="bbox 498 3269 2074 3333; baseline 0.003 -15"><span class='ocrx_word' id='word_1_508' title='bbox 498 3273 645 3320; x_wconf 85' lang='lat' dir='ltr'><strong>terra</strong></span> <span class='ocrx_word' id='word_1_509' title='bbox 678 3280 1107 3333; x_wconf 85' lang='lat' dir='ltr'><strong>commoveatur,</strong></span> <span class='ocrx_word' id='word_1_510' title='bbox 1160 3283 1283 3322; x_wconf 90' lang='lat' dir='ltr'><strong>cum</strong></span> <span class='ocrx_word' id='word_1_511' title='bbox 1323 3278 1378 3322; x_wconf 91' lang='lat' dir='ltr'><strong>et</strong></span> <span class='ocrx_word' id='word_1_512' title='bbox 1407 3278 1597 3324; x_wconf 90' lang='lat' dir='ltr'><strong>contra</strong></span> <span class='ocrx_word' id='word_1_513' title='bbox 1645 3269 1857 3323; x_wconf 79' lang='lat' dir='ltr'><strong>Domini</strong></span> <span class='ocrx_word' id='word_1_514' title='bbox 1889 3274 2074 3324; x_wconf 90' lang='lat' dir='ltr'><strong>vocem</strong></span> 
     </span>
    </p>
   </div>
   <div class='ocr_carea' id='block_1_66' title="bbox 498 3357 2079 3431">
    <p class='ocr_par' dir='ltr' id='par_1_66' title="bbox 498 3357 2079 3431">
     <span class='ocr_line' id='line_1_66' title="bbox 498 3357 2079 3431; baseline 0.003 -20"><span class='ocrx_word' id='word_1_515' title='bbox 498 3357 568 3411; x_wconf 89' lang='lat' dir='ltr'><strong>sit</strong></span> <span class='ocrx_word' id='word_1_516' title='bbox 591 3368 882 3413; x_wconf 91' lang='lat' dir='ltr'><strong>commota.</strong></span> <span class='ocrx_word' id='word_1_517' title='bbox 912 3359 1013 3426; x_wconf 86' lang='lat' dir='ltr'><strong>Qui</strong></span> <span class='ocrx_word' id='word_1_518' title='bbox 1039 3361 1204 3413; x_wconf 91' lang='lat' dir='ltr'><strong>etiam</strong></span> <span class='ocrx_word' id='word_1_519' title='bbox 1230 3375 1417 3415; x_wconf 89' lang='lat' dir='ltr'><strong>vocem</strong></span> <span class='ocrx_word' id='word_1_520' title='bbox 1442 3369 1497 3414; x_wconf 90' lang='lat' dir='ltr'><strong>et</strong></span> <span class='ocrx_word' id='word_1_521' title='bbox 1519 3360 1807 3415; x_wconf 87' lang='lat' dir='ltr'><strong>utilitatem</strong></span> <span class='ocrx_word' id='word_1_522' title='bbox 1836 3376 1955 3429; x_wconf 84' lang='lat' dir='ltr'><strong>quae</strong></span> <span class='ocrx_word' id='word_1_523' title='bbox 1979 3376 2079 3431; x_wconf 89' lang='lat' dir='ltr'><strong>per</strong></span> 
     </span>
    </p>
   </div>
   <div class='ocr_carea' id='block_1_67' title="bbox 500 3448 2079 3518">
    <p class='ocr_par' dir='ltr' id='par_1_67' title="bbox 500 3448 2079 3518">
     <span class='ocr_line' id='line_1_67' title="bbox 500 3448 2079 3518; baseline 0.003 -18"><span class='ocrx_word' id='word_1_524' title='bbox 500 3462 690 3502; x_wconf 88' lang='lat' dir='ltr'><strong>vocem</strong></span> <span class='ocrx_word' id='word_1_525' title='bbox 724 3448 870 3502; x_wconf 90' lang='lat' dir='ltr'><strong>illam</strong></span> <span class='ocrx_word' id='word_1_526' title='bbox 900 3449 1153 3518; x_wconf 89' lang='lat' dir='ltr'><strong>contigit,</strong></span> <span class='ocrx_word' id='word_1_527' title='bbox 1185 3450 1251 3502; x_wconf 91' lang='lat' dir='ltr'><strong>ad</strong></span> <span class='ocrx_word' id='word_1_528' title='bbox 1281 3450 1698 3517; x_wconf 77' lang='lat' dir='ltr'><strong>instructionem</strong></span> <span class='ocrx_word' id='word_1_529' title='bbox 1743 3458 1799 3504; x_wconf 91' lang='lat' dir='ltr'><strong>et</strong></span> <span class='ocrx_word' id='word_1_530' title='bbox 1826 3452 2079 3505; x_wconf 78' lang='lat' dir='ltr'><strong>exhorta-</strong></span> 
     </span>
    </p>
   </div>
   <div class='ocr_carea' id='block_1_68' title="bbox 501 3535 1825 3608">
    <p class='ocr_par' dir='ltr' id='par_1_68' title="bbox 501 3535 1825 3608">
     <span class='ocr_line' id='line_1_68' title="bbox 501 3535 1825 3608; baseline 0.005 -20"><span class='ocrx_word' id='word_1_531' title='bbox 501 3535 704 3591; x_wconf 87' lang='lat' dir='ltr'><strong>tionem</strong></span> <span class='ocrx_word' id='word_1_532' title='bbox 741 3538 1058 3591; x_wconf 89' lang='lat' dir='ltr'><strong>eorumdem</strong></span> <span class='ocrx_word' id='word_1_533' title='bbox 1096 3537 1329 3592; x_wconf 89' lang='lat' dir='ltr'><strong>liliorum</strong></span> <span class='ocrx_word' id='word_1_534' title='bbox 1361 3539 1498 3592; x_wconf 87' lang='lat' dir='ltr'><strong>Core</strong></span> <span class='ocrx_word' id='word_1_535' title='bbox 1531 3548 1825 3608; x_wconf 85' lang='lat' dir='ltr'><strong>exponunt.</strong></span> 
     </span>
    </p>
   </div>
   <div class='ocr_carea' id='block_1_69' title="bbox 576 3627 2077 3699">
    <p class='ocr_par' dir='ltr' id='par_1_69' title="bbox 576 3627 2077 3699">
     <span class='ocr_line' id='line_1_69' title="bbox 576 3627 2077 3699; baseline 0.005 -19"><span class='ocrx_word' id='word_1_536' title='bbox 576 3627 713 3681; x_wconf 83' lang='lat' dir='ltr'><strong>Deus</strong></span> <span class='ocrx_word' id='word_1_537' title='bbox 742 3639 936 3693; x_wconf 77' lang='lat' dir='ltr'><strong>noster,</strong></span> <span class='ocrx_word' id='word_1_538' title='bbox 967 3630 1224 3699; x_wconf 81' lang='lat' dir='ltr'><strong>refugium</strong></span> <span class='ocrx_word' id='word_1_539' title='bbox 1253 3640 1300 3683; x_wconf 91' lang='lat' dir='ltr'><strong>et</strong></span> <span class='ocrx_word' id='word_1_540' title='bbox 1323 3632 1506 3684; x_wconf 83' lang='lat' dir='ltr'><strong>virtus.</strong></span> <span class='ocrx_word' id='word_1_541' title='bbox 1552 3632 1703 3698; x_wconf 83' lang='lat' dir='ltr'><strong>Quod</strong></span> <span class='ocrx_word' id='word_1_542' title='bbox 1731 3643 1814 3687; x_wconf 88' lang='lat' dir='ltr'><strong>est</strong></span> <span class='ocrx_word' id='word_1_543' title='bbox 1855 3633 2037 3688; x_wconf 88' lang='lat' dir='ltr'><strong>dicere</strong></span> <span class='ocrx_word' id='word_1_544' title='bbox 2061 3648 2077 3687; x_wconf 90' lang='lat'><strong>:</strong></span> 
     </span>
    </p>
   </div>
   <div class='ocr_carea' id='block_1_70' title="bbox 500 3716 2081 3791">
    <p class='ocr_par' dir='ltr' id='par_1_70' title="bbox 500 3716 2081 3791">
     <span class='ocr_line' id='line_1_70' title="bbox 500 3716 2081 3791; baseline 0.004 -20"><span class='ocrx_word' id='word_1_545' title='bbox 500 3716 618 3771; x_wconf 87' lang='lat' dir='ltr'><strong>Non</strong></span> <span class='ocrx_word' id='word_1_546' title='bbox 651 3718 704 3772; x_wconf 92' lang='lat' dir='ltr'><strong>in</strong></span> <span class='ocrx_word' id='word_1_547' title='bbox 732 3719 911 3787; x_wconf 83' lang='lat' dir='ltr'><strong>aliquo</strong></span> <span class='ocrx_word' id='word_1_548' title='bbox 939 3729 1151 3774; x_wconf 86' lang='lat' dir='ltr'><strong>terreno</strong></span> <span class='ocrx_word' id='word_1_549' title='bbox 1178 3720 1442 3791; x_wconf 85' lang='lat' dir='ltr'><strong>refugium</strong></span> <span class='ocrx_word' id='word_1_550' title='bbox 1475 3722 1758 3786; x_wconf 78' lang='lat' dir='ltr'><strong>habemus,</strong></span> <span class='ocrx_word' id='word_1_551' title='bbox 1803 3723 1897 3777; x_wconf 88' lang='lat' dir='ltr'><strong>sed</strong></span> <span class='ocrx_word' id='word_1_552' title='bbox 1940 3723 2081 3777; x_wconf 87' lang='lat' dir='ltr'><strong>Deus</strong></span> 
     </span>
    </p>
   </div>
   <div class='ocr_carea' id='block_1_71' title="bbox 500 3809 2083 3881">
    <p class='ocr_par' dir='ltr' id='par_1_71' title="bbox 500 3809 2083 3881">
     <span class='ocr_line' id='line_1_71' title="bbox 500 3809 2083 3881; baseline 0.005 -22"><span class='ocrx_word' id='word_1_553' title='bbox 500 3817 692 3873; x_wconf 85' lang='lat' dir='ltr'><strong>noster,</strong></span> <span class='ocrx_word' id='word_1_554' title='bbox 726 3810 776 3862; x_wconf 91' lang='lat' dir='ltr'><strong>id</strong></span> <span class='ocrx_word' id='word_1_555' title='bbox 805 3817 887 3864; x_wconf 90' lang='lat' dir='ltr'><strong>est</strong></span> <span class='ocrx_word' id='word_1_556' title='bbox 934 3809 1020 3864; x_wconf 91' lang='lat' dir='ltr'><strong>ille</strong></span> <span class='ocrx_word' id='word_1_557' title='bbox 1068 3825 1227 3880; x_wconf 85' lang='lat' dir='ltr'><strong>quem</strong></span> <span class='ocrx_word' id='word_1_558' title='bbox 1259 3826 1357 3866; x_wconf 89' lang='lat' dir='ltr'><strong>nos</strong></span> <span class='ocrx_word' id='word_1_559' title='bbox 1403 3812 1567 3867; x_wconf 88' lang='lat' dir='ltr'><strong>Deum</strong></span> <span class='ocrx_word' id='word_1_560' title='bbox 1616 3823 1952 3881; x_wconf 89' lang='lat' dir='ltr'><strong>reputamus,</strong></span> <span class='ocrx_word' id='word_1_561' title='bbox 2000 3822 2083 3867; x_wconf 85' lang='lat' dir='ltr'><strong>est</strong></span> 
     </span>
    </p>
   </div>
   <div class='ocr_carea' id='block_1_72' title="bbox 499 3892 2080 3975">
    <p class='ocr_par' dir='ltr' id='par_1_72' title="bbox 499 3892 2080 3975">
     <span class='ocr_line' id='line_1_72' title="bbox 499 3892 2080 3975; baseline 0.007 -25"><span class='ocrx_word' id='word_1_562' title='bbox 499 3898 758 3969; x_wconf 78' lang='lat' dir='ltr'><strong>refugium</strong></span> <span class='ocrx_word' id='word_1_563' title='bbox 782 3892 1016 3954; x_wconf 83' lang='lat' dir='ltr'><strong>nostrum</strong></span> <span class='ocrx_word' id='word_1_564' title='bbox 1046 3902 1097 3955; x_wconf 92' lang='lat' dir='ltr'><strong>in</strong></span> <span class='ocrx_word' id='word_1_565' title='bbox 1128 3904 1273 3956; x_wconf 89' lang='lat' dir='ltr'><strong>omni</strong></span> <span class='ocrx_word' id='word_1_566' title='bbox 1302 3904 1638 3959; x_wconf 81' lang='lat' dir='ltr'><strong>necessitate.</strong></span> <span class='ocrx_word' id='word_1_567' title='bbox 1664 3904 1729 3958; x_wconf 88' lang='lat' dir='ltr'><strong>Et</strong></span> <span class='ocrx_word' id='word_1_568' title='bbox 1758 3921 1862 3959; x_wconf 88' lang='lat' dir='ltr'><strong>non</strong></span> <span class='ocrx_word' id='word_1_569' title='bbox 1893 3905 2080 3975; x_wconf 86' lang='lat' dir='ltr'><strong>quale-</strong></span> 
     </span>
    </p>
   </div>
   <div class='ocr_carea' id='block_1_73' title="bbox 500 3992 2085 4066">
    <p class='ocr_par' dir='ltr' id='par_1_73' title="bbox 500 3992 2085 4066">
     <span class='ocr_line' id='line_1_73' title="bbox 500 3992 2085 4066; baseline 0.004 -23"><span class='ocrx_word' id='word_1_570' title='bbox 500 4004 713 4058; x_wconf 83' lang='lat' dir='ltr'><strong>cunque</strong></span> <span class='ocrx_word' id='word_1_571' title='bbox 744 3992 1028 4061; x_wconf 80' lang='lat' dir='ltr'><strong>refugium,</strong></span> <span class='ocrx_word' id='word_1_572' title='bbox 1058 3993 1151 4047; x_wconf 89' lang='lat' dir='ltr'><strong>sed</strong></span> <span class='ocrx_word' id='word_1_573' title='bbox 1174 3995 1356 4059; x_wconf 75' lang='lat' dir='ltr'><strong>virtus,</strong></span> <span class='ocrx_word' id='word_1_574' title='bbox 1384 3994 1434 4048; x_wconf 91' lang='lat' dir='ltr'><strong>id</strong></span> <span class='ocrx_word' id='word_1_575' title='bbox 1457 4002 1541 4048; x_wconf 85' lang='lat' dir='ltr'><strong>est</strong></span> <span class='ocrx_word' id='word_1_576' title='bbox 1560 3995 1771 4048; x_wconf 86' lang='lat' dir='ltr'><strong>firmum</strong></span> <span class='ocrx_word' id='word_1_577' title='bbox 1795 4005 1849 4049; x_wconf 92' lang='lat' dir='ltr'><strong>et</strong></span> <span class='ocrx_word' id='word_1_578' title='bbox 1870 3995 2085 4066; x_wconf 77' lang='lat' dir='ltr'><strong>inexpu-</strong></span> 
     </span>
    </p>
   </div>
   <div class='ocr_carea' id='block_1_74' title="bbox 503 4082 2085 4156">
    <p class='ocr_par' dir='ltr' id='par_1_74' title="bbox 503 4082 2085 4156">
     <span class='ocr_line' id='line_1_74' title="bbox 503 4082 2085 4156; baseline 0.004 -22"><span class='ocrx_word' id='word_1_579' title='bbox 503 4084 739 4152; x_wconf 87' lang='lat' dir='ltr'><strong>gnabile.</strong></span> <span class='ocrx_word' id='word_1_580' title='bbox 802 4082 976 4138; x_wconf 78' lang='lat' dir='ltr'><strong>Virtus</strong></span> <span class='ocrx_word' id='word_1_581' title='bbox 1022 4097 1202 4140; x_wconf 89' lang='lat' dir='ltr'><strong>autem</strong></span> <span class='ocrx_word' id='word_1_582' title='bbox 1248 4101 1346 4156; x_wconf 90' lang='lat' dir='ltr'><strong>per</strong></span> <span class='ocrx_word' id='word_1_583' title='bbox 1388 4085 1687 4155; x_wconf 87' lang='lat' dir='ltr'><strong>emphasim</strong></span> <span class='ocrx_word' id='word_1_584' title='bbox 1733 4086 1988 4155; x_wconf 88' lang='lat' dir='ltr'><strong>ponitur;</strong></span> <span class='ocrx_word' id='word_1_585' title='bbox 2029 4095 2085 4140; x_wconf 89' lang='lat' dir='ltr'><strong>et</strong></span> 
     </span>
    </p>
   </div>
   <div class='ocr_carea' id='block_1_75' title="bbox 505 4173 2085 4244">
    <p class='ocr_par' dir='ltr' id='par_1_75' title="bbox 505 4173 2085 4244">
     <span class='ocr_line' id='line_1_75' title="bbox 505 4173 2085 4244; baseline 0.003 -20"><span class='ocrx_word' id='word_1_586' title='bbox 505 4186 610 4226; x_wconf 89' lang='lat' dir='ltr'><strong>non</strong></span> <span class='ocrx_word' id='word_1_587' title='bbox 639 4173 812 4227; x_wconf 88' lang='lat' dir='ltr'><strong>solum</strong></span> <span class='ocrx_word' id='word_1_588' title='bbox 855 4174 1113 4244; x_wconf 84' lang='lat' dir='ltr'><strong>refugium</strong></span> <span class='ocrx_word' id='word_1_589' title='bbox 1148 4190 1215 4228; x_wconf 89' lang='lat' dir='ltr'><strong>ne</strong></span> <span class='ocrx_word' id='word_1_590' title='bbox 1258 4176 1530 4237; x_wconf 87' lang='lat' dir='ltr'><strong>cedamus,</strong></span> <span class='ocrx_word' id='word_1_591' title='bbox 1575 4175 1667 4229; x_wconf 86' lang='lat' dir='ltr'><strong>sed</strong></span> <span class='ocrx_word' id='word_1_592' title='bbox 1702 4175 1947 4230; x_wconf 83' lang='lat' dir='ltr'><strong>etiamin</strong></span> <span class='ocrx_word' id='word_1_593' title='bbox 1990 4178 2085 4229; x_wconf 86' lang='lat' dir='ltr'><strong>tri-</strong></span> 
     </span>
    </p>
   </div>
   <div class='ocr_carea' id='block_1_76' title="bbox 501 4263 2084 4336">
    <p class='ocr_par' dir='ltr' id='par_1_76' title="bbox 501 4263 2084 4336">
     <span class='ocr_line' id='line_1_76' title="bbox 501 4263 2084 4336; baseline 0.004 -20"><span class='ocrx_word' id='word_1_594' title='bbox 501 4263 853 4319; x_wconf 81' lang='lat' dir='ltr'><strong>bulationibus</strong></span> <span class='ocrx_word' id='word_1_595' title='bbox 884 4276 969 4320; x_wconf 89' lang='lat' dir='ltr'><strong>est</strong></span> <span class='ocrx_word' id='word_1_596' title='bbox 1006 4266 1237 4336; x_wconf 82' lang='lat' dir='ltr'><strong>adjutor,</strong></span> <span class='ocrx_word' id='word_1_597' title='bbox 1271 4267 1323 4320; x_wconf 91' lang='lat' dir='ltr'><strong>id</strong></span> <span class='ocrx_word' id='word_1_598' title='bbox 1358 4276 1442 4321; x_wconf 91' lang='lat' dir='ltr'><strong>est</strong></span> <span class='ocrx_word' id='word_1_599' title='bbox 1491 4276 1834 4335; x_wconf 90' lang='lat' dir='ltr'><strong>cooperator,</strong></span> <span class='ocrx_word' id='word_1_600' title='bbox 1871 4275 1930 4322; x_wconf 90' lang='lat' dir='ltr'><strong>ut</strong></span> <span class='ocrx_word' id='word_1_601' title='bbox 1977 4269 2084 4323; x_wconf 60' lang='lat' dir='ltr'><strong>ini~</strong></span> 
     </span>
    </p>
   </div>
   <div class='ocr_carea' id='block_1_77' title="bbox 501 4357 2086 4429">
    <p class='ocr_par' dir='ltr' id='par_1_77' title="bbox 501 4357 2086 4429">
     <span class='ocr_line' id='line_1_77' title="bbox 501 4357 2086 4429; baseline 0.004 -19"><span class='ocrx_word' id='word_1_602' title='bbox 501 4357 670 4411; x_wconf 87' lang='lat' dir='ltr'><strong>micos</strong></span> <span class='ocrx_word' id='word_1_603' title='bbox 705 4358 1007 4423; x_wconf 87' lang='lat' dir='ltr'><strong>vincamus,</strong></span> <span class='ocrx_word' id='word_1_604' title='bbox 1041 4360 1437 4429; x_wconf 88' lang='lat' dir='ltr'><strong>incorporando</strong></span> <span class='ocrx_word' id='word_1_605' title='bbox 1474 4373 1569 4414; x_wconf 91' lang='lat' dir='ltr'><strong>eos</strong></span> <span class='ocrx_word' id='word_1_606' title='bbox 1596 4358 1770 4412; x_wconf 91' lang='lat' dir='ltr'><strong>nobis.</strong></span> <span class='ocrx_word' id='word_1_607' title='bbox 1812 4358 1879 4414; x_wconf 88' lang='lat' dir='ltr'><strong>In</strong></span> <span class='ocrx_word' id='word_1_608' title='bbox 1919 4362 2086 4416; x_wconf 83' lang='lat' dir='ltr'><strong>tribu-</strong></span> 
     </span>
    </p>
   </div>
   <div class='ocr_carea' id='block_1_78' title="bbox 2174 3174 3720 3245">
    <p class='ocr_par' dir='ltr' id='par_1_78' title="bbox 2174 3174 3720 3245">
     <span class='ocr_line' id='line_1_78' title="bbox 2174 3174 3720 3245; baseline 0 -17"><span class='ocrx_word' id='word_1_609' title='bbox 2174 3174 2565 3245; x_wconf 81' lang='lat' dir='ltr'><strong>pracdicatores</strong></span> <span class='ocrx_word' id='word_1_610' title='bbox 2590 3176 2884 3230; x_wconf 85' lang='lat' dir='ltr'><strong>conturbati</strong></span> <span class='ocrx_word' id='word_1_611' title='bbox 2917 3185 3065 3241; x_wconf 91' lang='lat' dir='ltr'><strong>sunt,</strong></span> <span class='ocrx_word' id='word_1_612' title='bbox 3092 3175 3144 3230; x_wconf 91' lang='lat' dir='ltr'><strong>id</strong></span> <span class='ocrx_word' id='word_1_613' title='bbox 3173 3187 3257 3232; x_wconf 85' lang='lat' dir='ltr'><strong>est</strong></span> <span class='ocrx_word' id='word_1_614' title='bbox 3289 3178 3720 3233; x_wconf 88' lang='lat' dir='ltr'><strong>conturbabuntnr</strong></span> 
     </span>
    </p>
   </div>
   <div class='ocr_carea' id='block_1_79' title="bbox 2176 3267 3720 3337">
    <p class='ocr_par' dir='ltr' id='par_1_79' title="bbox 2176 3267 3720 3337">
     <span class='ocr_line' id='line_1_79' title="bbox 2176 3267 3720 3337; baseline -0.003 -15"><span class='ocrx_word' id='word_1_615' title='bbox 2176 3270 2381 3323; x_wconf 85' lang='lat' dir='ltr'><strong>carnali</strong></span> <span class='ocrx_word' id='word_1_616' title='bbox 2422 3268 2634 3324; x_wconf 85' lang='lat' dir='ltr'><strong>timore.</strong></span> <span class='ocrx_word' id='word_1_617' title='bbox 2687 3267 2947 3323; x_wconf 86' lang='lat' dir='ltr'><strong>Homines</strong></span> <span class='ocrx_word' id='word_1_618' title='bbox 2996 3268 3143 3323; x_wconf 89' lang='lat' dir='ltr'><strong>enim</strong></span> <span class='ocrx_word' id='word_1_619' title='bbox 3191 3278 3318 3323; x_wconf 91' lang='lat' dir='ltr'><strong>sunt</strong></span> <span class='ocrx_word' id='word_1_620' title='bbox 3356 3271 3408 3322; x_wconf 86' lang='lat' dir='ltr'><strong>in</strong></span> <span class='ocrx_word' id='word_1_621' title='bbox 3450 3267 3720 3337; x_wconf 77' lang='lat' dir='ltr'><strong>fortitudine</strong></span> 
     </span>
    </p>
   </div>
   <div class='ocr_carea' id='block_1_80' title="bbox 2176 3359 3717 3430">
    <p class='ocr_par' dir='ltr' id='par_1_80' title="bbox 2176 3359 3717 3430">
     <span class='ocr_line' id='line_1_80' title="bbox 2176 3359 3717 3430; baseline -0.003 -17"><span class='ocrx_word' id='word_1_622' title='bbox 2176 3360 2290 3430; x_wconf 84' lang='lat' dir='ltr'><strong>ejus</strong></span> <span class='ocrx_word' id='word_1_623' title='bbox 2322 3362 2507 3425; x_wconf 89' lang='lat' dir='ltr'><strong>maris,</strong></span> <span class='ocrx_word' id='word_1_624' title='bbox 2538 3360 2589 3415; x_wconf 88' lang='lat' dir='ltr'><strong>id</strong></span> <span class='ocrx_word' id='word_1_625' title='bbox 2616 3369 2700 3415; x_wconf 86' lang='lat' dir='ltr'><strong>est</strong></span> <span class='ocrx_word' id='word_1_626' title='bbox 2727 3360 2778 3414; x_wconf 92' lang='lat' dir='ltr'><strong>in</strong></span> <span class='ocrx_word' id='word_1_627' title='bbox 2822 3359 2947 3414; x_wconf 87' lang='lat' dir='ltr'><strong>forti</strong></span> <span class='ocrx_word' id='word_1_628' title='bbox 2987 3359 3301 3415; x_wconf 87' lang='lat' dir='ltr'><strong>ebullitione</strong></span> <span class='ocrx_word' id='word_1_629' title='bbox 3351 3360 3717 3415; x_wconf 86' lang='lat' dir='ltr'><strong>tribulationum</strong></span> 
     </span>
    </p>
   </div>
   <div class='ocr_carea' id='block_1_81' title="bbox 2179 3450 3721 3520">
    <p class='ocr_par' dir='ltr' id='par_1_81' title="bbox 2179 3450 3721 3520">
     <span class='ocr_line' id='line_1_81' title="bbox 2179 3450 3721 3520; baseline -0.001 -17"><span class='ocrx_word' id='word_1_630' title='bbox 2179 3450 2346 3520; x_wconf 88' lang='lat' dir='ltr'><strong>ipsius</strong></span> <span class='ocrx_word' id='word_1_631' title='bbox 2383 3453 2569 3505; x_wconf 88' lang='lat' dir='ltr'><strong>maris.</strong></span> <span class='ocrx_word' id='word_1_632' title='bbox 2604 3450 2710 3506; x_wconf 90' lang='lat' dir='ltr'><strong>Sed</strong></span> <span class='ocrx_word' id='word_1_633' title='bbox 2736 3459 2913 3505; x_wconf 89' lang='lat' dir='ltr'><strong>tamen</strong></span> <span class='ocrx_word' id='word_1_634' title='bbox 2946 3466 3051 3505; x_wconf 91' lang='lat' dir='ltr'><strong>non</strong></span> <span class='ocrx_word' id='word_1_635' title='bbox 3095 3451 3346 3506; x_wconf 83' lang='lat' dir='ltr'><strong>deficient</strong></span> <span class='ocrx_word' id='word_1_636' title='bbox 3374 3453 3432 3507; x_wconf 85' lang='lat' dir='ltr'><strong>in</strong></span> <span class='ocrx_word' id='word_1_637' title='bbox 3463 3450 3721 3507; x_wconf 85' lang='lat' dir='ltr'><strong>conturba-</strong></span> 
     </span>
    </p>
   </div>
   <div class='ocr_carea' id='block_1_82' title="bbox 2181 3542 3720 3615">
    <p class='ocr_par' dir='ltr' id='par_1_82' title="bbox 2181 3542 3720 3615">
     <span class='ocr_line' id='line_1_82' title="bbox 2181 3542 3720 3615; baseline -0.002 -18"><span class='ocrx_word' id='word_1_638' title='bbox 2181 3545 2347 3598; x_wconf 90' lang='lat' dir='ltr'><strong>tione.</strong></span> <span class='ocrx_word' id='word_1_639' title='bbox 2404 3542 2541 3598; x_wconf 87' lang='lat' dir='ltr'><strong>Nam</strong></span> <span class='ocrx_word' id='word_1_640' title='bbox 2588 3545 2823 3614; x_wconf 80' lang='lat' dir='ltr'><strong>fluminis</strong></span> <span class='ocrx_word' id='word_1_641' title='bbox 2877 3545 3119 3615; x_wconf 82' lang='lat' dir='ltr'><strong>impetus,</strong></span> <span class='ocrx_word' id='word_1_642' title='bbox 3176 3544 3229 3599; x_wconf 90' lang='lat' dir='ltr'><strong>id</strong></span> <span class='ocrx_word' id='word_1_643' title='bbox 3288 3554 3375 3600; x_wconf 87' lang='lat' dir='ltr'><strong>est</strong></span> <span class='ocrx_word' id='word_1_644' title='bbox 3435 3542 3720 3599; x_wconf 87' lang='lat' dir='ltr'><strong>abundantia</strong></span> 
     </span>
    </p>
   </div>
   <div class='ocr_carea' id='block_1_83' title="bbox 2180 3632 3722 3704">
    <p class='ocr_par' dir='ltr' id='par_1_83' title="bbox 2180 3632 3722 3704">
     <span class='ocr_line' id='line_1_83' title="bbox 2180 3632 3722 3704; baseline -0.002 -17"><span class='ocrx_word' id='word_1_645' title='bbox 2180 3635 2354 3688; x_wconf 90' lang='lat' dir='ltr'><strong>sancti</strong></span> <span class='ocrx_word' id='word_1_646' title='bbox 2387 3634 2644 3704; x_wconf 90' lang='lat' dir='ltr'><strong>Spiritus,</strong></span> <span class='ocrx_word' id='word_1_647' title='bbox 2690 3633 2950 3703; x_wconf 77' lang='lat' dir='ltr'><strong>lwtiﬁcat,</strong></span> <span class='ocrx_word' id='word_1_648' title='bbox 2994 3636 3046 3689; x_wconf 89' lang='lat' dir='ltr'><strong>id</strong></span> <span class='ocrx_word' id='word_1_649' title='bbox 3069 3643 3154 3690; x_wconf 87' lang='lat' dir='ltr'><strong>est</strong></span> <span class='ocrx_word' id='word_1_650' title='bbox 3200 3635 3497 3691; x_wconf 71' lang='lat' dir='ltr'><strong>lzetificabit</strong></span> <span class='ocrx_word' id='word_1_651' title='bbox 3533 3632 3722 3689; x_wconf 79' lang='lat' dir='ltr'><strong>interius</strong></span> 
     </span>
    </p>
   </div>
   <div class='ocr_carea' id='block_1_84' title="bbox 2180 3722 3723 3795">
    <p class='ocr_par' dir='ltr' id='par_1_84' title="bbox 2180 3722 3723 3795">
     <span class='ocr_line' id='line_1_84' title="bbox 2180 3722 3723 3795; baseline -0.004 -16"><span class='ocrx_word' id='word_1_652' title='bbox 2180 3726 2438 3779; x_wconf 85' lang='lat' dir='ltr'><strong>civitatem</strong></span> <span class='ocrx_word' id='word_1_653' title='bbox 2469 3723 2585 3779; x_wconf 84' lang='lat' dir='ltr'><strong>Dei.</strong></span> <span class='ocrx_word' id='word_1_654' title='bbox 2614 3724 2823 3780; x_wconf 84' lang='lat' dir='ltr'><strong>Montes</strong></span> <span class='ocrx_word' id='word_1_655' title='bbox 2852 3725 3082 3791; x_wconf 88' lang='lat' dir='ltr'><strong>scilicet,</strong></span> <span class='ocrx_word' id='word_1_656' title='bbox 3123 3726 3212 3795; x_wconf 91' lang='lat' dir='ltr'><strong>qui</strong></span> <span class='ocrx_word' id='word_1_657' title='bbox 3247 3726 3444 3781; x_wconf 83' lang='lat' dir='ltr'><strong>civitas</strong></span> <span class='ocrx_word' id='word_1_658' title='bbox 3479 3734 3593 3781; x_wconf 88' lang='lat' dir='ltr'><strong>sunt</strong></span> <span class='ocrx_word' id='word_1_659' title='bbox 3615 3722 3723 3775; x_wconf 86' lang='lat' dir='ltr'><strong>bene</strong></span> 
     </span>
    </p>
   </div>
   <div class='ocr_carea' id='block_1_85' title="bbox 2182 3812 3720 3887">
    <p class='ocr_par' dir='ltr' id='par_1_85' title="bbox 2182 3812 3720 3887">
     <span class='ocr_line' id='line_1_85' title="bbox 2182 3812 3720 3887; baseline -0.002 -19"><span class='ocrx_word' id='word_1_660' title='bbox 2182 3814 2475 3869; x_wconf 83' lang='lat' dir='ltr'><strong>virtutibus</strong></span> <span class='ocrx_word' id='word_1_661' title='bbox 2500 3814 2727 3879; x_wconf 87' lang='lat' dir='ltr'><strong>munita,</strong></span> <span class='ocrx_word' id='word_1_662' title='bbox 2763 3812 2959 3869; x_wconf 81' lang='lat' dir='ltr'><strong>flumen</strong></span> <span class='ocrx_word' id='word_1_663' title='bbox 3000 3816 3201 3870; x_wconf 90' lang='lat' dir='ltr'><strong>dicitur</strong></span> <span class='ocrx_word' id='word_1_664' title='bbox 3240 3816 3476 3887; x_wconf 89' lang='lat' dir='ltr'><strong>Spiritus</strong></span> <span class='ocrx_word' id='word_1_665' title='bbox 3516 3823 3720 3875; x_wconf 87' lang='lat' dir='ltr'><strong>sanctus,</strong></span> 
     </span>
    </p>
   </div>
   <div class='ocr_carea' id='block_1_86' title="bbox 2183 3907 3720 3979">
    <p class='ocr_par' dir='ltr' id='par_1_86' title="bbox 2183 3907 3720 3979">
     <span class='ocr_line' id='line_1_86' title="bbox 2183 3907 3720 3979; baseline -0.005 -16"><span class='ocrx_word' id='word_1_666' title='bbox 2183 3922 2249 3963; x_wconf 90' lang='lat' dir='ltr'><strong>eo</strong></span> <span class='ocrx_word' id='word_1_667' title='bbox 2276 3907 2419 3977; x_wconf 90' lang='lat' dir='ltr'><strong>quod</strong></span> <span class='ocrx_word' id='word_1_668' title='bbox 2444 3922 2572 3962; x_wconf 90' lang='lat' dir='ltr'><strong>suos</strong></span> <span class='ocrx_word' id='word_1_669' title='bbox 2594 3907 2857 3977; x_wconf 87' lang='lat' dir='ltr'><strong>sapientia</strong></span> <span class='ocrx_word' id='word_1_670' title='bbox 2891 3915 2945 3961; x_wconf 91' lang='lat' dir='ltr'><strong>et</strong></span> <span class='ocrx_word' id='word_1_671' title='bbox 2982 3907 3210 3962; x_wconf 91' lang='lat' dir='ltr'><strong>consilio</strong></span> <span class='ocrx_word' id='word_1_672' title='bbox 3234 3908 3380 3979; x_wconf 78' lang='lat' dir='ltr'><strong>rigat;</strong></span> <span class='ocrx_word' id='word_1_673' title='bbox 3408 3918 3460 3963; x_wconf 91' lang='lat' dir='ltr'><strong>et</strong></span> <span class='ocrx_word' id='word_1_674' title='bbox 3488 3915 3641 3978; x_wconf 77' lang='lat' dir='ltr'><strong>potat,</strong></span> <span class='ocrx_word' id='word_1_675' title='bbox 3669 3907 3720 3957; x_wconf 85' lang='lat' dir='ltr'><strong>ad</strong></span> 
     </span>
    </p>
   </div>
   <div class='ocr_carea' id='block_1_87' title="bbox 2184 3995 3724 4070">
    <p class='ocr_par' dir='ltr' id='par_1_87' title="bbox 2184 3995 3724 4070">
     <span class='ocr_line' id='line_1_87' title="bbox 2184 3995 3724 4070; baseline -0.003 -18"><span class='ocrx_word' id='word_1_676' title='bbox 2184 3997 2593 4053; x_wconf 89' lang='lat' dir='ltr'><strong>similitudinem</strong></span> <span class='ocrx_word' id='word_1_677' title='bbox 2650 3996 2887 4051; x_wconf 86' lang='lat' dir='ltr'><strong>fluminis</strong></span> <span class='ocrx_word' id='word_1_678' title='bbox 2945 3999 3085 4067; x_wconf 91' lang='lat' dir='ltr'><strong>quod</strong></span> <span class='ocrx_word' id='word_1_679' title='bbox 3135 4000 3354 4068; x_wconf 91' lang='lat' dir='ltr'><strong>copiose</strong></span> <span class='ocrx_word' id='word_1_680' title='bbox 3398 4000 3547 4070; x_wconf 87' lang='lat' dir='ltr'><strong>rigat.</strong></span> <span class='ocrx_word' id='word_1_681' title='bbox 3601 3995 3724 4052; x_wconf 78' lang='lat' dir='ltr'><strong>Unde</strong></span> 
     </span>
    </p>
   </div>
   <div class='ocr_carea' id='block_1_88' title="bbox 2185 4086 3724 4159">
    <p class='ocr_par' dir='ltr' id='par_1_88' title="bbox 2185 4086 3724 4159">
     <span class='ocr_line' id='line_1_88' title="bbox 2185 4086 3724 4159; baseline -0.005 -15"><span class='ocrx_word' id='word_1_682' title='bbox 2185 4090 2443 4144; x_wconf 88' lang='lat' dir='ltr'><strong>Dominus</strong></span> <span class='ocrx_word' id='word_1_683' title='bbox 2486 4090 2537 4145; x_wconf 92' lang='lat' dir='ltr'><strong>in</strong></span> <span class='ocrx_word' id='word_1_684' title='bbox 2581 4086 2909 4158; x_wconf 82' lang='lat' dir='ltr'><strong>Evangelio:</strong></span> <span class='ocrx_word' id='word_1_685' title='bbox 2949 4107 2967 4140; x_wconf 75' lang='lat' dir='ltr'><strong>t</strong></span> <span class='ocrx_word' id='word_1_686' title='bbox 3002 4088 3103 4156; x_wconf 90' lang='lat' dir='ltr'><strong>Qui</strong></span> <span class='ocrx_word' id='word_1_687' title='bbox 3156 4091 3331 4144; x_wconf 86' lang='lat' dir='ltr'><strong>credit</strong></span> <span class='ocrx_word' id='word_1_688' title='bbox 3376 4091 3432 4145; x_wconf 89' lang='lat' dir='ltr'><strong>in</strong></span> <span class='ocrx_word' id='word_1_689' title='bbox 3471 4105 3549 4144; x_wconf 88' lang='lat' dir='ltr'><strong>me</strong></span> <span class='ocrx_word' id='word_1_690' title='bbox 3594 4088 3724 4159; x_wconf 89' lang='lat' dir='ltr'><strong>(sicut</strong></span> 
     </span>
    </p>
   </div>
   <div class='ocr_carea' id='block_1_89' title="bbox 2184 4179 3724 4251">
    <p class='ocr_par' dir='ltr' id='par_1_89' title="bbox 2184 4179 3724 4251">
     <span class='ocr_line' id='line_1_89' title="bbox 2184 4179 3724 4251; baseline -0.005 -16"><span class='ocrx_word' id='word_1_691' title='bbox 2184 4179 2317 4236; x_wconf 91' lang='lat' dir='ltr'><strong>dicit</strong></span> <span class='ocrx_word' id='word_1_692' title='bbox 2344 4180 2627 4251; x_wconf 88' lang='lat' dir='ltr'><strong>propheta)</strong></span> <span class='ocrx_word' id='word_1_693' title='bbox 2663 4199 2681 4233; x_wconf 76' lang='grc' dir='ltr'><strong>ι</strong></span> <span class='ocrx_word' id='word_1_694' title='bbox 2711 4179 2930 4235; x_wconf 87' lang='lat' dir='ltr'><strong>ﬂumina</strong></span> <span class='ocrx_word' id='word_1_695' title='bbox 2960 4181 3024 4236; x_wconf 92' lang='lat' dir='ltr'><strong>de</strong></span> <span class='ocrx_word' id='word_1_696' title='bbox 3047 4190 3240 4237; x_wconf 84' lang='lat' dir='ltr'><strong>ventre</strong></span> <span class='ocrx_word' id='word_1_697' title='bbox 3268 4181 3386 4250; x_wconf 86' lang='lat' dir='ltr'><strong>ejus</strong></span> <span class='ocrx_word' id='word_1_698' title='bbox 3411 4182 3564 4237; x_wconf 88' lang='lat' dir='ltr'><strong>ﬂuent</strong></span> <span class='ocrx_word' id='word_1_699' title='bbox 3598 4193 3724 4249; x_wconf 68' lang='lat' dir='ltr'><strong>aque</strong></span> 
     </span>
    </p>
   </div>
   <div class='ocr_carea' id='block_1_90' title="bbox 2186 4271 3719 4344">
    <p class='ocr_par' dir='ltr' id='par_1_90' title="bbox 2186 4271 3719 4344">
     <span class='ocr_line' id='line_1_90' title="bbox 2186 4271 3719 4344; baseline -0.001 -16"><span class='ocrx_word' id='word_1_700' title='bbox 2186 4273 2343 4328; x_wconf 83' lang='lat' dir='ltr'><strong>vivae.</strong></span> <span class='ocrx_word' id='word_1_701' title='bbox 2377 4271 2489 4326; x_wconf 91' lang='lat' dir='ltr'><strong>Iloe</strong></span> <span class='ocrx_word' id='word_1_702' title='bbox 2518 4282 2699 4326; x_wconf 91' lang='lat' dir='ltr'><strong>autem</strong></span> <span class='ocrx_word' id='word_1_703' title='bbox 2729 4273 2948 4329; x_wconf 89' lang='lat' dir='ltr'><strong>dicebat</strong></span> <span class='ocrx_word' id='word_1_704' title='bbox 2973 4274 3039 4328; x_wconf 89' lang='lat' dir='ltr'><strong>de</strong></span> <span class='ocrx_word' id='word_1_705' title='bbox 3077 4273 3283 4343; x_wconf 90' lang='lat' dir='ltr'><strong>Spiritu</strong></span> <span class='ocrx_word' id='word_1_706' title='bbox 3314 4274 3496 4344; x_wconf 83' lang='lat' dir='ltr'><strong>(Joan.</strong></span> <span class='ocrx_word' id='word_1_707' title='bbox 3520 4289 3609 4336; x_wconf 89' lang='lat' dir='ltr'><strong>vn,</strong></span> <span class='ocrx_word' id='word_1_708' title='bbox 3632 4271 3719 4336; x_wconf 77' lang='lat'><strong>38).</strong></span> 
     </span>
    </p>
   </div>
   <div class='ocr_carea' id='block_1_91' title="bbox 2190 4363 3719 4435">
    <p class='ocr_par' dir='ltr' id='par_1_91' title="bbox 2190 4363 3719 4435">
     <span class='ocr_line' id='line_1_91' title="bbox 2190 4363 3719 4435; baseline -0.005 -15"><span class='ocrx_word' id='word_1_709' title='bbox 2190 4364 2258 4420; x_wconf 85' lang='lat' dir='ltr'><strong>Et</strong></span> <span class='ocrx_word' id='word_1_710' title='bbox 2286 4364 2604 4418; x_wconf 70' lang='lat' dir='ltr'><strong>Izetilieando</strong></span> <span class='ocrx_word' id='word_1_711' title='bbox 2633 4365 2683 4417; x_wconf 88' lang='lat' dir='ltr'><strong>in</strong></span> <span class='ocrx_word' id='word_1_712' title='bbox 2708 4363 2840 4435; x_wconf 89' lang='lat' dir='ltr'><strong>ipsis</strong></span> <span class='ocrx_word' id='word_1_713' title='bbox 2890 4365 3350 4432; x_wconf 84' lang='lat' dir='ltr'><strong>tribulationibus,</strong></span> <span class='ocrx_word' id='word_1_714' title='bbox 3402 4363 3719 4434; x_wconf 76' lang='lat' dir='ltr'><strong>sanctiﬁcavit,</strong></span> 
     </span>
    </p>
   </div>
   <div class='ocr_carea' id='block_1_92' title="bbox 500 4435 3722 4526">
    <p class='ocr_par' dir='ltr' id='par_1_92' title="bbox 500 4435 3722 4526">
     <span class='ocr_line' id='line_1_92' title="bbox 500 4435 3722 4526; baseline 0 -25"><span class='ocrx_word' id='word_1_715' title='bbox 500 4448 783 4503; x_wconf 87' lang='lat' dir='ltr'><strong>lationibus</strong></span> <span class='ocrx_word' id='word_1_716' title='bbox 833 4452 976 4515; x_wconf 89' lang='lat' dir='ltr'><strong>dico,</strong></span> <span class='ocrx_word' id='word_1_717' title='bbox 1022 4468 1139 4522; x_wconf 79' lang='lat' dir='ltr'><strong>qua:</strong></span> <span class='ocrx_word' id='word_1_718' title='bbox 1176 4454 1477 4507; x_wconf 85' lang='lat' dir='ltr'><strong>invenerunt</strong></span> <span class='ocrx_word' id='word_1_719' title='bbox 1527 4467 1639 4506; x_wconf 74' lang='lat' dir='ltr'><strong>nos.</strong></span> <span class='ocrx_word' id='word_1_720' title='bbox 1684 4450 1848 4515; x_wconf 85' lang='lat' dir='ltr'><strong>Quasi</strong></span> <span class='ocrx_word' id='word_1_721' title='bbox 1896 4455 2040 4510; x_wconf 89' lang='lat' dir='ltr'><strong>dicat</strong></span> <span class='ocrx_word' id='word_1_722' title='bbox 2066 4470 2087 4509; x_wconf 63' lang='grc' dir='ltr'>ε’</span> <span class='ocrx_word' id='word_1_723' title='bbox 2113 4435 2163 4494; x_wconf 84' lang='grc' dir='ltr'><strong>Ῑ)</strong></span> <span class='ocrx_word' id='word_1_724' title='bbox 2192 4457 2244 4511; x_wconf 88' lang='lat' dir='ltr'><strong>id</strong></span> <span class='ocrx_word' id='word_1_725' title='bbox 2280 4464 2363 4510; x_wconf 87' lang='lat' dir='ltr'><strong>est</strong></span> <span class='ocrx_word' id='word_1_726' title='bbox 2393 4454 2736 4509; x_wconf 82' lang='lat' dir='ltr'><strong>confirmabit</strong></span> <span class='ocrx_word' id='word_1_727' title='bbox 2765 4456 2818 4509; x_wconf 94' lang='lat' dir='ltr'><strong>in</strong></span> <span class='ocrx_word' id='word_1_728' title='bbox 2850 4455 3178 4521; x_wconf 88' lang='lat' dir='ltr'><strong>constantia,</strong></span> <span class='ocrx_word' id='word_1_729' title='bbox 3208 4455 3299 4509; x_wconf 90' lang='lat' dir='ltr'><strong>ille</strong></span> <span class='ocrx_word' id='word_1_730' title='bbox 3327 4457 3419 4526; x_wconf 90' lang='lat' dir='ltr'><strong>qui</strong></span> <span class='ocrx_word' id='word_1_731' title='bbox 3453 4465 3532 4510; x_wconf 91' lang='lat' dir='ltr'><strong>est</strong></span> <span class='ocrx_word' id='word_1_732' title='bbox 3554 4452 3722 4508; x_wconf 69' lang='lat' dir='ltr'><strong>Altissi-</strong></span> 
     </span>
    </p>
   </div>
   <div class='ocr_carea' id='block_1_93' title="bbox 501 4537 2080 4608">
    <p class='ocr_par' dir='ltr' id='par_1_93' title="bbox 501 4537 2080 4608">
     <span class='ocr_line' id='line_1_93' title="bbox 501 4537 2080 4608; baseline 0.004 -16"><span class='ocrx_word' id='word_1_733' title='bbox 501 4537 611 4593; x_wconf 84' lang='lat' dir='ltr'><strong>Nos</strong></span> <span class='ocrx_word' id='word_1_734' title='bbox 638 4554 742 4593; x_wconf 91' lang='lat' dir='ltr'><strong>non</strong></span> <span class='ocrx_word' id='word_1_735' title='bbox 774 4542 1123 4608; x_wconf 70' lang='lat' dir='ltr'><strong>qttmsivimus</strong></span> <span class='ocrx_word' id='word_1_736' title='bbox 1155 4558 1268 4605; x_wconf 85' lang='lat' dir='ltr'><strong>eas,</strong></span> <span class='ocrx_word' id='word_1_737' title='bbox 1299 4558 1400 4597; x_wconf 87' lang='lat' dir='ltr'><strong>nec</strong></span> <span class='ocrx_word' id='word_1_738' title='bbox 1438 4543 1743 4600; x_wconf 84' lang='lat' dir='ltr'><strong>invenimus</strong></span> <span class='ocrx_word' id='word_1_739' title='bbox 1771 4545 1928 4599; x_wconf 90' lang='lat' dir='ltr'><strong>malis</strong></span> <span class='ocrx_word' id='word_1_740' title='bbox 1964 4558 2080 4599; x_wconf 86' lang='lat' dir='ltr'><strong>mc-</strong></span> 
     </span>
    </p>
   </div>
   <div class='ocr_carea' id='block_1_94' title="bbox 503 4622 2084 4704">
    <p class='ocr_par' dir='ltr' id='par_1_94' title="bbox 503 4622 2084 4704">
     <span class='ocr_line' id='line_1_94' title="bbox 503 4622 2084 4704; baseline 0.005 -20"><span class='ocrx_word' id='word_1_741' title='bbox 503 4629 624 4684; x_wconf 90' lang='lat' dir='ltr'><strong>ritis</strong></span> <span class='ocrx_word' id='word_1_742' title='bbox 651 4631 869 4695; x_wconf 67' lang='lat' dir='ltr'><strong>nostris,</strong></span> <span class='ocrx_word' id='word_1_743' title='bbox 901 4633 995 4685; x_wconf 88' lang='lat' dir='ltr'><strong>sed</strong></span> <span class='ocrx_word' id='word_1_744' title='bbox 1020 4633 1148 4700; x_wconf 72' lang='lat' dir='ltr'><strong>ipsa:</strong></span> <span class='ocrx_word' id='word_1_745' title='bbox 1177 4634 1495 4690; x_wconf 91' lang='lat' dir='ltr'><strong>tribulantes</strong></span> <span class='ocrx_word' id='word_1_746' title='bbox 1520 4636 1835 4704; x_wconf 73' lang='lat' dir='ltr'><strong>Ecclesium,</strong></span> <span class='ocrx_word' id='word_1_747' title='bbox 1855 4622 2084 4692; x_wconf 77' lang='lat' dir='ltr'><strong>volendo</strong></span> 
     </span>
    </p>
   </div>
   <div class='ocr_carea' id='block_1_95' title="bbox 502 4720 2081 4791">
    <p class='ocr_par' dir='ltr' id='par_1_95' title="bbox 502 4720 2081 4791">
     <span class='ocr_line' id='line_1_95' title="bbox 502 4720 2081 4791; baseline 0.004 -17"><span class='ocrx_word' id='word_1_748' title='bbox 502 4733 623 4774; x_wconf 89' lang='lat' dir='ltr'><strong>eam</strong></span> <span class='ocrx_word' id='word_1_749' title='bbox 641 4733 708 4772; x_wconf 82' lang='lat' dir='ltr'><strong>ex</strong></span> <span class='ocrx_word' id='word_1_750' title='bbox 734 4726 845 4772; x_wconf 91' lang='lat' dir='ltr'><strong>toto</strong></span> <span class='ocrx_word' id='word_1_751' title='bbox 874 4720 1177 4786; x_wconf 85' lang='lat' dir='ltr'><strong>destruere,</strong></span> <span class='ocrx_word' id='word_1_752' title='bbox 1195 4723 1496 4777; x_wconf 82' lang='lat' dir='ltr'><strong>invenerunt</strong></span> <span class='ocrx_word' id='word_1_753' title='bbox 1525 4740 1617 4779; x_wconf 92' lang='lat' dir='ltr'><strong>nos</strong></span> <span class='ocrx_word' id='word_1_754' title='bbox 1646 4740 1664 4777; x_wconf 89' lang='lat'><em>:</em></span> <span class='ocrx_word' id='word_1_755' title='bbox 1691 4735 1747 4779; x_wconf 90' lang='lat' dir='ltr'><strong>et</strong></span> <span class='ocrx_word' id='word_1_756' title='bbox 1775 4726 1875 4782; x_wconf 93' lang='lat' dir='ltr'><strong>hoc</strong></span> <span class='ocrx_word' id='word_1_757' title='bbox 1903 4727 2081 4791; x_wconf 85' lang='lat' dir='ltr'><strong>nimis,</strong></span> 
     </span>
    </p>
   </div>
   <div class='ocr_carea' id='block_1_96' title="bbox 504 4809 2084 4883">
    <p class='ocr_par' dir='ltr' id='par_1_96' title="bbox 504 4809 2084 4883">
     <span class='ocr_line' id='line_1_96' title="bbox 504 4809 2084 4883; baseline 0.005 -19"><span class='ocrx_word' id='word_1_758' title='bbox 504 4809 558 4864; x_wconf 92' lang='lat' dir='ltr'><strong>id</strong></span> <span class='ocrx_word' id='word_1_759' title='bbox 588 4818 672 4863; x_wconf 89' lang='lat' dir='ltr'><strong>est</strong></span> <span class='ocrx_word' id='word_1_760' title='bbox 698 4824 803 4863; x_wconf 91' lang='lat' dir='ltr'><strong>non</strong></span> <span class='ocrx_word' id='word_1_761' title='bbox 831 4810 1002 4864; x_wconf 90' lang='lat' dir='ltr'><strong>solum</strong></span> <span class='ocrx_word' id='word_1_762' title='bbox 1035 4812 1086 4863; x_wconf 91' lang='lat' dir='ltr'><strong>in</strong></span> <span class='ocrx_word' id='word_1_763' title='bbox 1110 4815 1390 4882; x_wconf 87' lang='lat' dir='ltr'><strong>ereptione</strong></span> <span class='ocrx_word' id='word_1_764' title='bbox 1414 4830 1591 4869; x_wconf 91' lang='lat' dir='ltr'><strong>rerum</strong></span> <span class='ocrx_word' id='word_1_765' title='bbox 1621 4826 1955 4883; x_wconf 90' lang='lat' dir='ltr'><strong>nostrarum,</strong></span> <span class='ocrx_word' id='word_1_766' title='bbox 1988 4817 2084 4872; x_wconf 90' lang='lat' dir='ltr'><strong>sed</strong></span> 
     </span>
    </p>
   </div>
   <div class='ocr_carea' id='block_1_97' title="bbox 503 4903 2086 4985">
    <p class='ocr_par' dir='ltr' id='par_1_97' title="bbox 503 4903 2086 4985">
     <span class='ocr_line' id='line_1_97' title="bbox 503 4903 2086 4985; baseline 0.006 -26"><span class='ocrx_word' id='word_1_767' title='bbox 503 4915 559 4959; x_wconf 89' lang='lat' dir='ltr'><strong>et</strong></span> <span class='ocrx_word' id='word_1_768' title='bbox 587 4905 638 4958; x_wconf 90' lang='lat' dir='ltr'><strong>in</strong></span> <span class='ocrx_word' id='word_1_769' title='bbox 668 4903 955 4961; x_wconf 76' lang='lat' dir='ltr'><strong>afﬂictione</strong></span> <span class='ocrx_word' id='word_1_770' title='bbox 980 4908 1143 4962; x_wconf 76' lang='lat' dir='ltr'><strong>niuiia</strong></span> <span class='ocrx_word' id='word_1_771' title='bbox 1174 4912 1374 4976; x_wconf 82' lang='lat' dir='ltr'><strong>carnis,</strong></span> <span class='ocrx_word' id='word_1_772' title='bbox 1420 4919 1474 4966; x_wconf 91' lang='lat' dir='ltr'><strong>et</strong></span> <span class='ocrx_word' id='word_1_773' title='bbox 1512 4927 1682 4982; x_wconf 91' lang='lat' dir='ltr'><strong>usque</strong></span> <span class='ocrx_word' id='word_1_774' title='bbox 1711 4914 1777 4968; x_wconf 89' lang='lat' dir='ltr'><strong>ad</strong></span> <span class='ocrx_word' id='word_1_775' title='bbox 1809 4915 2086 4985; x_wconf 85' lang='lat' dir='ltr'><strong>sanguinis</strong></span> 
     </span>
    </p>
   </div>
   <div class='ocr_carea' id='block_1_98' title="bbox 504 4994 2088 5070">
    <p class='ocr_par' dir='ltr' id='par_1_98' title="bbox 504 4994 2088 5070">
     <span class='ocr_line' id='line_1_98' title="bbox 504 4994 2088 5070; baseline 0.006 -19"><span class='ocrx_word' id='word_1_776' title='bbox 504 4994 846 5051; x_wconf 86' lang='lat' dir='ltr'><strong>ell‘usionem.</strong></span> <span class='ocrx_word' id='word_1_777' title='bbox 879 4998 943 5051; x_wconf 88' lang='lat' dir='ltr'><strong>Et</strong></span> <span class='ocrx_word' id='word_1_778' title='bbox 973 5010 1259 5067; x_wconf 91' lang='lat' dir='ltr'><strong>propterea</strong></span> <span class='ocrx_word' id='word_1_779' title='bbox 1291 5003 1432 5070; x_wconf 92' lang='lat' dir='ltr'><strong>quod</strong></span> <span class='ocrx_word' id='word_1_780' title='bbox 1465 5002 1608 5057; x_wconf 86' lang='lat' dir='ltr'><strong>Deus</strong></span> <span class='ocrx_word' id='word_1_781' title='bbox 1650 5014 1825 5058; x_wconf 85' lang='lat' dir='ltr'><strong>noster</strong></span> <span class='ocrx_word' id='word_1_782' title='bbox 1868 5016 1954 5061; x_wconf 91' lang='lat' dir='ltr'><strong>est</strong></span> <span class='ocrx_word' id='word_1_783' title='bbox 1991 5021 2088 5061; x_wconf 87' lang='lat' dir='ltr'><strong>no-</strong></span> 
     </span>
    </p>
   </div>
   <div class='ocr_carea' id='block_1_99' title="bbox 504 5089 2084 5165">
    <p class='ocr_par' dir='ltr' id='par_1_99' title="bbox 504 5089 2084 5165">
     <span class='ocr_line' id='line_1_99' title="bbox 504 5089 2084 5165; baseline 0.005 -22"><span class='ocrx_word' id='word_1_784' title='bbox 504 5098 678 5143; x_wconf 82' lang='lat' dir='ltr'><strong>strum</strong></span> <span class='ocrx_word' id='word_1_785' title='bbox 712 5089 970 5161; x_wconf 84' lang='lat' dir='ltr'><strong>refugium</strong></span> <span class='ocrx_word' id='word_1_786' title='bbox 996 5100 1043 5145; x_wconf 88' lang='lat' dir='ltr'><strong>et</strong></span> <span class='ocrx_word' id='word_1_787' title='bbox 1070 5093 1230 5145; x_wconf 84' lang='lat' dir='ltr'><strong>virtus</strong></span> <span class='ocrx_word' id='word_1_788' title='bbox 1256 5103 1308 5146; x_wconf 90' lang='lat' dir='ltr'><strong>et</strong></span> <span class='ocrx_word' id='word_1_789' title='bbox 1348 5095 1583 5165; x_wconf 85' lang='lat' dir='ltr'><strong>adjutor,</strong></span> <span class='ocrx_word' id='word_1_790' title='bbox 1627 5112 1730 5149; x_wconf 89' lang='lat' dir='ltr'><strong>non</strong></span> <span class='ocrx_word' id='word_1_791' title='bbox 1772 5098 2084 5163; x_wconf 86' lang='lat' dir='ltr'><strong>timebimus,</strong></span> 
     </span>
    </p>
   </div>
   <div class='ocr_carea' id='block_1_100' title="bbox 505 5180 2085 5256">
    <p class='ocr_par' dir='ltr' id='par_1_100' title="bbox 505 5180 2085 5256">
     <span class='ocr_line' id='line_1_100' title="bbox 505 5180 2085 5256; baseline 0.006 -23"><span class='ocrx_word' id='word_1_792' title='bbox 505 5180 631 5234; x_wconf 88' lang='lat' dir='ltr'><strong>dum</strong></span> <span class='ocrx_word' id='word_1_793' title='bbox 671 5182 969 5235; x_wconf 82' lang='lat' dir='ltr'><strong>turbabi/ur</strong></span> <span class='ocrx_word' id='word_1_794' title='bbox 1005 5194 1144 5237; x_wconf 87' lang='lat' dir='ltr'><strong>terra</strong></span> <span class='ocrx_word' id='word_1_795' title='bbox 1203 5194 1391 5240; x_wconf 77' lang='lat' dir='ltr'><strong>contra</strong></span> <span class='ocrx_word' id='word_1_796' title='bbox 1439 5187 1841 5256; x_wconf 77' lang='lat' dir='ltr'><strong>pranlicatores.</strong></span> <span class='ocrx_word' id='word_1_797' title='bbox 1895 5189 2085 5254; x_wconf 84' lang='lat' dir='ltr'><strong>Terra,</strong></span> 
     </span>
    </p>
   </div>
   <div class='ocr_carea' id='block_1_101' title="bbox 507 5272 2090 5350">
    <p class='ocr_par' dir='ltr' id='par_1_101' title="bbox 507 5272 2090 5350">
     <span class='ocr_line' id='line_1_101' title="bbox 507 5272 2090 5350; baseline 0.006 -22"><span class='ocrx_word' id='word_1_798' title='bbox 507 5274 560 5328; x_wconf 90' lang='lat' dir='ltr'><strong>id</strong></span> <span class='ocrx_word' id='word_1_799' title='bbox 587 5274 671 5329; x_wconf 89' lang='lat' dir='ltr'><strong>est</strong></span> <span class='ocrx_word' id='word_1_800' title='bbox 699 5272 905 5343; x_wconf 76' lang='lat' dir='ltr'><strong>Iudaea,</strong></span> <span class='ocrx_word' id='word_1_801' title='bbox 942 5292 1063 5347; x_wconf 79' lang='lat' dir='ltr'><strong>qua:</strong></span> <span class='ocrx_word' id='word_1_802' title='bbox 1096 5278 1245 5348; x_wconf 92' lang='lat' dir='ltr'><strong>prius</strong></span> <span class='ocrx_word' id='word_1_803' title='bbox 1275 5277 1373 5333; x_wconf 85' lang='lat' dir='ltr'><strong>fuit</strong></span> <span class='ocrx_word' id='word_1_804' title='bbox 1406 5289 1547 5334; x_wconf 88' lang='lat' dir='ltr'><strong>terra</strong></span> <span class='ocrx_word' id='word_1_805' title='bbox 1577 5280 1695 5343; x_wconf 86' lang='lat' dir='ltr'><strong>Dei,</strong></span> <span class='ocrx_word' id='word_1_806' title='bbox 1737 5295 1895 5350; x_wconf 90' lang='lat' dir='ltr'><strong>quam</strong></span> <span class='ocrx_word' id='word_1_807' title='bbox 1926 5297 2090 5337; x_wconf 82' lang='lat' dir='ltr'><strong>exco-</strong></span> 
     </span>
    </p>
   </div>
   <div class='ocr_carea' id='block_1_102' title="bbox 510 5366 2081 5443">
    <p class='ocr_par' dir='ltr' id='par_1_102' title="bbox 510 5366 2081 5443">
     <span class='ocr_line' id='line_1_102' title="bbox 510 5366 2081 5443; baseline 0.006 -24"><span class='ocrx_word' id='word_1_808' title='bbox 510 5366 606 5420; x_wconf 93' lang='lat' dir='ltr'><strong>luit</strong></span> <span class='ocrx_word' id='word_1_809' title='bbox 633 5382 731 5437; x_wconf 90' lang='lat' dir='ltr'><strong>per</strong></span> <span class='ocrx_word' id='word_1_810' title='bbox 759 5370 1063 5424; x_wconf 88' lang='lat' dir='ltr'><strong>doctrinam</strong></span> <span class='ocrx_word' id='word_1_811' title='bbox 1092 5372 1513 5440; x_wconf 83' lang='lat' dir='ltr'><strong>prophetarum;</strong></span> <span class='ocrx_word' id='word_1_812' title='bbox 1548 5374 1629 5427; x_wconf 87' lang='lat' dir='ltr'><strong>vel</strong></span> <span class='ocrx_word' id='word_1_813' title='bbox 1663 5389 1783 5443; x_wconf 80' lang='lat' dir='ltr'><strong>qme</strong></span> <span class='ocrx_word' id='word_1_814' title='bbox 1807 5384 1890 5429; x_wconf 87' lang='lat' dir='ltr'><strong>est</strong></span> <span class='ocrx_word' id='word_1_815' title='bbox 1923 5385 2081 5439; x_wconf 85' lang='lat' dir='ltr'><strong>terra,</strong></span> 
     </span>
    </p>
   </div>
   <div class='ocr_carea' id='block_1_103' title="bbox 509 5456 2087 5531">
    <p class='ocr_par' dir='ltr' id='par_1_103' title="bbox 509 5456 2087 5531">
     <span class='ocr_line' id='line_1_103' title="bbox 509 5456 2087 5531; baseline 0.006 -23"><span class='ocrx_word' id='word_1_816' title='bbox 509 5456 561 5510; x_wconf 88' lang='lat' dir='ltr'><strong>td</strong></span> <span class='ocrx_word' id='word_1_817' title='bbox 583 5465 667 5512; x_wconf 88' lang='lat' dir='ltr'><strong>est</strong></span> <span class='ocrx_word' id='word_1_818' title='bbox 699 5460 929 5514; x_wconf 87' lang='lat' dir='ltr'><strong>terrenis</strong></span> <span class='ocrx_word' id='word_1_819' title='bbox 955 5460 1258 5527; x_wconf 66' lang='lat' dir='ltr'><strong>adhaerens,</strong></span> <span class='ocrx_word' id='word_1_820' title='bbox 1286 5477 1390 5514; x_wconf 91' lang='lat' dir='ltr'><strong>non</strong></span> <span class='ocrx_word' id='word_1_821' title='bbox 1411 5461 1799 5531; x_wconf 86' lang='lat' dir='ltr'><strong>spiritualibus.</strong></span> <span class='ocrx_word' id='word_1_822' title='bbox 1826 5463 1977 5530; x_wconf 89' lang='lat' dir='ltr'><strong>Quod</strong></span> <span class='ocrx_word' id='word_1_823' title='bbox 2003 5471 2087 5518; x_wconf 86' lang='lat' dir='ltr'><strong>cst</strong></span> 
     </span>
    </p>
   </div>
   <div class='ocr_carea' id='block_1_104' title="bbox 512 5549 2083 5618">
    <p class='ocr_par' dir='ltr' id='par_1_104' title="bbox 512 5549 2083 5618">
     <span class='ocr_line' id='line_1_104' title="bbox 512 5549 2083 5618; baseline 0.003 -15"><span class='ocrx_word' id='word_1_824' title='bbox 512 5549 731 5606; x_wconf 89' lang='lat' dir='ltr'><strong>dicere:</strong></span> <span class='ocrx_word' id='word_1_825' title='bbox 785 5550 898 5605; x_wconf 85' lang='lat' dir='ltr'><strong>Non</strong></span> <span class='ocrx_word' id='word_1_826' title='bbox 947 5553 1152 5607; x_wconf 86' lang='lat' dir='ltr'><strong>erimus</strong></span> <span class='ocrx_word' id='word_1_827' title='bbox 1207 5554 1477 5618; x_wconf 85' lang='lat' dir='ltr'><strong>timentes,</strong></span> <span class='ocrx_word' id='word_1_828' title='bbox 1526 5554 1620 5608; x_wconf 91' lang='lat' dir='ltr'><strong>sed</strong></span> <span class='ocrx_word' id='word_1_829' title='bbox 1674 5563 1985 5609; x_wconf 86' lang='lat' dir='ltr'><strong>constantes</strong></span> <span class='ocrx_word' id='word_1_830' title='bbox 2032 5555 2083 5608; x_wconf 91' lang='lat' dir='ltr'><strong>in</strong></span> 
     </span>
    </p>
   </div>
   <div class='ocr_carea' id='block_1_105' title="bbox 512 5643 2086 5713">
    <p class='ocr_par' dir='ltr' id='par_1_105' title="bbox 512 5643 2086 5713">
     <span class='ocr_line' id='line_1_105' title="bbox 512 5643 2086 5713; baseline 0.003 -18"><span class='ocrx_word' id='word_1_831' title='bbox 512 5643 966 5703; x_wconf 86' lang='lat' dir='ltr'><strong>tribulationibus.</strong></span> <span class='ocrx_word' id='word_1_832' title='bbox 1000 5661 1134 5705; x_wconf 85' lang='lat' dir='ltr'><strong>quas</strong></span> <span class='ocrx_word' id='word_1_833' title='bbox 1162 5645 1355 5701; x_wconf 86' lang='lat' dir='ltr'><strong>inferet</strong></span> <span class='ocrx_word' id='word_1_834' title='bbox 1384 5647 1732 5713; x_wconf 77' lang='lat' dir='ltr'><strong>conturbata;</strong></span> <span class='ocrx_word' id='word_1_835' title='bbox 1764 5657 1815 5700; x_wconf 83' lang='lat' dir='ltr'><strong>ct</strong></span> <span class='ocrx_word' id='word_1_836' title='bbox 1837 5648 1959 5701; x_wconf 88' lang='lat' dir='ltr'><strong>dum</strong></span> <span class='ocrx_word' id='word_1_837' title='bbox 1985 5647 2086 5700; x_wconf 89' lang='lat' dir='ltr'><strong>hoc</strong></span> 
     </span>
    </p>
   </div>
   <div class='ocr_carea' id='block_1_106' title="bbox 2191 4549 3719 4617">
    <p class='ocr_par' dir='ltr' id='par_1_106' title="bbox 2191 4549 3719 4617">
     <span class='ocr_line' id='line_1_106' title="bbox 2191 4549 3719 4617; baseline -0.005 -13"><span class='ocrx_word' id='word_1_838' title='bbox 2191 4566 2305 4604; x_wconf 86' lang='lat' dir='ltr'><strong>mus</strong></span> <span class='ocrx_word' id='word_1_839' title='bbox 2326 4560 2379 4605; x_wconf 91' lang='lat' dir='ltr'><strong>et</strong></span> <span class='ocrx_word' id='word_1_840' title='bbox 2408 4550 2629 4615; x_wconf 88' lang='lat' dir='ltr'><strong>Potens,</strong></span> <span class='ocrx_word' id='word_1_841' title='bbox 2664 4549 3059 4603; x_wconf 82' lang='lat' dir='ltr'><strong>tabernaculum</strong></span> <span class='ocrx_word' id='word_1_842' title='bbox 3089 4565 3264 4617; x_wconf 87' lang='lat' dir='ltr'><strong>suum,</strong></span> <span class='ocrx_word' id='word_1_843' title='bbox 3298 4550 3349 4605; x_wconf 91' lang='lat' dir='ltr'><strong>id</strong></span> <span class='ocrx_word' id='word_1_844' title='bbox 3380 4560 3463 4607; x_wconf 91' lang='lat' dir='ltr'><strong>est</strong></span> <span class='ocrx_word' id='word_1_845' title='bbox 3492 4550 3719 4605; x_wconf 85' lang='lat' dir='ltr'><strong>civitatem</strong></span> 
     </span>
    </p>
   </div>
   <div class='ocr_carea' id='block_1_107' title="bbox 2188 4640 3100 4711">
    <p class='ocr_par' dir='ltr' id='par_1_107' title="bbox 2188 4640 3100 4711">
     <span class='ocr_line' id='line_1_107' title="bbox 2188 4640 3100 4711; baseline -0.003 -15"><span class='ocrx_word' id='word_1_846' title='bbox 2188 4641 2599 4711; x_wconf 70' lang='lat' dir='ltr'><strong>prtedicatorum</strong></span> <span class='ocrx_word' id='word_1_847' title='bbox 2627 4640 2729 4695; x_wconf 90' lang='lat' dir='ltr'><strong>sibi</strong></span> <span class='ocrx_word' id='word_1_848' title='bbox 2760 4641 3100 4695; x_wconf 89' lang='lat' dir='ltr'><strong>militantem.</strong></span> 
     </span>
    </p>
   </div>
   <div class='ocr_carea' id='block_1_108' title="bbox 2263 4731 3721 4808">
    <p class='ocr_par' dir='ltr' id='par_1_108' title="bbox 2263 4731 3721 4808">
     <span class='ocr_line' id='line_1_108' title="bbox 2263 4731 3721 4808; baseline -0.008 -19"><span class='ocrx_word' id='word_1_849' title='bbox 2263 4734 2376 4789; x_wconf 84' lang='lat' dir='ltr'><strong>Hoc</strong></span> <span class='ocrx_word' id='word_1_850' title='bbox 2404 4743 2585 4788; x_wconf 90' lang='lat' dir='ltr'><strong>autem</strong></span> <span class='ocrx_word' id='word_1_851' title='bbox 2611 4733 2740 4788; x_wconf 89' lang='lat' dir='ltr'><strong>dicit</strong></span> <span class='ocrx_word' id='word_1_852' title='bbox 2773 4734 2840 4788; x_wconf 90' lang='lat' dir='ltr'><strong>ad</strong></span> <span class='ocrx_word' id='word_1_853' title='bbox 2865 4734 3547 4808; x_wconf 70' lang='lat' dir='ltr'><strong>cxhortattonemﬁliorum</strong></span> <span class='ocrx_word' id='word_1_854' title='bbox 3578 4731 3721 4786; x_wconf 80' lang='lat' dir='ltr'><strong>Clmre</strong></span> 
     </span>
    </p>
   </div>
   <div class='ocr_carea' id='block_1_109' title="bbox 2192 4818 3718 4895">
    <p class='ocr_par' dir='ltr' id='par_1_109' title="bbox 2192 4818 3718 4895">
     <span class='ocr_line' id='line_1_109' title="bbox 2192 4818 3718 4895; baseline -0.006 -14"><span class='ocrx_word' id='word_1_855' title='bbox 2192 4841 2588 4889; x_wconf 87' lang='lat' dir='ltr'><strong>successorum,</strong></span> <span class='ocrx_word' id='word_1_856' title='bbox 2616 4825 2812 4895; x_wconf 90' lang='lat' dir='ltr'><strong>quibus</strong></span> <span class='ocrx_word' id='word_1_857' title='bbox 2841 4832 3028 4894; x_wconf 82' lang='lat' dir='ltr'><strong>agunt,</strong></span> <span class='ocrx_word' id='word_1_858' title='bbox 3060 4840 3127 4880; x_wconf 90' lang='lat' dir='ltr'><strong>ne</strong></span> <span class='ocrx_word' id='word_1_859' title='bbox 3158 4826 3278 4880; x_wconf 90' lang='lat' dir='ltr'><strong>ideo</strong></span> <span class='ocrx_word' id='word_1_860' title='bbox 3316 4826 3578 4887; x_wconf 83' lang='lat' dir='ltr'><strong>deficiant,</strong></span> <span class='ocrx_word' id='word_1_861' title='bbox 3612 4820 3647 4874; x_wconf 91' lang='lat' dir='ltr'><strong>si</strong></span> <span class='ocrx_word' id='word_1_862' title='bbox 3680 4818 3718 4869; x_wconf 84' lang='lat' dir='ltr'><strong>in</strong></span> 
     </span>
    </p>
   </div>
   <div class='ocr_carea' id='block_1_110' title="bbox 2194 4907 3719 4987">
    <p class='ocr_par' dir='ltr' id='par_1_110' title="bbox 2194 4907 3719 4987">
     <span class='ocr_line' id='line_1_110' title="bbox 2194 4907 3719 4987; baseline -0.004 -15"><span class='ocrx_word' id='word_1_863' title='bbox 2194 4917 2634 4973; x_wconf 78' lang='lat' dir='ltr'><strong>tribulationibus</strong></span> <span class='ocrx_word' id='word_1_864' title='bbox 2675 4917 2903 4971; x_wconf 86' lang='lat' dir='ltr'><strong>timeant</strong></span> <span class='ocrx_word' id='word_1_865' title='bbox 2956 4931 3022 4971; x_wconf 81' lang='lat' dir='ltr'><strong>ex</strong></span> <span class='ocrx_word' id='word_1_866' title='bbox 3082 4917 3265 4971; x_wconf 89' lang='lat' dir='ltr'><strong>carnis</strong></span> <span class='ocrx_word' id='word_1_867' title='bbox 3312 4916 3607 4987; x_wconf 86' lang='lat' dir='ltr'><strong>fragilitate,</strong></span> <span class='ocrx_word' id='word_1_868' title='bbox 3647 4907 3719 4961; x_wconf 67' lang='lat' dir='ltr'><strong>sed</strong></span> 
     </span>
    </p>
   </div>
   <div class='ocr_carea' id='block_1_111' title="bbox 2191 5006 3720 5067">
    <p class='ocr_par' dir='ltr' id='par_1_111' title="bbox 2191 5006 3720 5067">
     <span class='ocr_line' id='line_1_111' title="bbox 2191 5006 3720 5067; baseline -0.009 -2"><span class='ocrx_word' id='word_1_869' title='bbox 2191 5010 2465 5067; x_wconf 84' lang='lat' dir='ltr'><strong>confidant</strong></span> <span class='ocrx_word' id='word_1_870' title='bbox 2489 5024 2547 5064; x_wconf 90' lang='lat' dir='ltr'><strong>sc</strong></span> <span class='ocrx_word' id='word_1_871' title='bbox 2569 5006 2816 5062; x_wconf 83' lang='lat' dir='ltr'><strong>similiter</strong></span> <span class='ocrx_word' id='word_1_872' title='bbox 2842 5023 2963 5063; x_wconf 90' lang='lat' dir='ltr'><strong>esse</strong></span> <span class='ocrx_word' id='word_1_873' title='bbox 2989 5008 3342 5063; x_wconf 70' lang='lat' dir='ltr'><strong>laztiticandos</strong></span> <span class='ocrx_word' id='word_1_874' title='bbox 3361 5018 3415 5064; x_wconf 90' lang='lat' dir='ltr'><strong>et</strong></span> <span class='ocrx_word' id='word_1_875' title='bbox 3446 5007 3720 5062; x_wconf 82' lang='lat' dir='ltr'><strong>confirman-</strong></span> 
     </span>
    </p>
   </div>
   <div class='ocr_carea' id='block_1_112' title="bbox 2191 5097 3719 5169">
    <p class='ocr_par' dir='ltr' id='par_1_112' title="bbox 2191 5097 3719 5169">
     <span class='ocr_line' id='line_1_112' title="bbox 2191 5097 3719 5169; baseline -0.007 -12"><span class='ocrx_word' id='word_1_876' title='bbox 2191 5103 2307 5157; x_wconf 90' lang='lat' dir='ltr'><strong>dos.</strong></span> <span class='ocrx_word' id='word_1_877' title='bbox 2341 5101 2469 5156; x_wconf 91' lang='lat' dir='ltr'><strong>Dico</strong></span> <span class='ocrx_word' id='word_1_878' title='bbox 2497 5100 2795 5154; x_wconf 82' lang='lat' dir='ltr'><strong>Altissimus</strong></span> <span class='ocrx_word' id='word_1_879' title='bbox 2818 5101 3187 5168; x_wconf 79' lang='lat' dir='ltr'><strong>sanctiﬁcavit,</strong></span> <span class='ocrx_word' id='word_1_880' title='bbox 3221 5101 3312 5169; x_wconf 92' lang='lat' dir='ltr'><strong>qui</strong></span> <span class='ocrx_word' id='word_1_881' title='bbox 3350 5097 3636 5154; x_wconf 87' lang='lat' dir='ltr'><strong>Altissimus</strong></span> <span class='ocrx_word' id='word_1_882' title='bbox 3657 5097 3719 5142; x_wconf 61' lang='grc' dir='ltr'><strong>εει</strong></span> 
     </span>
    </p>
   </div>
   <div class='ocr_carea' id='block_1_113' title="bbox 2190 5183 3719 5260">
    <p class='ocr_par' dir='ltr' id='par_1_113' title="bbox 2190 5183 3719 5260">
     <span class='ocr_line' id='line_1_113' title="bbox 2190 5183 3719 5260; baseline -0.009 -14"><span class='ocrx_word' id='word_1_883' title='bbox 2190 5192 2332 5246; x_wconf 87' lang='lat' dir='ltr'><strong>Deus</strong></span> <span class='ocrx_word' id='word_1_884' title='bbox 2360 5192 2415 5244; x_wconf 86' lang='lat' dir='ltr'><strong>in</strong></span> <span class='ocrx_word' id='word_1_885' title='bbox 2446 5191 2613 5245; x_wconf 81' lang='lat' dir='ltr'><strong>medio</strong></span> <span class='ocrx_word' id='word_1_886' title='bbox 2643 5190 2757 5260; x_wconf 85' lang='lat' dir='ltr'><strong>ejus</strong></span> <span class='ocrx_word' id='word_1_887' title='bbox 2780 5188 3017 5245; x_wconf 78' lang='lat' dir='ltr'><strong>civitatis</strong></span> <span class='ocrx_word' id='word_1_888' title='bbox 3044 5204 3259 5260; x_wconf 89' lang='lat' dir='ltr'><strong>semper</strong></span> <span class='ocrx_word' id='word_1_889' title='bbox 3298 5190 3547 5252; x_wconf 77' lang='lat' dir='ltr'><strong>existens,</strong></span> <span class='ocrx_word' id='word_1_890' title='bbox 3591 5183 3633 5237; x_wconf 92' lang='lat' dir='ltr'><strong>id</strong></span> <span class='ocrx_word' id='word_1_891' title='bbox 3658 5187 3719 5234; x_wconf 83' lang='lat' dir='ltr'><strong>est</strong></span> 
     </span>
    </p>
   </div>
   <div class='ocr_carea' id='block_1_114' title="bbox 2193 5276 3717 5349">
    <p class='ocr_par' dir='ltr' id='par_1_114' title="bbox 2193 5276 3717 5349">
     <span class='ocr_line' id='line_1_114' title="bbox 2193 5276 3717 5349; baseline -0.007 -14"><span class='ocrx_word' id='word_1_892' title='bbox 2193 5282 2244 5335; x_wconf 93' lang='lat' dir='ltr'><strong>in</strong></span> <span class='ocrx_word' id='word_1_893' title='bbox 2272 5280 2479 5335; x_wconf 88' lang='lat' dir='ltr'><strong>ratione</strong></span> <span class='ocrx_word' id='word_1_894' title='bbox 2494 5278 2611 5349; x_wconf 90' lang='lat' dir='ltr'><strong>ejus</strong></span> <span class='ocrx_word' id='word_1_895' title='bbox 2632 5296 2735 5333; x_wconf 88' lang='lat' dir='ltr'><strong>non</strong></span> <span class='ocrx_word' id='word_1_896' title='bbox 2756 5278 3002 5334; x_wconf 91' lang='lat' dir='ltr'><strong>localiter</strong></span> <span class='ocrx_word' id='word_1_897' title='bbox 3022 5280 3116 5333; x_wconf 91' lang='lat' dir='ltr'><strong>sed</strong></span> <span class='ocrx_word' id='word_1_898' title='bbox 3139 5279 3445 5348; x_wconf 89' lang='lat' dir='ltr'><strong>specialiter</strong></span> <span class='ocrx_word' id='word_1_899' title='bbox 3463 5276 3717 5332; x_wconf 72' lang='lat' dir='ltr'><strong>adhmreus.</strong></span> 
     </span>
    </p>
   </div>
   <div class='ocr_carea' id='block_1_115' title="bbox 2193 5363 3717 5439">
    <p class='ocr_par' dir='ltr' id='par_1_115' title="bbox 2193 5363 3717 5439">
     <span class='ocr_line' id='line_1_115' title="bbox 2193 5363 3717 5439; baseline -0.012 -12"><span class='ocrx_word' id='word_1_900' title='bbox 2193 5380 2252 5427; x_wconf 92' lang='lat' dir='ltr'><strong>ut</strong></span> <span class='ocrx_word' id='word_1_901' title='bbox 2314 5381 2571 5428; x_wconf 88' lang='lat' dir='ltr'><strong>constans</strong></span> <span class='ocrx_word' id='word_1_902' title='bbox 2637 5371 2728 5425; x_wconf 90' lang='lat' dir='ltr'><strong>sit.</strong></span> <span class='ocrx_word' id='word_1_903' title='bbox 2798 5369 2929 5437; x_wconf 73' lang='lat' dir='ltr'><strong>Quae</strong></span> <span class='ocrx_word' id='word_1_904' title='bbox 2994 5369 3135 5424; x_wconf 87' lang='lat' dir='ltr'><strong>ratio</strong></span> <span class='ocrx_word' id='word_1_905' title='bbox 3201 5384 3300 5439; x_wconf 90' lang='lat' dir='ltr'><strong>per</strong></span> <span class='ocrx_word' id='word_1_906' title='bbox 3361 5363 3717 5423; x_wconf 75' lang='grc' dir='ltr'>ειωίιίιυιιὶηριιι</span> 
     </span>
    </p>
   </div>
   <div class='ocr_carea' id='block_1_116' title="bbox 2195 5450 3717 5531">
    <p class='ocr_par' dir='ltr' id='par_1_116' title="bbox 2195 5450 3717 5531">
     <span class='ocr_line' id='line_1_116' title="bbox 2195 5450 3717 5531; baseline -0.01 -11"><span class='ocrx_word' id='word_1_907' title='bbox 2195 5464 2429 5520; x_wconf 89' lang='lat' dir='ltr'><strong>medium</strong></span> <span class='ocrx_word' id='word_1_908' title='bbox 2471 5463 2688 5527; x_wconf 87' lang='lat' dir='ltr'><strong>dicitur,</strong></span> <span class='ocrx_word' id='word_1_909' title='bbox 2734 5463 2861 5531; x_wconf 91' lang='lat' dir='ltr'><strong>quia</strong></span> <span class='ocrx_word' id='word_1_910' title='bbox 2901 5460 3043 5516; x_wconf 88' lang='lat' dir='ltr'><strong>sicut</strong></span> <span class='ocrx_word' id='word_1_911' title='bbox 3081 5475 3177 5530; x_wconf 89' lang='lat' dir='ltr'><strong>per</strong></span> <span class='ocrx_word' id='word_1_912' title='bbox 3215 5473 3518 5516; x_wconf 88' lang='lat' dir='ltr'><strong>mensuram</strong></span> <span class='ocrx_word' id='word_1_913' title='bbox 3553 5450 3717 5522; x_wconf 72' lang='lat' dir='ltr'><strong>puncti.</strong></span> 
     </span>
    </p>
   </div>
   <div class='ocr_carea' id='block_1_117' title="bbox 2195 5536 3717 5626">
    <p class='ocr_par' dir='ltr' id='par_1_117' title="bbox 2195 5536 3717 5626">
     <span class='ocr_line' id='line_1_117' title="bbox 2195 5536 3717 5626; baseline -0.006 -17"><span class='ocrx_word' id='word_1_914' title='bbox 2195 5556 2334 5626; x_wconf 85' lang='lat' dir='ltr'><strong>quod</strong></span> <span class='ocrx_word' id='word_1_915' title='bbox 2378 5554 2609 5609; x_wconf 87' lang='lat' dir='ltr'><strong>medium</strong></span> <span class='ocrx_word' id='word_1_916' title='bbox 2641 5564 2745 5618; x_wconf 84' lang='lat' dir='ltr'><strong>est,</strong></span> <span class='ocrx_word' id='word_1_917' title='bbox 2782 5561 2927 5607; x_wconf 87' lang='lat' dir='ltr'><strong>totus</strong></span> <span class='ocrx_word' id='word_1_918' title='bbox 2960 5552 3196 5608; x_wconf 90' lang='lat' dir='ltr'><strong>circulus</strong></span> <span class='ocrx_word' id='word_1_919' title='bbox 3230 5550 3505 5621; x_wconf 70' lang='lat' dir='ltr'><strong>mqualiter</strong></span> <span class='ocrx_word' id='word_1_920' title='bbox 3534 5546 3602 5614; x_wconf 76' lang='lat' dir='ltr'><strong>lit,</strong></span> <span class='ocrx_word' id='word_1_921' title='bbox 3647 5536 3717 5607; x_wconf 76' lang='lat' dir='ltr'><strong>qui</strong></span> 
     </span>
    </p>
   </div>
   <div class='ocr_carea' id='block_1_118' title="bbox 2195 5636 3719 5718">
    <p class='ocr_par' dir='ltr' id='par_1_118' title="bbox 2195 5636 3719 5718">
     <span class='ocr_line' id='line_1_118' title="bbox 2195 5636 3719 5718; baseline -0.001 -16"><span class='ocrx_word' id='word_1_922' title='bbox 2195 5651 2281 5705; x_wconf 81' lang='lat' dir='ltr'><strong>vix</strong></span> <span class='ocrx_word' id='word_1_923' title='bbox 2318 5658 2407 5703; x_wconf 88' lang='lat' dir='ltr'><strong>aut</strong></span> <span class='ocrx_word' id='word_1_924' title='bbox 2438 5664 2711 5718; x_wconf 75' lang='lat' dir='ltr'><strong>nunrpimn</strong></span> <span class='ocrx_word' id='word_1_925' title='bbox 2742 5648 2846 5701; x_wconf 85' lang='lat' dir='ltr'><strong>alio</strong></span> <span class='ocrx_word' id='word_1_926' title='bbox 2877 5645 3032 5701; x_wconf 85' lang='lat' dir='ltr'><strong>modo</strong></span> <span class='ocrx_word' id='word_1_927' title='bbox 3067 5657 3209 5702; x_wconf 72' lang='lat' dir='ltr'><strong>recte</strong></span> <span class='ocrx_word' id='word_1_928' title='bbox 3238 5647 3535 5717; x_wconf 83' lang='lat' dir='ltr'><strong>procederet</strong></span> <span class='ocrx_word' id='word_1_929' title='bbox 3562 5656 3573 5700; x_wconf 83' lang='grc'>;</span> <span class='ocrx_word' id='word_1_930' title='bbox 3599 5636 3663 5692; x_wconf 71' lang='grc' dir='ltr'><strong>δίο</strong></span> <span class='ocrx_word' id='word_1_931' title='bbox 3678 5641 3719 5684; x_wconf 70' lang='grc' dir='ltr'><strong>ει</strong></span> 
     </span>
    </p>
   </div>
  </div>
