  <div class='ocr_page' id='page_1' title='image "/cluster/home/n/w/nwhite01/storage/ocr_20150623/152/hvd.32044015473804/424.png"; bbox 0 0 3838 6328; ppageno 0'>
   <div class='ocr_carea' id='block_1_1' title="bbox 119 314 196 375">
    <p class='ocr_par' dir='ltr' id='par_1_1' title="bbox 119 314 196 375">
     <span class='ocr_line' id='line_1_1' title="bbox 119 314 196 375; baseline -0.052 0"><span class='ocrx_word' id='word_1_1' title='bbox 119 314 196 375; x_wconf 79' lang='grc'><strong>837</strong></span> 
     </span>
    </p>
   </div>
   <div class='ocr_carea' id='block_1_2' title="bbox 964 306 2363 367">
    <p class='ocr_par' dir='ltr' id='par_1_2' title="bbox 964 306 2363 367">
     <span class='ocr_line' id='line_1_2' title="bbox 964 306 2363 367; baseline 0.002 -2"><span class='ocrx_word' id='word_1_2' title='bbox 964 308 1329 367; x_wconf 78' lang='lat' dir='ltr'><strong>EXPOSITIO</strong></span> <span class='ocrx_word' id='word_1_3' title='bbox 1367 307 1433 364; x_wconf 80' lang='lat' dir='ltr'><strong>IN</strong></span> <span class='ocrx_word' id='word_1_4' title='bbox 1472 306 1809 365; x_wconf 74' lang='lat' dir='ltr'><strong>PSALMOS.</strong></span> <span class='ocrx_word' id='word_1_5' title='bbox 1846 338 1917 348; x_wconf 96' lang='lat'><strong>—</strong></span> <span class='ocrx_word' id='word_1_6' title='bbox 1956 307 2152 365; x_wconf 70' lang='lat' dir='ltr'><strong>PSAL.</strong></span> <span class='ocrx_word' id='word_1_7' title='bbox 2196 311 2363 367; x_wconf 72' lang='lat' dir='ltr'><strong>XLV.</strong></span> 
     </span>
    </p>
   </div>
   <div class='ocr_carea' id='block_1_3' title="bbox 3218 323 3323 379">
    <p class='ocr_par' dir='ltr' id='par_1_3' title="bbox 3218 323 3323 379">
     <span class='ocr_line' id='line_1_3' title="bbox 3218 323 3323 379; baseline 0.019 -2"><span class='ocrx_word' id='word_1_8' title='bbox 3218 323 3323 379; x_wconf 79' lang='lat'><strong>838</strong></span> 
     </span>
    </p>
   </div>
   <div class='ocr_carea' id='block_1_4' title="bbox 118 424 3326 504">
    <p class='ocr_par' dir='ltr' id='par_1_4' title="bbox 118 424 3326 504">
     <span class='ocr_line' id='line_1_4' title="bbox 118 424 3326 504; baseline 0.003 -21"><span class='ocrx_word' id='word_1_9' title='bbox 118 447 188 503; x_wconf 77' lang='lat' dir='ltr'><strong>per</strong></span> <span class='ocrx_word' id='word_1_10' title='bbox 224 425 428 481; x_wconf 77' lang='lat' dir='ltr'><strong>rationis</strong></span> <span class='ocrx_word' id='word_1_11' title='bbox 473 439 777 481; x_wconf 87' lang='lat' dir='ltr'><strong>mensuram</strong></span> <span class='ocrx_word' id='word_1_12' title='bbox 811 434 956 480; x_wconf 91' lang='lat' dir='ltr'><strong>totus</strong></span> <span class='ocrx_word' id='word_1_13' title='bbox 993 426 1157 481; x_wconf 89' lang='lat' dir='ltr'><strong>homo</strong></span> <span class='ocrx_word' id='word_1_14' title='bbox 1193 425 1465 498; x_wconf 76' lang='lat' dir='ltr'><strong>dirigitur,</strong></span> <span class='ocrx_word' id='word_1_15' title='bbox 1503 424 1634 479; x_wconf 91' lang='lat' dir='ltr'><strong>alio-</strong></span> <span class='ocrx_word' id='word_1_16' title='bbox 1666 428 1711 488; x_wconf 82' lang='grc' dir='ltr'><strong>Α</strong></span> <span class='ocrx_word' id='word_1_17' title='bbox 1738 438 1859 493; x_wconf 77' lang='lat' dir='ltr'><strong>qua:</strong></span> <span class='ocrx_word' id='word_1_18' title='bbox 1908 424 2111 480; x_wconf 91' lang='lat' dir='ltr'><strong>utilitas</strong></span> <span class='ocrx_word' id='word_1_19' title='bbox 2160 442 2259 497; x_wconf 91' lang='lat' dir='ltr'><strong>per</strong></span> <span class='ocrx_word' id='word_1_20' title='bbox 2303 442 2491 483; x_wconf 90' lang='lat' dir='ltr'><strong>vocem</strong></span> <span class='ocrx_word' id='word_1_21' title='bbox 2541 428 2683 485; x_wconf 80' lang='lat' dir='ltr'><strong>illam</strong></span> <span class='ocrx_word' id='word_1_22' title='bbox 2711 433 2958 504; x_wconf 76' lang='lat' dir='ltr'><strong>contigit,</strong></span> <span class='ocrx_word' id='word_1_23' title='bbox 3004 435 3326 495; x_wconf 75' lang='lat' dir='ltr'><strong>adhortatur</strong></span> 
     </span>
    </p>
   </div>
   <div class='ocr_carea' id='block_1_5' title="bbox 115 516 1638 594">
    <p class='ocr_par' dir='ltr' id='par_1_5' title="bbox 115 516 1638 594">
     <span class='ocr_line' id='line_1_5' title="bbox 115 516 1638 594; baseline -0.007 -15"><span class='ocrx_word' id='word_1_24' title='bbox 115 527 211 594; x_wconf 88' lang='lat' dir='ltr'><strong>quin</strong></span> <span class='ocrx_word' id='word_1_25' title='bbox 235 537 350 578; x_wconf 85' lang='lat' dir='ltr'><strong>vero</strong></span> <span class='ocrx_word' id='word_1_26' title='bbox 378 522 825 590; x_wconf 87' lang='lat' dir='ltr'><strong>distorquerctur.</strong></span> <span class='ocrx_word' id='word_1_27' title='bbox 861 517 1131 584; x_wconf 83' lang='lat' dir='ltr'><strong>Quoniam</strong></span> <span class='ocrx_word' id='word_1_28' title='bbox 1160 524 1340 569; x_wconf 89' lang='lat' dir='ltr'><strong>autem</strong></span> <span class='ocrx_word' id='word_1_29' title='bbox 1384 516 1525 570; x_wconf 87' lang='lat' dir='ltr'><strong>Deus</strong></span> <span class='ocrx_word' id='word_1_30' title='bbox 1553 523 1638 570; x_wconf 90' lang='lat' dir='ltr'><strong>est</strong></span> 
     </span>
    </p>
   </div>
   <div class='ocr_carea' id='block_1_6' title="bbox 116 606 1637 681">
    <p class='ocr_par' dir='ltr' id='par_1_6' title="bbox 116 606 1637 681">
     <span class='ocr_line' id='line_1_6' title="bbox 116 606 1637 681; baseline -0.007 -8"><span class='ocrx_word' id='word_1_31' title='bbox 116 622 154 673; x_wconf 92' lang='lat' dir='ltr'><strong>in</strong></span> <span class='ocrx_word' id='word_1_32' title='bbox 180 615 331 671; x_wconf 88' lang='lat' dir='ltr'><strong>medio</strong></span> <span class='ocrx_word' id='word_1_33' title='bbox 360 611 492 681; x_wconf 89' lang='lat' dir='ltr'><strong>ejus,</strong></span> <span class='ocrx_word' id='word_1_34' title='bbox 524 627 625 665; x_wconf 86' lang='lat' dir='ltr'><strong>non</strong></span> <span class='ocrx_word' id='word_1_35' title='bbox 663 608 1068 665; x_wconf 78' lang='lat' dir='ltr'><strong>connuovebitur</strong></span> <span class='ocrx_word' id='word_1_36' title='bbox 1094 609 1145 662; x_wconf 89' lang='lat' dir='ltr'><strong>in</strong></span> <span class='ocrx_word' id='word_1_37' title='bbox 1195 606 1637 664; x_wconf 85' lang='lat' dir='ltr'><strong>tribulationibus</strong></span> 
     </span>
    </p>
   </div>
   <div class='ocr_carea' id='block_1_7' title="bbox 115 698 1639 779">
    <p class='ocr_par' dir='ltr' id='par_1_7' title="bbox 115 698 1639 779">
     <span class='ocr_line' id='line_1_7' title="bbox 115 698 1639 779; baseline -0.007 -16"><span class='ocrx_word' id='word_1_38' title='bbox 115 707 402 779; x_wconf 79' lang='lat' dir='ltr'><strong>aproposito</strong></span> <span class='ocrx_word' id='word_1_39' title='bbox 443 703 779 761; x_wconf 71' lang='lat' dir='ltr'><strong>constantim.</strong></span> <span class='ocrx_word' id='word_1_40' title='bbox 818 702 886 755; x_wconf 89' lang='lat' dir='ltr'><strong>Et</strong></span> <span class='ocrx_word' id='word_1_41' title='bbox 912 717 1017 756; x_wconf 91' lang='lat' dir='ltr'><strong>non</strong></span> <span class='ocrx_word' id='word_1_42' title='bbox 1064 698 1237 756; x_wconf 90' lang='lat' dir='ltr'><strong>solum</strong></span> <span class='ocrx_word' id='word_1_43' title='bbox 1276 698 1639 755; x_wconf 86' lang='lat' dir='ltr'><strong>sanctiﬁcabit</strong></span> 
     </span>
    </p>
   </div>
   <div class='ocr_carea' id='block_1_8' title="bbox 113 791 1634 864">
    <p class='ocr_par' dir='ltr' id='par_1_8' title="bbox 113 791 1634 864">
     <span class='ocr_line' id='line_1_8' title="bbox 113 791 1634 864; baseline -0.007 -8"><span class='ocrx_word' id='word_1_44' title='bbox 113 818 161 856; x_wconf 78' lang='lat' dir='ltr'><strong>ne</strong></span> <span class='ocrx_word' id='word_1_45' title='bbox 186 799 338 864; x_wconf 82' lang='lat' dir='ltr'><strong>cedat,</strong></span> <span class='ocrx_word' id='word_1_46' title='bbox 368 797 459 853; x_wconf 86' lang='lat' dir='ltr'><strong>sed</strong></span> <span class='ocrx_word' id='word_1_47' title='bbox 487 805 543 850; x_wconf 90' lang='lat' dir='ltr'><strong>ut</strong></span> <span class='ocrx_word' id='word_1_48' title='bbox 564 796 745 850; x_wconf 85' lang='lat' dir='ltr'><strong>vincat</strong></span> <span class='ocrx_word' id='word_1_49' title='bbox 774 793 1021 849; x_wconf 92' lang='lat' dir='ltr'><strong>inimicos</strong></span> <span class='ocrx_word' id='word_1_50' title='bbox 1047 792 1317 863; x_wconf 86' lang='lat' dir='ltr'><strong>adjuvabit</strong></span> <span class='ocrx_word' id='word_1_51' title='bbox 1345 808 1460 845; x_wconf 89' lang='lat' dir='ltr'><strong>eam</strong></span> <span class='ocrx_word' id='word_1_52' title='bbox 1493 791 1634 846; x_wconf 90' lang='lat' dir='ltr'><strong>Deus</strong></span> 
     </span>
    </p>
   </div>
   <div class='ocr_carea' id='block_1_9' title="bbox 112 883 1635 956">
    <p class='ocr_par' dir='ltr' id='par_1_9' title="bbox 112 883 1635 956">
     <span class='ocr_line' id='line_1_9' title="bbox 112 883 1635 956; baseline -0.005 -11"><span class='ocrx_word' id='word_1_53' title='bbox 112 908 248 956; x_wconf 75' lang='lat' dir='ltr'><strong>mane,</strong></span> <span class='ocrx_word' id='word_1_54' title='bbox 279 891 327 945; x_wconf 92' lang='lat' dir='ltr'><strong>id</strong></span> <span class='ocrx_word' id='word_1_55' title='bbox 355 898 436 945; x_wconf 86' lang='lat' dir='ltr'><strong>est</strong></span> <span class='ocrx_word' id='word_1_56' title='bbox 462 887 696 942; x_wconf 83' lang='lat' dir='ltr'><strong>diluculo</strong></span> <span class='ocrx_word' id='word_1_57' title='bbox 722 902 738 940; x_wconf 90' lang='lat'><strong><em>:</em></strong></span> <span class='ocrx_word' id='word_1_58' title='bbox 768 886 976 941; x_wconf 86' lang='lat' dir='ltr'><strong>scilicet</strong></span> <span class='ocrx_word' id='word_1_59' title='bbox 1006 884 1395 939; x_wconf 83' lang='lat' dir='ltr'><strong>illuminatione</strong></span> <span class='ocrx_word' id='word_1_60' title='bbox 1426 883 1635 939; x_wconf 88' lang='lat' dir='ltr'><strong>consilii</strong></span> 
     </span>
    </p>
   </div>
   <div class='ocr_carea' id='block_1_10' title="bbox 111 974 1636 1053">
    <p class='ocr_par' dir='ltr' id='par_1_10' title="bbox 111 974 1636 1053">
     <span class='ocr_line' id='line_1_10' title="bbox 111 974 1636 1053; baseline -0.005 -15"><span class='ocrx_word' id='word_1_61' title='bbox 111 994 147 1039; x_wconf 89' lang='lat' dir='ltr'><strong>et</strong></span> <span class='ocrx_word' id='word_1_62' title='bbox 164 982 408 1053; x_wconf 66' lang='lat' dir='ltr'><strong>sapientia:</strong></span> <span class='ocrx_word' id='word_1_63' title='bbox 428 996 555 1035; x_wconf 61' lang='lat' dir='ltr'><strong>suae.</strong></span> <span class='ocrx_word' id='word_1_64' title='bbox 582 979 743 1033; x_wconf 84' lang='lat' dir='ltr'><strong>Mane</strong></span> <span class='ocrx_word' id='word_1_65' title='bbox 765 992 892 1034; x_wconf 89' lang='lat' dir='ltr'><strong>vero</strong></span> <span class='ocrx_word' id='word_1_66' title='bbox 914 978 998 1031; x_wconf 90' lang='lat' dir='ltr'><strong>hic</strong></span> <span class='ocrx_word' id='word_1_67' title='bbox 1031 977 1169 1031; x_wconf 90' lang='lat' dir='ltr'><strong>idem</strong></span> <span class='ocrx_word' id='word_1_68' title='bbox 1199 974 1465 1047; x_wconf 78' lang='lat' dir='ltr'><strong>significat</strong></span> <span class='ocrx_word' id='word_1_69' title='bbox 1494 976 1636 1045; x_wconf 90' lang='lat' dir='ltr'><strong>quod</strong></span> 
     </span>
    </p>
   </div>
   <div class='ocr_carea' id='block_1_11' title="bbox 110 1066 1631 1137">
    <p class='ocr_par' dir='ltr' id='par_1_11' title="bbox 110 1066 1631 1137">
     <span class='ocr_line' id='line_1_11' title="bbox 110 1066 1631 1137; baseline -0.004 -10"><span class='ocrx_word' id='word_1_70' title='bbox 110 1070 918 1137; x_wconf 87' lang='lat' dir='ltr'><strong>etdiluculum,illuminationem</strong></span> <span class='ocrx_word' id='word_1_71' title='bbox 959 1067 1197 1131; x_wconf 91' lang='lat' dir='ltr'><strong>scilicet;</strong></span> <span class='ocrx_word' id='word_1_72' title='bbox 1239 1067 1355 1132; x_wconf 87' lang='lat' dir='ltr'><strong>sed,</strong></span> <span class='ocrx_word' id='word_1_73' title='bbox 1397 1081 1462 1121; x_wconf 91' lang='lat' dir='ltr'><strong>ne</strong></span> <span class='ocrx_word' id='word_1_74' title='bbox 1489 1066 1631 1122; x_wconf 87' lang='lat' dir='ltr'><strong>vide-</strong></span> 
     </span>
    </p>
   </div>
   <div class='ocr_carea' id='block_1_12' title="bbox 109 1159 1635 1232">
    <p class='ocr_par' dir='ltr' id='par_1_12' title="bbox 109 1159 1635 1232">
     <span class='ocr_line' id='line_1_12' title="bbox 109 1159 1635 1232; baseline -0.003 -14"><span class='ocrx_word' id='word_1_75' title='bbox 109 1175 224 1220; x_wconf 84' lang='lat' dir='ltr'><strong>retur</strong></span> <span class='ocrx_word' id='word_1_76' title='bbox 245 1178 353 1218; x_wconf 88' lang='lat' dir='ltr'><strong>esse</strong></span> <span class='ocrx_word' id='word_1_77' title='bbox 383 1163 617 1232; x_wconf 89' lang='lat' dir='ltr'><strong>positum</strong></span> <span class='ocrx_word' id='word_1_78' title='bbox 646 1162 712 1215; x_wconf 91' lang='lat' dir='ltr'><strong>ad</strong></span> <span class='ocrx_word' id='word_1_79' title='bbox 736 1161 1059 1215; x_wconf 84' lang='lat' dir='ltr'><strong>matutinum</strong></span> <span class='ocrx_word' id='word_1_80' title='bbox 1103 1167 1313 1214; x_wconf 80' lang='lat' dir='ltr'><strong>tempus</strong></span> <span class='ocrx_word' id='word_1_81' title='bbox 1343 1159 1635 1228; x_wconf 81' lang='lat' dir='ltr'><strong>designan-</strong></span> 
     </span>
    </p>
   </div>
   <div class='ocr_carea' id='block_1_13' title="bbox 107 1248 1630 1323">
    <p class='ocr_par' dir='ltr' id='par_1_13' title="bbox 107 1248 1630 1323">
     <span class='ocr_line' id='line_1_13' title="bbox 107 1248 1630 1323; baseline -0.003 -14"><span class='ocrx_word' id='word_1_82' title='bbox 107 1257 219 1319; x_wconf 87' lang='lat' dir='ltr'><strong>dum,</strong></span> <span class='ocrx_word' id='word_1_83' title='bbox 246 1253 376 1323; x_wconf 89' lang='lat' dir='ltr'><strong>quod</strong></span> <span class='ocrx_word' id='word_1_84' title='bbox 403 1253 568 1307; x_wconf 91' lang='lat' dir='ltr'><strong>etiam</strong></span> <span class='ocrx_word' id='word_1_85' title='bbox 596 1250 722 1305; x_wconf 90' lang='lat' dir='ltr'><strong>alibi</strong></span> <span class='ocrx_word' id='word_1_86' title='bbox 746 1248 1039 1320; x_wconf 82' lang='lat' dir='ltr'><strong>signiﬁcat,</strong></span> <span class='ocrx_word' id='word_1_87' title='bbox 1062 1250 1283 1319; x_wconf 90' lang='lat' dir='ltr'><strong>apponit</strong></span> <span class='ocrx_word' id='word_1_88' title='bbox 1311 1248 1630 1316; x_wconf 88' lang='lat' dir='ltr'><strong>diluculum,</strong></span> 
     </span>
    </p>
   </div>
   <div class='ocr_carea' id='block_1_14' title="bbox 108 1340 1633 1401">
    <p class='ocr_par' dir='ltr' id='par_1_14' title="bbox 108 1340 1633 1401">
     <span class='ocr_line' id='line_1_14' title="bbox 108 1340 1633 1401; baseline -0.001 -2"><span class='ocrx_word' id='word_1_89' title='bbox 108 1347 156 1400; x_wconf 85' lang='lat' dir='ltr'><strong>ad</strong></span> <span class='ocrx_word' id='word_1_90' title='bbox 174 1344 612 1401; x_wconf 88' lang='lat' dir='ltr'><strong>determinandum</strong></span> <span class='ocrx_word' id='word_1_91' title='bbox 654 1342 815 1398; x_wconf 88' lang='lat' dir='ltr'><strong>istud.</strong></span> <span class='ocrx_word' id='word_1_92' title='bbox 858 1340 1044 1396; x_wconf 78' lang='lat' dir='ltr'><strong>Amnis</strong></span> <span class='ocrx_word' id='word_1_93' title='bbox 1082 1341 1225 1395; x_wconf 91' lang='lat' dir='ltr'><strong>enim</strong></span> <span class='ocrx_word' id='word_1_94' title='bbox 1279 1350 1361 1397; x_wconf 91' lang='lat' dir='ltr'><strong>cst</strong></span> <span class='ocrx_word' id='word_1_95' title='bbox 1395 1357 1496 1397; x_wconf 80' lang='lat' dir='ltr'><strong>vox</strong></span> <span class='ocrx_word' id='word_1_96' title='bbox 1534 1342 1633 1397; x_wconf 86' lang='lat' dir='ltr'><strong>ista</strong></span> 
     </span>
    </p>
   </div>
   <div class='ocr_carea' id='block_1_15' title="bbox 107 1424 1635 1505">
    <p class='ocr_par' dir='ltr' id='par_1_15' title="bbox 107 1424 1635 1505">
     <span class='ocr_line' id='line_1_15' title="bbox 107 1424 1635 1505; baseline 0 -16"><span class='ocrx_word' id='word_1_97' title='bbox 107 1452 195 1505; x_wconf 77' lang='lat' dir='ltr'><strong>qua:</strong></span> <span class='ocrx_word' id='word_1_98' title='bbox 215 1444 287 1490; x_wconf 87' lang='lat' dir='ltr'><strong>est</strong></span> <span class='ocrx_word' id='word_1_99' title='bbox 314 1434 625 1500; x_wconf 88' lang='lat' dir='ltr'><strong>diluculum,</strong></span> <span class='ocrx_word' id='word_1_100' title='bbox 672 1434 964 1489; x_wconf 75' lang='lat' dir='ltr'><strong>secundant</strong></span> <span class='ocrx_word' id='word_1_101' title='bbox 1010 1424 1477 1503; x_wconf 85' lang='lat' dir='ltr'><strong>compositionem,</strong></span> <span class='ocrx_word' id='word_1_102' title='bbox 1508 1435 1635 1489; x_wconf 89' lang='lat' dir='ltr'><strong>huic</strong></span> 
     </span>
    </p>
   </div>
   <div class='ocr_carea' id='block_1_16' title="bbox 105 1526 1633 1597">
    <p class='ocr_par' dir='ltr' id='par_1_16' title="bbox 105 1526 1633 1597">
     <span class='ocr_line' id='line_1_16' title="bbox 105 1526 1633 1597; baseline 0.001 -18"><span class='ocrx_word' id='word_1_103' title='bbox 105 1529 208 1593; x_wconf 80' lang='lat' dir='ltr'><strong>voci,</strong></span> <span class='ocrx_word' id='word_1_104' title='bbox 236 1541 346 1596; x_wconf 74' lang='lat' dir='ltr'><strong>qum</strong></span> <span class='ocrx_word' id='word_1_105' title='bbox 375 1536 458 1582; x_wconf 89' lang='lat' dir='ltr'><strong>est</strong></span> <span class='ocrx_word' id='word_1_106' title='bbox 484 1526 598 1579; x_wconf 79' lang='lat' dir='ltr'><strong>lux.</strong></span> <span class='ocrx_word' id='word_1_107' title='bbox 629 1527 858 1581; x_wconf 88' lang='lat' dir='ltr'><strong>Domino</strong></span> <span class='ocrx_word' id='word_1_108' title='bbox 889 1536 1066 1581; x_wconf 89' lang='lat' dir='ltr'><strong>autem</strong></span> <span class='ocrx_word' id='word_1_109' title='bbox 1096 1528 1404 1597; x_wconf 87' lang='lat' dir='ltr'><strong>adjuvante,</strong></span> <span class='ocrx_word' id='word_1_110' title='bbox 1430 1541 1633 1583; x_wconf 87' lang='lat' dir='ltr'><strong>contur-</strong></span> 
     </span>
    </p>
   </div>
   <div class='ocr_carea' id='block_1_17' title="bbox 104 1618 1635 1688">
    <p class='ocr_par' dir='ltr' id='par_1_17' title="bbox 104 1618 1635 1688">
     <span class='ocr_line' id='line_1_17' title="bbox 104 1618 1635 1688; baseline 0.001 -16"><span class='ocrx_word' id='word_1_111' title='bbox 104 1620 205 1673; x_wconf 73' lang='lat' dir='ltr'><strong>bata</strong></span> <span class='ocrx_word' id='word_1_112' title='bbox 225 1628 354 1683; x_wconf 78' lang='lat' dir='ltr'><strong>sunt,</strong></span> <span class='ocrx_word' id='word_1_113' title='bbox 388 1618 438 1671; x_wconf 93' lang='lat' dir='ltr'><strong>id</strong></span> <span class='ocrx_word' id='word_1_114' title='bbox 468 1627 553 1673; x_wconf 89' lang='lat' dir='ltr'><strong>est</strong></span> <span class='ocrx_word' id='word_1_115' title='bbox 599 1618 1067 1673; x_wconf 90' lang='lat' dir='ltr'><strong>conturbabuntur</strong></span> <span class='ocrx_word' id='word_1_116' title='bbox 1107 1628 1280 1688; x_wconf 80' lang='lat' dir='ltr'><strong>gentes</strong></span> <span class='ocrx_word' id='word_1_117' title='bbox 1324 1619 1465 1674; x_wconf 91' lang='lat' dir='ltr'><strong>bona</strong></span> <span class='ocrx_word' id='word_1_118' title='bbox 1505 1635 1635 1675; x_wconf 89' lang='lat' dir='ltr'><strong>eon-</strong></span> 
     </span>
    </p>
   </div>
   <div class='ocr_carea' id='block_1_18' title="bbox 104 1708 1633 1783">
    <p class='ocr_par' dir='ltr' id='par_1_18' title="bbox 104 1708 1633 1783">
     <span class='ocr_line' id='line_1_18' title="bbox 104 1708 1633 1783; baseline 0.002 -21"><span class='ocrx_word' id='word_1_119' title='bbox 104 1708 358 1763; x_wconf 78' lang='lat' dir='ltr'><strong>turbatione</strong></span> <span class='ocrx_word' id='word_1_120' title='bbox 379 1709 447 1762; x_wconf 88' lang='lat' dir='ltr'><strong>ad</strong></span> <span class='ocrx_word' id='word_1_121' title='bbox 480 1709 659 1763; x_wconf 88' lang='lat' dir='ltr'><strong>ﬁdem.</strong></span> <span class='ocrx_word' id='word_1_122' title='bbox 686 1708 750 1762; x_wconf 88' lang='lat' dir='ltr'><strong>Et</strong></span> <span class='ocrx_word' id='word_1_123' title='bbox 770 1724 874 1762; x_wconf 92' lang='lat' dir='ltr'><strong>non</strong></span> <span class='ocrx_word' id='word_1_124' title='bbox 906 1724 1090 1778; x_wconf 68' lang='lat' dir='ltr'><strong>partem</strong></span> <span class='ocrx_word' id='word_1_125' title='bbox 1112 1717 1326 1779; x_wconf 65' lang='lat' dir='ltr'><strong>gentes,</strong></span> <span class='ocrx_word' id='word_1_126' title='bbox 1354 1710 1446 1765; x_wconf 89' lang='lat' dir='ltr'><strong>sed</strong></span> <span class='ocrx_word' id='word_1_127' title='bbox 1475 1727 1633 1783; x_wconf 82' lang='lat' dir='ltr'><strong>regna</strong></span> 
     </span>
    </p>
   </div>
   <div class='ocr_carea' id='block_1_19' title="bbox 1738 517 3320 595">
    <p class='ocr_par' dir='ltr' id='par_1_19' title="bbox 1738 517 3320 595">
     <span class='ocr_line' id='line_1_19' title="bbox 1738 517 3320 595; baseline 0.011 -26"><span class='ocrx_word' id='word_1_128' title='bbox 1738 517 2056 585; x_wconf 82' lang='lat' dir='ltr'><strong>exponendo</strong></span> <span class='ocrx_word' id='word_1_129' title='bbox 2086 518 2255 587; x_wconf 85' lang='lat' dir='ltr'><strong>ipsam</strong></span> <span class='ocrx_word' id='word_1_130' title='bbox 2284 520 2577 576; x_wconf 85' lang='lat' dir='ltr'><strong>utilitatem</strong></span> <span class='ocrx_word' id='word_1_131' title='bbox 2605 522 2715 578; x_wconf 91' lang='lat' dir='ltr'><strong>sic:</strong></span> <span class='ocrx_word' id='word_1_132' title='bbox 2740 524 2859 578; x_wconf 82' lang='lat' dir='ltr'><strong>Dixi</strong></span> <span class='ocrx_word' id='word_1_133' title='bbox 2891 527 3033 595; x_wconf 90' lang='lat' dir='ltr'><strong>quod</strong></span> <span class='ocrx_word' id='word_1_134' title='bbox 3062 528 3320 587; x_wconf 88' lang='lat' dir='ltr'><strong>Dominus</strong></span> 
     </span>
    </p>
   </div>
   <div class='ocr_carea' id='block_1_20' title="bbox 1738 605 3324 688">
    <p class='ocr_par' dir='ltr' id='par_1_20' title="bbox 1738 605 3324 688">
     <span class='ocr_line' id='line_1_20' title="bbox 1738 605 3324 688; baseline 0.009 -29"><span class='ocrx_word' id='word_1_135' title='bbox 1738 605 1887 660; x_wconf 83' lang='lat' dir='ltr'><strong>dedit</strong></span> <span class='ocrx_word' id='word_1_136' title='bbox 1909 620 2117 674; x_wconf 87' lang='lat' dir='ltr'><strong>vocem,</strong></span> <span class='ocrx_word' id='word_1_137' title='bbox 2145 623 2264 678; x_wconf 78' lang='lat' dir='ltr'><strong>qua:</strong></span> <span class='ocrx_word' id='word_1_138' title='bbox 2297 617 2474 664; x_wconf 90' lang='lat' dir='ltr'><strong>tamen</strong></span> <span class='ocrx_word' id='word_1_139' title='bbox 2499 611 2656 667; x_wconf 85' lang='lat' dir='ltr'><strong>valde</strong></span> <span class='ocrx_word' id='word_1_140' title='bbox 2683 612 2832 669; x_wconf 87' lang='lat' dir='ltr'><strong>utilis</strong></span> <span class='ocrx_word' id='word_1_141' title='bbox 2860 613 2959 669; x_wconf 80' lang='lat' dir='ltr'><strong>fait</strong></span> <span class='ocrx_word' id='word_1_142' title='bbox 2989 633 3002 669; x_wconf 92' lang='lat'>:</span> <span class='ocrx_word' id='word_1_143' title='bbox 3030 627 3084 671; x_wconf 89' lang='lat' dir='ltr'><strong>et</strong></span> <span class='ocrx_word' id='word_1_144' title='bbox 3110 619 3154 672; x_wconf 91' lang='lat' dir='ltr'><strong>si</strong></span> <span class='ocrx_word' id='word_1_145' title='bbox 3182 636 3324 688; x_wconf 71' lang='lat' dir='ltr'><strong>qure-</strong></span> 
     </span>
    </p>
   </div>
   <div class='ocr_carea' id='block_1_21' title="bbox 1738 700 3319 773">
    <p class='ocr_par' dir='ltr' id='par_1_21' title="bbox 1738 700 3319 773">
     <span class='ocr_line' id='line_1_21' title="bbox 1738 700 3319 773; baseline 0.006 -20"><span class='ocrx_word' id='word_1_146' title='bbox 1738 700 1872 753; x_wconf 86' lang='lat' dir='ltr'><strong>ratis</strong></span> <span class='ocrx_word' id='word_1_147' title='bbox 1900 701 1966 753; x_wconf 85' lang='lat' dir='ltr'><strong>ad</strong></span> <span class='ocrx_word' id='word_1_148' title='bbox 1995 701 2124 770; x_wconf 88' lang='lat' dir='ltr'><strong>quid</strong></span> <span class='ocrx_word' id='word_1_149' title='bbox 2151 702 2297 756; x_wconf 85' lang='lat' dir='ltr'><strong>utilis</strong></span> <span class='ocrx_word' id='word_1_150' title='bbox 2328 701 2461 767; x_wconf 76' lang='lat' dir='ltr'><strong>fuit;</strong></span> <span class='ocrx_word' id='word_1_151' title='bbox 2504 705 2669 759; x_wconf 78' lang='lat' dir='ltr'><strong>venite</strong></span> <span class='ocrx_word' id='word_1_152' title='bbox 2709 705 2847 773; x_wconf 90' lang='lat' dir='ltr'><strong>ﬁde,</strong></span> <span class='ocrx_word' id='word_1_153' title='bbox 2885 718 2932 761; x_wconf 88' lang='lat' dir='ltr'><strong>et</strong></span> <span class='ocrx_word' id='word_1_154' title='bbox 2964 710 3127 764; x_wconf 79' lang='lat' dir='ltr'><strong>videte</strong></span> <span class='ocrx_word' id='word_1_155' title='bbox 3157 713 3319 766; x_wconf 83' lang='lat' dir='ltr'><strong>intel-</strong></span> 
     </span>
    </p>
   </div>
   <div class='ocr_carea' id='block_1_22' title="bbox 1735 788 3319 869">
    <p class='ocr_par' dir='ltr' id='par_1_22' title="bbox 1735 788 3319 869">
     <span class='ocr_line' id='line_1_22' title="bbox 1735 788 3319 869; baseline 0.006 -26"><span class='ocrx_word' id='word_1_156' title='bbox 1735 788 1877 845; x_wconf 91' lang='lat' dir='ltr'><strong>lectu</strong></span> <span class='ocrx_word' id='word_1_157' title='bbox 1910 808 2066 861; x_wconf 90' lang='lat' dir='ltr'><strong>opera</strong></span> <span class='ocrx_word' id='word_1_158' title='bbox 2109 791 2356 859; x_wconf 82' lang='lat' dir='ltr'><strong>Domini,</strong></span> <span class='ocrx_word' id='word_1_159' title='bbox 2403 811 2520 863; x_wconf 80' lang='lat' dir='ltr'><strong>qua:</strong></span> <span class='ocrx_word' id='word_1_160' title='bbox 2566 811 2663 865; x_wconf 89' lang='lat' dir='ltr'><strong>per</strong></span> <span class='ocrx_word' id='word_1_161' title='bbox 2708 796 2855 852; x_wconf 77' lang='lat' dir='ltr'><strong>iIlam</strong></span> <span class='ocrx_word' id='word_1_162' title='bbox 2909 814 3095 853; x_wconf 90' lang='lat' dir='ltr'><strong>vocem</strong></span> <span class='ocrx_word' id='word_1_163' title='bbox 3147 802 3319 869; x_wconf 76' lang='lat' dir='ltr'><strong>posuit</strong></span> 
     </span>
    </p>
   </div>
   <div class='ocr_carea' id='block_1_23' title="bbox 1734 883 3321 961">
    <p class='ocr_par' dir='ltr' id='par_1_23' title="bbox 1734 883 3321 961">
     <span class='ocr_line' id='line_1_23' title="bbox 1734 883 3321 961; baseline 0.006 -25"><span class='ocrx_word' id='word_1_164' title='bbox 1734 883 1999 953; x_wconf 84' lang='lat' dir='ltr'><strong>prodigia,</strong></span> <span class='ocrx_word' id='word_1_165' title='bbox 2026 884 2078 939; x_wconf 91' lang='lat' dir='ltr'><strong>id</strong></span> <span class='ocrx_word' id='word_1_166' title='bbox 2102 894 2185 939; x_wconf 92' lang='lat' dir='ltr'><strong>est</strong></span> <span class='ocrx_word' id='word_1_167' title='bbox 2219 886 2513 950; x_wconf 88' lang='lat' dir='ltr'><strong>mirabilia,</strong></span> <span class='ocrx_word' id='word_1_168' title='bbox 2536 905 2694 956; x_wconf 84' lang='lat' dir='ltr'><strong>super</strong></span> <span class='ocrx_word' id='word_1_169' title='bbox 2718 899 2934 955; x_wconf 87' lang='lat' dir='ltr'><strong>terram,</strong></span> <span class='ocrx_word' id='word_1_170' title='bbox 2965 891 3017 943; x_wconf 92' lang='lat' dir='ltr'><strong>id</strong></span> <span class='ocrx_word' id='word_1_171' title='bbox 3043 900 3128 945; x_wconf 91' lang='lat' dir='ltr'><strong>est</strong></span> <span class='ocrx_word' id='word_1_172' title='bbox 3155 908 3321 961; x_wconf 88' lang='lat' dir='ltr'><strong>super</strong></span> 
     </span>
    </p>
   </div>
   <div class='ocr_carea' id='block_1_24' title="bbox 1734 972 3323 1052">
    <p class='ocr_par' dir='ltr' id='par_1_24' title="bbox 1734 972 3323 1052">
     <span class='ocr_line' id='line_1_24' title="bbox 1734 972 3323 1052; baseline 0.006 -25"><span class='ocrx_word' id='word_1_173' title='bbox 1734 972 2057 1040; x_wconf 87' lang='lat' dir='ltr'><strong>Ecclesiam,</strong></span> <span class='ocrx_word' id='word_1_174' title='bbox 2081 990 2201 1045; x_wconf 73' lang='lat' dir='ltr'><strong>qua:</strong></span> <span class='ocrx_word' id='word_1_175' title='bbox 2229 985 2311 1031; x_wconf 88' lang='lat' dir='ltr'><strong>est</strong></span> <span class='ocrx_word' id='word_1_176' title='bbox 2342 987 2485 1030; x_wconf 88' lang='lat' dir='ltr'><strong>terra</strong></span> <span class='ocrx_word' id='word_1_177' title='bbox 2511 978 2649 1047; x_wconf 88' lang='lat' dir='ltr'><strong>ejus.</strong></span> <span class='ocrx_word' id='word_1_178' title='bbox 2677 978 2820 1034; x_wconf 87' lang='lat' dir='ltr'><strong>Bene</strong></span> <span class='ocrx_word' id='word_1_179' title='bbox 2847 996 2976 1035; x_wconf 89' lang='lat' dir='ltr'><strong>vero</strong></span> <span class='ocrx_word' id='word_1_180' title='bbox 3005 983 3131 1037; x_wconf 86' lang='lat' dir='ltr'><strong>dicit</strong></span> <span class='ocrx_word' id='word_1_181' title='bbox 3160 998 3323 1052; x_wconf 87' lang='lat' dir='ltr'><strong>super</strong></span> 
     </span>
    </p>
   </div>
   <div class='ocr_carea' id='block_1_25' title="bbox 1736 1063 3317 1143">
    <p class='ocr_par' dir='ltr' id='par_1_25' title="bbox 1736 1063 3317 1143">
     <span class='ocr_line' id='line_1_25' title="bbox 1736 1063 3317 1143; baseline 0.005 -26"><span class='ocrx_word' id='word_1_182' title='bbox 1736 1070 1959 1118; x_wconf 88' lang='lat' dir='ltr'><strong>terram.</strong></span> <span class='ocrx_word' id='word_1_183' title='bbox 1984 1063 2122 1119; x_wconf 88' lang='lat' dir='ltr'><strong>Nam</strong></span> <span class='ocrx_word' id='word_1_184' title='bbox 2147 1066 2215 1121; x_wconf 90' lang='lat' dir='ltr'><strong>ad</strong></span> <span class='ocrx_word' id='word_1_185' title='bbox 2246 1067 2660 1123; x_wconf 88' lang='lat' dir='ltr'><strong>similitudinem</strong></span> <span class='ocrx_word' id='word_1_186' title='bbox 2693 1069 2893 1124; x_wconf 87' lang='lat' dir='ltr'><strong>civium</strong></span> <span class='ocrx_word' id='word_1_187' title='bbox 2932 1087 3317 1143; x_wconf 84' lang='lat' dir='ltr'><strong>supernorum,</strong></span> 
     </span>
    </p>
   </div>
   <div class='ocr_carea' id='block_1_26' title="bbox 1733 1155 3317 1233">
    <p class='ocr_par' dir='ltr' id='par_1_26' title="bbox 1733 1155 3317 1233">
     <span class='ocr_line' id='line_1_26' title="bbox 1733 1155 3317 1233; baseline 0.007 -25"><span class='ocrx_word' id='word_1_188' title='bbox 1733 1155 1913 1224; x_wconf 90' lang='lat' dir='ltr'><strong>posuit</strong></span> <span class='ocrx_word' id='word_1_189' title='bbox 1944 1156 2030 1209; x_wconf 90' lang='lat' dir='ltr'><strong>illa</strong></span> <span class='ocrx_word' id='word_1_190' title='bbox 2060 1172 2223 1228; x_wconf 87' lang='lat' dir='ltr'><strong>opera</strong></span> <span class='ocrx_word' id='word_1_191' title='bbox 2248 1159 2299 1211; x_wconf 93' lang='lat' dir='ltr'><strong>in</strong></span> <span class='ocrx_word' id='word_1_192' title='bbox 2336 1168 2496 1213; x_wconf 86' lang='lat' dir='ltr'><strong>terra.</strong></span> <span class='ocrx_word' id='word_1_193' title='bbox 2525 1160 2758 1230; x_wconf 78' lang='lat' dir='ltr'><strong>Exponit</strong></span> <span class='ocrx_word' id='word_1_194' title='bbox 2788 1173 2967 1217; x_wconf 89' lang='lat' dir='ltr'><strong>autem</strong></span> <span class='ocrx_word' id='word_1_195' title='bbox 2984 1179 3172 1233; x_wconf 86' lang='lat' dir='ltr'><strong>opera,</strong></span> <span class='ocrx_word' id='word_1_196' title='bbox 3202 1166 3317 1220; x_wconf 80' lang='lat' dir='ltr'><strong>sie:</strong></span> 
     </span>
    </p>
   </div>
   <div class='ocr_carea' id='block_1_27' title="bbox 1735 1245 3322 1323">
    <p class='ocr_par' dir='ltr' id='par_1_27' title="bbox 1735 1245 3322 1323">
     <span class='ocr_line' id='line_1_27' title="bbox 1735 1245 3322 1323; baseline 0.004 -22"><span class='ocrx_word' id='word_1_197' title='bbox 1735 1245 1957 1301; x_wconf 86' lang='lat' dir='ltr'><strong>Scilicet</strong></span> <span class='ocrx_word' id='word_1_198' title='bbox 1997 1257 2081 1303; x_wconf 90' lang='lat' dir='ltr'><strong>est</strong></span> <span class='ocrx_word' id='word_1_199' title='bbox 2108 1249 2350 1317; x_wconf 76' lang='lat' dir='ltr'><strong>auferens</strong></span> <span class='ocrx_word' id='word_1_200' title='bbox 2398 1250 2567 1315; x_wconf 78' lang='lat' dir='ltr'><strong>bella,</strong></span> <span class='ocrx_word' id='word_1_201' title='bbox 2617 1250 2668 1303; x_wconf 82' lang='lat' dir='ltr'><strong>itl</strong></span> <span class='ocrx_word' id='word_1_202' title='bbox 2716 1261 2800 1306; x_wconf 85' lang='lat' dir='ltr'><strong>est</strong></span> <span class='ocrx_word' id='word_1_203' title='bbox 2843 1253 3153 1308; x_wconf 75' lang='lat' dir='ltr'><strong>inimicitias</strong></span> <span class='ocrx_word' id='word_1_204' title='bbox 3186 1270 3322 1323; x_wconf 88' lang='lat' dir='ltr'><strong>quas</strong></span> 
     </span>
    </p>
   </div>
   <div class='ocr_carea' id='block_1_28' title="bbox 1732 1338 3316 1411">
    <p class='ocr_par' dir='ltr' id='par_1_28' title="bbox 1732 1338 3316 1411">
     <span class='ocr_line' id='line_1_28' title="bbox 1732 1338 3316 1411; baseline 0.004 -18"><span class='ocrx_word' id='word_1_205' title='bbox 1732 1338 2007 1395; x_wconf 87' lang='lat' dir='ltr'><strong>habebant</strong></span> <span class='ocrx_word' id='word_1_206' title='bbox 2033 1355 2160 1410; x_wconf 89' lang='lat' dir='ltr'><strong>erga</strong></span> <span class='ocrx_word' id='word_1_207' title='bbox 2208 1342 2374 1396; x_wconf 90' lang='lat' dir='ltr'><strong>Deum</strong></span> <span class='ocrx_word' id='word_1_208' title='bbox 2406 1353 2459 1395; x_wconf 91' lang='lat' dir='ltr'><strong>ct</strong></span> <span class='ocrx_word' id='word_1_209' title='bbox 2508 1343 2812 1411; x_wconf 77' lang='lat' dir='ltr'><strong>proximum</strong></span> <span class='ocrx_word' id='word_1_210' title='bbox 2836 1383 2851 1407; x_wconf 94' lang='lat'><strong>,</strong></span> <span class='ocrx_word' id='word_1_211' title='bbox 2886 1344 3025 1398; x_wconf 89' lang='lat' dir='ltr'><strong>male</strong></span> <span class='ocrx_word' id='word_1_212' title='bbox 3064 1345 3316 1401; x_wconf 83' lang='lat' dir='ltr'><strong>vivendo.</strong></span> 
     </span>
    </p>
   </div>
   <div class='ocr_carea' id='block_1_29' title="bbox 1732 1430 3319 1504">
    <p class='ocr_par' dir='ltr' id='par_1_29' title="bbox 1732 1430 3319 1504">
     <span class='ocr_line' id='line_1_29' title="bbox 1732 1430 3319 1504; baseline 0.002 -19"><span class='ocrx_word' id='word_1_213' title='bbox 1732 1430 1802 1485; x_wconf 86' lang='lat' dir='ltr'><strong>Et</strong></span> <span class='ocrx_word' id='word_1_214' title='bbox 1831 1446 1936 1486; x_wconf 89' lang='lat' dir='ltr'><strong>non</strong></span> <span class='ocrx_word' id='word_1_215' title='bbox 1966 1431 2019 1486; x_wconf 90' lang='lat' dir='ltr'><strong>in</strong></span> <span class='ocrx_word' id='word_1_216' title='bbox 2042 1432 2229 1501; x_wconf 88' lang='lat' dir='ltr'><strong>paucis</strong></span> <span class='ocrx_word' id='word_1_217' title='bbox 2259 1434 2544 1503; x_wconf 80' lang='lat' dir='ltr'><strong>gentibus:</strong></span> <span class='ocrx_word' id='word_1_218' title='bbox 2572 1433 2666 1487; x_wconf 88' lang='lat' dir='ltr'><strong>sed</strong></span> <span class='ocrx_word' id='word_1_219' title='bbox 2689 1430 2942 1489; x_wconf 81' lang='lat' dir='ltr'><strong>auferens</strong></span> <span class='ocrx_word' id='word_1_220' title='bbox 2966 1434 3126 1499; x_wconf 87' lang='lat' dir='ltr'><strong>bella,</strong></span> <span class='ocrx_word' id='word_1_221' title='bbox 3155 1452 3319 1504; x_wconf 82' lang='lat' dir='ltr'><strong>usque</strong></span> 
     </span>
    </p>
   </div>
   <div class='ocr_carea' id='block_1_30' title="bbox 1733 1524 3321 1595">
    <p class='ocr_par' dir='ltr' id='par_1_30' title="bbox 1733 1524 3321 1595">
     <span class='ocr_line' id='line_1_30' title="bbox 1733 1524 3321 1595; baseline 0 -17"><span class='ocrx_word' id='word_1_222' title='bbox 1733 1524 1804 1578; x_wconf 85' lang='lat' dir='ltr'><strong>ad</strong></span> <span class='ocrx_word' id='word_1_223' title='bbox 1830 1524 1987 1594; x_wconf 84' lang='lat' dir='ltr'><strong>ﬁnem</strong></span> <span class='ocrx_word' id='word_1_224' title='bbox 2018 1535 2173 1579; x_wconf 67' lang='lat' dir='ltr'><strong>terra&#39;</strong></span> <span class='ocrx_word' id='word_1_225' title='bbox 2194 1565 2209 1588; x_wconf 94' lang='lat'><strong>,</strong></span> <span class='ocrx_word' id='word_1_226' title='bbox 2240 1525 2291 1579; x_wconf 87' lang='lat' dir='ltr'><strong>id</strong></span> <span class='ocrx_word' id='word_1_227' title='bbox 2318 1533 2402 1580; x_wconf 91' lang='lat' dir='ltr'><strong>est</strong></span> <span class='ocrx_word' id='word_1_228' title='bbox 2436 1525 2633 1595; x_wconf 88' lang='lat' dir='ltr'><strong>ubique</strong></span> <span class='ocrx_word' id='word_1_229' title='bbox 2668 1536 2956 1580; x_wconf 88' lang='lat' dir='ltr'><strong>terrarum.</strong></span> <span class='ocrx_word' id='word_1_230' title='bbox 2994 1524 3085 1581; x_wconf 84' lang='lat' dir='ltr'><strong>Vel</strong></span> <span class='ocrx_word' id='word_1_231' title='bbox 3114 1526 3191 1581; x_wconf 90' lang='lat' dir='ltr'><strong>sic</strong></span> <span class='ocrx_word' id='word_1_232' title='bbox 3215 1545 3228 1579; x_wconf 89' lang='lat'><strong>:</strong></span> <span class='ocrx_word' id='word_1_233' title='bbox 3255 1528 3321 1580; x_wconf 81' lang='lat' dir='ltr'><strong>Et</strong></span> 
     </span>
    </p>
   </div>
   <div class='ocr_carea' id='block_1_31' title="bbox 1732 1616 3318 1688">
    <p class='ocr_par' dir='ltr' id='par_1_31' title="bbox 1732 1616 3318 1688">
     <span class='ocr_line' id='line_1_31' title="bbox 1732 1616 3318 1688; baseline -0.001 -17"><span class='ocrx_word' id='word_1_234' title='bbox 1732 1632 1839 1672; x_wconf 92' lang='lat' dir='ltr'><strong>non</strong></span> <span class='ocrx_word' id='word_1_235' title='bbox 1873 1618 1925 1672; x_wconf 91' lang='lat' dir='ltr'><strong>in</strong></span> <span class='ocrx_word' id='word_1_236' title='bbox 1958 1626 2114 1688; x_wconf 87' lang='lat' dir='ltr'><strong>parte</strong></span> <span class='ocrx_word' id='word_1_237' title='bbox 2153 1625 2361 1671; x_wconf 87' lang='lat' dir='ltr'><strong>tantum</strong></span> <span class='ocrx_word' id='word_1_238' title='bbox 2408 1616 2659 1672; x_wconf 79' lang='lat' dir='ltr'><strong>auferens</strong></span> <span class='ocrx_word' id='word_1_239' title='bbox 2697 1617 2867 1682; x_wconf 92' lang='lat' dir='ltr'><strong>bella,</strong></span> <span class='ocrx_word' id='word_1_240' title='bbox 2906 1618 3001 1673; x_wconf 87' lang='lat' dir='ltr'><strong>sed</strong></span> <span class='ocrx_word' id='word_1_241' title='bbox 3040 1632 3211 1687; x_wconf 88' lang='lat' dir='ltr'><strong>usque</strong></span> <span class='ocrx_word' id='word_1_242' title='bbox 3250 1618 3318 1671; x_wconf 88' lang='lat' dir='ltr'><strong>ad</strong></span> 
     </span>
    </p>
   </div>
   <div class='ocr_carea' id='block_1_32' title="bbox 1734 1707 3320 1777">
    <p class='ocr_par' dir='ltr' id='par_1_32' title="bbox 1734 1707 3320 1777">
     <span class='ocr_line' id='line_1_32' title="bbox 1734 1707 3320 1777; baseline 0.001 -18"><span class='ocrx_word' id='word_1_243' title='bbox 1734 1708 1895 1760; x_wconf 87' lang='lat' dir='ltr'><strong>linem</strong></span> <span class='ocrx_word' id='word_1_244' title='bbox 1928 1714 2116 1773; x_wconf 63' lang='lat' dir='ltr'><strong>terra},</strong></span> <span class='ocrx_word' id='word_1_245' title='bbox 2168 1707 2218 1762; x_wconf 89' lang='lat' dir='ltr'><strong>id</strong></span> <span class='ocrx_word' id='word_1_246' title='bbox 2248 1716 2331 1762; x_wconf 89' lang='lat' dir='ltr'><strong>est</strong></span> <span class='ocrx_word' id='word_1_247' title='bbox 2384 1722 2555 1777; x_wconf 84' lang='lat' dir='ltr'><strong>usque</strong></span> <span class='ocrx_word' id='word_1_248' title='bbox 2587 1707 2724 1763; x_wconf 89' lang='lat' dir='ltr'><strong>adeo</strong></span> <span class='ocrx_word' id='word_1_249' title='bbox 2766 1716 2827 1762; x_wconf 90' lang='lat' dir='ltr'><strong>ut</strong></span> <span class='ocrx_word' id='word_1_250' title='bbox 2874 1708 3097 1762; x_wconf 87' lang='lat' dir='ltr'><strong>ﬁniatur</strong></span> <span class='ocrx_word' id='word_1_251' title='bbox 3141 1707 3195 1761; x_wconf 92' lang='lat' dir='ltr'><strong>in</strong></span> <span class='ocrx_word' id='word_1_252' title='bbox 3238 1708 3320 1762; x_wconf 83' lang='lat' dir='ltr'><strong>eis</strong></span> 
     </span>
    </p>
   </div>
   <div class='ocr_carea' id='block_1_33' title="bbox 102 1795 3316 1878">
    <p class='ocr_par' dir='ltr' id='par_1_33' title="bbox 102 1795 3316 1878">
     <span class='ocr_line' id='line_1_33' title="bbox 102 1795 3316 1878; baseline 0 -26"><span class='ocrx_word' id='word_1_253' title='bbox 102 1805 306 1861; x_wconf 71' lang='grc' dir='ltr'><strong>ξηειξηηιη</strong></span> <span class='ocrx_word' id='word_1_254' title='bbox 337 1819 486 1873; x_wconf 64' lang='lat' dir='ltr'><strong>sum,</strong></span> <span class='ocrx_word' id='word_1_255' title='bbox 517 1809 569 1862; x_wconf 74' lang='lat' dir='ltr'><strong>id</strong></span> <span class='ocrx_word' id='word_1_256' title='bbox 598 1817 683 1862; x_wconf 75' lang='grc' dir='ltr'><strong>εει</strong></span> <span class='ocrx_word' id='word_1_257' title='bbox 725 1808 905 1862; x_wconf 55' lang='lat' dir='ltr'><strong>multa;</strong></span> <span class='ocrx_word' id='word_1_258' title='bbox 948 1818 1136 1878; x_wconf 68' lang='lat' dir='ltr'><strong>gemes</strong></span> <span class='ocrx_word' id='word_1_259' title='bbox 1166 1808 1233 1862; x_wconf 76' lang='lat' dir='ltr'><strong>ad</strong></span> <span class='ocrx_word' id='word_1_260' title='bbox 1276 1809 1433 1864; x_wconf 75' lang='lat' dir='ltr'><strong>ﬁdem</strong></span> <span class='ocrx_word' id='word_1_261' title='bbox 1471 1824 1629 1865; x_wconf 63' lang='lat' dir='ltr'><strong>accc-</strong></span> <span class='ocrx_word' id='word_1_262' title='bbox 1664 1795 1707 1853; x_wconf 81' lang='grc' dir='ltr'><strong><em>Β</em></strong></span> <span class='ocrx_word' id='word_1_263' title='bbox 1735 1798 1913 1853; x_wconf 89' lang='lat' dir='ltr'><strong>onmis</strong></span> <span class='ocrx_word' id='word_1_264' title='bbox 1965 1798 2299 1854; x_wconf 83' lang='lat' dir='ltr'><strong>terrenilas.</strong></span> <span class='ocrx_word' id='word_1_265' title='bbox 2327 1799 2392 1852; x_wconf 89' lang='lat' dir='ltr'><strong>Et</strong></span> <span class='ocrx_word' id='word_1_266' title='bbox 2432 1799 2533 1854; x_wconf 87' lang='lat' dir='ltr'><strong>hoc</strong></span> <span class='ocrx_word' id='word_1_267' title='bbox 2580 1808 2664 1853; x_wconf 91' lang='lat' dir='ltr'><strong>est</strong></span> <span class='ocrx_word' id='word_1_268' title='bbox 2695 1815 2759 1855; x_wconf 92' lang='lat' dir='ltr'><strong>ac</strong></span> <span class='ocrx_word' id='word_1_269' title='bbox 2805 1800 2850 1855; x_wconf 91' lang='lat' dir='ltr'><strong>si</strong></span> <span class='ocrx_word' id='word_1_270' title='bbox 2889 1800 3034 1854; x_wconf 87' lang='lat' dir='ltr'><strong>dicat</strong></span> <span class='ocrx_word' id='word_1_271' title='bbox 3069 1818 3080 1853; x_wconf 89' lang='lat'>:</span> <span class='ocrx_word' id='word_1_272' title='bbox 3125 1799 3316 1854; x_wconf 82' lang='lat' dir='ltr'><strong>Pacem</strong></span> 
     </span>
    </p>
   </div>
   <div class='ocr_carea' id='block_1_34' title="bbox 102 1896 1629 1969">
    <p class='ocr_par' dir='ltr' id='par_1_34' title="bbox 102 1896 1629 1969">
     <span class='ocr_line' id='line_1_34' title="bbox 102 1896 1629 1969; baseline 0.005 -23"><span class='ocrx_word' id='word_1_273' title='bbox 102 1896 233 1951; x_wconf 75' lang='lat' dir='ltr'><strong>dendo</strong></span> <span class='ocrx_word' id='word_1_274' title='bbox 287 1898 741 1963; x_wconf 87' lang='lat' dir='ltr'><strong>htnniliabuntur,</strong></span> <span class='ocrx_word' id='word_1_275' title='bbox 806 1897 1139 1954; x_wconf 89' lang='lat' dir='ltr'><strong>inﬁdelitatis</strong></span> <span class='ocrx_word' id='word_1_276' title='bbox 1202 1914 1315 1954; x_wconf 74' lang='lat' dir='ltr'><strong>sum</strong></span> <span class='ocrx_word' id='word_1_277' title='bbox 1378 1899 1629 1969; x_wconf 84' lang='lat' dir='ltr'><strong>superbia</strong></span> 
     </span>
    </p>
   </div>
   <div class='ocr_carea' id='block_1_35' title="bbox 100 1991 1629 2063">
    <p class='ocr_par' dir='ltr' id='par_1_35' title="bbox 100 1991 1629 2063">
     <span class='ocr_line' id='line_1_35' title="bbox 100 1991 1629 2063; baseline 0.004 -21"><span class='ocrx_word' id='word_1_278' title='bbox 100 1991 361 2059; x_wconf 79' lang='lat' dir='ltr'><strong>postposita,</strong></span> <span class='ocrx_word' id='word_1_279' title='bbox 392 2007 561 2062; x_wconf 80' lang='lat' dir='ltr'><strong>regna</strong></span> <span class='ocrx_word' id='word_1_280' title='bbox 597 2004 726 2047; x_wconf 87' lang='lat' dir='ltr'><strong>vero</strong></span> <span class='ocrx_word' id='word_1_281' title='bbox 761 1993 897 2047; x_wconf 83' lang='lat' dir='ltr'><strong>bene</strong></span> <span class='ocrx_word' id='word_1_282' title='bbox 929 2007 1026 2062; x_wconf 86' lang='lat' dir='ltr'><strong>pro</strong></span> <span class='ocrx_word' id='word_1_283' title='bbox 1073 1992 1415 2047; x_wconf 82' lang='lat' dir='ltr'><strong>mtdtitudinc</strong></span> <span class='ocrx_word' id='word_1_284' title='bbox 1456 1993 1629 2063; x_wconf 90' lang='lat' dir='ltr'><strong>ponit.</strong></span> 
     </span>
    </p>
   </div>
   <div class='ocr_carea' id='block_1_36' title="bbox 100 2077 1629 2153">
    <p class='ocr_par' dir='ltr' id='par_1_36' title="bbox 100 2077 1629 2153">
     <span class='ocr_line' id='line_1_36' title="bbox 100 2077 1629 2153; baseline 0.003 -22"><span class='ocrx_word' id='word_1_285' title='bbox 100 2077 197 2132; x_wconf 88' lang='lat' dir='ltr'><strong>Cum</strong></span> <span class='ocrx_word' id='word_1_286' title='bbox 219 2081 349 2135; x_wconf 89' lang='lat' dir='ltr'><strong>enim</strong></span> <span class='ocrx_word' id='word_1_287' title='bbox 382 2082 434 2135; x_wconf 93' lang='lat' dir='ltr'><strong>in</strong></span> <span class='ocrx_word' id='word_1_288' title='bbox 465 2097 573 2136; x_wconf 89' lang='lat' dir='ltr'><strong>uno</strong></span> <span class='ocrx_word' id='word_1_289' title='bbox 594 2082 709 2137; x_wconf 90' lang='lat' dir='ltr'><strong>solo</strong></span> <span class='ocrx_word' id='word_1_290' title='bbox 745 2095 910 2153; x_wconf 88' lang='lat' dir='ltr'><strong>regno</strong></span> <span class='ocrx_word' id='word_1_291' title='bbox 953 2082 1133 2137; x_wconf 65' lang='lat' dir='ltr'><strong>multm</strong></span> <span class='ocrx_word' id='word_1_292' title='bbox 1159 2092 1346 2153; x_wconf 80' lang='lat' dir='ltr'><strong>gentes</strong></span> <span class='ocrx_word' id='word_1_293' title='bbox 1390 2083 1629 2138; x_wconf 85' lang='lat' dir='ltr'><strong>habean-</strong></span> 
     </span>
    </p>
   </div>
   <div class='ocr_carea' id='block_1_37' title="bbox 100 2168 1631 2241">
    <p class='ocr_par' dir='ltr' id='par_1_37' title="bbox 100 2168 1631 2241">
     <span class='ocr_line' id='line_1_37' title="bbox 100 2168 1631 2241; baseline 0.006 -23"><span class='ocrx_word' id='word_1_294' title='bbox 100 2175 178 2232; x_wconf 89' lang='lat' dir='ltr'><strong>tur,</strong></span> <span class='ocrx_word' id='word_1_295' title='bbox 216 2168 370 2223; x_wconf 90' lang='lat' dir='ltr'><strong>multo</strong></span> <span class='ocrx_word' id='word_1_296' title='bbox 420 2170 597 2241; x_wconf 84' lang='lat' dir='ltr'><strong>magis</strong></span> <span class='ocrx_word' id='word_1_297' title='bbox 641 2171 693 2224; x_wconf 91' lang='lat' dir='ltr'><strong>in</strong></span> <span class='ocrx_word' id='word_1_298' title='bbox 736 2171 920 2225; x_wconf 91' lang='lat' dir='ltr'><strong>multis</strong></span> <span class='ocrx_word' id='word_1_299' title='bbox 966 2172 1149 2225; x_wconf 79' lang='lat' dir='ltr'><strong>multa:</strong></span> <span class='ocrx_word' id='word_1_300' title='bbox 1197 2172 1483 2226; x_wconf 85' lang='lat' dir='ltr'><strong>habentur.</strong></span> <span class='ocrx_word' id='word_1_301' title='bbox 1536 2171 1631 2227; x_wconf 83' lang='lat' dir='ltr'><strong>Vel</strong></span> 
     </span>
    </p>
   </div>
   <div class='ocr_carea' id='block_1_38' title="bbox 98 2258 1631 2333">
    <p class='ocr_par' dir='ltr' id='par_1_38' title="bbox 98 2258 1631 2333">
     <span class='ocr_line' id='line_1_38' title="bbox 98 2258 1631 2333; baseline 0.007 -24"><span class='ocrx_word' id='word_1_302' title='bbox 98 2258 182 2311; x_wconf 88' lang='lat' dir='ltr'><strong>sic:</strong></span> <span class='ocrx_word' id='word_1_303' title='bbox 208 2258 464 2315; x_wconf 82' lang='lat' dir='ltr'><strong>Inclinata</strong></span> <span class='ocrx_word' id='word_1_304' title='bbox 495 2271 617 2315; x_wconf 87' lang='lat' dir='ltr'><strong>sunt</strong></span> <span class='ocrx_word' id='word_1_305' title='bbox 646 2278 827 2333; x_wconf 87' lang='lat' dir='ltr'><strong>regna,</strong></span> <span class='ocrx_word' id='word_1_306' title='bbox 880 2262 931 2318; x_wconf 93' lang='lat' dir='ltr'><strong>id</strong></span> <span class='ocrx_word' id='word_1_307' title='bbox 961 2272 1043 2319; x_wconf 87' lang='lat' dir='ltr'><strong>est</strong></span> <span class='ocrx_word' id='word_1_308' title='bbox 1089 2263 1155 2318; x_wconf 88' lang='lat' dir='ltr'><strong>ad</strong></span> <span class='ocrx_word' id='word_1_309' title='bbox 1200 2263 1302 2320; x_wconf 89' lang='lat' dir='ltr'><strong>hoc</strong></span> <span class='ocrx_word' id='word_1_310' title='bbox 1335 2264 1631 2320; x_wconf 79' lang='lat' dir='ltr'><strong>ltumiliatze</strong></span> 
     </span>
    </p>
   </div>
   <div class='ocr_carea' id='block_1_39' title="bbox 97 2350 1631 2425">
    <p class='ocr_par' dir='ltr' id='par_1_39' title="bbox 97 2350 1631 2425">
     <span class='ocr_line' id='line_1_39' title="bbox 97 2350 1631 2425; baseline 0.007 -24"><span class='ocrx_word' id='word_1_311' title='bbox 97 2358 212 2415; x_wconf 76' lang='lat' dir='ltr'><strong>Stllll,</strong></span> <span class='ocrx_word' id='word_1_312' title='bbox 243 2360 297 2406; x_wconf 89' lang='lat' dir='ltr'><strong>ut</strong></span> <span class='ocrx_word' id='word_1_313' title='bbox 348 2350 659 2407; x_wconf 80' lang='lat' dir='ltr'><strong>elliciantur</strong></span> <span class='ocrx_word' id='word_1_314' title='bbox 701 2368 866 2423; x_wconf 82' lang='lat' dir='ltr'><strong>regna</strong></span> <span class='ocrx_word' id='word_1_315' title='bbox 924 2354 1051 2418; x_wconf 90' lang='lat' dir='ltr'><strong>Dei,</strong></span> <span class='ocrx_word' id='word_1_316' title='bbox 1112 2369 1232 2423; x_wconf 84' lang='lat' dir='ltr'><strong>quae</strong></span> <span class='ocrx_word' id='word_1_317' title='bbox 1280 2355 1429 2425; x_wconf 91' lang='lat' dir='ltr'><strong>prius</strong></span> <span class='ocrx_word' id='word_1_318' title='bbox 1474 2367 1631 2411; x_wconf 88' lang='lat' dir='ltr'><strong>erant</strong></span> 
     </span>
    </p>
   </div>
   <div class='ocr_carea' id='block_1_40' title="bbox 97 2442 1630 2514">
    <p class='ocr_par' dir='ltr' id='par_1_40' title="bbox 97 2442 1630 2514">
     <span class='ocr_line' id='line_1_40' title="bbox 97 2442 1630 2514; baseline 0.004 -21"><span class='ocrx_word' id='word_1_319' title='bbox 97 2442 344 2497; x_wconf 79' lang='lat' dir='ltr'><strong>servientes</strong></span> <span class='ocrx_word' id='word_1_320' title='bbox 383 2442 625 2499; x_wconf 86' lang='lat' dir='ltr'><strong>diabolo.</strong></span> <span class='ocrx_word' id='word_1_321' title='bbox 661 2443 833 2514; x_wconf 91' lang='lat' dir='ltr'><strong>Supra</strong></span> <span class='ocrx_word' id='word_1_322' title='bbox 878 2453 1058 2499; x_wconf 90' lang='lat' dir='ltr'><strong>autem</strong></span> <span class='ocrx_word' id='word_1_323' title='bbox 1110 2446 1351 2511; x_wconf 82' lang='lat' dir='ltr'><strong>dixerat,</strong></span> <span class='ocrx_word' id='word_1_324' title='bbox 1398 2445 1630 2499; x_wconf 84' lang='lat' dir='ltr'><strong>turbabi-</strong></span> 
     </span>
    </p>
   </div>
   <div class='ocr_carea' id='block_1_41' title="bbox 94 2536 1631 2603">
    <p class='ocr_par' dir='ltr' id='par_1_41' title="bbox 94 2536 1631 2603">
     <span class='ocr_line' id='line_1_41' title="bbox 94 2536 1631 2603; baseline 0.006 -20"><span class='ocrx_word' id='word_1_325' title='bbox 94 2542 157 2585; x_wconf 78' lang='lat' dir='ltr'><strong>tur</strong></span> <span class='ocrx_word' id='word_1_326' title='bbox 185 2542 309 2587; x_wconf 88' lang='lat' dir='ltr'><strong>terra</strong></span> <span class='ocrx_word' id='word_1_327' title='bbox 352 2545 550 2591; x_wconf 89' lang='lat' dir='ltr'><strong>contra</strong></span> <span class='ocrx_word' id='word_1_328' title='bbox 600 2536 1007 2603; x_wconf 65' lang='lat' dir='ltr'><strong>praedicatores,</strong></span> <span class='ocrx_word' id='word_1_329' title='bbox 1039 2550 1105 2591; x_wconf 91' lang='lat' dir='ltr'><strong>nc</strong></span> <span class='ocrx_word' id='word_1_330' title='bbox 1134 2536 1235 2591; x_wconf 86' lang='lat' dir='ltr'><strong>hoc</strong></span> <span class='ocrx_word' id='word_1_331' title='bbox 1277 2537 1473 2591; x_wconf 89' lang='lat' dir='ltr'><strong>mirum</strong></span> <span class='ocrx_word' id='word_1_332' title='bbox 1509 2551 1631 2592; x_wconf 87' lang='lat' dir='ltr'><strong>esse.</strong></span> 
     </span>
    </p>
   </div>
   <div class='ocr_carea' id='block_1_42' title="bbox 93 2620 1629 2694">
    <p class='ocr_par' dir='ltr' id='par_1_42' title="bbox 93 2620 1629 2694">
     <span class='ocr_line' id='line_1_42' title="bbox 93 2620 1629 2694; baseline 0.006 -24"><span class='ocrx_word' id='word_1_333' title='bbox 93 2620 346 2689; x_wconf 80' lang='lat' dir='ltr'><strong>videretur,</strong></span> <span class='ocrx_word' id='word_1_334' title='bbox 376 2638 554 2693; x_wconf 88' lang='lat' dir='ltr'><strong>quare</strong></span> <span class='ocrx_word' id='word_1_335' title='bbox 590 2624 732 2678; x_wconf 90' lang='lat' dir='ltr'><strong>Deus</strong></span> <span class='ocrx_word' id='word_1_336' title='bbox 765 2625 867 2678; x_wconf 95' lang='lat' dir='ltr'><strong>hoc</strong></span> <span class='ocrx_word' id='word_1_337' title='bbox 908 2633 1207 2694; x_wconf 87' lang='lat' dir='ltr'><strong>pateretur,</strong></span> <span class='ocrx_word' id='word_1_338' title='bbox 1260 2625 1393 2680; x_wconf 91' lang='lat' dir='ltr'><strong>dicit</strong></span> <span class='ocrx_word' id='word_1_339' title='bbox 1438 2633 1629 2680; x_wconf 88' lang='lat' dir='ltr'><strong>contra</strong></span> 
     </span>
    </p>
   </div>
   <div class='ocr_carea' id='block_1_43' title="bbox 92 2711 1630 2786">
    <p class='ocr_par' dir='ltr' id='par_1_43' title="bbox 92 2711 1630 2786">
     <span class='ocr_line' id='line_1_43' title="bbox 92 2711 1630 2786; baseline 0.005 -23"><span class='ocrx_word' id='word_1_340' title='bbox 92 2711 217 2779; x_wconf 86' lang='lat' dir='ltr'><strong>ipsius</strong></span> <span class='ocrx_word' id='word_1_341' title='bbox 252 2714 338 2769; x_wconf 86' lang='lat' dir='ltr'><strong>Dei</strong></span> <span class='ocrx_word' id='word_1_342' title='bbox 386 2715 839 2786; x_wconf 70' lang='lat' dir='ltr'><strong>prazdieationem</strong></span> <span class='ocrx_word' id='word_1_343' title='bbox 875 2716 1040 2771; x_wconf 89' lang='lat' dir='ltr'><strong>etiam</strong></span> <span class='ocrx_word' id='word_1_344' title='bbox 1082 2725 1282 2771; x_wconf 87' lang='lat' dir='ltr'><strong>terram</strong></span> <span class='ocrx_word' id='word_1_345' title='bbox 1328 2731 1452 2772; x_wconf 87' lang='lat' dir='ltr'><strong>esse</strong></span> <span class='ocrx_word' id='word_1_346' title='bbox 1482 2731 1630 2772; x_wconf 89' lang='lat' dir='ltr'><strong>com-</strong></span> 
     </span>
    </p>
   </div>
   <div class='ocr_carea' id='block_1_44' title="bbox 92 2806 1625 2879">
    <p class='ocr_par' dir='ltr' id='par_1_44' title="bbox 92 2806 1625 2879">
     <span class='ocr_line' id='line_1_44' title="bbox 92 2806 1625 2879; baseline 0.003 -21"><span class='ocrx_word' id='word_1_347' title='bbox 92 2815 279 2873; x_wconf 81' lang='lat' dir='ltr'><strong>motam,</strong></span> <span class='ocrx_word' id='word_1_348' title='bbox 311 2807 548 2877; x_wconf 83' lang='lat' dir='ltr'><strong>ideoque</strong></span> <span class='ocrx_word' id='word_1_349' title='bbox 572 2823 676 2862; x_wconf 91' lang='lat' dir='ltr'><strong>non</strong></span> <span class='ocrx_word' id='word_1_350' title='bbox 720 2822 839 2863; x_wconf 91' lang='lat' dir='ltr'><strong>esse</strong></span> <span class='ocrx_word' id='word_1_351' title='bbox 872 2806 1094 2879; x_wconf 85' lang='lat' dir='ltr'><strong>dignum</strong></span> <span class='ocrx_word' id='word_1_352' title='bbox 1144 2808 1537 2877; x_wconf 85' lang='lat' dir='ltr'><strong>admiratione,</strong></span> <span class='ocrx_word' id='word_1_353' title='bbox 1580 2808 1625 2865; x_wconf 90' lang='lat' dir='ltr'><strong>si</strong></span> 
     </span>
    </p>
   </div>
   <div class='ocr_carea' id='block_1_45' title="bbox 89 2897 1630 2971">
    <p class='ocr_par' dir='ltr' id='par_1_45' title="bbox 89 2897 1630 2971">
     <span class='ocr_line' id='line_1_45' title="bbox 89 2897 1630 2971; baseline 0.005 -23"><span class='ocrx_word' id='word_1_354' title='bbox 89 2906 233 2951; x_wconf 88' lang='lat' dir='ltr'><strong>contra</strong></span> <span class='ocrx_word' id='word_1_355' title='bbox 247 2898 539 2969; x_wconf 82' lang='lat' dir='ltr'><strong>discipulos</strong></span> <span class='ocrx_word' id='word_1_356' title='bbox 554 2905 979 2953; x_wconf 88' lang='lat' dir='ltr'><strong>commoveatur.</strong></span> <span class='ocrx_word' id='word_1_357' title='bbox 1006 2897 1155 2954; x_wconf 90' lang='lat' dir='ltr'><strong>Unde</strong></span> <span class='ocrx_word' id='word_1_358' title='bbox 1171 2898 1287 2969; x_wconf 89' lang='lat' dir='ltr'><strong>ipse</strong></span> <span class='ocrx_word' id='word_1_359' title='bbox 1308 2898 1362 2955; x_wconf 90' lang='lat' dir='ltr'><strong>in</strong></span> <span class='ocrx_word' id='word_1_360' title='bbox 1385 2899 1630 2971; x_wconf 80' lang='lat' dir='ltr'><strong>Evange-</strong></span> 
     </span>
    </p>
   </div>
   <div class='ocr_carea' id='block_1_46' title="bbox 88 2984 1623 3063">
    <p class='ocr_par' dir='ltr' id='par_1_46' title="bbox 88 2984 1623 3063">
     <span class='ocr_line' id='line_1_46' title="bbox 88 2984 1623 3063; baseline 0.008 -28"><span class='ocrx_word' id='word_1_361' title='bbox 88 2985 159 3040; x_wconf 89' lang='lat' dir='ltr'><strong>lio:</strong></span> <span class='ocrx_word' id='word_1_362' title='bbox 175 3006 191 3038; x_wconf 74' lang='grc' dir='ltr'><strong>ι</strong></span> <span class='ocrx_word' id='word_1_363' title='bbox 208 2987 256 3043; x_wconf 90' lang='lat' dir='ltr'><strong>Si</strong></span> <span class='ocrx_word' id='word_1_364' title='bbox 273 3004 355 3044; x_wconf 89' lang='lat' dir='ltr'><strong>me</strong></span> <span class='ocrx_word' id='word_1_365' title='bbox 374 2990 651 3060; x_wconf 85' lang='lat' dir='ltr'><strong>persecuti</strong></span> <span class='ocrx_word' id='word_1_366' title='bbox 675 2997 819 3057; x_wconf 91' lang='lat' dir='ltr'><strong>sunt,</strong></span> <span class='ocrx_word' id='word_1_367' title='bbox 835 2999 889 3045; x_wconf 88' lang='lat' dir='ltr'><strong>et</strong></span> <span class='ocrx_word' id='word_1_368' title='bbox 906 3005 1001 3046; x_wconf 87' lang='lat' dir='ltr'><strong>vos</strong></span> <span class='ocrx_word' id='word_1_369' title='bbox 1022 2984 1416 3061; x_wconf 84' lang='lat' dir='ltr'><strong>persequentur</strong></span> <span class='ocrx_word' id='word_1_370' title='bbox 1437 2990 1623 3063; x_wconf 84' lang='lat' dir='ltr'><strong>(Joan.</strong></span> 
     </span>
    </p>
   </div>
   <div class='ocr_carea' id='block_1_47' title="bbox 85 3077 1629 3151">
    <p class='ocr_par' dir='ltr' id='par_1_47' title="bbox 85 3077 1629 3151">
     <span class='ocr_line' id='line_1_47' title="bbox 85 3077 1629 3151; baseline 0.005 -23"><span class='ocrx_word' id='word_1_371' title='bbox 85 3087 153 3141; x_wconf 77' lang='lat' dir='ltr'><strong>xv,</strong></span> <span class='ocrx_word' id='word_1_372' title='bbox 174 3077 292 3149; x_wconf 76' lang='lat'><strong>20.).</strong></span> <span class='ocrx_word' id='word_1_373' title='bbox 326 3099 345 3133; x_wconf 73' lang='grc' dir='ltr'><strong>ι</strong></span> <span class='ocrx_word' id='word_1_374' title='bbox 374 3080 497 3136; x_wconf 86' lang='lat' dir='ltr'><strong>lloc</strong></span> <span class='ocrx_word' id='word_1_375' title='bbox 519 3091 699 3135; x_wconf 88' lang='lat' dir='ltr'><strong>autem</strong></span> <span class='ocrx_word' id='word_1_376' title='bbox 737 3081 881 3151; x_wconf 88' lang='lat' dir='ltr'><strong>quod</strong></span> <span class='ocrx_word' id='word_1_377' title='bbox 920 3090 1115 3136; x_wconf 88' lang='lat' dir='ltr'><strong>contra</strong></span> <span class='ocrx_word' id='word_1_378' title='bbox 1149 3083 1318 3137; x_wconf 89' lang='lat' dir='ltr'><strong>Deum</strong></span> <span class='ocrx_word' id='word_1_379' title='bbox 1362 3091 1506 3137; x_wconf 88' lang='lat' dir='ltr'><strong>mota</strong></span> <span class='ocrx_word' id='word_1_380' title='bbox 1542 3091 1629 3138; x_wconf 90' lang='lat' dir='ltr'><strong>est</strong></span> 
     </span>
    </p>
   </div>
   <div class='ocr_carea' id='block_1_48' title="bbox 1726 1889 3313 1962">
    <p class='ocr_par' dir='ltr' id='par_1_48' title="bbox 1726 1889 3313 1962">
     <span class='ocr_line' id='line_1_48' title="bbox 1726 1889 3313 1962; baseline 0.001 -19"><span class='ocrx_word' id='word_1_381' title='bbox 1726 1890 1882 1944; x_wconf 85' lang='lat' dir='ltr'><strong>dedit</strong></span> <span class='ocrx_word' id='word_1_382' title='bbox 1907 1898 2065 1945; x_wconf 72' lang='lat' dir='ltr'><strong>terra:</strong></span> <span class='ocrx_word' id='word_1_383' title='bbox 2093 1905 2231 1950; x_wconf 64' lang='lat' dir='ltr'><strong>suae,</strong></span> <span class='ocrx_word' id='word_1_384' title='bbox 2273 1898 2327 1944; x_wconf 90' lang='lat' dir='ltr'><strong>et</strong></span> <span class='ocrx_word' id='word_1_385' title='bbox 2357 1904 2485 1959; x_wconf 86' lang='lat' dir='ltr'><strong>erga</strong></span> <span class='ocrx_word' id='word_1_386' title='bbox 2513 1889 2681 1945; x_wconf 87' lang='lat' dir='ltr'><strong>Deum</strong></span> <span class='ocrx_word' id='word_1_387' title='bbox 2721 1899 2775 1946; x_wconf 93' lang='lat' dir='ltr'><strong>et</strong></span> <span class='ocrx_word' id='word_1_388' title='bbox 2803 1905 2931 1962; x_wconf 86' lang='lat' dir='ltr'><strong>erga</strong></span> <span class='ocrx_word' id='word_1_389' title='bbox 2975 1892 3313 1961; x_wconf 84' lang='lat' dir='ltr'><strong>proximum,</strong></span> 
     </span>
    </p>
   </div>
   <div class='ocr_carea' id='block_1_49' title="bbox 1731 1980 3315 2052">
    <p class='ocr_par' dir='ltr' id='par_1_49' title="bbox 1731 1980 3315 2052">
     <span class='ocr_line' id='line_1_49' title="bbox 1731 1980 3315 2052; baseline 0 -17"><span class='ocrx_word' id='word_1_390' title='bbox 1731 1996 1894 2051; x_wconf 84' lang='lat' dir='ltr'><strong>quam</strong></span> <span class='ocrx_word' id='word_1_391' title='bbox 1926 1996 2112 2051; x_wconf 89' lang='lat' dir='ltr'><strong>pacem</strong></span> <span class='ocrx_word' id='word_1_392' title='bbox 2153 1980 2352 2035; x_wconf 88' lang='lat' dir='ltr'><strong>habent</strong></span> <span class='ocrx_word' id='word_1_393' title='bbox 2389 1980 2537 2035; x_wconf 83' lang='lat' dir='ltr'><strong>cives</strong></span> <span class='ocrx_word' id='word_1_394' title='bbox 2569 1982 2813 2052; x_wconf 87' lang='lat' dir='ltr'><strong>superni.</strong></span> <span class='ocrx_word' id='word_1_395' title='bbox 2857 1982 3009 2037; x_wconf 86' lang='lat' dir='ltr'><strong>Unde</strong></span> <span class='ocrx_word' id='word_1_396' title='bbox 3044 1981 3218 2052; x_wconf 81' lang='lat' dir='ltr'><strong>angeli</strong></span> <span class='ocrx_word' id='word_1_397' title='bbox 3263 1982 3315 2035; x_wconf 91' lang='lat' dir='ltr'><strong>in</strong></span> 
     </span>
    </p>
   </div>
   <div class='ocr_carea' id='block_1_50' title="bbox 1731 2070 3318 2140">
    <p class='ocr_par' dir='ltr' id='par_1_50' title="bbox 1731 2070 3318 2140">
     <span class='ocr_line' id='line_1_50' title="bbox 1731 2070 3318 2140; baseline 0.001 -16"><span class='ocrx_word' id='word_1_398' title='bbox 1731 2072 1848 2139; x_wconf 85' lang='lat' dir='ltr'><strong>ejus</strong></span> <span class='ocrx_word' id='word_1_399' title='bbox 1871 2071 2152 2125; x_wconf 86' lang='lat' dir='ltr'><strong>nativitate</strong></span> <span class='ocrx_word' id='word_1_400' title='bbox 2181 2071 2445 2127; x_wconf 87' lang='lat' dir='ltr'><strong>cecinisse</strong></span> <span class='ocrx_word' id='word_1_401' title='bbox 2473 2070 2764 2140; x_wconf 88' lang='lat' dir='ltr'><strong>leguntur:</strong></span> <span class='ocrx_word' id='word_1_402' title='bbox 2796 2089 2814 2123; x_wconf 74' lang='grc' dir='ltr'><strong>ι</strong></span> <span class='ocrx_word' id='word_1_403' title='bbox 2846 2071 3031 2127; x_wconf 87' lang='lat' dir='ltr'><strong>Gloria</strong></span> <span class='ocrx_word' id='word_1_404' title='bbox 3077 2073 3125 2127; x_wconf 88' lang='lat' dir='ltr'><strong>in</strong></span> <span class='ocrx_word' id='word_1_405' title='bbox 3161 2071 3318 2126; x_wconf 85' lang='lat' dir='ltr'><strong>altis-</strong></span> 
     </span>
    </p>
   </div>
   <div class='ocr_carea' id='block_1_51' title="bbox 1732 2161 3315 2236">
    <p class='ocr_par' dir='ltr' id='par_1_51' title="bbox 1732 2161 3315 2236">
     <span class='ocr_line' id='line_1_51' title="bbox 1732 2161 3315 2236; baseline 0.001 -20"><span class='ocrx_word' id='word_1_406' title='bbox 1732 2161 1885 2216; x_wconf 91' lang='lat' dir='ltr'><strong>simis</strong></span> <span class='ocrx_word' id='word_1_407' title='bbox 1918 2162 2043 2226; x_wconf 91' lang='lat' dir='ltr'><strong>Deo,</strong></span> <span class='ocrx_word' id='word_1_408' title='bbox 2076 2170 2129 2216; x_wconf 91' lang='lat' dir='ltr'><strong>et</strong></span> <span class='ocrx_word' id='word_1_409' title='bbox 2155 2162 2206 2214; x_wconf 90' lang='lat' dir='ltr'><strong>in</strong></span> <span class='ocrx_word' id='word_1_410' title='bbox 2255 2172 2400 2216; x_wconf 89' lang='lat' dir='ltr'><strong>terra</strong></span> <span class='ocrx_word' id='word_1_411' title='bbox 2447 2177 2549 2230; x_wconf 79' lang='lat' dir='ltr'><strong>pax</strong></span> <span class='ocrx_word' id='word_1_412' title='bbox 2594 2162 2924 2229; x_wconf 91' lang='lat' dir='ltr'><strong>hominibus,</strong></span> <span class='ocrx_word' id='word_1_413' title='bbox 2963 2184 2980 2217; x_wconf 85' lang='grc'>›</span> <span class='ocrx_word' id='word_1_414' title='bbox 3010 2173 3115 2219; x_wconf 89' lang='lat' dir='ltr'><strong>etc.</strong></span> <span class='ocrx_word' id='word_1_415' title='bbox 3160 2162 3315 2236; x_wconf 83' lang='lat' dir='ltr'><strong>(Luc.</strong></span> 
     </span>
    </p>
   </div>
   <div class='ocr_carea' id='block_1_52' title="bbox 1733 2252 3319 2323">
    <p class='ocr_par' dir='ltr' id='par_1_52' title="bbox 1733 2252 3319 2323">
     <span class='ocr_line' id='line_1_52' title="bbox 1733 2252 3319 2323; baseline 0.002 -17"><span class='ocrx_word' id='word_1_416' title='bbox 1733 2268 1797 2316; x_wconf 80' lang='grc' dir='ltr'><strong>ιι,</strong></span> <span class='ocrx_word' id='word_1_417' title='bbox 1844 2252 1956 2323; x_wconf 76' lang='grc'><strong>14.)</strong></span> <span class='ocrx_word' id='word_1_418' title='bbox 2008 2252 2073 2306; x_wconf 88' lang='lat' dir='ltr'><strong>Et</strong></span> <span class='ocrx_word' id='word_1_419' title='bbox 2120 2252 2315 2322; x_wconf 90' lang='lat' dir='ltr'><strong>ipsein</strong></span> <span class='ocrx_word' id='word_1_420' title='bbox 2364 2252 2656 2323; x_wconf 83' lang='lat' dir='ltr'><strong>Evangelio</strong></span> <span class='ocrx_word' id='word_1_421' title='bbox 2695 2271 2709 2307; x_wconf 88' lang='lat'><strong>:</strong></span> <span class='ocrx_word' id='word_1_422' title='bbox 2747 2271 2767 2305; x_wconf 71' lang='grc' dir='ltr'><strong>ι</strong></span> <span class='ocrx_word' id='word_1_423' title='bbox 2804 2254 3001 2309; x_wconf 86' lang='lat' dir='ltr'><strong>Pacem</strong></span> <span class='ocrx_word' id='word_1_424' title='bbox 3044 2269 3220 2309; x_wconf 90' lang='lat' dir='ltr'><strong>meam</strong></span> <span class='ocrx_word' id='word_1_425' title='bbox 3250 2253 3319 2309; x_wconf 90' lang='lat' dir='ltr'><strong>do</strong></span> 
     </span>
    </p>
   </div>
   <div class='ocr_carea' id='block_1_53' title="bbox 1732 2343 3318 2417">
    <p class='ocr_par' dir='ltr' id='par_1_53' title="bbox 1732 2343 3318 2417">
     <span class='ocr_line' id='line_1_53' title="bbox 1732 2343 3318 2417; baseline -0.001 -19"><span class='ocrx_word' id='word_1_426' title='bbox 1732 2345 1922 2408; x_wconf 85' lang='lat' dir='ltr'><strong>vobis,</strong></span> <span class='ocrx_word' id='word_1_427' title='bbox 1956 2359 2143 2414; x_wconf 89' lang='lat' dir='ltr'><strong>pacem</strong></span> <span class='ocrx_word' id='word_1_428' title='bbox 2189 2343 2432 2413; x_wconf 85' lang='lat' dir='ltr'><strong>relinquo</strong></span> <span class='ocrx_word' id='word_1_429' title='bbox 2463 2344 2616 2400; x_wconf 87' lang='lat' dir='ltr'><strong>vobis</strong></span> <span class='ocrx_word' id='word_1_430' title='bbox 2651 2344 2834 2416; x_wconf 86' lang='lat' dir='ltr'><strong>(Joan.</strong></span> <span class='ocrx_word' id='word_1_431' title='bbox 2876 2362 2989 2412; x_wconf 80' lang='lat' dir='ltr'><strong>xrv,</strong></span> <span class='ocrx_word' id='word_1_432' title='bbox 3030 2346 3143 2417; x_wconf 71' lang='lat'><strong>‘27).</strong></span> <span class='ocrx_word' id='word_1_433' title='bbox 3184 2366 3202 2397; x_wconf 71' lang='grc' dir='ltr'><strong>ι</strong></span> <span class='ocrx_word' id='word_1_434' title='bbox 3249 2346 3318 2401; x_wconf 86' lang='lat' dir='ltr'><strong>Ut</strong></span> 
     </span>
    </p>
   </div>
   <div class='ocr_carea' id='block_1_54' title="bbox 1732 2434 3321 2503">
    <p class='ocr_par' dir='ltr' id='par_1_54' title="bbox 1732 2434 3321 2503">
     <span class='ocr_line' id='line_1_54' title="bbox 1732 2434 3321 2503; baseline 0.001 -14"><span class='ocrx_word' id='word_1_435' title='bbox 1732 2446 1912 2491; x_wconf 91' lang='lat' dir='ltr'><strong>autem</strong></span> <span class='ocrx_word' id='word_1_436' title='bbox 1965 2452 2031 2491; x_wconf 81' lang='lat' dir='ltr'><strong>ex</strong></span> <span class='ocrx_word' id='word_1_437' title='bbox 2082 2445 2193 2491; x_wconf 90' lang='lat' dir='ltr'><strong>toto</strong></span> <span class='ocrx_word' id='word_1_438' title='bbox 2234 2434 2553 2491; x_wconf 79' lang='lat' dir='ltr'><strong>auferantur</strong></span> <span class='ocrx_word' id='word_1_439' title='bbox 2602 2436 2772 2503; x_wconf 89' lang='lat' dir='ltr'><strong>bella,</strong></span> <span class='ocrx_word' id='word_1_440' title='bbox 2821 2447 3078 2500; x_wconf 83' lang='lat' dir='ltr'><strong>conteret,</strong></span> <span class='ocrx_word' id='word_1_441' title='bbox 3133 2436 3185 2491; x_wconf 89' lang='lat' dir='ltr'><strong>id</strong></span> <span class='ocrx_word' id='word_1_442' title='bbox 3234 2447 3321 2491; x_wconf 90' lang='lat' dir='ltr'><strong>est</strong></span> 
     </span>
    </p>
   </div>
   <div class='ocr_carea' id='block_1_55' title="bbox 1731 2527 3317 2603">
    <p class='ocr_par' dir='ltr' id='par_1_55' title="bbox 1731 2527 3317 2603">
     <span class='ocr_line' id='line_1_55' title="bbox 1731 2527 3317 2603; baseline 0 -22"><span class='ocrx_word' id='word_1_443' title='bbox 1731 2527 1975 2603; x_wconf 87' lang='lat' dir='ltr'><strong>destruet</strong></span> <span class='ocrx_word' id='word_1_444' title='bbox 2004 2528 2057 2581; x_wconf 90' lang='lat' dir='ltr'><strong>in</strong></span> <span class='ocrx_word' id='word_1_445' title='bbox 2091 2534 2401 2599; x_wconf 83' lang='lat' dir='ltr'><strong>terrasua,</strong></span> <span class='ocrx_word' id='word_1_446' title='bbox 2437 2545 2642 2592; x_wconf 88' lang='lat' dir='ltr'><strong>arcum,</strong></span> <span class='ocrx_word' id='word_1_447' title='bbox 2673 2539 2721 2582; x_wconf 85' lang='lat' dir='ltr'><strong>et</strong></span> <span class='ocrx_word' id='word_1_448' title='bbox 2756 2528 3045 2598; x_wconf 75' lang='lat' dir='ltr'><strong>confringet</strong></span> <span class='ocrx_word' id='word_1_449' title='bbox 3075 2544 3225 2581; x_wconf 87' lang='lat' dir='ltr'><strong>arma</strong></span> <span class='ocrx_word' id='word_1_450' title='bbox 3266 2537 3317 2581; x_wconf 87' lang='lat' dir='ltr'><strong>et</strong></span> 
     </span>
    </p>
   </div>
   <div class='ocr_carea' id='block_1_56' title="bbox 1729 2619 3317 2689">
    <p class='ocr_par' dir='ltr' id='par_1_56' title="bbox 1729 2619 3317 2689">
     <span class='ocr_line' id='line_1_56' title="bbox 1729 2619 3317 2689; baseline -0.001 -14"><span class='ocrx_word' id='word_1_451' title='bbox 1729 2630 1909 2685; x_wconf 88' lang='lat' dir='ltr'><strong>scuta,</strong></span> <span class='ocrx_word' id='word_1_452' title='bbox 1942 2620 1995 2675; x_wconf 90' lang='lat' dir='ltr'><strong>id</strong></span> <span class='ocrx_word' id='word_1_453' title='bbox 2031 2629 2206 2676; x_wconf 75' lang='lat' dir='ltr'><strong>estex</strong></span> <span class='ocrx_word' id='word_1_454' title='bbox 2239 2626 2352 2674; x_wconf 89' lang='lat' dir='ltr'><strong>toto</strong></span> <span class='ocrx_word' id='word_1_455' title='bbox 2383 2620 2649 2675; x_wconf 89' lang='lat' dir='ltr'><strong>destruet.</strong></span> <span class='ocrx_word' id='word_1_456' title='bbox 2688 2619 2755 2673; x_wconf 88' lang='lat' dir='ltr'><strong>Et</strong></span> <span class='ocrx_word' id='word_1_457' title='bbox 2789 2621 3011 2689; x_wconf 77' lang='lat' dir='ltr'><strong>exponit</strong></span> <span class='ocrx_word' id='word_1_458' title='bbox 3043 2619 3317 2688; x_wconf 86' lang='lat' dir='ltr'><strong>quomodo</strong></span> 
     </span>
    </p>
   </div>
   <div class='ocr_carea' id='block_1_57' title="bbox 1732 2694 3315 2781">
    <p class='ocr_par' dir='ltr' id='par_1_57' title="bbox 1732 2694 3315 2781">
     <span class='ocr_line' id='line_1_57' title="bbox 1732 2694 3315 2781; baseline -0.002 -15"><span class='ocrx_word' id='word_1_459' title='bbox 1732 2711 2004 2776; x_wconf 81' lang='lat' dir='ltr'><strong>destruet,</strong></span> <span class='ocrx_word' id='word_1_460' title='bbox 2038 2711 2118 2768; x_wconf 91' lang='lat' dir='ltr'><strong>sic</strong></span> <span class='ocrx_word' id='word_1_461' title='bbox 2145 2728 2158 2767; x_wconf 90' lang='lat'><strong>:</strong></span> <span class='ocrx_word' id='word_1_462' title='bbox 2190 2709 2407 2766; x_wconf 86' lang='lat' dir='ltr'><strong>Scilicet</strong></span> <span class='ocrx_word' id='word_1_463' title='bbox 2434 2694 2698 2766; x_wconf 75' lang='lat' dir='ltr'><strong>comburet</strong></span> <span class='ocrx_word' id='word_1_464' title='bbox 2729 2711 2846 2766; x_wconf 67' lang='lat' dir='ltr'><strong>haec</strong></span> <span class='ocrx_word' id='word_1_465' title='bbox 2887 2712 3068 2765; x_wconf 86' lang='lat' dir='ltr'><strong>omnia</strong></span> <span class='ocrx_word' id='word_1_466' title='bbox 3104 2710 3233 2781; x_wconf 85' lang='lat' dir='ltr'><strong>igni,</strong></span> <span class='ocrx_word' id='word_1_467' title='bbox 3263 2710 3315 2765; x_wconf 90' lang='lat' dir='ltr'><strong>id</strong></span> 
     </span>
    </p>
   </div>
   <div class='ocr_carea' id='block_1_58' title="bbox 1730 2800 3315 2872">
    <p class='ocr_par' dir='ltr' id='par_1_58' title="bbox 1730 2800 3315 2872">
     <span class='ocr_line' id='line_1_58' title="bbox 1730 2800 3315 2872; baseline 0 -16"><span class='ocrx_word' id='word_1_468' title='bbox 1730 2811 1814 2856; x_wconf 92' lang='lat' dir='ltr'><strong>est</strong></span> <span class='ocrx_word' id='word_1_469' title='bbox 1860 2810 2145 2857; x_wconf 82' lang='lat' dir='ltr'><strong>consumet</strong></span> <span class='ocrx_word' id='word_1_470' title='bbox 2194 2800 2400 2872; x_wconf 86' lang='lat' dir='ltr'><strong>Spiritu</strong></span> <span class='ocrx_word' id='word_1_471' title='bbox 2452 2812 2662 2857; x_wconf 92' lang='lat' dir='ltr'><strong>sancto.</strong></span> <span class='ocrx_word' id='word_1_472' title='bbox 2703 2800 2810 2858; x_wconf 91' lang='lat' dir='ltr'><strong>Per</strong></span> <span class='ocrx_word' id='word_1_473' title='bbox 2857 2817 3045 2857; x_wconf 90' lang='lat' dir='ltr'><strong>arcum</strong></span> <span class='ocrx_word' id='word_1_474' title='bbox 3097 2802 3315 2872; x_wconf 88' lang='lat' dir='ltr'><strong>quidem</strong></span> 
     </span>
    </p>
   </div>
   <div class='ocr_carea' id='block_1_59' title="bbox 1730 2890 3316 2961">
    <p class='ocr_par' dir='ltr' id='par_1_59' title="bbox 1730 2890 3316 2961">
     <span class='ocr_line' id='line_1_59' title="bbox 1730 2890 3316 2961; baseline 0.001 -16"><span class='ocrx_word' id='word_1_475' title='bbox 1730 2890 2051 2961; x_wconf 81' lang='lat' dir='ltr'><strong>designatur</strong></span> <span class='ocrx_word' id='word_1_476' title='bbox 2080 2891 2339 2946; x_wconf 90' lang='lat' dir='ltr'><strong>dolositas</strong></span> <span class='ocrx_word' id='word_1_477' title='bbox 2369 2900 2424 2947; x_wconf 90' lang='lat' dir='ltr'><strong>et</strong></span> <span class='ocrx_word' id='word_1_478' title='bbox 2455 2902 2647 2946; x_wconf 90' lang='lat' dir='ltr'><strong>contra</strong></span> <span class='ocrx_word' id='word_1_479' title='bbox 2679 2890 2846 2946; x_wconf 88' lang='lat' dir='ltr'><strong>Deum</strong></span> <span class='ocrx_word' id='word_1_480' title='bbox 2878 2901 2933 2946; x_wconf 89' lang='lat' dir='ltr'><strong>et</strong></span> <span class='ocrx_word' id='word_1_481' title='bbox 2964 2900 3151 2946; x_wconf 84' lang='lat' dir='ltr'><strong>contra</strong></span> <span class='ocrx_word' id='word_1_482' title='bbox 3189 2906 3316 2961; x_wconf 88' lang='lat' dir='ltr'><strong>pro-</strong></span> 
     </span>
    </p>
   </div>
   <div class='ocr_carea' id='block_1_60' title="bbox 1728 2979 3316 3054">
    <p class='ocr_par' dir='ltr' id='par_1_60' title="bbox 1728 2979 3316 3054">
     <span class='ocr_line' id='line_1_60' title="bbox 1728 2979 3316 3054; baseline 0.001 -19"><span class='ocrx_word' id='word_1_483' title='bbox 1728 2982 1957 3038; x_wconf 78' lang='lat' dir='ltr'><strong>ximum.</strong></span> <span class='ocrx_word' id='word_1_484' title='bbox 2005 2979 2110 3040; x_wconf 87' lang='lat' dir='ltr'><strong>Per</strong></span> <span class='ocrx_word' id='word_1_485' title='bbox 2155 2997 2307 3038; x_wconf 87' lang='lat' dir='ltr'><strong>arma</strong></span> <span class='ocrx_word' id='word_1_486' title='bbox 2334 2997 2501 3049; x_wconf 89' lang='lat' dir='ltr'><strong>vero,</strong></span> <span class='ocrx_word' id='word_1_487' title='bbox 2544 2982 2831 3038; x_wconf 82' lang='lat' dir='ltr'><strong>manifesta</strong></span> <span class='ocrx_word' id='word_1_488' title='bbox 2870 2982 3204 3054; x_wconf 85' lang='lat' dir='ltr'><strong>impugnatio</strong></span> <span class='ocrx_word' id='word_1_489' title='bbox 3240 2987 3316 3053; x_wconf 84' lang='lat' dir='ltr'><strong>(et</strong></span> 
     </span>
    </p>
   </div>
   <div class='ocr_carea' id='block_1_61' title="bbox 1729 3064 3315 3141">
    <p class='ocr_par' dir='ltr' id='par_1_61' title="bbox 1729 3064 3315 3141">
     <span class='ocr_line' id='line_1_61' title="bbox 1729 3064 3315 3141; baseline -0.001 -16"><span class='ocrx_word' id='word_1_490' title='bbox 1729 3079 1922 3126; x_wconf 91' lang='lat' dir='ltr'><strong>contra</strong></span> <span class='ocrx_word' id='word_1_491' title='bbox 1966 3070 2137 3124; x_wconf 91' lang='lat' dir='ltr'><strong>Deum</strong></span> <span class='ocrx_word' id='word_1_492' title='bbox 2188 3064 2585 3141; x_wconf 72' lang='lat' dir='ltr'><strong>vituperando,</strong></span> <span class='ocrx_word' id='word_1_493' title='bbox 2625 3078 2680 3125; x_wconf 87' lang='lat' dir='ltr'><strong>et</strong></span> <span class='ocrx_word' id='word_1_494' title='bbox 2727 3070 2778 3124; x_wconf 91' lang='lat' dir='ltr'><strong>in</strong></span> <span class='ocrx_word' id='word_1_495' title='bbox 2817 3071 3125 3140; x_wconf 79' lang='lat' dir='ltr'><strong>proximum</strong></span> <span class='ocrx_word' id='word_1_496' title='bbox 3173 3068 3315 3124; x_wconf 86' lang='lat' dir='ltr'><strong>male</strong></span> 
     </span>
    </p>
   </div>
   <div class='ocr_carea' id='block_1_62' title="bbox 86 3140 3314 3243">
    <p class='ocr_par' dir='ltr' id='par_1_62' title="bbox 86 3140 3314 3243">
     <span class='ocr_line' id='line_1_62' title="bbox 86 3140 3314 3243; baseline -0.004 -17"><span class='ocrx_word' id='word_1_497' title='bbox 86 3176 193 3223; x_wconf 78' lang='lat' dir='ltr'><strong>terra</strong></span> <span class='ocrx_word' id='word_1_498' title='bbox 212 3140 283 3227; x_wconf 82' lang='lat' dir='ltr'><strong>sic</strong></span> <span class='ocrx_word' id='word_1_499' title='bbox 310 3173 482 3239; x_wconf 77' lang='lat' dir='ltr'><strong>dicit,</strong></span> <span class='ocrx_word' id='word_1_500' title='bbox 518 3173 659 3243; x_wconf 87' lang='lat' dir='ltr'><strong>quod</strong></span> <span class='ocrx_word' id='word_1_501' title='bbox 691 3140 831 3227; x_wconf 69' lang='lat' dir='ltr'><strong>terra</strong></span> <span class='ocrx_word' id='word_1_502' title='bbox 857 3174 1156 3227; x_wconf 86' lang='lat' dir='ltr'><strong>turbabitur</strong></span> <span class='ocrx_word' id='word_1_503' title='bbox 1176 3184 1362 3228; x_wconf 89' lang='lat' dir='ltr'><strong>contra</strong></span> <span class='ocrx_word' id='word_1_504' title='bbox 1389 3183 1622 3240; x_wconf 84' lang='lat' dir='ltr'><strong>montes,</strong></span> <span class='ocrx_word' id='word_1_505' title='bbox 1654 3140 1698 3202; x_wconf 57' lang='grc' dir='ltr'><strong>(ἶ</strong></span> <span class='ocrx_word' id='word_1_506' title='bbox 1732 3162 2059 3235; x_wconf 86' lang='lat' dir='ltr'><strong>tractando).</strong></span> <span class='ocrx_word' id='word_1_507' title='bbox 2093 3162 2199 3219; x_wconf 90' lang='lat' dir='ltr'><strong>Per</strong></span> <span class='ocrx_word' id='word_1_508' title='bbox 2232 3171 2478 3227; x_wconf 91' lang='lat' dir='ltr'><strong>scutum,</strong></span> <span class='ocrx_word' id='word_1_509' title='bbox 2531 3160 2682 3218; x_wconf 80' lang='lat' dir='ltr'><strong>falsis</strong></span> <span class='ocrx_word' id='word_1_510' title='bbox 2720 3161 3020 3216; x_wconf 85' lang='lat' dir='ltr'><strong>rationibus</strong></span> <span class='ocrx_word' id='word_1_511' title='bbox 3065 3174 3314 3215; x_wconf 90' lang='lat' dir='ltr'><strong>errorum</strong></span> 
     </span>
    </p>
   </div>
   <div class='ocr_carea' id='block_1_63' title="bbox 85 3263 1618 3321">
    <p class='ocr_par' dir='ltr' id='par_1_63' title="bbox 85 3263 1618 3321">
     <span class='ocr_line' id='line_1_63' title="bbox 85 3263 1618 3321; baseline 0.005 -9"><span class='ocrx_word' id='word_1_512' title='bbox 85 3276 158 3316; x_wconf 86' lang='lat' dir='ltr'><strong>nec</strong></span> <span class='ocrx_word' id='word_1_513' title='bbox 178 3263 266 3319; x_wconf 77' lang='lat' dir='ltr'><strong>hoc</strong></span> <span class='ocrx_word' id='word_1_514' title='bbox 289 3265 601 3319; x_wconf 87' lang='lat' dir='ltr'><strong>mirandum</strong></span> <span class='ocrx_word' id='word_1_515' title='bbox 626 3274 727 3321; x_wconf 87' lang='lat' dir='ltr'><strong>est.</strong></span> <span class='ocrx_word' id='word_1_516' title='bbox 760 3264 891 3319; x_wconf 86' lang='lat' dir='ltr'><strong>Nam</strong></span> <span class='ocrx_word' id='word_1_517' title='bbox 913 3265 1079 3320; x_wconf 86' lang='lat' dir='ltr'><strong>etiam</strong></span> <span class='ocrx_word' id='word_1_518' title='bbox 1099 3264 1359 3319; x_wconf 80' lang='lat' dir='ltr'><strong>Dominus</strong></span> <span class='ocrx_word' id='word_1_519' title='bbox 1372 3267 1618 3320; x_wconf 83' lang='lat' dir='ltr'><strong>virtutum</strong></span> 
     </span>
    </p>
   </div>
   <div class='ocr_carea' id='block_1_64' title="bbox 83 3353 1619 3439">
    <p class='ocr_par' dir='ltr' id='par_1_64' title="bbox 83 3353 1619 3439">
     <span class='ocr_line' id='line_1_64' title="bbox 83 3353 1619 3439; baseline 0.005 -33"><span class='ocrx_word' id='word_1_520' title='bbox 83 3353 330 3410; x_wconf 70' lang='lat' dir='ltr'><strong>culestium</strong></span> <span class='ocrx_word' id='word_1_521' title='bbox 354 3357 406 3411; x_wconf 90' lang='lat' dir='ltr'><strong>id</strong></span> <span class='ocrx_word' id='word_1_522' title='bbox 454 3365 539 3412; x_wconf 88' lang='lat' dir='ltr'><strong>est</strong></span> <span class='ocrx_word' id='word_1_523' title='bbox 559 3355 645 3411; x_wconf 91' lang='lat' dir='ltr'><strong>ille</strong></span> <span class='ocrx_word' id='word_1_524' title='bbox 667 3356 757 3426; x_wconf 90' lang='lat' dir='ltr'><strong>qui</strong></span> <span class='ocrx_word' id='word_1_525' title='bbox 776 3356 1031 3411; x_wconf 86' lang='lat' dir='ltr'><strong>Dominus</strong></span> <span class='ocrx_word' id='word_1_526' title='bbox 1051 3356 1484 3439; x_wconf 57' lang='lat' dir='ltr'><strong>estangelorum,</strong></span> <span class='ocrx_word' id='word_1_527' title='bbox 1514 3372 1619 3413; x_wconf 86' lang='lat' dir='ltr'><strong>non</strong></span> 
     </span>
    </p>
   </div>
   <div class='ocr_carea' id='block_1_65' title="bbox 82 3442 1622 3516">
    <p class='ocr_par' dir='ltr' id='par_1_65' title="bbox 82 3442 1622 3516">
     <span class='ocr_line' id='line_1_65' title="bbox 82 3442 1622 3516; baseline 0.004 -21"><span class='ocrx_word' id='word_1_528' title='bbox 82 3442 308 3501; x_wconf 76' lang='lat' dir='ltr'><strong>hominum</strong></span> <span class='ocrx_word' id='word_1_529' title='bbox 343 3446 715 3511; x_wconf 90' lang='lat' dir='ltr'><strong>solummodo,</strong></span> <span class='ocrx_word' id='word_1_530' title='bbox 744 3447 884 3500; x_wconf 81' lang='lat' dir='ltr'><strong>dedit</strong></span> <span class='ocrx_word' id='word_1_531' title='bbox 911 3462 1084 3501; x_wconf 88' lang='lat' dir='ltr'><strong>vocem</strong></span> <span class='ocrx_word' id='word_1_532' title='bbox 1110 3462 1261 3500; x_wconf 84' lang='lat' dir='ltr'><strong>suam</strong></span> <span class='ocrx_word' id='word_1_533' title='bbox 1291 3446 1341 3499; x_wconf 92' lang='lat' dir='ltr'><strong>id</strong></span> <span class='ocrx_word' id='word_1_534' title='bbox 1367 3454 1452 3500; x_wconf 91' lang='lat' dir='ltr'><strong>est</strong></span> <span class='ocrx_word' id='word_1_535' title='bbox 1483 3460 1622 3516; x_wconf 67' lang='lat' dir='ltr'><strong>prte-</strong></span> 
     </span>
    </p>
   </div>
   <div class='ocr_carea' id='block_1_66' title="bbox 82 3533 1620 3604">
    <p class='ocr_par' dir='ltr' id='par_1_66' title="bbox 82 3533 1620 3604">
     <span class='ocr_line' id='line_1_66' title="bbox 82 3533 1620 3604; baseline 0.005 -19"><span class='ocrx_word' id='word_1_536' title='bbox 82 3533 352 3594; x_wconf 86' lang='lat' dir='ltr'><strong>dicationem</strong></span> <span class='ocrx_word' id='word_1_537' title='bbox 370 3556 385 3604; x_wconf 90' lang='lat'>;</span> <span class='ocrx_word' id='word_1_538' title='bbox 401 3546 467 3594; x_wconf 84' lang='lat' dir='ltr'><strong>et</strong></span> <span class='ocrx_word' id='word_1_539' title='bbox 494 3547 680 3592; x_wconf 88' lang='lat' dir='ltr'><strong>contra</strong></span> <span class='ocrx_word' id='word_1_540' title='bbox 694 3552 815 3591; x_wconf 90' lang='lat' dir='ltr'><strong>cum</strong></span> <span class='ocrx_word' id='word_1_541' title='bbox 830 3547 968 3589; x_wconf 88' lang='lat' dir='ltr'><strong>mola</strong></span> <span class='ocrx_word' id='word_1_542' title='bbox 982 3547 1055 3591; x_wconf 87' lang='lat' dir='ltr'><strong>est</strong></span> <span class='ocrx_word' id='word_1_543' title='bbox 1075 3548 1232 3599; x_wconf 89' lang='lat' dir='ltr'><strong>terra,</strong></span> <span class='ocrx_word' id='word_1_544' title='bbox 1251 3536 1302 3591; x_wconf 91' lang='lat' dir='ltr'><strong>id</strong></span> <span class='ocrx_word' id='word_1_545' title='bbox 1318 3548 1401 3593; x_wconf 91' lang='lat' dir='ltr'><strong>est</strong></span> <span class='ocrx_word' id='word_1_546' title='bbox 1421 3536 1593 3593; x_wconf 63' lang='lat' dir='ltr'><strong>Iudaea</strong></span> <span class='ocrx_word' id='word_1_547' title='bbox 1604 3577 1620 3604; x_wconf 93' lang='lat'><strong>,</strong></span> 
     </span>
    </p>
   </div>
   <div class='ocr_carea' id='block_1_67' title="bbox 83 3627 1621 3699">
    <p class='ocr_par' dir='ltr' id='par_1_67' title="bbox 83 3627 1621 3699">
     <span class='ocr_line' id='line_1_67' title="bbox 83 3627 1621 3699; baseline 0.005 -22"><span class='ocrx_word' id='word_1_548' title='bbox 83 3627 188 3681; x_wconf 82' lang='lat' dir='ltr'><strong>mala</strong></span> <span class='ocrx_word' id='word_1_549' title='bbox 227 3630 622 3693; x_wconf 84' lang='lat' dir='ltr'><strong>commotione,</strong></span> <span class='ocrx_word' id='word_1_550' title='bbox 654 3629 839 3683; x_wconf 83' lang='lat' dir='ltr'><strong>(licens</strong></span> <span class='ocrx_word' id='word_1_551' title='bbox 868 3642 990 3682; x_wconf 90' lang='lat' dir='ltr'><strong>eum</strong></span> <span class='ocrx_word' id='word_1_552' title='bbox 1020 3628 1358 3683; x_wconf 90' lang='lat' dir='ltr'><strong>seductorem</strong></span> <span class='ocrx_word' id='word_1_553' title='bbox 1393 3638 1448 3684; x_wconf 87' lang='lat' dir='ltr'><strong>et</strong></span> <span class='ocrx_word' id='word_1_554' title='bbox 1495 3644 1621 3699; x_wconf 88' lang='lat' dir='ltr'><strong>pec-</strong></span> 
     </span>
    </p>
   </div>
   <div class='ocr_carea' id='block_1_68' title="bbox 82 3718 1618 3785">
    <p class='ocr_par' dir='ltr' id='par_1_68' title="bbox 82 3718 1618 3785">
     <span class='ocr_line' id='line_1_68' title="bbox 82 3718 1618 3785; baseline 0.004 -16"><span class='ocrx_word' id='word_1_555' title='bbox 82 3728 293 3775; x_wconf 79' lang='lat' dir='ltr'><strong>catorem.</strong></span> <span class='ocrx_word' id='word_1_556' title='bbox 334 3722 437 3779; x_wconf 85' lang='lat' dir='ltr'><strong>Ubi</strong></span> <span class='ocrx_word' id='word_1_557' title='bbox 474 3735 604 3775; x_wconf 89' lang='lat' dir='ltr'><strong>vero</strong></span> <span class='ocrx_word' id='word_1_558' title='bbox 632 3735 729 3775; x_wconf 93' lang='lat' dir='ltr'><strong>nos</strong></span> <span class='ocrx_word' id='word_1_559' title='bbox 771 3719 1035 3774; x_wconf 89' lang='lat' dir='ltr'><strong>habemus</strong></span> <span class='ocrx_word' id='word_1_560' title='bbox 1064 3718 1322 3774; x_wconf 84' lang='lat' dir='ltr'><strong>Dominus</strong></span> <span class='ocrx_word' id='word_1_561' title='bbox 1348 3720 1618 3785; x_wconf 86' lang='lat' dir='ltr'><strong>virtutum,</strong></span> 
     </span>
    </p>
   </div>
   <div class='ocr_carea' id='block_1_69' title="bbox 82 3804 1620 3879">
    <p class='ocr_par' dir='ltr' id='par_1_69' title="bbox 82 3804 1620 3879">
     <span class='ocr_line' id='line_1_69' title="bbox 82 3804 1620 3879; baseline 0.005 -22"><span class='ocrx_word' id='word_1_562' title='bbox 82 3804 243 3864; x_wconf 73' lang='grc' dir='ltr'><strong>Πεὺηί</strong></span> <span class='ocrx_word' id='word_1_563' title='bbox 274 3812 476 3866; x_wconf 80' lang='lat' dir='ltr'><strong>habent</strong></span> <span class='ocrx_word' id='word_1_564' title='bbox 508 3827 523 3863; x_wconf 89' lang='lat'><strong>:</strong></span> <span class='ocrx_word' id='word_1_565' title='bbox 554 3810 760 3864; x_wconf 72' lang='lat' dir='ltr'><strong>Adonei</strong></span> <span class='ocrx_word' id='word_1_566' title='bbox 794 3807 1061 3873; x_wconf 77' lang='lat' dir='ltr'><strong>Sabaoth,</strong></span> <span class='ocrx_word' id='word_1_567' title='bbox 1088 3810 1230 3879; x_wconf 87' lang='lat' dir='ltr'><strong>quod</strong></span> <span class='ocrx_word' id='word_1_568' title='bbox 1258 3819 1373 3874; x_wconf 87' lang='lat' dir='ltr'><strong>est,</strong></span> <span class='ocrx_word' id='word_1_569' title='bbox 1410 3809 1620 3865; x_wconf 74' lang='lat' dir='ltr'><strong>Domini</strong></span> 
     </span>
    </p>
   </div>
   <div class='ocr_carea' id='block_1_70' title="bbox 79 3899 1621 3970">
    <p class='ocr_par' dir='ltr' id='par_1_70' title="bbox 79 3899 1621 3970">
     <span class='ocr_line' id='line_1_70' title="bbox 79 3899 1621 3970; baseline 0.003 -21"><span class='ocrx_word' id='word_1_570' title='bbox 79 3901 391 3968; x_wconf 72' lang='lat' dir='ltr'><strong>exercituum,</strong></span> <span class='ocrx_word' id='word_1_571' title='bbox 435 3916 800 3970; x_wconf 88' lang='lat' dir='ltr'><strong>supernorum</strong></span> <span class='ocrx_word' id='word_1_572' title='bbox 842 3899 1069 3954; x_wconf 90' lang='lat' dir='ltr'><strong>scilicet.</strong></span> <span class='ocrx_word' id='word_1_573' title='bbox 1104 3900 1169 3952; x_wconf 86' lang='lat' dir='ltr'><strong>Et</strong></span> <span class='ocrx_word' id='word_1_574' title='bbox 1217 3899 1440 3968; x_wconf 86' lang='lat' dir='ltr'><strong>exponit</strong></span> <span class='ocrx_word' id='word_1_575' title='bbox 1488 3916 1621 3968; x_wconf 81' lang='lat' dir='ltr'><strong>quo-</strong></span> 
     </span>
    </p>
   </div>
   <div class='ocr_carea' id='block_1_71' title="bbox 80 3991 1619 4060">
    <p class='ocr_par' dir='ltr' id='par_1_71' title="bbox 80 3991 1619 4060">
     <span class='ocr_line' id='line_1_71' title="bbox 80 3991 1619 4060; baseline -0.001 -13"><span class='ocrx_word' id='word_1_576' title='bbox 80 3992 200 4047; x_wconf 79' lang='lat' dir='ltr'><strong>modo</strong></span> <span class='ocrx_word' id='word_1_577' title='bbox 222 3993 381 4060; x_wconf 88' lang='lat' dir='ltr'><strong>dedit,</strong></span> <span class='ocrx_word' id='word_1_578' title='bbox 413 3996 495 4049; x_wconf 91' lang='lat' dir='ltr'><strong>sic</strong></span> <span class='ocrx_word' id='word_1_579' title='bbox 534 4012 548 4047; x_wconf 89' lang='lat'><strong>:</strong></span> <span class='ocrx_word' id='word_1_580' title='bbox 575 3994 705 4047; x_wconf 89' lang='lat' dir='ltr'><strong>Dico</strong></span> <span class='ocrx_word' id='word_1_581' title='bbox 731 3992 871 4060; x_wconf 85' lang='lat' dir='ltr'><strong>quod</strong></span> <span class='ocrx_word' id='word_1_582' title='bbox 912 3991 1166 4045; x_wconf 86' lang='lat' dir='ltr'><strong>Dominus</strong></span> <span class='ocrx_word' id='word_1_583' title='bbox 1199 3992 1449 4045; x_wconf 85' lang='lat' dir='ltr'><strong>virtutum</strong></span> <span class='ocrx_word' id='word_1_584' title='bbox 1477 3992 1619 4045; x_wconf 86' lang='lat' dir='ltr'><strong>dedit</strong></span> 
     </span>
    </p>
   </div>
   <div class='ocr_carea' id='block_1_72' title="bbox 80 4080 1616 4147">
    <p class='ocr_par' dir='ltr' id='par_1_72' title="bbox 80 4080 1616 4147">
     <span class='ocr_line' id='line_1_72' title="bbox 80 4080 1616 4147; baseline 0.006 -21"><span class='ocrx_word' id='word_1_585' title='bbox 80 4092 210 4133; x_wconf 71' lang='lat' dir='ltr'><strong>rorem</strong></span> <span class='ocrx_word' id='word_1_586' title='bbox 249 4083 553 4147; x_wconf 79' lang='lat' dir='ltr'><strong>nobiscum,</strong></span> <span class='ocrx_word' id='word_1_587' title='bbox 588 4080 793 4136; x_wconf 87' lang='lat' dir='ltr'><strong>scilicet</strong></span> <span class='ocrx_word' id='word_1_588' title='bbox 827 4081 1087 4145; x_wconf 82' lang='lat' dir='ltr'><strong>existens,</strong></span> <span class='ocrx_word' id='word_1_589' title='bbox 1128 4080 1179 4135; x_wconf 91' lang='lat' dir='ltr'><strong>id</strong></span> <span class='ocrx_word' id='word_1_590' title='bbox 1208 4090 1291 4134; x_wconf 88' lang='lat' dir='ltr'><strong>est</strong></span> <span class='ocrx_word' id='word_1_591' title='bbox 1335 4081 1387 4134; x_wconf 92' lang='lat' dir='ltr'><strong>in</strong></span> <span class='ocrx_word' id='word_1_592' title='bbox 1437 4091 1616 4135; x_wconf 63' lang='lat' dir='ltr'><strong>nostra</strong></span> 
     </span>
    </p>
   </div>
   <div class='ocr_carea' id='block_1_73' title="bbox 77 4167 1617 4242">
    <p class='ocr_par' dir='ltr' id='par_1_73' title="bbox 77 4167 1617 4242">
     <span class='ocr_line' id='line_1_73' title="bbox 77 4167 1617 4242; baseline 0.005 -23"><span class='ocrx_word' id='word_1_593' title='bbox 77 4167 380 4229; x_wconf 86' lang='lat' dir='ltr'><strong>humanitate.</strong></span> <span class='ocrx_word' id='word_1_594' title='bbox 417 4174 573 4242; x_wconf 83' lang='lat' dir='ltr'><strong>Quod</strong></span> <span class='ocrx_word' id='word_1_595' title='bbox 614 4181 697 4228; x_wconf 88' lang='lat' dir='ltr'><strong>est</strong></span> <span class='ocrx_word' id='word_1_596' title='bbox 737 4172 946 4226; x_wconf 89' lang='lat' dir='ltr'><strong>dicere:</strong></span> <span class='ocrx_word' id='word_1_597' title='bbox 987 4170 1100 4225; x_wconf 83' lang='lat' dir='ltr'><strong>Non</strong></span> <span class='ocrx_word' id='word_1_598' title='bbox 1145 4172 1442 4226; x_wconf 89' lang='lat' dir='ltr'><strong>secundum</strong></span> <span class='ocrx_word' id='word_1_599' title='bbox 1480 4172 1617 4227; x_wconf 86' lang='lat' dir='ltr'><strong>divi-</strong></span> 
     </span>
    </p>
   </div>
   <div class='ocr_carea' id='block_1_74' title="bbox 75 4257 1617 4327">
    <p class='ocr_par' dir='ltr' id='par_1_74' title="bbox 75 4257 1617 4327">
     <span class='ocr_line' id='line_1_74' title="bbox 75 4257 1617 4327; baseline 0.006 -19"><span class='ocrx_word' id='word_1_600' title='bbox 75 4257 253 4317; x_wconf 85' lang='lat' dir='ltr'><strong>nitatem</strong></span> <span class='ocrx_word' id='word_1_601' title='bbox 282 4265 429 4319; x_wconf 87' lang='lat' dir='ltr'><strong>dedit</strong></span> <span class='ocrx_word' id='word_1_602' title='bbox 478 4278 697 4327; x_wconf 79' lang='lat' dir='ltr'><strong>vocem,</strong></span> <span class='ocrx_word' id='word_1_603' title='bbox 749 4262 841 4317; x_wconf 89' lang='lat' dir='ltr'><strong>sed</strong></span> <span class='ocrx_word' id='word_1_604' title='bbox 878 4262 1172 4317; x_wconf 89' lang='lat' dir='ltr'><strong>secundum</strong></span> <span class='ocrx_word' id='word_1_605' title='bbox 1222 4272 1469 4316; x_wconf 90' lang='lat' dir='ltr'><strong>naturam</strong></span> <span class='ocrx_word' id='word_1_606' title='bbox 1518 4264 1617 4317; x_wconf 78' lang='lat' dir='ltr'><strong>lut-</strong></span> 
     </span>
    </p>
   </div>
   <div class='ocr_carea' id='block_1_75' title="bbox 76 4338 1613 4421">
    <p class='ocr_par' dir='ltr' id='par_1_75' title="bbox 76 4338 1613 4421">
     <span class='ocr_line' id='line_1_75' title="bbox 76 4338 1613 4421; baseline 0.006 -21"><span class='ocrx_word' id='word_1_607' title='bbox 76 4364 285 4420; x_wconf 82' lang='lat' dir='ltr'><strong>manant,</strong></span> <span class='ocrx_word' id='word_1_608' title='bbox 316 4357 369 4410; x_wconf 83' lang='lat' dir='ltr'><strong>in</strong></span> <span class='ocrx_word' id='word_1_609' title='bbox 412 4355 646 4411; x_wconf 60' lang='lat' dir='ltr'><strong>Hebraeo</strong></span> <span class='ocrx_word' id='word_1_610' title='bbox 671 4355 903 4409; x_wconf 82' lang='lat' dir='ltr'><strong>habetur</strong></span> <span class='ocrx_word' id='word_1_611' title='bbox 942 4338 1291 4421; x_wconf 80' lang='lat' dir='ltr'><strong>Emmanuel,</strong></span> <span class='ocrx_word' id='word_1_612' title='bbox 1320 4355 1371 4409; x_wconf 90' lang='lat' dir='ltr'><strong>id</strong></span> <span class='ocrx_word' id='word_1_613' title='bbox 1409 4362 1493 4410; x_wconf 90' lang='lat' dir='ltr'><strong>est</strong></span> <span class='ocrx_word' id='word_1_614' title='bbox 1522 4372 1613 4409; x_wconf 84' lang='lat' dir='ltr'><strong>uo-</strong></span> 
     </span>
    </p>
   </div>
   <div class='ocr_carea' id='block_1_76' title="bbox 73 4440 418 4504">
    <p class='ocr_par' dir='ltr' id='par_1_76' title="bbox 73 4440 418 4504">
     <span class='ocr_line' id='line_1_76' title="bbox 73 4440 418 4504; baseline 0.029 -10"><span class='ocrx_word' id='word_1_615' title='bbox 73 4440 229 4499; x_wconf 70' lang='lat' dir='ltr'><strong>biscum</strong></span> <span class='ocrx_word' id='word_1_616' title='bbox 258 4447 418 4504; x_wconf 84' lang='lat' dir='ltr'><strong>Deus.</strong></span> 
     </span>
    </p>
   </div>
   <div class='ocr_carea' id='block_1_77' title="bbox 122 4532 1615 4609">
    <p class='ocr_par' dir='ltr' id='par_1_77' title="bbox 122 4532 1615 4609">
     <span class='ocr_line' id='line_1_77' title="bbox 122 4532 1615 4609; baseline 0.001 -23"><span class='ocrx_word' id='word_1_617' title='bbox 122 4534 308 4594; x_wconf 86' lang='lat' dir='ltr'><strong>Diceret</strong></span> <span class='ocrx_word' id='word_1_618' title='bbox 353 4539 555 4609; x_wconf 86' lang='lat' dir='ltr'><strong>aliquis</strong></span> <span class='ocrx_word' id='word_1_619' title='bbox 596 4556 609 4591; x_wconf 91' lang='lat'><strong>:</strong></span> <span class='ocrx_word' id='word_1_620' title='bbox 656 4537 772 4593; x_wconf 86' lang='lat' dir='ltr'><strong>Non</strong></span> <span class='ocrx_word' id='word_1_621' title='bbox 814 4545 898 4593; x_wconf 83' lang='lat' dir='ltr'><strong>est</strong></span> <span class='ocrx_word' id='word_1_622' title='bbox 926 4534 1153 4591; x_wconf 87' lang='lat' dir='ltr'><strong>multmn</strong></span> <span class='ocrx_word' id='word_1_623' title='bbox 1205 4532 1468 4604; x_wconf 88' lang='lat' dir='ltr'><strong>eulpanda</strong></span> <span class='ocrx_word' id='word_1_624' title='bbox 1508 4542 1615 4588; x_wconf 83' lang='lat' dir='ltr'><strong>ter-</strong></span> 
     </span>
    </p>
   </div>
   <div class='ocr_carea' id='block_1_78' title="bbox 74 4626 1611 4692">
    <p class='ocr_par' dir='ltr' id='par_1_78' title="bbox 74 4626 1611 4692">
     <span class='ocr_line' id='line_1_78' title="bbox 74 4626 1611 4692; baseline -0.005 -3"><span class='ocrx_word' id='word_1_625' title='bbox 74 4637 147 4688; x_wconf 65' lang='grc'><strong>⁸³³,</strong></span> <span class='ocrx_word' id='word_1_626' title='bbox 196 4628 236 4682; x_wconf 86' lang='lat' dir='ltr'><strong>si</strong></span> <span class='ocrx_word' id='word_1_627' title='bbox 273 4641 469 4685; x_wconf 85' lang='lat' dir='ltr'><strong>contra</strong></span> <span class='ocrx_word' id='word_1_628' title='bbox 519 4644 642 4685; x_wconf 89' lang='lat' dir='ltr'><strong>eum</strong></span> <span class='ocrx_word' id='word_1_629' title='bbox 692 4637 775 4685; x_wconf 86' lang='lat' dir='ltr'><strong>est</strong></span> <span class='ocrx_word' id='word_1_630' title='bbox 813 4628 1129 4692; x_wconf 87' lang='lat' dir='ltr'><strong>commoda,</strong></span> <span class='ocrx_word' id='word_1_631' title='bbox 1169 4641 1291 4681; x_wconf 91' lang='lat' dir='ltr'><strong>cum</strong></span> <span class='ocrx_word' id='word_1_632' title='bbox 1332 4626 1611 4681; x_wconf 87' lang='lat' dir='ltr'><strong>nobiscum</strong></span> 
     </span>
    </p>
   </div>
   <div class='ocr_carea' id='block_1_79' title="bbox 70 4718 1612 4788">
    <p class='ocr_par' dir='ltr' id='par_1_79' title="bbox 70 4718 1612 4788">
     <span class='ocr_line' id='line_1_79' title="bbox 70 4718 1612 4788; baseline 0.006 -24"><span class='ocrx_word' id='word_1_633' title='bbox 70 4718 279 4775; x_wconf 62' lang='lat' dir='ltr'><strong>existeret</strong></span> <span class='ocrx_word' id='word_1_634' title='bbox 296 4763 311 4788; x_wconf 92' lang='lat'><strong>,</strong></span> <span class='ocrx_word' id='word_1_635' title='bbox 339 4723 391 4776; x_wconf 89' lang='lat' dir='ltr'><strong>id</strong></span> <span class='ocrx_word' id='word_1_636' title='bbox 423 4731 512 4776; x_wconf 88' lang='lat' dir='ltr'><strong>est</strong></span> <span class='ocrx_word' id='word_1_637' title='bbox 542 4722 704 4776; x_wconf 92' lang='lat' dir='ltr'><strong>homo</strong></span> <span class='ocrx_word' id='word_1_638' title='bbox 729 4728 874 4775; x_wconf 88' lang='lat' dir='ltr'><strong>esset</strong></span> <span class='ocrx_word' id='word_1_639' title='bbox 898 4719 1037 4774; x_wconf 90' lang='lat' dir='ltr'><strong>sicut</strong></span> <span class='ocrx_word' id='word_1_640' title='bbox 1060 4728 1114 4774; x_wconf 89' lang='lat' dir='ltr'><strong>et</strong></span> <span class='ocrx_word' id='word_1_641' title='bbox 1138 4733 1257 4773; x_wconf 92' lang='lat' dir='ltr'><strong>nos.</strong></span> <span class='ocrx_word' id='word_1_642' title='bbox 1282 4718 1362 4771; x_wconf 76' lang='lat' dir='ltr'><strong>Ad</strong></span> <span class='ocrx_word' id='word_1_643' title='bbox 1388 4719 1490 4773; x_wconf 91' lang='lat' dir='ltr'><strong>hoc</strong></span> <span class='ocrx_word' id='word_1_644' title='bbox 1517 4734 1612 4772; x_wconf 92' lang='lat' dir='ltr'><strong>au-</strong></span> 
     </span>
    </p>
   </div>
   <div class='ocr_carea' id='block_1_80' title="bbox 73 4809 1609 4882">
    <p class='ocr_par' dir='ltr' id='par_1_80' title="bbox 73 4809 1609 4882">
     <span class='ocr_line' id='line_1_80' title="bbox 73 4809 1609 4882; baseline 0.002 -21"><span class='ocrx_word' id='word_1_645' title='bbox 73 4816 149 4861; x_wconf 69' lang='lat' dir='ltr'><strong>tem</strong></span> <span class='ocrx_word' id='word_1_646' title='bbox 198 4814 393 4868; x_wconf 87' lang='lat' dir='ltr'><strong>addit:</strong></span> <span class='ocrx_word' id='word_1_647' title='bbox 461 4812 599 4867; x_wconf 71' lang='lat' dir='ltr'><strong>Vere</strong></span> <span class='ocrx_word' id='word_1_648' title='bbox 662 4813 928 4882; x_wconf 84' lang='lat' dir='ltr'><strong>culpanda</strong></span> <span class='ocrx_word' id='word_1_649' title='bbox 979 4819 1084 4867; x_wconf 89' lang='lat' dir='ltr'><strong>est.</strong></span> <span class='ocrx_word' id='word_1_650' title='bbox 1144 4809 1280 4864; x_wconf 87' lang='lat' dir='ltr'><strong>Nam</strong></span> <span class='ocrx_word' id='word_1_651' title='bbox 1340 4810 1609 4864; x_wconf 83' lang='lat' dir='ltr'><strong>nobiscum</strong></span> 
     </span>
    </p>
   </div>
   <div class='ocr_carea' id='block_1_81' title="bbox 72 4896 1611 4973">
    <p class='ocr_par' dir='ltr' id='par_1_81' title="bbox 72 4896 1611 4973">
     <span class='ocr_line' id='line_1_81' title="bbox 72 4896 1611 4973; baseline -0.002 -13"><span class='ocrx_word' id='word_1_652' title='bbox 72 4896 191 4971; x_wconf 83' lang='lat'><strong>151</strong></span> <span class='ocrx_word' id='word_1_653' title='bbox 215 4904 455 4959; x_wconf 83' lang='lat' dir='ltr'><strong>existens</strong></span> <span class='ocrx_word' id='word_1_654' title='bbox 482 4915 750 4973; x_wconf 82' lang='lat' dir='ltr'><strong>susceptor</strong></span> <span class='ocrx_word' id='word_1_655' title='bbox 771 4913 945 4957; x_wconf 88' lang='lat' dir='ltr'><strong>noster</strong></span> <span class='ocrx_word' id='word_1_656' title='bbox 965 4911 1068 4966; x_wconf 85' lang='lat' dir='ltr'><strong>est,</strong></span> <span class='ocrx_word' id='word_1_657' title='bbox 1096 4901 1148 4956; x_wconf 91' lang='lat' dir='ltr'><strong>id</strong></span> <span class='ocrx_word' id='word_1_658' title='bbox 1174 4909 1256 4956; x_wconf 90' lang='lat' dir='ltr'><strong>est</strong></span> <span class='ocrx_word' id='word_1_659' title='bbox 1288 4900 1529 4956; x_wconf 90' lang='lat' dir='ltr'><strong>medicus</strong></span> <span class='ocrx_word' id='word_1_660' title='bbox 1554 4909 1611 4957; x_wconf 86' lang='lat' dir='ltr'><strong>et</strong></span> 
     </span>
    </p>
   </div>
   <div class='ocr_carea' id='block_1_82' title="bbox 68 4991 1611 5067">
    <p class='ocr_par' dir='ltr' id='par_1_82' title="bbox 68 4991 1611 5067">
     <span class='ocr_line' id='line_1_82' title="bbox 68 4991 1611 5067; baseline 0.001 -23"><span class='ocrx_word' id='word_1_661' title='bbox 68 5004 295 5057; x_wconf 74' lang='lat' dir='ltr'><strong>patronus.</strong></span> <span class='ocrx_word' id='word_1_662' title='bbox 321 5000 481 5067; x_wconf 84' lang='lat' dir='ltr'><strong>Quod</strong></span> <span class='ocrx_word' id='word_1_663' title='bbox 506 5008 591 5053; x_wconf 91' lang='lat' dir='ltr'><strong>est</strong></span> <span class='ocrx_word' id='word_1_664' title='bbox 619 4998 799 5053; x_wconf 89' lang='lat' dir='ltr'><strong>dicere</strong></span> <span class='ocrx_word' id='word_1_665' title='bbox 834 5013 847 5049; x_wconf 88' lang='lat'><strong>:</strong></span> <span class='ocrx_word' id='word_1_666' title='bbox 880 4995 1002 5050; x_wconf 88' lang='lat' dir='ltr'><strong>Ideo</strong></span> <span class='ocrx_word' id='word_1_667' title='bbox 1026 4994 1191 5047; x_wconf 93' lang='lat' dir='ltr'><strong>homo</strong></span> <span class='ocrx_word' id='word_1_668' title='bbox 1215 4991 1391 5046; x_wconf 81' lang='lat' dir='ltr'><strong>factus</strong></span> <span class='ocrx_word' id='word_1_669' title='bbox 1414 5000 1519 5058; x_wconf 86' lang='lat' dir='ltr'><strong>est,</strong></span> <span class='ocrx_word' id='word_1_670' title='bbox 1551 5001 1611 5046; x_wconf 91' lang='lat' dir='ltr'><strong>ut</strong></span> 
     </span>
    </p>
   </div>
   <div class='ocr_carea' id='block_1_83' title="bbox 68 5082 1610 5157">
    <p class='ocr_par' dir='ltr' id='par_1_83' title="bbox 68 5082 1610 5157">
     <span class='ocr_line' id='line_1_83' title="bbox 68 5082 1610 5157; baseline 0.005 -27"><span class='ocrx_word' id='word_1_671' title='bbox 68 5086 477 5144; x_wconf 78' lang='lat' dir='ltr'><strong>ntedicusnoster</strong></span> <span class='ocrx_word' id='word_1_672' title='bbox 499 5088 571 5142; x_wconf 90' lang='lat' dir='ltr'><strong>sit</strong></span> <span class='ocrx_word' id='word_1_673' title='bbox 608 5096 664 5143; x_wconf 88' lang='lat' dir='ltr'><strong>et</strong></span> <span class='ocrx_word' id='word_1_674' title='bbox 701 5095 965 5157; x_wconf 86' lang='lat' dir='ltr'><strong>patronus</strong></span> <span class='ocrx_word' id='word_1_675' title='bbox 1005 5091 1181 5138; x_wconf 89' lang='lat' dir='ltr'><strong>morte</strong></span> <span class='ocrx_word' id='word_1_676' title='bbox 1228 5098 1346 5137; x_wconf 89' lang='lat' dir='ltr'><strong>sua.</strong></span> <span class='ocrx_word' id='word_1_677' title='bbox 1385 5082 1452 5136; x_wconf 90' lang='lat' dir='ltr'><strong>Et</strong></span> <span class='ocrx_word' id='word_1_678' title='bbox 1491 5083 1610 5137; x_wconf 91' lang='lat' dir='ltr'><strong>ideo</strong></span> 
     </span>
    </p>
   </div>
   <div class='ocr_carea' id='block_1_84' title="bbox 69 5175 1609 5251">
    <p class='ocr_par' dir='ltr' id='par_1_84' title="bbox 69 5175 1609 5251">
     <span class='ocr_line' id='line_1_84' title="bbox 69 5175 1609 5251; baseline 0.005 -26"><span class='ocrx_word' id='word_1_679' title='bbox 69 5175 200 5231; x_wconf 79' lang='lat' dir='ltr'><strong>adhuc</strong></span> <span class='ocrx_word' id='word_1_680' title='bbox 221 5180 486 5251; x_wconf 84' lang='lat' dir='ltr'><strong>culpanda</strong></span> <span class='ocrx_word' id='word_1_681' title='bbox 526 5189 641 5246; x_wconf 87' lang='lat' dir='ltr'><strong>est,</strong></span> <span class='ocrx_word' id='word_1_682' title='bbox 673 5179 798 5249; x_wconf 90' lang='lat' dir='ltr'><strong>quia</strong></span> <span class='ocrx_word' id='word_1_683' title='bbox 832 5192 1019 5232; x_wconf 89' lang='lat' dir='ltr'><strong>recens</strong></span> <span class='ocrx_word' id='word_1_684' title='bbox 1058 5176 1202 5231; x_wconf 88' lang='lat' dir='ltr'><strong>Deus</strong></span> <span class='ocrx_word' id='word_1_685' title='bbox 1232 5193 1338 5231; x_wconf 91' lang='lat' dir='ltr'><strong>non</strong></span> <span class='ocrx_word' id='word_1_686' title='bbox 1374 5186 1488 5231; x_wconf 89' lang='lat' dir='ltr'><strong>est:</strong></span> <span class='ocrx_word' id='word_1_687' title='bbox 1515 5176 1609 5232; x_wconf 90' lang='lat' dir='ltr'><strong>sed</strong></span> 
     </span>
    </p>
   </div>
   <div class='ocr_carea' id='block_1_85' title="bbox 68 5259 1609 5338">
    <p class='ocr_par' dir='ltr' id='par_1_85' title="bbox 68 5259 1609 5338">
     <span class='ocr_line' id='line_1_85' title="bbox 68 5259 1609 5338; baseline 0.002 -22"><span class='ocrx_word' id='word_1_688' title='bbox 68 5259 172 5318; x_wconf 73' lang='lat' dir='ltr'><strong>licus</strong></span> <span class='ocrx_word' id='word_1_689' title='bbox 196 5268 357 5324; x_wconf 72' lang='lat' dir='ltr'><strong>Iacob</strong></span> <span class='ocrx_word' id='word_1_690' title='bbox 391 5287 413 5325; x_wconf 91' lang='lat'><strong><em>:</em></strong></span> <span class='ocrx_word' id='word_1_691' title='bbox 446 5271 536 5325; x_wconf 90' lang='lat' dir='ltr'><strong>ille</strong></span> <span class='ocrx_word' id='word_1_692' title='bbox 579 5271 719 5324; x_wconf 90' lang='lat' dir='ltr'><strong>Deus</strong></span> <span class='ocrx_word' id='word_1_693' title='bbox 755 5283 914 5338; x_wconf 89' lang='lat' dir='ltr'><strong>quem</strong></span> <span class='ocrx_word' id='word_1_694' title='bbox 947 5266 1113 5322; x_wconf 89' lang='lat' dir='ltr'><strong>coluit</strong></span> <span class='ocrx_word' id='word_1_695' title='bbox 1145 5264 1341 5331; x_wconf 87' lang='lat' dir='ltr'><strong>Jacob,</strong></span> <span class='ocrx_word' id='word_1_696' title='bbox 1373 5274 1609 5320; x_wconf 63' lang='lat' dir='ltr'><strong>alternus</strong></span> 
     </span>
    </p>
   </div>
   <div class='ocr_carea' id='block_1_86' title="bbox 66 5354 1608 5430">
    <p class='ocr_par' dir='ltr' id='par_1_86' title="bbox 66 5354 1608 5430">
     <span class='ocr_line' id='line_1_86' title="bbox 66 5354 1608 5430; baseline 0.007 -29"><span class='ocrx_word' id='word_1_697' title='bbox 66 5354 232 5413; x_wconf 68' lang='lat' dir='ltr'><strong>scilicet</strong></span> <span class='ocrx_word' id='word_1_698' title='bbox 261 5360 427 5416; x_wconf 88' lang='lat' dir='ltr'><strong>Deus.</strong></span> <span class='ocrx_word' id='word_1_699' title='bbox 459 5360 589 5428; x_wconf 62' lang='lat' dir='ltr'><strong>Quae</strong></span> <span class='ocrx_word' id='word_1_700' title='bbox 616 5374 747 5430; x_wconf 82' lang='lat' dir='ltr'><strong>ergo</strong></span> <span class='ocrx_word' id='word_1_701' title='bbox 780 5357 954 5427; x_wconf 89' lang='lat' dir='ltr'><strong>major</strong></span> <span class='ocrx_word' id='word_1_702' title='bbox 982 5357 1193 5413; x_wconf 90' lang='lat' dir='ltr'><strong>insania</strong></span> <span class='ocrx_word' id='word_1_703' title='bbox 1224 5372 1387 5427; x_wconf 89' lang='lat' dir='ltr'><strong>quam</strong></span> <span class='ocrx_word' id='word_1_704' title='bbox 1416 5365 1608 5413; x_wconf 90' lang='lat' dir='ltr'><strong>contra</strong></span> 
     </span>
    </p>
   </div>
   <div class='ocr_carea' id='block_1_87' title="bbox 69 5438 1612 5519">
    <p class='ocr_par' dir='ltr' id='par_1_87' title="bbox 69 5438 1612 5519">
     <span class='ocr_line' id='line_1_87' title="bbox 69 5438 1612 5519; baseline 0.003 -22"><span class='ocrx_word' id='word_1_705' title='bbox 69 5438 196 5500; x_wconf 78' lang='lat' dir='ltr'><strong>Deum</strong></span> <span class='ocrx_word' id='word_1_706' title='bbox 222 5459 273 5504; x_wconf 91' lang='lat' dir='ltr'><strong>et</strong></span> <span class='ocrx_word' id='word_1_707' title='bbox 297 5452 568 5506; x_wconf 86' lang='lat' dir='ltr'><strong>medicum</strong></span> <span class='ocrx_word' id='word_1_708' title='bbox 593 5462 646 5505; x_wconf 92' lang='lat' dir='ltr'><strong>et</strong></span> <span class='ocrx_word' id='word_1_709' title='bbox 670 5458 958 5519; x_wconf 89' lang='lat' dir='ltr'><strong>patronum</strong></span> <span class='ocrx_word' id='word_1_710' title='bbox 983 5464 1140 5504; x_wconf 89' lang='lat' dir='ltr'><strong>suum</strong></span> <span class='ocrx_word' id='word_1_711' title='bbox 1167 5448 1402 5518; x_wconf 89' lang='lat' dir='ltr'><strong>aliquem</strong></span> <span class='ocrx_word' id='word_1_712' title='bbox 1433 5448 1612 5503; x_wconf 91' lang='lat' dir='ltr'><strong>insur-</strong></span> 
     </span>
    </p>
   </div>
   <div class='ocr_carea' id='block_1_88' title="bbox 67 5538 1609 5614">
    <p class='ocr_par' dir='ltr' id='par_1_88' title="bbox 67 5538 1609 5614">
     <span class='ocr_line' id='line_1_88' title="bbox 67 5538 1609 5614; baseline 0.005 -24"><span class='ocrx_word' id='word_1_713' title='bbox 67 5541 191 5603; x_wconf 62' lang='lat' dir='ltr'><strong>gere?</strong></span> <span class='ocrx_word' id='word_1_714' title='bbox 218 5541 434 5599; x_wconf 89' lang='lat' dir='ltr'><strong>Diceret</strong></span> <span class='ocrx_word' id='word_1_715' title='bbox 469 5544 668 5614; x_wconf 84' lang='lat' dir='ltr'><strong>aliquis</strong></span> <span class='ocrx_word' id='word_1_716' title='bbox 708 5561 723 5600; x_wconf 88' lang='lat'><strong>:</strong></span> <span class='ocrx_word' id='word_1_717' title='bbox 768 5543 909 5612; x_wconf 86' lang='lat' dir='ltr'><strong>Quid</strong></span> <span class='ocrx_word' id='word_1_718' title='bbox 949 5544 1147 5599; x_wconf 90' lang='lat' dir='ltr'><strong>mirum</strong></span> <span class='ocrx_word' id='word_1_719' title='bbox 1188 5544 1235 5600; x_wconf 90' lang='lat' dir='ltr'><strong>si</strong></span> <span class='ocrx_word' id='word_1_720' title='bbox 1272 5550 1463 5599; x_wconf 90' lang='lat' dir='ltr'><strong>contra</strong></span> <span class='ocrx_word' id='word_1_721' title='bbox 1492 5538 1609 5608; x_wconf 85' lang='lat' dir='ltr'><strong>ejus</strong></span> 
     </span>
    </p>
   </div>
   <div class='ocr_carea' id='block_1_89' title="bbox 64 5633 1609 5706">
    <p class='ocr_par' dir='ltr' id='par_1_89' title="bbox 64 5633 1609 5706">
     <span class='ocr_line' id='line_1_89' title="bbox 64 5633 1609 5706; baseline 0.003 -23"><span class='ocrx_word' id='word_1_722' title='bbox 64 5639 211 5685; x_wconf 74' lang='lat' dir='ltr'><strong>vocem</strong></span> <span class='ocrx_word' id='word_1_723' title='bbox 240 5642 323 5688; x_wconf 86' lang='lat' dir='ltr'><strong>est</strong></span> <span class='ocrx_word' id='word_1_724' title='bbox 354 5643 495 5690; x_wconf 90' lang='lat' dir='ltr'><strong>terra</strong></span> <span class='ocrx_word' id='word_1_725' title='bbox 530 5636 838 5692; x_wconf 87' lang='lat' dir='ltr'><strong>commota?</strong></span> <span class='ocrx_word' id='word_1_726' title='bbox 866 5635 1062 5691; x_wconf 84' lang='lat' dir='ltr'><strong>Fuitne</strong></span> <span class='ocrx_word' id='word_1_727' title='bbox 1103 5636 1170 5690; x_wconf 89' lang='lat' dir='ltr'><strong>ad</strong></span> <span class='ocrx_word' id='word_1_728' title='bbox 1217 5635 1418 5706; x_wconf 88' lang='lat' dir='ltr'><strong>aliquid</strong></span> <span class='ocrx_word' id='word_1_729' title='bbox 1458 5633 1609 5688; x_wconf 88' lang='lat' dir='ltr'><strong>utilis</strong></span> 
     </span>
    </p>
   </div>
   <div class='ocr_carea' id='block_1_90' title="bbox 63 5722 1604 5799">
    <p class='ocr_par' dir='ltr' id='par_1_90' title="bbox 63 5722 1604 5799">
     <span class='ocr_line' id='line_1_90' title="bbox 63 5722 1604 5799; baseline 0.004 -28"><span class='ocrx_word' id='word_1_730' title='bbox 63 5729 138 5771; x_wconf 65' lang='grc' dir='ltr'><strong>τοι</strong></span> <span class='ocrx_word' id='word_1_731' title='bbox 168 5722 387 5781; x_wconf 77' lang='lat' dir='ltr'><strong>illa?Ad</strong></span> <span class='ocrx_word' id='word_1_732' title='bbox 427 5728 527 5783; x_wconf 89' lang='lat' dir='ltr'><strong>hoc</strong></span> <span class='ocrx_word' id='word_1_733' title='bbox 573 5744 703 5799; x_wconf 80' lang='lat' dir='ltr'><strong>ergo</strong></span> <span class='ocrx_word' id='word_1_734' title='bbox 750 5729 1160 5797; x_wconf 86' lang='lat' dir='ltr'><strong>respondendo,</strong></span> <span class='ocrx_word' id='word_1_735' title='bbox 1202 5728 1270 5782; x_wconf 88' lang='lat' dir='ltr'><strong>ad</strong></span> <span class='ocrx_word' id='word_1_736' title='bbox 1317 5723 1604 5782; x_wconf 86' lang='lat' dir='ltr'><strong>videndum</strong></span> 
     </span>
    </p>
   </div>
   <div class='ocr_carea' id='block_1_91' title="bbox 1727 3249 3312 3321">
    <p class='ocr_par' dir='ltr' id='par_1_91' title="bbox 1727 3249 3312 3321">
     <span class='ocr_line' id='line_1_91' title="bbox 1727 3249 3312 3321; baseline -0.006 -11"><span class='ocrx_word' id='word_1_737' title='bbox 1727 3251 1988 3310; x_wconf 79' lang='lat' dir='ltr'><strong>defensio.</strong></span> <span class='ocrx_word' id='word_1_738' title='bbox 2020 3250 2150 3319; x_wconf 71' lang='grc' dir='ltr'><strong>ρυω</strong></span> <span class='ocrx_word' id='word_1_739' title='bbox 2173 3251 2356 3307; x_wconf 91' lang='lat' dir='ltr'><strong>omnia</strong></span> <span class='ocrx_word' id='word_1_740' title='bbox 2389 3249 2619 3321; x_wconf 82' lang='lat' dir='ltr'><strong>destruit</strong></span> <span class='ocrx_word' id='word_1_741' title='bbox 2643 3251 2697 3305; x_wconf 91' lang='lat' dir='ltr'><strong>in</strong></span> <span class='ocrx_word' id='word_1_742' title='bbox 2721 3249 2834 3306; x_wconf 85' lang='lat' dir='ltr'><strong>suis</strong></span> <span class='ocrx_word' id='word_1_743' title='bbox 2861 3250 3022 3316; x_wconf 89' lang='lat' dir='ltr'><strong>Deus,</strong></span> <span class='ocrx_word' id='word_1_744' title='bbox 3052 3249 3312 3320; x_wconf 90' lang='lat' dir='ltr'><strong>quoniam</strong></span> 
     </span>
    </p>
   </div>
   <div class='ocr_carea' id='block_1_92' title="bbox 1727 3341 3131 3415">
    <p class='ocr_par' dir='ltr' id='par_1_92' title="bbox 1727 3341 3131 3415">
     <span class='ocr_line' id='line_1_92' title="bbox 1727 3341 3131 3415; baseline -0.006 -16"><span class='ocrx_word' id='word_1_745' title='bbox 1727 3345 1888 3399; x_wconf 88' lang='lat' dir='ltr'><strong>aliter</strong></span> <span class='ocrx_word' id='word_1_746' title='bbox 1908 3356 2014 3415; x_wconf 76' lang='lat' dir='ltr'><strong>pax</strong></span> <span class='ocrx_word' id='word_1_747' title='bbox 2044 3343 2123 3397; x_wconf 90' lang='lat' dir='ltr'><strong>eis</strong></span> <span class='ocrx_word' id='word_1_748' title='bbox 2153 3342 2315 3412; x_wconf 86' lang='lat' dir='ltr'><strong>plena</strong></span> <span class='ocrx_word' id='word_1_749' title='bbox 2352 3356 2458 3397; x_wconf 93' lang='lat' dir='ltr'><strong>non</strong></span> <span class='ocrx_word' id='word_1_750' title='bbox 2490 3341 2726 3396; x_wconf 86' lang='lat' dir='ltr'><strong>adesset.</strong></span> <span class='ocrx_word' id='word_1_751' title='bbox 3130 3404 3131 3407; x_wconf 20' lang='grc' dir='ltr'><strong>η</strong></span> 
     </span>
    </p>
   </div>
   <div class='ocr_carea' id='block_1_93' title="bbox 1797 3431 3313 3504">
    <p class='ocr_par' dir='ltr' id='par_1_93' title="bbox 1797 3431 3313 3504">
     <span class='ocr_line' id='line_1_93' title="bbox 1797 3431 3313 3504; baseline -0.005 -12"><span class='ocrx_word' id='word_1_752' title='bbox 1797 3435 2025 3492; x_wconf 88' lang='lat' dir='ltr'><strong>Ostensa</strong></span> <span class='ocrx_word' id='word_1_753' title='bbox 2055 3435 2291 3491; x_wconf 88' lang='lat' dir='ltr'><strong>utilitate</strong></span> <span class='ocrx_word' id='word_1_754' title='bbox 2327 3434 2527 3501; x_wconf 83' lang='lat' dir='ltr'><strong>vocis,</strong></span> <span class='ocrx_word' id='word_1_755' title='bbox 2552 3432 2797 3504; x_wconf 73' lang='lat' dir='ltr'><strong>adiungit</strong></span> <span class='ocrx_word' id='word_1_756' title='bbox 2824 3432 2989 3488; x_wconf 87' lang='lat' dir='ltr'><strong>etiam</strong></span> <span class='ocrx_word' id='word_1_757' title='bbox 3022 3431 3191 3502; x_wconf 89' lang='lat' dir='ltr'><strong>ipsam</strong></span> <span class='ocrx_word' id='word_1_758' title='bbox 3220 3446 3313 3485; x_wconf 80' lang='lat' dir='ltr'><strong>vo-</strong></span> 
     </span>
    </p>
   </div>
   <div class='ocr_carea' id='block_1_94' title="bbox 1725 3519 3313 3599">
    <p class='ocr_par' dir='ltr' id='par_1_94' title="bbox 1725 3519 3313 3599">
     <span class='ocr_line' id='line_1_94' title="bbox 1725 3519 3313 3599; baseline -0.006 -15"><span class='ocrx_word' id='word_1_759' title='bbox 1725 3544 1845 3585; x_wconf 90' lang='lat' dir='ltr'><strong>cem</strong></span> <span class='ocrx_word' id='word_1_760' title='bbox 1872 3528 1939 3584; x_wconf 89' lang='lat' dir='ltr'><strong>ad</strong></span> <span class='ocrx_word' id='word_1_761' title='bbox 1969 3529 2210 3599; x_wconf 88' lang='lat' dir='ltr'><strong>ipsorum</strong></span> <span class='ocrx_word' id='word_1_762' title='bbox 2243 3526 2440 3597; x_wconf 86' lang='lat' dir='ltr'><strong>quibus</strong></span> <span class='ocrx_word' id='word_1_763' title='bbox 2470 3525 2582 3596; x_wconf 84' lang='lat' dir='ltr'><strong>agit</strong></span> <span class='ocrx_word' id='word_1_764' title='bbox 2618 3523 3029 3579; x_wconf 87' lang='lat' dir='ltr'><strong>instructionem</strong></span> <span class='ocrx_word' id='word_1_765' title='bbox 3056 3563 3070 3588; x_wconf 93' lang='lat'><strong>,</strong></span> <span class='ocrx_word' id='word_1_766' title='bbox 3104 3532 3160 3577; x_wconf 91' lang='lat' dir='ltr'><strong>ut</strong></span> <span class='ocrx_word' id='word_1_767' title='bbox 3197 3519 3313 3590; x_wconf 82' lang='lat' dir='ltr'><strong>ejus</strong></span> 
     </span>
    </p>
   </div>
   <div class='ocr_carea' id='block_1_95' title="bbox 1725 3615 3311 3688">
    <p class='ocr_par' dir='ltr' id='par_1_95' title="bbox 1725 3615 3311 3688">
     <span class='ocr_line' id='line_1_95' title="bbox 1725 3615 3311 3688; baseline -0.005 -14"><span class='ocrx_word' id='word_1_768' title='bbox 1725 3620 1891 3675; x_wconf 89' lang='lat' dir='ltr'><strong>verbo</strong></span> <span class='ocrx_word' id='word_1_769' title='bbox 1940 3621 2190 3676; x_wconf 86' lang='lat' dir='ltr'><strong>credant.</strong></span> <span class='ocrx_word' id='word_1_770' title='bbox 2224 3616 2367 3673; x_wconf 78' lang='lat' dir='ltr'><strong>Dixi</strong></span> <span class='ocrx_word' id='word_1_771' title='bbox 2418 3617 2561 3688; x_wconf 86' lang='lat' dir='ltr'><strong>quod</strong></span> <span class='ocrx_word' id='word_1_772' title='bbox 2612 3616 2874 3673; x_wconf 88' lang='lat' dir='ltr'><strong>Dominus</strong></span> <span class='ocrx_word' id='word_1_773' title='bbox 2927 3615 3079 3671; x_wconf 86' lang='lat' dir='ltr'><strong>dedit</strong></span> <span class='ocrx_word' id='word_1_774' title='bbox 3120 3628 3311 3669; x_wconf 76' lang='lat' dir='ltr'><strong>vorent</strong></span> 
     </span>
    </p>
   </div>
   <div class='ocr_carea' id='block_1_96' title="bbox 1727 3716 3309 3789">
    <p class='ocr_par' dir='ltr' id='par_1_96' title="bbox 1727 3716 3309 3789">
     <span class='ocr_line' id='line_1_96' title="bbox 1727 3716 3309 3789; baseline -0.003 -15"><span class='ocrx_word' id='word_1_775' title='bbox 1727 3722 1869 3775; x_wconf 87' lang='lat' dir='ltr'><strong>hanc</strong></span> <span class='ocrx_word' id='word_1_776' title='bbox 1912 3721 2123 3777; x_wconf 87' lang='lat' dir='ltr'><strong>scilicet</strong></span> <span class='ocrx_word' id='word_1_777' title='bbox 2153 3738 2167 3775; x_wconf 90' lang='lat'>:</span> <span class='ocrx_word' id='word_1_778' title='bbox 2197 3719 2309 3775; x_wconf 84' lang='lat' dir='ltr'><strong>Vos</strong></span> <span class='ocrx_word' id='word_1_779' title='bbox 2359 3721 2600 3774; x_wconf 89' lang='lat' dir='ltr'><strong>membra</strong></span> <span class='ocrx_word' id='word_1_780' title='bbox 2633 3730 2750 3773; x_wconf 86' lang='lat' dir='ltr'><strong>mea</strong></span> <span class='ocrx_word' id='word_1_781' title='bbox 2807 3716 3006 3782; x_wconf 83' lang='lat' dir='ltr'><strong>futuri,</strong></span> <span class='ocrx_word' id='word_1_782' title='bbox 3056 3724 3245 3771; x_wconf 88' lang='lat' dir='ltr'><strong>vacatc</strong></span> <span class='ocrx_word' id='word_1_783' title='bbox 3277 3729 3309 3789; x_wconf 60' lang='grc' dir='ltr'><strong><em>δ</em></strong></span> 
     </span>
    </p>
   </div>
   <div class='ocr_carea' id='block_1_97' title="bbox 1727 3806 3308 3873">
    <p class='ocr_par' dir='ltr' id='par_1_97' title="bbox 1727 3806 3308 3873">
     <span class='ocr_line' id='line_1_97' title="bbox 1727 3806 3308 3873; baseline -0.006 -8"><span class='ocrx_word' id='word_1_784' title='bbox 1727 3820 2067 3867; x_wconf 88' lang='lat' dir='ltr'><strong>terrenorum</strong></span> <span class='ocrx_word' id='word_1_785' title='bbox 2097 3808 2573 3873; x_wconf 88' lang='lat' dir='ltr'><strong>sollicitudinibus,</strong></span> <span class='ocrx_word' id='word_1_786' title='bbox 2602 3817 2657 3863; x_wconf 91' lang='lat' dir='ltr'><strong>et</strong></span> <span class='ocrx_word' id='word_1_787' title='bbox 2684 3808 2950 3863; x_wconf 79' lang='lat' dir='ltr'><strong>idolorum</strong></span> <span class='ocrx_word' id='word_1_788' title='bbox 2978 3806 3230 3871; x_wconf 90' lang='lat' dir='ltr'><strong>cultibus,</strong></span> <span class='ocrx_word' id='word_1_789' title='bbox 3257 3815 3308 3856; x_wconf 74' lang='lat' dir='ltr'><strong>et</strong></span> 
     </span>
    </p>
   </div>
   <div class='ocr_carea' id='block_1_98' title="bbox 1724 3898 3311 3970">
    <p class='ocr_par' dir='ltr' id='par_1_98' title="bbox 1724 3898 3311 3970">
     <span class='ocr_line' id='line_1_98' title="bbox 1724 3898 3311 3970; baseline -0.004 -12"><span class='ocrx_word' id='word_1_790' title='bbox 1724 3905 1803 3959; x_wconf 88' lang='lat' dir='ltr'><strong>sic</strong></span> <span class='ocrx_word' id='word_1_791' title='bbox 1831 3904 2008 3958; x_wconf 88' lang='lat' dir='ltr'><strong>videte</strong></span> <span class='ocrx_word' id='word_1_792' title='bbox 2056 3902 2365 3966; x_wconf 90' lang='lat' dir='ltr'><strong>intellectu,</strong></span> <span class='ocrx_word' id='word_1_793' title='bbox 2418 3902 2544 3970; x_wconf 87' lang='lat' dir='ltr'><strong>quia</strong></span> <span class='ocrx_word' id='word_1_794' title='bbox 2587 3900 2746 3954; x_wconf 90' lang='lat' dir='ltr'><strong>aliter</strong></span> <span class='ocrx_word' id='word_1_795' title='bbox 2787 3914 2895 3954; x_wconf 89' lang='lat' dir='ltr'><strong>non</strong></span> <span class='ocrx_word' id='word_1_796' title='bbox 2934 3898 3311 3969; x_wconf 80' lang='lat' dir='ltr'><strong>intelliget-etis</strong></span> 
     </span>
    </p>
   </div>
   <div class='ocr_carea' id='block_1_99' title="bbox 1723 3990 3312 4069">
    <p class='ocr_par' dir='ltr' id='par_1_99' title="bbox 1723 3990 3312 4069">
     <span class='ocr_line' id='line_1_99' title="bbox 1723 3990 3312 4069; baseline -0.004 -19"><span class='ocrx_word' id='word_1_797' title='bbox 1723 3997 1980 4067; x_wconf 89' lang='lat' dir='ltr'><strong>quoniam</strong></span> <span class='ocrx_word' id='word_1_798' title='bbox 2020 4011 2142 4067; x_wconf 79' lang='lat' dir='ltr'><strong>ego,</strong></span> <span class='ocrx_word' id='word_1_799' title='bbox 2172 3994 2262 4065; x_wconf 93' lang='lat' dir='ltr'><strong>qui</strong></span> <span class='ocrx_word' id='word_1_800' title='bbox 2311 3994 2464 4049; x_wconf 87' lang='lat' dir='ltr'><strong>vobis</strong></span> <span class='ocrx_word' id='word_1_801' title='bbox 2503 3993 2728 4063; x_wconf 89' lang='lat' dir='ltr'><strong>loquens</strong></span> <span class='ocrx_word' id='word_1_802' title='bbox 2772 4008 2890 4047; x_wconf 93' lang='lat' dir='ltr'><strong>sum</strong></span> <span class='ocrx_word' id='word_1_803' title='bbox 2945 3990 3312 4069; x_wconf 17' lang='lat' dir='ltr'><strong>homo,VDeus</strong></span> 
     </span>
    </p>
   </div>
   <div class='ocr_carea' id='block_1_100' title="bbox 1723 4078 3305 4161">
    <p class='ocr_par' dir='ltr' id='par_1_100' title="bbox 1723 4078 3305 4161">
     <span class='ocr_line' id='line_1_100' title="bbox 1723 4078 3305 4161; baseline -0.006 -21"><span class='ocrx_word' id='word_1_804' title='bbox 1723 4090 1967 4142; x_wconf 85' lang='lat' dir='ltr'><strong>vestrum</strong></span> <span class='ocrx_word' id='word_1_805' title='bbox 1998 4101 2142 4151; x_wconf 92' lang='lat' dir='ltr'><strong>sum,</strong></span> <span class='ocrx_word' id='word_1_806' title='bbox 2173 4084 2470 4161; x_wconf 85' lang='lat' dir='ltr'><strong>secundum</strong></span> <span class='ocrx_word' id='word_1_807' title='bbox 2496 4082 2638 4152; x_wconf 91' lang='lat' dir='ltr'><strong>quod</strong></span> <span class='ocrx_word' id='word_1_808' title='bbox 2663 4082 2715 4136; x_wconf 91' lang='lat' dir='ltr'><strong>in</strong></span> <span class='ocrx_word' id='word_1_809' title='bbox 2739 4080 3029 4150; x_wconf 86' lang='lat' dir='ltr'><strong>Evangelio</strong></span> <span class='ocrx_word' id='word_1_810' title='bbox 3056 4080 3168 4148; x_wconf 87' lang='lat' dir='ltr'><strong>ipse</strong></span> <span class='ocrx_word' id='word_1_811' title='bbox 3193 4078 3266 4130; x_wconf 90' lang='lat' dir='ltr'><strong>ait</strong></span> <span class='ocrx_word' id='word_1_812' title='bbox 3291 4094 3305 4131; x_wconf 74' lang='grc' dir='ltr'><strong>ε</strong></span> 
     </span>
    </p>
   </div>
   <div class='ocr_carea' id='block_1_101' title="bbox 1729 4168 3301 4249">
    <p class='ocr_par' dir='ltr' id='par_1_101' title="bbox 1729 4168 3301 4249">
     <span class='ocr_line' id='line_1_101' title="bbox 1729 4168 3301 4249; baseline -0.006 -19"><span class='ocrx_word' id='word_1_813' title='bbox 1729 4198 1747 4230; x_wconf 76' lang='grc' dir='ltr'><strong>ι</strong></span> <span class='ocrx_word' id='word_1_814' title='bbox 1767 4179 1877 4249; x_wconf 83' lang='lat' dir='ltr'><strong>Ego</strong></span> <span class='ocrx_word' id='word_1_815' title='bbox 1894 4178 2240 4249; x_wconf 89' lang='lat' dir='ltr'><strong>principium,</strong></span> <span class='ocrx_word' id='word_1_816' title='bbox 2260 4176 2349 4246; x_wconf 86' lang='lat' dir='ltr'><strong>qui</strong></span> <span class='ocrx_word' id='word_1_817' title='bbox 2367 4186 2423 4230; x_wconf 88' lang='lat' dir='ltr'><strong>et</strong></span> <span class='ocrx_word' id='word_1_818' title='bbox 2438 4175 2629 4245; x_wconf 89' lang='lat' dir='ltr'><strong>loquor</strong></span> <span class='ocrx_word' id='word_1_819' title='bbox 2649 4174 3118 4245; x_wconf 84' lang='lat' dir='ltr'><strong>vobis(Joan.vnt,</strong></span> <span class='ocrx_word' id='word_1_820' title='bbox 3134 4168 3225 4241; x_wconf 72' lang='lat'><strong>‘25)</strong></span> <span class='ocrx_word' id='word_1_821' title='bbox 3247 4187 3258 4221; x_wconf 89' lang='lat'><strong>:</strong></span> <span class='ocrx_word' id='word_1_822' title='bbox 3282 4187 3301 4220; x_wconf 79' lang='grc' dir='ltr'><strong>ι</strong></span> 
     </span>
    </p>
   </div>
   <div class='ocr_carea' id='block_1_102' title="bbox 1722 4263 3307 4340">
    <p class='ocr_par' dir='ltr' id='par_1_102' title="bbox 1722 4263 3307 4340">
     <span class='ocr_line' id='line_1_102' title="bbox 1722 4263 3307 4340; baseline -0.008 -15"><span class='ocrx_word' id='word_1_823' title='bbox 1722 4280 1777 4325; x_wconf 83' lang='grc' dir='ltr'><strong>ει</strong></span> <span class='ocrx_word' id='word_1_824' title='bbox 1805 4286 1928 4340; x_wconf 89' lang='lat' dir='ltr'><strong>ego,</strong></span> <span class='ocrx_word' id='word_1_825' title='bbox 1961 4270 2052 4340; x_wconf 89' lang='lat' dir='ltr'><strong>qui</strong></span> <span class='ocrx_word' id='word_1_826' title='bbox 2081 4270 2222 4324; x_wconf 89' lang='lat' dir='ltr'><strong>Deus</strong></span> <span class='ocrx_word' id='word_1_827' title='bbox 2253 4283 2397 4331; x_wconf 90' lang='lat' dir='ltr'><strong>sum,</strong></span> <span class='ocrx_word' id='word_1_828' title='bbox 2422 4267 2697 4322; x_wconf 78' lang='lat' dir='ltr'><strong>exaltabor</strong></span> <span class='ocrx_word' id='word_1_829' title='bbox 2721 4267 2774 4319; x_wconf 84' lang='lat' dir='ltr'><strong>in</strong></span> <span class='ocrx_word' id='word_1_830' title='bbox 2803 4264 3042 4334; x_wconf 74' lang='lat' dir='ltr'><strong>gentibus</strong></span> <span class='ocrx_word' id='word_1_831' title='bbox 3071 4263 3135 4315; x_wconf 89' lang='lat' dir='ltr'><strong>ad</strong></span> <span class='ocrx_word' id='word_1_832' title='bbox 3171 4278 3307 4331; x_wconf 78' lang='lat' dir='ltr'><strong>pra:-</strong></span> 
     </span>
    </p>
   </div>
   <div class='ocr_carea' id='block_1_103' title="bbox 1722 4352 3305 4431">
    <p class='ocr_par' dir='ltr' id='par_1_103' title="bbox 1722 4352 3305 4431">
     <span class='ocr_line' id='line_1_103' title="bbox 1722 4352 3305 4431; baseline -0.008 -15"><span class='ocrx_word' id='word_1_833' title='bbox 1722 4376 1871 4418; x_wconf 88' lang='lat' dir='ltr'><strong>sens.</strong></span> <span class='ocrx_word' id='word_1_834' title='bbox 1893 4361 2045 4418; x_wconf 86' lang='lat' dir='ltr'><strong>Unde</strong></span> <span class='ocrx_word' id='word_1_835' title='bbox 2068 4359 2355 4431; x_wconf 77' lang='lat' dir='ltr'><strong>Apostolus</strong></span> <span class='ocrx_word' id='word_1_836' title='bbox 2380 4374 2394 4413; x_wconf 90' lang='lat'><strong>:</strong></span> <span class='ocrx_word' id='word_1_837' title='bbox 2419 4376 2437 4410; x_wconf 87' lang='grc'><strong><em>‹</em></strong></span> <span class='ocrx_word' id='word_1_838' title='bbox 2468 4358 2696 4414; x_wconf 69' lang='grc' dir='ltr'><strong>Οωείιειε</strong></span> <span class='ocrx_word' id='word_1_839' title='bbox 2719 4355 2946 4423; x_wconf 69' lang='lat' dir='ltr'><strong>contigit</strong></span> <span class='ocrx_word' id='word_1_840' title='bbox 2972 4355 3022 4407; x_wconf 92' lang='lat' dir='ltr'><strong>in</strong></span> <span class='ocrx_word' id='word_1_841' title='bbox 3052 4352 3214 4406; x_wconf 83' lang='lat' dir='ltr'><strong>Israel</strong></span> <span class='ocrx_word' id='word_1_842' title='bbox 3239 4365 3305 4404; x_wconf 79' lang='lat' dir='ltr'><strong>ex</strong></span> 
     </span>
    </p>
   </div>
   <div class='ocr_carea' id='block_1_104' title="bbox 1721 4443 3299 4524">
    <p class='ocr_par' dir='ltr' id='par_1_104' title="bbox 1721 4443 3299 4524">
     <span class='ocr_line' id='line_1_104' title="bbox 1721 4443 3299 4524; baseline -0.008 -17"><span class='ocrx_word' id='word_1_843' title='bbox 1721 4464 1895 4523; x_wconf 88' lang='lat' dir='ltr'><strong>parte,</strong></span> <span class='ocrx_word' id='word_1_844' title='bbox 1927 4462 1987 4507; x_wconf 92' lang='lat' dir='ltr'><strong>ut</strong></span> <span class='ocrx_word' id='word_1_845' title='bbox 2015 4452 2291 4524; x_wconf 89' lang='lat' dir='ltr'><strong>plenitudo</strong></span> <span class='ocrx_word' id='word_1_846' title='bbox 2316 4451 2554 4521; x_wconf 84' lang='lat' dir='ltr'><strong>gentium</strong></span> <span class='ocrx_word' id='word_1_847' title='bbox 2586 4449 2816 4503; x_wconf 86' lang='lat' dir='ltr'><strong>intraret</strong></span> <span class='ocrx_word' id='word_1_848' title='bbox 2843 4447 3022 4517; x_wconf 81' lang='lat' dir='ltr'><strong>(Rom.</strong></span> <span class='ocrx_word' id='word_1_849' title='bbox 3054 4460 3131 4509; x_wconf 77' lang='lat' dir='ltr'><strong>xl,</strong></span> <span class='ocrx_word' id='word_1_850' title='bbox 3153 4443 3299 4514; x_wconf 62' lang='lat'><strong>25.):</strong></span> 
     </span>
    </p>
   </div>
   <div class='ocr_carea' id='block_1_105' title="bbox 1720 4535 3301 4603">
    <p class='ocr_par' dir='ltr' id='par_1_105' title="bbox 1720 4535 3301 4603">
     <span class='ocr_line' id='line_1_105' title="bbox 1720 4535 3301 4603; baseline -0.004 -6"><span class='ocrx_word' id='word_1_851' title='bbox 1720 4544 1788 4597; x_wconf 87' lang='lat' dir='ltr'><strong>Et</strong></span> <span class='ocrx_word' id='word_1_852' title='bbox 1812 4545 1866 4597; x_wconf 84' lang='lat' dir='ltr'><strong>in</strong></span> <span class='ocrx_word' id='word_1_853' title='bbox 1896 4553 2038 4597; x_wconf 87' lang='lat' dir='ltr'><strong>terra</strong></span> <span class='ocrx_word' id='word_1_854' title='bbox 2066 4542 2339 4597; x_wconf 77' lang='lat' dir='ltr'><strong>exaltabor</strong></span> <span class='ocrx_word' id='word_1_855' title='bbox 2369 4543 2421 4596; x_wconf 90' lang='lat' dir='ltr'><strong>in</strong></span> <span class='ocrx_word' id='word_1_856' title='bbox 2452 4541 2558 4596; x_wconf 87' lang='lat' dir='ltr'><strong>ﬁne</strong></span> <span class='ocrx_word' id='word_1_857' title='bbox 2583 4539 2791 4603; x_wconf 87' lang='lat' dir='ltr'><strong>mundi,</strong></span> <span class='ocrx_word' id='word_1_858' title='bbox 2823 4539 2874 4594; x_wconf 88' lang='lat' dir='ltr'><strong>id</strong></span> <span class='ocrx_word' id='word_1_859' title='bbox 2904 4546 2989 4593; x_wconf 82' lang='lat' dir='ltr'><strong>est</strong></span> <span class='ocrx_word' id='word_1_860' title='bbox 3020 4539 3070 4590; x_wconf 90' lang='lat' dir='ltr'><strong>in</strong></span> <span class='ocrx_word' id='word_1_861' title='bbox 3098 4536 3142 4591; x_wconf 67' lang='lat' dir='ltr'><strong>.l:</strong></span> <span class='ocrx_word' id='word_1_862' title='bbox 3167 4535 3301 4593; x_wconf 66' lang='lat' dir='ltr'><strong>(lana.</strong></span> 
     </span>
    </p>
   </div>
   <div class='ocr_carea' id='block_1_106' title="bbox 1722 4627 3302 4706">
    <p class='ocr_par' dir='ltr' id='par_1_106' title="bbox 1722 4627 3302 4706">
     <span class='ocr_line' id='line_1_106' title="bbox 1722 4627 3302 4706; baseline -0.009 -14"><span class='ocrx_word' id='word_1_863' title='bbox 1722 4635 1875 4697; x_wconf 85' lang='lat' dir='ltr'><strong>Unde</strong></span> <span class='ocrx_word' id='word_1_864' title='bbox 1901 4635 2164 4706; x_wconf 83' lang='lat' dir='ltr'><strong>propheta</strong></span> <span class='ocrx_word' id='word_1_865' title='bbox 2195 4653 2207 4688; x_wconf 89' lang='lat'><strong>:</strong></span> <span class='ocrx_word' id='word_1_866' title='bbox 2250 4654 2267 4685; x_wconf 72' lang='grc' dir='ltr'><strong>ε</strong></span> <span class='ocrx_word' id='word_1_867' title='bbox 2305 4634 2565 4703; x_wconf 75' lang='lat' dir='ltr'><strong>Reliquizn</strong></span> <span class='ocrx_word' id='word_1_868' title='bbox 2592 4632 2757 4688; x_wconf 60' lang='lat' dir='ltr'><strong>salvae</strong></span> <span class='ocrx_word' id='word_1_869' title='bbox 2788 4630 2919 4686; x_wconf 92' lang='lat' dir='ltr'><strong>ﬁent</strong></span> <span class='ocrx_word' id='word_1_870' title='bbox 2954 4628 3086 4701; x_wconf 88' lang='lat' dir='ltr'><strong>(Isa.</strong></span> <span class='ocrx_word' id='word_1_871' title='bbox 3120 4646 3171 4689; x_wconf 69' lang='grc' dir='ltr'><strong>κ,</strong></span> <span class='ocrx_word' id='word_1_872' title='bbox 3201 4627 3258 4680; x_wconf 72' lang='grc'><strong>21</strong></span> <span class='ocrx_word' id='word_1_873' title='bbox 3285 4643 3302 4689; x_wconf 87' lang='grc'>;</span> 
     </span>
    </p>
   </div>
   <div class='ocr_carea' id='block_1_107' title="bbox 1718 4718 3303 4794">
    <p class='ocr_par' dir='ltr' id='par_1_107' title="bbox 1718 4718 3303 4794">
     <span class='ocr_line' id='line_1_107' title="bbox 1718 4718 3303 4794; baseline -0.005 -15"><span class='ocrx_word' id='word_1_874' title='bbox 1718 4724 1876 4779; x_wconf 85' lang='lat' dir='ltr'><strong>Rom.</strong></span> <span class='ocrx_word' id='word_1_875' title='bbox 1912 4740 1989 4790; x_wconf 70' lang='grc' dir='ltr'><strong>ιχ,</strong></span> <span class='ocrx_word' id='word_1_876' title='bbox 2016 4724 2130 4794; x_wconf 75' lang='lat'><strong>27).</strong></span> <span class='ocrx_word' id='word_1_877' title='bbox 2175 4744 2193 4776; x_wconf 76' lang='grc' dir='ltr'><strong>ι</strong></span> <span class='ocrx_word' id='word_1_878' title='bbox 2231 4723 2297 4778; x_wconf 84' lang='grc' dir='ltr'><strong>Ει</strong></span> <span class='ocrx_word' id='word_1_879' title='bbox 2336 4724 2389 4778; x_wconf 90' lang='lat' dir='ltr'><strong>in</strong></span> <span class='ocrx_word' id='word_1_880' title='bbox 2429 4722 2575 4777; x_wconf 88' lang='lat' dir='ltr'><strong>Psal.</strong></span> <span class='ocrx_word' id='word_1_881' title='bbox 2607 4738 2680 4776; x_wconf 78' lang='lat' dir='ltr'><strong>xx</strong></span> <span class='ocrx_word' id='word_1_882' title='bbox 2711 4740 2723 4775; x_wconf 92' lang='lat'>:</span> <span class='ocrx_word' id='word_1_883' title='bbox 2762 4738 2781 4772; x_wconf 83' lang='grc'>‹</span> <span class='ocrx_word' id='word_1_884' title='bbox 2820 4720 2874 4774; x_wconf 89' lang='lat' dir='ltr'><strong>In</strong></span> <span class='ocrx_word' id='word_1_885' title='bbox 2922 4719 3168 4788; x_wconf 86' lang='lat' dir='ltr'><strong>reliquiis</strong></span> <span class='ocrx_word' id='word_1_886' title='bbox 3200 4718 3303 4773; x_wconf 78' lang='lat' dir='ltr'><strong>tuis</strong></span> 
     </span>
    </p>
   </div>
   <div class='ocr_carea' id='block_1_108' title="bbox 1716 4810 3298 4887">
    <p class='ocr_par' dir='ltr' id='par_1_108' title="bbox 1716 4810 3298 4887">
     <span class='ocr_line' id='line_1_108' title="bbox 1716 4810 3298 4887; baseline -0.006 -16"><span class='ocrx_word' id='word_1_887' title='bbox 1716 4814 2046 4887; x_wconf 64' lang='lat' dir='ltr'><strong>praeparabis</strong></span> <span class='ocrx_word' id='word_1_888' title='bbox 2070 4815 2277 4869; x_wconf 88' lang='lat' dir='ltr'><strong>vultum</strong></span> <span class='ocrx_word' id='word_1_889' title='bbox 2301 4830 2510 4869; x_wconf 90' lang='lat' dir='ltr'><strong>corum.</strong></span> <span class='ocrx_word' id='word_1_890' title='bbox 2548 4832 2565 4864; x_wconf 73' lang='grc' dir='ltr'><strong>ι</strong></span> <span class='ocrx_word' id='word_1_891' title='bbox 2605 4812 2757 4879; x_wconf 82' lang='lat' dir='ltr'><strong>Quod</strong></span> <span class='ocrx_word' id='word_1_892' title='bbox 2798 4819 2881 4867; x_wconf 86' lang='lat' dir='ltr'><strong>est</strong></span> <span class='ocrx_word' id='word_1_893' title='bbox 2932 4827 2997 4865; x_wconf 90' lang='lat' dir='ltr'><strong>ac</strong></span> <span class='ocrx_word' id='word_1_894' title='bbox 3041 4810 3085 4863; x_wconf 79' lang='lat' dir='ltr'><strong>si</strong></span> <span class='ocrx_word' id='word_1_895' title='bbox 3118 4811 3298 4864; x_wconf 85' lang='lat' dir='ltr'><strong>dicat:</strong></span> 
     </span>
    </p>
   </div>
   <div class='ocr_carea' id='block_1_109' title="bbox 1720 4904 3300 4977">
    <p class='ocr_par' dir='ltr' id='par_1_109' title="bbox 1720 4904 3300 4977">
     <span class='ocr_line' id='line_1_109' title="bbox 1720 4904 3300 4977; baseline -0.006 -13"><span class='ocrx_word' id='word_1_896' title='bbox 1720 4908 1910 4964; x_wconf 89' lang='lat' dir='ltr'><strong>Cultus</strong></span> <span class='ocrx_word' id='word_1_897' title='bbox 1960 4922 2112 4963; x_wconf 90' lang='lat' dir='ltr'><strong>meus</strong></span> <span class='ocrx_word' id='word_1_898' title='bbox 2142 4907 2472 4961; x_wconf 76' lang='lat' dir='ltr'><strong>exaltabitur</strong></span> <span class='ocrx_word' id='word_1_899' title='bbox 2516 4906 2582 4960; x_wconf 88' lang='lat' dir='ltr'><strong>ad</strong></span> <span class='ocrx_word' id='word_1_900' title='bbox 2628 4920 2867 4977; x_wconf 69' lang='lat' dir='ltr'><strong>prmsens</strong></span> <span class='ocrx_word' id='word_1_901' title='bbox 2918 4904 3118 4973; x_wconf 84' lang='lat' dir='ltr'><strong>ubique</strong></span> <span class='ocrx_word' id='word_1_902' title='bbox 3164 4918 3300 4971; x_wconf 82' lang='lat' dir='ltr'><strong>gen-</strong></span> 
     </span>
    </p>
   </div>
   <div class='ocr_carea' id='block_1_110' title="bbox 1715 4992 3300 5065">
    <p class='ocr_par' dir='ltr' id='par_1_110' title="bbox 1715 4992 3300 5065">
     <span class='ocr_line' id='line_1_110' title="bbox 1715 4992 3300 5065; baseline -0.006 -12"><span class='ocrx_word' id='word_1_903' title='bbox 1715 5000 1886 5065; x_wconf 89' lang='lat' dir='ltr'><strong>tium;</strong></span> <span class='ocrx_word' id='word_1_904' title='bbox 1942 4997 1995 5053; x_wconf 90' lang='lat' dir='ltr'><strong>in</strong></span> <span class='ocrx_word' id='word_1_905' title='bbox 2035 4996 2221 5051; x_wconf 83' lang='lat' dir='ltr'><strong>futuro</strong></span> <span class='ocrx_word' id='word_1_906' title='bbox 2252 5011 2377 5050; x_wconf 89' lang='lat' dir='ltr'><strong>vero</strong></span> <span class='ocrx_word' id='word_1_907' title='bbox 2407 4995 2547 5065; x_wconf 89' lang='lat' dir='ltr'><strong>apud</strong></span> <span class='ocrx_word' id='word_1_908' title='bbox 2584 4994 2817 5050; x_wconf 79' lang='lat' dir='ltr'><strong>Judacos.</strong></span> <span class='ocrx_word' id='word_1_909' title='bbox 2856 4992 3072 5064; x_wconf 84' lang='lat' dir='ltr'><strong>Repetit</strong></span> <span class='ocrx_word' id='word_1_910' title='bbox 3118 5001 3300 5044; x_wconf 90' lang='lat' dir='ltr'><strong>autem</strong></span> 
     </span>
    </p>
   </div>
   <div class='ocr_carea' id='block_1_111' title="bbox 1712 5088 3296 5162">
    <p class='ocr_par' dir='ltr' id='par_1_111' title="bbox 1712 5088 3296 5162">
     <span class='ocr_line' id='line_1_111' title="bbox 1712 5088 3296 5162; baseline -0.008 -15"><span class='ocrx_word' id='word_1_911' title='bbox 1712 5093 1817 5148; x_wconf 90' lang='lat' dir='ltr'><strong>hoc</strong></span> <span class='ocrx_word' id='word_1_912' title='bbox 1842 5092 1985 5162; x_wconf 88' lang='lat' dir='ltr'><strong>quod</strong></span> <span class='ocrx_word' id='word_1_913' title='bbox 2016 5091 2263 5161; x_wconf 87' lang='lat' dir='ltr'><strong>superius</strong></span> <span class='ocrx_word' id='word_1_914' title='bbox 2294 5090 2509 5145; x_wconf 77' lang='lat' dir='ltr'><strong>dixerat</strong></span> <span class='ocrx_word' id='word_1_915' title='bbox 2538 5106 2550 5143; x_wconf 94' lang='lat'><strong>:</strong></span> <span class='ocrx_word' id='word_1_916' title='bbox 2583 5089 2841 5143; x_wconf 85' lang='lat' dir='ltr'><strong>Dominus</strong></span> <span class='ocrx_word' id='word_1_917' title='bbox 2878 5088 3155 5147; x_wconf 85' lang='lat' dir='ltr'><strong>virtutum,</strong></span> <span class='ocrx_word' id='word_1_918' title='bbox 3186 5092 3296 5137; x_wconf 87' lang='lat' dir='ltr'><strong>etc.</strong></span> 
     </span>
    </p>
   </div>
   <div class='ocr_carea' id='block_1_112' title="bbox 1711 5171 3297 5249">
    <p class='ocr_par' dir='ltr' id='par_1_112' title="bbox 1711 5171 3297 5249">
     <span class='ocr_line' id='line_1_112' title="bbox 1711 5171 3297 5249; baseline -0.009 -12"><span class='ocrx_word' id='word_1_919' title='bbox 1711 5181 2038 5239; x_wconf 88' lang='lat' dir='ltr'><strong>lnculcando</strong></span> <span class='ocrx_word' id='word_1_920' title='bbox 2054 5192 2112 5236; x_wconf 90' lang='lat' dir='ltr'><strong>ut</strong></span> <span class='ocrx_word' id='word_1_921' title='bbox 2129 5180 2301 5249; x_wconf 92' lang='lat' dir='ltr'><strong>ipsum</strong></span> <span class='ocrx_word' id='word_1_922' title='bbox 2325 5179 2548 5234; x_wconf 87' lang='lat' dir='ltr'><strong>verbum</strong></span> <span class='ocrx_word' id='word_1_923' title='bbox 2573 5178 2661 5233; x_wconf 91' lang='lat' dir='ltr'><strong>hic</strong></span> <span class='ocrx_word' id='word_1_924' title='bbox 2679 5177 2911 5248; x_wconf 89' lang='lat' dir='ltr'><strong>positum</strong></span> <span class='ocrx_word' id='word_1_925' title='bbox 2936 5171 3297 5235; x_wconf 89' lang='lat' dir='ltr'><strong>commendet,</strong></span> 
     </span>
    </p>
   </div>
   <div class='ocr_carea' id='block_1_113' title="bbox 1712 5262 3298 5341">
    <p class='ocr_par' dir='ltr' id='par_1_113' title="bbox 1712 5262 3298 5341">
     <span class='ocr_line' id='line_1_113' title="bbox 1712 5262 3298 5341; baseline -0.011 -12"><span class='ocrx_word' id='word_1_926' title='bbox 1712 5273 1792 5330; x_wconf 86' lang='lat' dir='ltr'><strong>sic</strong></span> <span class='ocrx_word' id='word_1_927' title='bbox 1817 5292 1830 5328; x_wconf 89' lang='lat'><strong>:</strong></span> <span class='ocrx_word' id='word_1_928' title='bbox 1853 5272 2004 5329; x_wconf 83' lang='lat' dir='ltr'><strong>Hanc</strong></span> <span class='ocrx_word' id='word_1_929' title='bbox 2028 5286 2213 5327; x_wconf 89' lang='lat' dir='ltr'><strong>vocem</strong></span> <span class='ocrx_word' id='word_1_930' title='bbox 2243 5285 2405 5341; x_wconf 90' lang='lat' dir='ltr'><strong>quam</strong></span> <span class='ocrx_word' id='word_1_931' title='bbox 2437 5269 2589 5339; x_wconf 90' lang='lat' dir='ltr'><strong>posui</strong></span> <span class='ocrx_word' id='word_1_932' title='bbox 2614 5277 2820 5334; x_wconf 89' lang='lat' dir='ltr'><strong>vacate,</strong></span> <span class='ocrx_word' id='word_1_933' title='bbox 2850 5273 2976 5327; x_wconf 90' lang='lat' dir='ltr'><strong>etc.,</strong></span> <span class='ocrx_word' id='word_1_934' title='bbox 3011 5262 3147 5315; x_wconf 90' lang='lat' dir='ltr'><strong>bene</strong></span> <span class='ocrx_word' id='word_1_935' title='bbox 3179 5274 3298 5314; x_wconf 82' lang='lat' dir='ltr'><strong>cre-</strong></span> 
     </span>
    </p>
   </div>
   <div class='ocr_carea' id='block_1_114' title="bbox 1686 5351 3294 5432">
    <p class='ocr_par' dir='ltr' id='par_1_114' title="bbox 1686 5351 3294 5432">
     <span class='ocr_line' id='line_1_114' title="bbox 1686 5351 3294 5432; baseline -0.011 -12"><span class='ocrx_word' id='word_1_936' title='bbox 1686 5358 1842 5432; x_wconf 77' lang='lat' dir='ltr'><strong>.dere</strong></span> <span class='ocrx_word' id='word_1_937' title='bbox 1872 5363 2098 5419; x_wconf 90' lang='lat' dir='ltr'><strong>debetis.</strong></span> <span class='ocrx_word' id='word_1_938' title='bbox 2144 5362 2261 5417; x_wconf 90' lang='lat' dir='ltr'><strong>Non</strong></span> <span class='ocrx_word' id='word_1_939' title='bbox 2289 5371 2375 5417; x_wconf 88' lang='lat' dir='ltr'><strong>est</strong></span> <span class='ocrx_word' id='word_1_940' title='bbox 2412 5362 2557 5417; x_wconf 90' lang='lat' dir='ltr'><strong>enim</strong></span> <span class='ocrx_word' id='word_1_941' title='bbox 2604 5374 2708 5415; x_wconf 80' lang='lat' dir='ltr'><strong>vox</strong></span> <span class='ocrx_word' id='word_1_942' title='bbox 2754 5356 3161 5426; x_wconf 86' lang='lat' dir='ltr'><strong>cujuscunque,</strong></span> <span class='ocrx_word' id='word_1_943' title='bbox 3199 5351 3294 5405; x_wconf 83' lang='lat' dir='ltr'><strong>sed</strong></span> 
     </span>
    </p>
   </div>
   <div class='ocr_carea' id='block_1_115' title="bbox 1712 5443 3296 5522">
    <p class='ocr_par' dir='ltr' id='par_1_115' title="bbox 1712 5443 3296 5522">
     <span class='ocr_line' id='line_1_115' title="bbox 1712 5443 3296 5522; baseline -0.01 -14"><span class='ocrx_word' id='word_1_944' title='bbox 1712 5454 1803 5509; x_wconf 89' lang='lat' dir='ltr'><strong>ille</strong></span> <span class='ocrx_word' id='word_1_945' title='bbox 1848 5454 1987 5508; x_wconf 91' lang='lat' dir='ltr'><strong>hanc</strong></span> <span class='ocrx_word' id='word_1_946' title='bbox 2023 5451 2274 5522; x_wconf 88' lang='lat' dir='ltr'><strong>protulit,</strong></span> <span class='ocrx_word' id='word_1_947' title='bbox 2330 5450 2422 5521; x_wconf 89' lang='lat' dir='ltr'><strong>qui</strong></span> <span class='ocrx_word' id='word_1_948' title='bbox 2467 5457 2551 5506; x_wconf 89' lang='lat' dir='ltr'><strong>est</strong></span> <span class='ocrx_word' id='word_1_949' title='bbox 2595 5447 2853 5502; x_wconf 90' lang='lat' dir='ltr'><strong>Dominus</strong></span> <span class='ocrx_word' id='word_1_950' title='bbox 2889 5443 3183 5503; x_wconf 74' lang='lat' dir='ltr'><strong>virtutum,</strong></span> <span class='ocrx_word' id='word_1_951' title='bbox 3237 5447 3296 5494; x_wconf 86' lang='lat' dir='ltr'><strong>et</strong></span> 
     </span>
    </p>
   </div>
   <div class='ocr_carea' id='block_1_116' title="bbox 1713 5535 3293 5613">
    <p class='ocr_par' dir='ltr' id='par_1_116' title="bbox 1713 5535 3293 5613">
     <span class='ocr_line' id='line_1_116' title="bbox 1713 5535 3293 5613; baseline -0.011 -15"><span class='ocrx_word' id='word_1_952' title='bbox 1713 5552 1982 5613; x_wconf 88' lang='lat' dir='ltr'><strong>susceptor</strong></span> <span class='ocrx_word' id='word_1_953' title='bbox 2010 5550 2186 5597; x_wconf 87' lang='lat' dir='ltr'><strong>noster</strong></span> <span class='ocrx_word' id='word_1_954' title='bbox 2215 5549 2271 5598; x_wconf 88' lang='lat' dir='ltr'><strong>et</strong></span> <span class='ocrx_word' id='word_1_955' title='bbox 2312 5540 2451 5595; x_wconf 89' lang='lat' dir='ltr'><strong>Deus</strong></span> <span class='ocrx_word' id='word_1_956' title='bbox 2479 5537 2667 5593; x_wconf 78' lang='lat' dir='ltr'><strong>Iacob.</strong></span> <span class='ocrx_word' id='word_1_957' title='bbox 2711 5535 2824 5591; x_wconf 89' lang='lat' dir='ltr'><strong>Hoc</strong></span> <span class='ocrx_word' id='word_1_958' title='bbox 2858 5548 2987 5589; x_wconf 84' lang='lat' dir='ltr'><strong>vero</strong></span> <span class='ocrx_word' id='word_1_959' title='bbox 3035 5539 3094 5585; x_wconf 93' lang='lat' dir='ltr'><strong>ut</strong></span> <span class='ocrx_word' id='word_1_960' title='bbox 3138 5542 3293 5599; x_wconf 77' lang='lat' dir='ltr'><strong>supe—</strong></span> 
     </span>
    </p>
   </div>
   <div class='ocr_carea' id='block_1_117' title="bbox 1710 5633 2161 5705">
    <p class='ocr_par' dir='ltr' id='par_1_117' title="bbox 1710 5633 2161 5705">
     <span class='ocr_line' id='line_1_117' title="bbox 1710 5633 2161 5705; baseline -0.009 -16"><span class='ocrx_word' id='word_1_961' title='bbox 1710 5634 1824 5691; x_wconf 88' lang='lat' dir='ltr'><strong>rius</strong></span> <span class='ocrx_word' id='word_1_962' title='bbox 1852 5633 2161 5705; x_wconf 79' lang='lat' dir='ltr'><strong>exponitur.</strong></span> 
     </span>
    </p>
   </div>
  </div>
