3862 6322
506 357 610 414 859

961 473 1024 526 IN
1079 472 1406 528 l’SALMUM
1461 470 1641 526 XLVI.

580 563 790 617 Titulus
839 565 1238 633 quadragesimi
1291 564 1450 617 sexti.
1507 560 1570 613 In
1616 559 1770 627 ﬁnem
1817 570 1910 624 pro
1958 553 2082 622 ﬁliis

506 650 677 705 Cltore
718 652 974 722 psalmus.
1027 654 1181 719 Quod
1227 652 1304 706 sic
1335 650 1658 720 exponitur:
1696 645 1937 699 Psaltnus
1983 644 2085 697 istc

511 745 843 811 compositus
890 754 971 798 est
1002 759 1097 811 pro
1126 741 1249 795 ﬁliis
1276 740 1483 800 Cbore,
1526 738 1575 789 id
1617 746 1701 788 est
1732 749 1827 803 pro
1855 732 2087 785 utilitate

511 833 746 889 ﬁliorum
775 834 1064 899 Cruciﬁxi,
1118 831 1448 886 tendentium
1498 829 1551 881 iu
1606 827 1800 889 ﬁnem,
1832 826 1884 878 id
1919 834 2004 879 cst
2034 824 2086 877 in

514 926 1031 978 consummationem
1062 922 1171 976 veri
1202 920 1324 975 boni
1357 938 1368 972 :
1408 918 1824 972 introducuntur
1851 913 1936 967 hic
1960 927 2089 982 apo-

514 1013 660 1078 stoli,
691 1014 1040 1067 adhortantes
1058 1024 1250 1064 omnes
1272 1008 1412 1062 ﬁlios
1436 1006 1634 1070 Chore,
1662 1006 1728 1058 ad
1761 1004 2089 1057 laudandum

517 1102 683 1158 Deum
714 1118 877 1173 opere
909 1111 962 1156 et
1005 1099 1325 1164 affectione,
1372 1106 1425 1153 et
1463 1097 1627 1152 etiam
1675 1110 1808 1150 voce
1852 1094 2092 1150 exsulta-

517 1192 700 1248 tionis.
727 1192 1037 1262 Adjungunt
1070 1204 1197 1244 vero
1224 1189 1404 1260 plures
1447 1202 1643 1245 causas
1670 1200 1838 1255 quare
1860 1184 2092 1239 debeant

518 1283 769 1347 laudare,
799 1282 923 1352 quia
956 1264 1164 1336 scilicei
1201 1279 1449 1335 excelsus
1493 1288 1579 1334 est
1612 1287 1666 1333 ct
1719 1274 2007 1341 terribilis,
2038 1283 2093 1329 et

518 1374 646 1443 quia
674 1373 874 1428 ccclum
907 1372 1172 1436 ascendit,
1211 1381 1266 1425 ct
1292 1386 1508 1424 onmem
1541 1369 1799 1423 mundum
1829 1366 1928 1422 sibi
1963 1368 2094 1421 sub-

516 1462 740 1534 iugavit.
794 1463 850 1517 ιιι
888 1463 993 1517 ﬁne
1040 1472 1220 1516 autem
1250 1462 1542 1517 ostendunt
1586 1458 1857 1532 quomodo
1909 1456 2091 1527 subju-

517 1555 686 1624 gavit.

592 1642 747 1713 152
769 1642 960 1698 Omnes
978 1654 1176 1714 gentes,
1200 1643 1434 1712 plaudite
1454 1641 1713 1695 manibus.
1732 1640 1811 1694 Ac
1836 1639 1881 1693 si
1908 1639 2053 1692 dicat
2076 1655 2088 1691 :

516 1733 635 1789 Non
667 1736 840 1789 solum
872 1734 1063 1801 Judaei,
1090 1743 1150 1789 ut
1178 1735 1231 1788 in
1270 1734 1384 1804 lege
1424 1734 1624 1797 veteri;
1661 1734 1752 1786 sed
1783 1746 1877 1784 vos
1907 1744 2094 1783 omnes

1067 349 1121 406 S.
1153 349 1500 405 BRUNONIS
1529 338 2163 401 CAllTllUSlANORUM
2200 336 2680 393 INSTITUTORIS
2716 336 2866 392 OPP.
2909 337 3086 394 PARS
3115 340 3153 393 l.
3625 336 3704 400 810

2114 478 2160 533 Α
2196 479 2211 509 ι
2245 458 2409 514 Jacob
2438 459 2625 522 dilexi,
2658 458 2795 511 Esau
2821 467 2999 513 autem
3032 459 3154 514 odio
3181 458 3342 512 habui
3374 459 3574 528 (Mulae.
3598 479 3631 527 l,
3656 466 3705 527 '5;

2192 548 2339 602 Rom.
2374 566 2451 611 ιχ,
2482 550 2589 619 {3).
2615 547 2745 603 »νει
2776 550 2963 605 aliter:
2996 550 3170 620 Elegit
3217 552 3448 621 speciem
3478 552 3643 621 Jacob,
3669 561 3708 614 id

2188 649 2269 694 est
2298 640 2597 708 speciosum
2633 639 2830 703 Jacob,
2875 641 2924 694 id
2973 650 3057 695 est
3102 642 3221 696 illos
3269 642 3336 695 de
3383 644 3607 713 gentibus
3636 651 3707 718 qui

2188 730 2413 797 speciosi
2465 740 2589 783 sunt
2626 730 2944 797 minoribus,
3012 733 3308 789 luctatores
3351 742 3405 789 et
3448 737 3707 806 supplanta-

2186 830 2337 874 tores
2380 818 2655 903 vitiorum.
2704 817 2871 884 Quem
2914 819 3082 875 Jacob
3132 823 3354 888 dilexit,
3404 825 3452 879 id
3496 836 3569 880 est
3606 842 3710 897 quos

2189 911 2462 980 spcciosos
2490 910 2677 965 dilexit
2698 920 2823 964 ante
2853 913 3033 965 mundi
3060 915 3519 980 constitutionem,
3548 917 3592 970 in
3611 933 3712 988 pro.

2190 1000 2424 1054 vidcutia
2473 1015 2590 1055 sua.
2640 1001 2707 1054 Et
2751 1000 2871 1055 ideo
2917 1003 3091 1057 adhuc
3137 1004 3410 1072 plaudite,
3458 1004 3654 1074 jubilate
3674 1020 3712 1065 et

2190 1091 2488 1154 exsultate,
2517 1091 2641 1160 quia
2673 1090 2788 1160 ipse
2835 1091 2975 1145 Deus
3016 1094 3252 1147 ascendit
3293 1094 3486 1160 caelos,
3514 1097 3593 1165 qui
3617 1098 3713 1153 sim~

2190 1181 2310 1251 plex
2341 1183 2499 1236 homo
2531 1182 2831 1236 vi-lebatur.
2860 1182 2926 1236 Et
2962 1184 3064 1238 hoc
3094 1184 3147 1237 in
3160 1183 3335 1254 jubil‘o
3365 1187 3715 1256 apostolorum,

2194 1272 2244 1325 id
2271 1279 2352 1325 est
2388 1270 2749 1341 gaudentibus
2782 1271 2935 1326 nobis
2962 1272 3222 1341 apostolis
3262 1274 3505 1329 interiori
3542 1274 3716 1345 laetitia,

2192 1363 2560 1433 quzejubiium
2592 1362 2809 1417 dicitur.
2844 1363 2911 1417 Et
2955 1363 3067 1433 ipse
3102 1363 3357 1419 Dominus
3388 1366 3607 1423 existens
3630 1384 3718 1424 om-

2194 1459 2341 1513 nium
2383 1458 2626 1513 ascendit
2667 1458 2722 1511 in
2760 1473 2883 1511 voce
2912 1458 3079 1523 tubae,
3120 1457 3286 1513 idest
3327 1460 3380 1513 in
3418 1461 3720 1517 attestatione

2194 1549 2506 1617 angelorum
2536 1564 2667 1603 voce
2698 1547 3011 1602 eletnentari
3046 1548 3220 1615 facta;
3251 1565 3371 1618 qua:
3414 1548 3512 1604 fuit
3542 1552 3601 1603 ad
3630 1568 3721 1605 mo-

2195 1643 2321 1694 dum
2346 1640 2464 1695 soni
2496 1640 2632 1694 tubae
2656 1640 2940 1695 manifesta
2965 1656 2980 1706 ;
3016 1640 3240 1708 ideoque
3261 1655 3364 1695 vox
3390 1640 3526 1694 tuba:
3545 1641 3723 1708 dicitur,

2197 1733 2319 1801 quia
2353 1732 2523 1802 angeli
2567 1731 2768 1785 dixisse
2806 1730 3055 1800 leguntur
3084 1747 3098 1783 :
3139 1749 3156 1781 ι
3197 1730 3311 1785 Viri
3342 1729 3569 1796 Galilzei,
3598 1750 3613 1782 ›
3641 1742 3724 1785 etc.

519 1840 725 1900 gentes,
759 1837 813 1884 et
852 1829 1019 1885 Judaei
1063 1838 1118 1884 et
1148 1829 1404 1900 gentiles,
1453 1826 1686 1897 plaudite
1730 1827 1838 1879 Deo
1875 1823 2095 1879 Christo
2130 1850 2171 1903 Β
2203 1826 2341 1896 (Αει.
2376 1842 2415 1885 ι,
2450 1826 2560 1894 ll.)
2592 1824 2729 1895 Ergo
2760 1826 2885 1893 quia
2929 1824 3008 1878 sic
3038 1824 3305 1890 ascendit,
3350 1834 3406 1877 et
3443 1824 3561 1892 quia
3588 1826 3728 1879 excel-

519 1923 783 1989 manibus,
813 1923 864 1976 id
893 1931 975 1977 est
1000 1922 1230 1992 gaudete
1254 1921 1305 1973 in
1333 1919 1423 1973 Dei
1444 1918 1598 1971 laude
1623 1917 1778 1971 bonis
1802 1914 2054 1985 operibus
2081 1931 2093 1965 :

521 2030 551 2068 a
580 2013 933 2068 similitudine
961 2014 1175 2067 illorum
1222 2011 1312 2080 qui
1347 2026 1456 2080 pra:
1502 2008 1667 2062 nimia
1706 2007 1892 2060 laetitia
1928 2004 2099 2057 mani-

522 2106 621 2160 bus
669 2105 948 2175 plaudunt.
999 2103 1264 2170 Quoniam
1300 2112 1476 2155 autem
1510 2098 1759 2153 manibus
1791 2110 2098 2165 operantur,

524 2209 623 2263 pro
651 2194 908 2264 operibus
936 2208 1125 2248 manus
1154 2201 1446 2263 ponuntur.
1488 2191 1554 2245 Et
1581 2204 1687 2244 non
1728 2188 1902 2243 solum
1932 2185 2101 2240 mani-

523 2285 626 2339 bus
654 2284 951 2355 plaudatis,
999 2285 1093 2339 sed
1134 2293 1189 2337 et
1226 2282 1453 2353 jubilate
1491 2281 1627 2343 Deo,
1678 2279 1730 2333 id
1769 2288 1852 2334 est
1890 2277 2103 2330 laudate

525 2376 694 2431 Deum
716 2376 905 2446 jubilo,
936 2376 987 2429 id
1019 2384 1102 2430 est
1127 2374 1311 2428 laatitia
1342 2373 1612 2436 interiori,
1641 2386 1761 2441 qua:
1787 2385 1885 2425 nec
1910 2368 2104 2423 litteris

526 2483 629 2523 nec
660 2468 885 2537 syllabis
918 2467 1147 2537 exprimi
1182 2475 1379 2536 potest.
1416 2465 1483 2519 Et
1522 2465 1600 2519 sic
1629 2462 1858 2533 jubilate
1889 2470 1947 2515 ut
1981 2475 2105 2529 per-

527 2558 791 2611 severetis
830 2557 881 2609 in
913 2573 1032 2611 voce
1062 2555 1452 2619 exsultationis,
1488 2555 1538 2609 id
1569 2563 1651 2609 est
1683 2554 1735 2607 in
1772 2566 1906 2607 voce
1929 2549 2105 2606 exsul-

528 2645 675 2698 tandi
706 2660 826 2699 eum
857 2644 1122 2699 laudando
1147 2654 1202 2699 et
1227 2659 1348 2699 eum
1381 2643 1742 2714 praedicando.
1784 2641 1923 2696 Dicit
1962 2640 2104 2695 enim

526 2732 666 2789 idem
697 2735 747 2789 in
776 2735 1062 2806 Evangelio
1091 2753 1103 2788 :
1135 2753 1154 2787 ι
1184 2734 1285 2801 Qui
1319 2750 1404 2790 me
1426 2734 1706 2789 confessus
1732 2732 1896 2787 fuerit
1922 2746 2105 2786 coram

529 2825 866 2891 hominibus,
919 2826 1219 2882 conﬁtebor
1269 2834 1324 2880 et
1372 2841 1472 2897 ego
1530 2840 1656 2879 eum
1708 2840 1892 2879 coram
1944 2823 2107 2877 Patre

530 2932 649 2972 meo
681 2916 832 2989 (Luc.
877 2935 976 2983 xu,
1005 2919 1100 2989 8):
1149 2938 1167 2971 ι
1201 2919 1267 2973 Ει
1294 2934 1422 2973 ecce
1461 2933 1639 2973 causa:
1683 2931 1853 2987 quare
1900 2915 2107 2970 debetis

527 3008 578 3064 ei
622 3008 908 3079 plaudere,
960 3010 1194 3078 jubilare
1248 3019 1302 3065 et
1353 3010 1648 3075 exsultare,
1694 3009 1942 3081 quoniam
1997 3007 2110 3076 ipse

529 3100 776 3156 Christus
806 3103 899 3172 qui
947 3103 1001 3157 in
1046 3102 1296 3172 passione
1333 3102 1456 3156 vilis
1485 3102 1632 3156 visus
1671 3110 1783 3166 est,
1813 3102 1964 3169 quasi
1994 3114 2109 3152 ser-

2201 1930 2316 1979 sus,
2347 1925 2396 1969 et
2423 1915 2679 1970 terribilis
2712 1924 2766 1969 et
2797 1931 2891 1969 rrx
2916 1929 3140 1983 magnus
3170 1932 3182 1966 :
3209 1913 3418 1983 psallite
3438 1912 3543 1967 Deo
3567 1924 3729 1977 nostra,

2203 2008 2253 2063 id
2282 2019 2385 2074 est,
2432 2010 2566 2065 bene
2609 2009 2906 2079 operamini
2956 2008 3023 2063 ad
3070 2008 3280 2063 laudem
3306 2007 3453 2076 ejus,
3480 2007 3596 2077 quia
3620 2007 3732 2062 Deus

2202 2110 2386 2155 noster
2415 2108 2515 2155 cst.
2549 2100 2679 2154 Dico
2705 2099 2932 2169 psallite.
2982 2098 3047 2153 Et
3085 2099 3193 2169 regi
3224 2110 3402 2152 nostra
3447 2098 3660 2168 psallite,
3688 2099 3733 2151 id

2203 2204 2285 2246 est
2325 2191 2537 2261 psallite
2585 2190 2634 2244 ei
2682 2191 2807 2260 quia
2862 2204 2959 2245 rex
3010 2199 3190 2244 noster
3226 2199 3331 2244 est.
3385 2188 3593 2243 Psallite
3633 2204 3736 2242 vero

2206 2284 2364 2339 toties
2411 2283 2639 2352 repetit,
2668 2291 2729 2336 ut
2774 2282 2950 2352 magis
2989 2282 3326 2336 exbortetur.
3357 2280 3426 2334 Et
3464 2296 3565 2334 non
3597 2280 3734 2334 solum

2205 2375 2328 2443 quia
2360 2389 2456 2429 rex
2507 2381 2692 2429 noster
2732 2383 2846 2439 est,
2890 2373 2942 2428 id
2989 2382 3072 2427 est
3102 2383 3346 2427 nostrum
3393 2373 3737 2443 apostolorum.

2207 2463 2311 2518 Sed
2344 2465 2591 2533 quoniam
2616 2463 2759 2517 Deus
2782 2471 2866 2517 est
2897 2479 2989 2516 rex
3010 2464 3179 2516 omnis
3204 2473 3386 2528 terrm,
3422 2463 3475 2516 id
3503 2470 3579 2517 est
3600 2464 3739 2516 omnis
3820 2480 3831 2495 ·

2206 2554 2350 2608 modi
2400 2565 2591 2619 teme,
2634 2554 2845 2625 psallite
2887 2554 3008 2624 ipsi.
3059 2554 3126 2607 Et
3175 2554 3277 2609 hoc
3308 2556 3588 2623 sapienter,
3615 2554 3654 2606 id
3673 2563 3742 2607 est

2206 2646 2347 2700 sicut
2374 2645 2704 2715 psallendum
2731 2654 2846 2710 est,
2876 2660 2981 2699 non
3013 2660 3135 2700 cum
3182 2646 3499 2714 arrogantia
3530 2653 3580 2699 et
3609 2644 3741 2714 negli-

2206 2737 2407 2807 gentia.
2458 2736 2670 2791 Diceret
2713 2736 2953 2804 aliquis:
2988 2735 3168 2802 Quare
3199 2735 3336 2789 dicis
3384 2735 3529 2804 quod
3576 2750 3654 2788 rex
3676 2744 3743 2787 est

2206 2827 2383 2879 omnis
2416 2835 2594 2889 terrae,
2625 2840 2748 2879 cum
2791 2840 2897 2879 non
2931 2826 3000 2879 sit
3029 2825 3171 2879 Deus
3201 2826 3301 2879 nisi
3332 2823 3654 2879 Judacoruni?
3678 2824 3742 2876 Ad

2208 2914 2312 2969 hoc
2342 2930 2470 2969 vero
2501 2914 2579 2969 sic
2617 2914 2765 2968 addit
2799 2931 2812 2967 :
2844 2914 2989 2970 Bene
3041 2916 3193 2985 posui
3240 2915 3408 2968 omnis
3460 2923 3624 2967 terra’.
3652 2913 3744 2972 Non

2208 3007 2349 3061 enim
2381 3022 2543 3076 super
2572 3006 2783 3061 Judteos
2809 3015 3039 3072 tantum,
3070 3007 3164 3062 sed
3189 3006 3353 3061 etiam
3383 3007 3608 3077 regnabit
3631 3006 3743 3060 Deus

2209 3115 2364 3167 super
2409 3107 2602 3168 gentes.
2652 3097 2883 3167 Exponit
2913 3112 3043 3153 vero
3071 3112 3231 3167 super
3261 3114 3400 3167 quas
3425 3107 3627 3168 gentes,
3646 3100 3743 3151 sic:

528 3205 627 3245 vus
673 3208 688 3245 :
732 3191 990 3247 Dominus
1026 3192 1259 3249 excelsus
1307 3202 1390 3247 est
1441 3194 1705 3249 omnium.
1755 3192 1915 3246 Juxta
1964 3190 2107 3261 quod
2137 3195 2181 3254 C
2212 3190 2325 3245 Non
2355 3201 2535 3245 autem
2572 3191 2651 3246 sic
2683 3190 2959 3261 regnabit,
2997 3201 3055 3245 ut
3106 3192 3261 3244 modo
3294 3207 3403 3245 non
3437 3200 3639 3260 regnet,
3671 3190 3744 3243 sed

529 3281 657 3337 alibi
688 3282 979 3340 Psalmista
1005 3303 1018 3339 :
1051 3302 1069 3337 ‹
1104 3284 1325 3340 Elevata
1353 3295 1436 3341 est
1480 3285 1878 3357 magnilicentia
1906 3292 1993 3337 tua
2020 3299 2110 3338 su-

530 3388 627 3444 per
668 3375 838 3432 etelos
868 3374 1041 3447 (Psal.
1067 3392 1199 3443 χιιι,
1241 3377 1320 3448 2).
1357 3397 1375 3429 ι
1403 3377 1469 3431 Ει
1493 3378 1584 3446 qui
1614 3377 1761 3432 visus
1791 3385 1874 3432 est
1902 3386 2109 3447 perter-

533 3466 703 3532 ritus,
734 3467 977 3521 terribilis
1007 3467 1111 3522 erit
1147 3467 1359 3537 injustis
1391 3469 1443 3522 in
1494 3468 1695 3523 futuro.
1730 3467 1883 3523 Unde
1920 3468 2110 3521 beatus

533 3552 868 3625 Gregorius:
903 3574 921 3607 ι
959 3555 1026 3608 Ει
1069 3555 1311 3626 placidus
1346 3556 1539 3625 justis,
1572 3568 1628 3613 et
1661 3557 1920 3612 terribilis
1948 3572 2110 3627 appa-

537 3644 683 3700 rebit
737 3644 970 3713 injustis.
1005 3665 1025 3698 ι
1074 3646 1139 3699 Ει
1183 3647 1516 3717 Apostolus:
1572 3665 1592 3699 ι
1638 3647 1975 3701 llorrendum
2027 3655 2111 3701 est

533 3737 777 3792 incidere
806 3738 858 3791 in
895 3752 1084 3792 manus
1130 3737 1220 3791 Dei
1263 3738 1492 3793 viventis
1529 3737 1717 3809 (Hebr.
1749 3755 1804 3805 x,
1837 3737 1925 3809 3i)
1958 3756 1970 3791 :
2008 3757 2025 3789 ι
2058 3748 2113 3793 et

537 3827 630 3897 qui
659 3828 804 3882 visus
835 3836 919 3882 est
947 3836 1001 3882 et
1046 3828 1342 3897 impotens,
1376 3845 1466 3882 rex
1494 3846 1714 3899 magnus
1743 3840 1839 3883 est.
1889 3830 1955 3883 Et
1983 3844 2110 3884 vere

538 3936 786 3993 magnus.
833 3919 965 3975 Nam
1005 3938 1100 3977 rex
1145 3930 1226 3977 est
1273 3938 1428 3992 super
1455 3938 1658 3975 omnem
1698 3931 1909 3976 terram.
1960 3921 2111 3977 Unde

539 4013 668 4068 alibi
693 4030 706 4067 :
737 4032 757 4065 ι
782 4011 891 4083 Ego
913 4014 1239 4068 constitutus
1266 4029 1383 4067 sum
1406 4028 1497 4067 rex
1516 4014 1581 4067 ab
1605 4027 1670 4066 eo
1691 4010 1863 4082 (Psal.
1889 4029 1951 4077 ιι,
1976 4013 2051 4082 6).
2086 4031 2105 4065 ι

538 4104 605 4160 Et
632 4104 687 4159 in
734 4104 837 4159 hoc
878 4113 1103 4174 apparet
1136 4119 1260 4158 eum
1313 4119 1566 4173 magnum
1616 4119 1798 4175 regem
1846 4115 1898 4158 et
1946 4106 2111 4159 Deum

538 4212 694 4261 esse,
734 4197 825 4266 qui
868 4196 1015 4249 nobis
1060 4210 1274 4265 quoque
1302 4196 1473 4249 servis
1509 4197 1620 4251 suis
1648 4196 1865 4267 subjecit
1898 4196 2113 4265 populos

535 4283 881 4350 Iudaeorum;
916 4284 1101 4340 ﬁdeles
1126 4286 1331 4340 scilicet
1359 4294 1405 4339 et
1444 4296 1619 4355 gentes
1654 4288 1801 4341 misit
1843 4287 1937 4340 sub
1971 4288 2116 4356 pedi—

540 4376 634 4431 bus
669 4376 895 4439 nostris,
928 4375 982 4429 id
1012 4385 1095 4431 est
1123 4376 1349 4430 multum
1380 4378 1535 4432 nobis
1571 4376 1830 4448 subjecit;
1865 4393 1893 4431 a
1922 4377 2114 4432 similia

542 4465 771 4520 litudine
804 4464 950 4518 illius
980 4464 1071 4533 qui
1103 4464 1387 4534 subjicitur
1417 4466 1640 4533 pedibus
1678 4467 1924 4537 alicujus.
1961 4465 2116 4533 Quod

2210 3292 2266 3338 et
2290 3298 2432 3338 nunc
2452 3284 2591 3336 sedet
2622 3283 2674 3336 in
2703 3272 2983 3347 internum,
3010 3298 3258 3337 sessurus
3285 3278 3453 3351 super‘
3467 3282 3629 3335 sedem
3648 3297 3748 3333 san-

2211 3390 2346 3433 ctam
2375 3395 2547 3443 suam,
2576 3378 2811 3448 153M
2836 3388 2919 3432 cst
2946 3393 3108 3447 super
3132 3392 3223 3431 cos
3246 3377 3312 3430 de
3340 3376 3587 3446 gentibus
3607 3376 3745 3437 sedet,

2211 3469 2301 3540 qui
2339 3478 2463 3524 sunt
2488 3471 2642 3524 sedes
2670 3477 2856 3523 sancta
2886 3484 3008 3531 sua,
3036 3477 3091 3522 ut
3129 3482 3221 3523 eos
3252 3468 3451 3537 dirigat
3471 3468 3535 3520 de
3565 3467 3687 3521 bono
3707 3466 3749 3518 in

2213 3563 2423 3617 melius.
2480 3562 2634 3617 Unde
2683 3561 2952 3630 Propheta
2998 3578 3012 3615 :
3064 3580 3081 3612 ι
3142 3562 3312 3632 Regni
3364 3562 3484 3631 ejus
3534 3575 3629 3613 non
3668 3559 3751 3614 erit

2212 3651 2337 3705 ﬁnis
2362 3651 2548 3722 (Mich.
2584 3667 2653 3710 tv.
2694 3651 2753 3715 7;
2800 3650 2924 3705 Luc.
2950 3667 2998 3715 1,
3024 3650 3136 3721 '55).
3184 3672 3200 3703 ι
3233 3652 3515 3718 ριιωι-(ξτθι
3552 3650 3748 3719 aliquis:

2211 3741 2489 3809 Quomodo
2514 3742 2617 3798 sibi
2648 3758 2869 3815 regnum
2902 3743 2952 3797 in
2983 3744 3229 3815 gentibus
3274 3744 3518 3814 paravit?
3540 3742 3615 3797 Ad
3638 3740 3752 3812 quod

2211 3838 2291 3892 sic
2343 3837 2663 3907 respondet,
2710 3837 2854 3906 quod
2904 3837 3163 3906 principes
3210 3836 3558 3907 populorum,
3602 3836 3650 3889 id
3690 3844 3753 3889 est

2212 3945 2388 4001 reges,
2418 3931 2603 3994 duces,
2628 3939 2682 3985 et
2712 3931 2892 3986 caeteri
2916 3931 3213 4000 congregati
3235 3941 3354 3983 sunt
3377 3928 3441 3983 ad
3468 3930 3647 3993 ﬁdem;
3669 3943 3750 3982 non

2211 4036 2335 4077 cum
2366 4021 2570 4075 recenti
2598 4019 2723 4085 Deo,
2759 4020 2853 4076 sed
2878 4036 2997 4074 cum
3026 4019 3135 4072 Deo
3161 4018 3449 4082 Abraham,
3486 4018 3537 4073 id
3560 4030 3637 4073 est
3657 4031 3751 4072 cum

2215 4111 2324 4165 Deo
2347 4120 2573 4175 aeterno,
2603 4126 2762 4179 quem
2796 4109 2963 4165 coluit
3003 4109 3275 4164 Abraham
3297 4151 3312 4173 ,
3338 4108 3570 4162 vivendo
3608 4108 3751 4167 bene,

2214 4217 2323 4255 non
2353 4200 2720 4255 dissentiendo
2764 4200 2832 4253 ab
2859 4213 2957 4265 eo,
2996 4201 3222 4254 vivendo
3264 4215 3542 4269 perverse.
3592 4198 3647 4252 Et
3684 4210 3755 4267 ιη

2215 4290 2491 4361 principes
2544 4299 2669 4343 sunt
2719 4291 3026 4359 congregati
3083 4288 3337 4343 minores.
3394 4288 3582 4343 Posset
3625 4290 3751 4342 etiam

2218 4381 2385 4450 quaeri
2414 4399 2427 4433 :
2460 4379 2668 4434 Suntne
2710 4394 2805 4448 per
2862 4378 3089 4433 liberum
3127 4379 3414 4433 arbitrium
3446 4377 3753 4449 congregati?

2223 4472 2638 4542 Respondetur:
2671 4470 3041 4540 Nequaquam.
3081 4469 3187 4525 Sed
3215 4485 3313 4539 per
3339 4486 3439 4526 nos
3482 4472 3574 4540 qui
3611 4482 3755 4525 sumus

540 4566 625 4611 est
664 4556 845 4610 dicere
873 4573 886 4609 :
917 4555 1233 4611 Credituros
1261 4571 1327 4610 ex
1356 4554 1557 4612 Judaeis
1589 4566 1643 4612 et
1674 4559 1953 4628 gentibus,
1981 4559 2105 4628 regi-

2220 4567 2293 4620 dii
2317 4576 2488 4630 terrm,
2526 4565 2577 4618 id
2608 4572 2693 4618 est
2721 4562 2994 4627 Ecclesiae,
3022 4577 3141 4631 qua:
3165 4562 3257 4616 Dei
3291 4571 3436 4616 terra
3468 4572 3586 4625 est;
3613 4560 3679 4615 vel
3700 4559 3753 4612 dii

542 4651 673 4705 mini
703 4660 889 4707 nostro
918 4653 1184 4717 subdidit;
1214 4662 1273 4706 et
1305 4651 1354 4705 in
1386 4653 1487 4708 hoc
1517 4663 1742 4724 apparet
1772 4655 1913 4724 quod
1950 4653 2117 4707 multo

542 4743 715 4813 magis
761 4744 860 4814 ipsi
915 4745 1115 4799 subditi
1165 4754 1310 4799 sunt.
1360 4745 1473 4801 Hoc
1515 4755 1693 4799 autem
1739 4746 1885 4814 quod
1933 4753 2118 4814 gentes

543 4832 699 4887 nobis
726 4831 989 4899 subjecit,
1020 4850 1124 4887 non
1159 4835 1388 4905 contigit
1421 4850 1487 4887 ex
1516 4850 1701 4889 earum
1750 4834 1989 4898 meritis,
2023 4834 2116 4890 sed

542 4920 656 4993 ipse
679 4923 830 4993 elegit
864 4925 1009 4979 nobis
1054 4927 1410 4981 Itwreditatem
1454 4943 1634 4990 suam,
1684 4927 1734 4981 id
1764 4936 1846 4981 est
1884 4942 1950 4981 ex
1975 4926 2116 4981 elec-

543 5014 689 5070 tione
720 5015 1104 5071 misericordia:
1133 5035 1243 5073 sute
1287 5020 1519 5087 subjecit
1544 5019 1700 5074 nobis
1746 5030 1961 5089 gentes,
1997 5035 2114 5090 qua:

543 5113 670 5159 sunt
701 5106 987 5163 litereditas
1014 5108 1127 5177 ejus
1158 5126 1316 5179 quam
1350 5126 1444 5179 per
1475 5126 1573 5165 nos
1606 5112 1819 5165 excolit.
1853 5111 2115 5178 Quoniam

542 5205 720 5251 autem
745 5213 851 5251 non
877 5213 1065 5255 omnes
1087 5211 1212 5255 sunt
1244 5201 1526 5255 lttPI'CdllaS
1547 5203 1683 5271 ejus,
1711 5203 1931 5271 exponit
1956 5218 2117 5273 quam

544 5289 916 5345 btereditatcrn
949 5291 1127 5363 elegit.
1164 5293 1255 5347 Sic
1280 5292 1485 5349 scilicet
1508 5296 1666 5364 elegit
1686 5296 1903 5364 speciem
1931 5295 2115 5357 Jacob,

545 5380 596 5436 id
628 5392 711 5438 est
751 5384 1151 5453 speciositatem
1179 5386 1450 5455 gentium,
1486 5387 1766 5456 ﬁguratam
1794 5403 1891 5459 per
1928 5387 2115 5443 Iacob.

545 5474 649 5532 Per
675 5475 841 5532 Jacob
888 5478 1064 5543 enim,
1107 5477 1199 5547 qui
1247 5478 1673 5534 benedictionem
1723 5478 1911 5548 majori
1965 5478 2116 5533 fratri

544 5568 844 5638 subripuit,
887 5578 1076 5637 gentes
1116 5569 1468 5639 praeﬁgurata:
1507 5579 1664 5633 sunt.
1708 5587 1826 5641 ane
1857 5571 1909 5624 in
1940 5570 2116 5625 locum

544 5659 853 5715 Judreorum
894 5667 1051 5714 erant
1102 5674 1451 5716 successum.
1489 5664 1655 5729 Quem
1709 5663 1874 5731 iacob
1929 5663 2112 5717 dilexit

552 5748 843 5814 Dominus,
892 5746 1033 5803 Esau
1087 5748 1345 5817 neglecto,
1394 5751 1459 5805 de
1511 5767 1617 5823 quo
1672 5752 1929 5823 scriptum
1982 5761 2112 5808 est:

2219 4667 2393 4724 terrae,
2424 4656 2475 4711 id
2504 4655 2832 4711 estdeiﬁcati
2857 4670 2921 4709 ex
2949 4653 3196 4717 terrenis,
3220 4654 3361 4722 quod
3383 4653 3537 4724 prius
3558 4667 3752 4708 eramus.

2218 4747 2482 4814 Quoniam
2515 4746 2586 4799 dii
2618 4754 2795 4809 terrae,
2824 4758 2920 4798 nos
2951 4742 3181 4807 scilicet,
3213 4747 3373 4810 [artes
3406 4743 3460 4795 in
3489 4738 3753 4796 constantia

2214 4838 2636 4909 prmdicationis,
2680 4836 3027 4891 vehementer
3070 4833 3251 4887 elevati
3285 4842 3406 4886 sunt
3454 4832 3507 4886 in
3560 4829 3753 4901 potentia

2216 4932 2602 4987 miraculorum
2624 4971 2639 4996 ,
2685 4949 2702 4981 ι
2740 4928 2966 4982 Domino
3002 4934 3361 4994 cooperante,
3393 4934 3450 4978 et
3485 4934 3752 4978 sermonem

2218 5024 2574 5083 conﬁrmante
2599 5024 2947 5095 sequentibus
2970 5023 3137 5093 signis
3167 5020 3361 5092 (Marc.
3390 5034 3506 5081 xvr,
3544 5017 3649 5085 20).
3674 5033 3687 5064 ι
3708 5011 3755 5064 Et

2219 5135 2315 5189 per
2340 5119 2772 5189 przcdieationem
2803 5126 2857 5172 et
2883 5116 3138 5171 miracula
3168 5115 3381 5169 illorum
3411 5114 3633 5168 deorum
3658 5124 3753 5161 con-

2219 5210 2416 5279 gregati
2448 5220 2567 5262 sunt
2614 5209 2871 5279 principes
2911 5206 3243 5276 populorum.
3293 5204 3374 5257 Dii
3418 5204 3633 5273 quidem
3656 5212 3753 5267 apo-

2221 5301 2340 5353 stoli
2369 5298 2504 5353 bene
2528 5301 2801 5362 dicuntur,
2831 5314 2895 5353 eo
2918 5299 3057 5367 quod
3081 5298 3153 5351 dii
3184 5298 3279 5352 ﬁlii
3297 5307 3426 5351 sunt
3449 5291 3751 5365 spiritualcs:

2222 5397 2277 5443 et
2309 5389 2361 5442 in
2391 5393 2678 5444 sanctitate
2707 5391 2829 5443 vita!
2873 5397 3033 5459 prout
3081 5387 3337 5456 possibile
3374 5387 3509 5452 fuit,
3554 5385 3754 5441 Christo,

2222 5481 2311 5549 qui
2343 5481 2483 5536 Deus
2509 5491 2612 5545 est,
2635 5482 2894 5535 exstitere
2924 5478 3230 5534 conformcs
3260 5497 3270 5531 :
3306 5487 3362 5532 et
3396 5478 3449 5532 in
3483 5478 3634 5532 cretis
3654 5487 3751 5541 quo-

2222 5585 2327 5640 que
2381 5580 2503 5640 post
2558 5570 2737 5625 carnis
2791 5568 3210 5631 absolutionem,
3263 5568 3382 5636 ejus
3436 5576 3566 5621 sunt
3614 5561 3755 5634 gloria:

2222 5664 2530 5733 participes.
2560 5663 2712 5719 Unde
2740 5676 2833 5733 per
2858 5660 3196 5715 Psalmistam
3227 5659 3426 5713 dicitur
3455 5675 3465 5709 :
3504 5659 3610 5726 Ego
3633 5650 3719 5707 disi
3745 5666 3752 5676 ·

2224 5754 2304 5808 Dii
2335 5753 2467 5809 estis
2490 5750 2658 5819 (l’sal.
2687 5768 2873 5818 Lxxxt,
2900 5750 2971 5810 b).
