3838 6328
109 352 166 408 Sil
881 338 1249 397 exposmo
1278 337 1347 394 IN
1385 337 1729 396 PSALMOS.
1760 368 1832 381 -
1863 337 2059 394 esse
2104 337 2311 394 XLvu.
3143 345 3248 400 διε

428 451 490 508 IN
524 450 856 508 PSALMUM
895 453 1104 510 XLVII.

149 553 300 611 Titulus
335 548 706 620 quadragesimi
753 549 966 619 septimi
1002 568 1014 601 :
1043 547 1290 603 Psalmus
1336 550 1556 612 cantici,

99 651 253 719 ﬁliorum
275 642 380 698 Core
408 641 629 696 secunda
663 639 895 694 Sabbati.
934 639 1086 706 Quod
1117 640 1196 694 sic
1225 640 1512 722 exponitur
1543 657 1555 692 :

101 739 292 798 I’salmtts,
331 733 374 788 id
413 742 487 787 est
517 739 778 786 tractatus
811 731 912 785 iste
949 740 1031 785 est
1061 730 1301 800 psalmus
1335 729 1556 794 cantici,

97 831 214 884 idest
263 834 487 881 tractatus
541 824 770 889 Ιιειὶιίειι,
833 823 1118 878 εοιιιίιιειιε
1188 821 1558 876 fumlationem

96 920 284 974 Fcclesite.
307 918 437 974 Unde
461 918 619 972 debet
648 917 834 972 haberi
863 916 1046 970 Iretitia
1071 915 1138 970 ab
1160 916 1413 970 omnibus
1439 914 1563 970 ﬁde-

94 1011 194 1064 libus.
237 1008 311 1062 l’el
360 1007 584 1076 psalmus
636 1006 865 1067 laetitiae,
921 1006 973 1060 id
1028 1015 1110 1060 est
1159 1005 1449 1060 ostendens
1507 1004 1560 1057 in

93 1110 224 1169 quanta
248 1100 404 1154 lzetitia
445 1097 602 1152 fuerit
639 1096 878 1152 Ecclesia
925 1098 978 1152 in
1023 1096 1190 1165 ipsius
1225 1095 1560 1150 laudatione.

90 1192 123 1244 In
155 1193 227 1246 boc
262 1191 442 1261 psalmo
479 1191 902 1244 introducuntur
946 1188 1039 1242 ﬁlii
1087 1175 1226 1242 Core
1271 1204 1283 1238 :
1335 1184 1562 1254 apostoli

90 1282 226 1335 scilicet
261 1291 452 1352 agentes
484 1282 548 1335 de
579 1281 682 1335 hoc
728 1280 872 1349 quod
920 1277 1283 1350 signiﬁcatum
1318 1284 1430 1338 est,
1467 1290 1566 1344 per

87 1373 151 1422 IJOC
181 1371 289 1440 quod
339 1371 549 1440 conligit
598 1371 649 1424 in
700 1369 936 1424 secunda
984 1368 1238 1429 Sabbati,
1284 1367 1335 1420 id
1373 1374 1457 1420 est
1496 1366 1563 1420 de

87 1463 388 1534 reprtcsignata
415 1478 507 1533 per
537 1465 938 1517 ﬁrmamentum
967 1463 1108 1531 quod
1148 1470 1393 1516 creatum
1423 1469 1506 1514 εει
1534 1476 1561 1514 a

87 1553 212 1608 Deoia
243 1557 445 1610 secunda
487 1555 734 1619 Sabbati,
786 1571 945 1624 quem
992 1554 1168 1608 Latini
1205 1554 1392 1608 dicunt
1421 1553 1563 1608 diem

83 1641 216 1708 Lunae,
251 1645 438 1699 llebrrei
473 1661 629 1710 vero,
663 1646 778 1701 dies
815 1661 845 1699 a
879 1645 1115 1699 Sabbato
1153 1652 1564 1714 computantes,

82 1736 241 1790 secunda
273 1737 469 1792 Sabbati
503 1739 708 1794 dicunt.
757 1738 860 1792 Per
901 1738 1301 1792 ﬁrmamentum
1333 1750 1567 1805 namque

1593 461 1637 520 Λ
1669 453 1816 507 omni
1851 453 2046 506 virtute
2079 452 2386 507 conﬁrmat.
2436 449 2586 519 Quod
2635 460 2718 508 εει
2755 453 2936 509 dicere
2971 472 2982 509 :
3015 454 3132 509 Non
3164 471 3252 512 so-

1669 545 1776 598 lum
1808 559 1901 614 per
1929 544 2219 614 gloriosam
2267 543 2502 598 civitatis
2547 559 2656 598 suae
2702 544 3104 612 laudationem,
3140 547 3252 602 Do-

1666 636 1838 688 minus
1858 649 1977 690 esse
2005 650 2222 704 magnus
2244 643 2298 688 ει
2319 633 2601 687 laudabilis
2627 635 2943 704 apparebit;
2971 637 3064 691 sed
3087 637 3249 693 etiam

1667 747 1765 802 per
1792 730 2165 784 admirabilem
2199 731 2481 785 domorum
2519 729 2757 785 civitatis
2793 728 3032 799 ejusdem
3085 731 3252 787 ﬁrmi-

1670 835 1836 881 tatem
1873 826 1994 880 eum
2023 825 2308 880 Dominum
2333 839 2456 880 esse
2482 825 2771 880 constabit.
2791 824 2887 879 Vel
2915 827 2992 881 sic
3015 845 3028 882 :
3056 829 3096 880 A
3119 840 3255 898 quo-

1668 933 1880 986 cunque
1930 933 2035 972 non
2084 926 2445 986 cognoscetur
2499 917 2684 983 Dens;
2743 919 2797 971 in
2849 920 3089 973 domibus
3137 921 3252 990 ejus

1669 1011 1907 1066 civitatis
1938 1019 2279 1079 cognoscatur
2303 1023 2423 1063 esse
2451 1009 2618 1072 Deus,
2657 1009 2707 1064 in
2742 1007 2990 1066 ﬁdelibus
3022 1011 3250 1066 scilicet.

1668 1101 1735 1154 Et
1764 1111 2110 1170 cognoscatur
2145 1116 2262 1153 cum
2295 1101 2540 1169 suscipiet
2569 1116 2682 1153 eam
2727 1101 3002 1156 civitatem
3031 1103 3098 1157 ad
3124 1118 3256 1156 con-

1669 1195 2020 1258 servandum,
2052 1193 2104 1246 in
2140 1192 2580 1247 tribulationibus
2619 1207 2686 1247 ne
2723 1194 2937 1250 deﬁciat
2964 1212 2977 1246 :
3005 1210 3036 1248 a
3065 1195 3258 1250 simili-

1672 1286 1856 1340 tudine
1885 1285 2118 1356 patroni,
2156 1284 2247 1354 qui
2282 1299 2600 1355 oppressum
2628 1285 2694 1339 ab
2723 1285 2903 1354 aliquo
2937 1287 3164 1357 suscipit
3196 1296 3256 1342 ut

1670 1386 1938 1447 protegat.
1966 1377 2229 1443 Quoniam
2260 1391 2388 1430 vero
2412 1377 2623 1431 dixerat
2650 1393 2901 1448 magnum
2934 1393 3052 1434 esse
3074 1379 3259 1434 Domi-

1673 1483 1799 1520 num
1829 1475 1884 1521 ει
1913 1465 2238 1520 laudabilem
2267 1467 2319 1519 in
2353 1468 2559 1520 cit-itote
2579 1507 2592 1531 ,
2625 1477 2803 1537 posset
2833 1468 3002 1537 quaeri
3033 1487 3044 1523 ς
3076 1467 3256 1536 Quare

1671 1559 1952 1613 laudabilis
1994 1569 2080 1614 est
2112 1561 2165 1614 in
2191 1560 2440 1615 civitate?
2468 1560 2548 1614 Ad
2580 1562 2682 1615 hoc
2711 1571 2890 1616 autem
2932 1563 3220 1632 respondet
3241 1603 3257 1626 ,

1671 1650 2066 1720 interponendo
2119 1666 2338 1706 causam
2391 1666 2559 1722 quare
2605 1669 2827 1723 magnus
2877 1663 2924 1708 et
2973 1654 3257 1710 laudabilis

1672 1742 1856 1796 videre
1885 1742 2081 1798 debeat
2119 1744 2172 1796 in
2203 1744 2440 1805 civitate,
2471 1743 2549 1798 sic
2582 1761 2595 1797 :
2629 1745 2766 1798 Vere
2807 1762 3028 1814 magnus
3057 1755 3114 1800 et
3137 1747 3260 1800 lau-

79 1830 168 1896 quod
189 1847 210 1882 a
236 1829 329 1884 Deo
355 1833 550 1886 factum
579 1841 665 1886 est
704 1832 942 1886 secunda
987 1830 1207 1885 Sabbati
1227 1871 1242 1895 ,
1277 1839 1400 1900 post
1428 1829 1565 1884 lucis
1597 1826 1644 1887 B
1669 1832 1860 1887 dabitis
1885 1842 1967 1887 est
1997 1835 2052 1887 in
2088 1833 2298 1887 civitate
2325 1849 2342 1886 :
2375 1851 2499 1887 nam
2534 1833 2623 1907 illa
2654 1834 2837 1889 civitas
2873 1835 3026 1905 Regis
3057 1837 3257 1907 magni,

79 1920 346 1985 creationem,
377 1923 773 1992 pneliguratnm
823 1930 908 1977 est
950 1921 1206 1977 Ecclesiae
1246 1920 1566 1975 fundamen—

76 2013 306 2082 tutu;qttod
332 2014 557 2082 contigit
602 2023 724 2084 post
769 2013 1099 2068 luculentam
1145 2012 1346 2068 Christi
1387 2026 1570 2066 resur-

75 2103 314 2170 rectionem,
360 2121 476 2176 quae
535 2105 863 2160 resurrectio
903 2114 988 2160 est
1037 2106 1208 2160 nostri
1257 2105 1566 2160 intellectus

72 2191 325 2250 illuutiuatio.
369 2197 525 2253 Unde
571 2197 732 2252 etiam
769 2205 942 2253 totum
992 2209 1202 2267 tempus
1253 2213 1282 2251 a
1321 2213 1566 2252 resurre-

70 2284 186 2340 ctione
212 2286 388 2342 Christi
418 2304 590 2360 usque
624 2289 693 2343 ad
737 2289 898 2344 ﬁnem
933 2290 1118 2345 mundi
1157 2290 1226 2344 ab
1269 2288 1567 2359 Augustino

66 2381 229 2433 Secunda
256 2381 464 2438 Sabbati
491 2392 716 2439 vocatur
743 2401 755 2436 :
783 2399 848 2438 eo
875 2383 1018 2453 quod
1043 2398 1141 2452 per
1165 2391 1333 2438 totum
1360 2395 1568 2452 tempus

71 2470 154 2525 illud
189 2489 211 2526 a
255 2476 349 2530 Deo
396 2477 642 2532 Ecclesia
693 2475 950 2531 fundatur
999 2477 1064 2531 de
1117 2475 1468 2547 generatione
1513 2475 1566 2529 in

63 2565 376 2627 generationem
411 2584 425 2620 :
468 2568 616 2636 sicut
649 2567 700 2620 in
734 2567 969 2622 secunda
1001 2565 1225 2621 Sabbati
1271 2566 1568 2635 accipimus

67 2655 309 2710 Ill'lllalllellll
337 2658 503 2714 fuisse
524 2660 994 2715 constitutionem.
1023 2658 1151 2724 Quae
1171 2657 1294 2728 jure
1315 2657 1569 2712 Ecclesia:

61 2741 373 2804 ﬁrmamentum
405 2753 734 2822 appellatur,
767 2769 832 2806 eo
863 2753 1005 2822 quod
1052 2753 1103 2806 in
1134 2753 1396 2806 virtutum
1449 2765 1571 2820 per-

63 2830 227 2891 lectione
252 2840 510 2897 ﬁrmatur.
550 2845 627 2897 De
656 2859 760 2912 qua
793 2843 1051 2897 Dominus
1098 2843 1258 2898 Petro
1289 2843 1340 2897 in
1391 2843 1571 2897 Evan-

58 2927 148 2993 gelia
168 2932 340 2989 dixisse
371 2936 574 3008 legitur
604 2955 617 2991 :
652 2956 670 2989 ι
707 2937 880 3008 Super
901 2939 1038 2992 hanc
1061 2948 1270 3008 petram
1294 2936 1571 3012 :ediﬁcaho

59 3017 276 3081 Ecclesium
304 3045 500 3098 meam,
558 3039 616 3086 ct.
645 3042 814 3102 porta:
854 3030 1010 3085 inferi
1052 3045 1156 3084 non
1201 3029 1572 3100 praevalebunt.

55 3111 240 3172 adversus
282 3135 398 3174 eam
450 3121 678 3185 (Matth.
731 3138 840 3187 va,
893 3121 1001 3191 l8).
1043 3141 1060 3173 ι
1107 3122 1182 3177 De
1235 3121 1335 3176 hac
1387 3129 1567 3182 autem

1669 1923 1880 1978 Domini
1923 1922 2047 1979 Jesu
2073 1925 2301 1993 scilicet,
2345 1911 2602 1996 [ttttdalttr
2641 1927 2708 1980 ab
2744 1926 2863 1995 ipso
2893 1927 3058 1997 Rege,
3095 1927 3147 1982 id
3176 1937 3261 1984 est

1669 2015 1824 2070 ﬁrma
1849 2016 2201 2070 constituitur
2230 2033 2243 2069 :
2276 2025 2330 2070 ει
2359 2017 2461 2072 Ιιοε
2488 2033 2606 2070 cum
2630 2016 2983 2072 exsultatione
3006 2017 3261 2072 nuit-crsu:

1666 2112 1856 2170 terrm,
1909 2105 1962 2161 id
2012 2116 2095 2161 εει
2147 2107 2225 2161 sic
2272 2107 2532 2176 fundatur
2575 2108 2717 2176 quod
2761 2120 2949 2162 omnes
2983 2106 3162 2178 pepuli
3206 2114 3263 2162 et

1669 2199 1902 2270 gentiles
1934 2207 1989 2254 et
2017 2196 2190 2254 Judaei
2239 2198 2514 2254 exsultant
2566 2199 2616 2252 in
2662 2198 2782 2270 ejus
2827 2199 3163 2254 laudatione.
3195 2197 3264 2252 Et

1669 2290 1796 2359 quia
1838 2299 2061 2360 possent
2097 2289 2322 2361 intelligi
2357 2290 2630 2345 exsultare
2667 2291 2808 2346 sicut
2842 2306 2950 2345 non
2989 2300 3171 2346 essent
3207 2290 3263 2345 in

1670 2383 1759 2437 illa
1791 2383 2302 2450 civitatc,,ostendit
2331 2399 2395 2438 ex
2426 2384 2507 2439 eis
2535 2384 2783 2453 utrisque
2811 2399 2932 2439 eam
2969 2383 3261 2449 constitui,

1639 2513 1642 2516 ς
1669 2489 1792 2528 cum
1822 2474 2003 2529 addit:
2038 2475 2105 2530 Et
2130 2475 2244 2546 ipsa
2277 2475 2468 2530 civitas
2500 2472 2762 2530 cst‘mons
2798 2475 2932 2530 Sion
2959 2491 2978 2529 :
3007 2483 3061 2530 ει
3093 2474 3264 2533 latera

1669 2565 1961 2635 aquilonis,
1995 2565 2047 2620 id
2080 2575 2162 2621 est
2191 2566 2545 2621 constituit-ur
2587 2582 2650 2620 cx
2682 2574 2865 2620 monte
2911 2565 3074 2630 Sion,
3109 2573 3165 2620 et
3193 2580 3264 2620 ex

1670 2655 1932 2713 lateribus
1979 2659 2284 2728 aquilonis,
2337 2659 2388 2714 id
2429 2667 2605 2715 estex
2653 2657 2854 2714 Judmis
2884 2667 2940 2714 et
2988 2660 3260 2730 gentibus.

1673 2749 1829 2803 Mons
1859 2766 1994 2805 vero
2025 2750 2156 2806 Sion
2189 2750 2498 2806 Iudaeorum
2527 2752 2676 2822 plebs
2706 2753 2906 2806 dicitur
2934 2771 2947 2805 :
2982 2766 3087 2806 non
3118 2747 3266 2822 quod

1671 2839 1726 2894 in
1753 2841 2044 2897 virtutibus
2087 2849 2232 2896 esset
2283 2841 2564 2907 sublimis,
2611 2841 2704 2896 sed
2751 2851 3012 2913 quantum
3063 2843 3128 2897 ad
3163 2842 3262 2896 Dei

1672 2932 1875 2988 cultum
1925 2949 2084 3004 quem
2136 2933 2454 2998 exercebat,
2498 2943 2552 2990 et
2581 2951 2703 2988 eum
2749 2935 3054 2990 exercendo
3094 2936 3264 2990 Deum

1672 3023 2172 3094 contemplabatur,
2204 3040 2312 3094 quo
2341 3024 2488 3079 cultu
2518 3025 2759 3096 gentium
2792 3025 3082 3080 inﬁdelitas
3111 3041 3265 3081 careo

1673 3113 1786 3167 bat.
1841 3112 2030 3167 Latera
2071 3115 2287 3184 quidem
2323 3115 2623 3185 aquilonis,
2675 3116 2726 3170 id
2774 3125 2858 3170 est
2900 3116 3100 3171 diaboli
3129 3133 3264 3186 gens

55 3201 239 3263 Ecclesia:
283 3211 610 3269 [ιιιιιιιιιίοιιε
641 3214 693 3268 in
741 3215 841 3268 hoc
869 3215 1080 3283 psalmo
1111 3213 1338 3284 apostoli
1373 3223 1568 3284 agunt,

1676 3203 1875 3257 dicitur
1905 3215 1919 3254 :
1953 3218 2018 3257 eo
2051 3205 2194 3274 quod
2233 3204 2348 3275 ejus
2377 3204 2577 3258 diaboli
2627 3205 2889 3260 satellites
2930 3207 3262 3273 existentes,

52 3292 213 3354 dicendo
253 3315 448 3373 quanta
504 3306 870 3361 exsultatione
918 3305 1160 3360 onunium
1209 3303 1450 3376 gentium
1501 3305 1572 3358 sit

51 3381 143 3440 facta
160 3407 213 3444 ex
236 3391 429 3449 Iudaeis
451 3407 507 3452 et
531 3397 786 3467 gentibus
814 3414 826 3449 :
857 3405 908 3450 et
936 3381 1383 3466 quam'constaus
1411 3395 1482 3448 sit
1507 3409 1572 3448 ne

50 3474 174 3547 aliquo
192 3484 332 3540 modo
354 3495 504 3542 metu
531 3498 876 3542 terrenornm
903 3487 1202 3557 principum
1225 3483 1571 3549 deﬁciat,scd

47 3572 222 3639 exemplo
244 3578 569 3631 constantiae
586 3587 642 3630 et
661 3578 1018 3631 admiratione
1046 3592 1155 3631 sua:
1177 3575 1421 3645 gloriosa:
1451 3575 1574 3629 fun‘

49 3657 215 3721 dationls
235 3682 319 3725 eos
360 3673 427 3726 ad
458 3673 546 3727 sui
577 3671 1017 3726 conlormitatcm
1047 3672 1306 3725 attrahat.
1345 3671 1412 3724 Et
1443 3669 1571 3740 quia

45 3751 124 3804 talis
145 3757 199 3811 ab
223 3775 282 3813 eo
325 3761 557 3816 fundata
598 3763 951 3826 est,ostentlit
983 3761 1266 3816 Dominum
1293 3759 1570 3814 Christum

45 3854 228 3915 maguum
255 3853 302 3908 in
328 3855 430 3911 hoc
451 3857 636 3910 videri
665 3869 718 3910 et
747 3855 1095 3922 laudabilem,
1123 3865 1183 3910 ut
1206 3855 1483 3908 auditores
1516 3854 1570 3906 in

41 3931 189 3994 laudent
214 3946 287 3998 sui
320 3948 556 4001 alliciat.
590 3947 664 4000 De.
698 3946 850 4014 cujus
882 3946 1200 4001 ﬁnnlatione
1226 3947 1372 4012 cives
1395 3945 1485 4013 qui
1516 3945 1570 3998 in

43 4036 80 4074 tu
99 4043 264 4086 suntex
289 4033 499 4090 ludet-is
527 4046 581 4091 et
606 4037 1024 4107 gentiliusjubet
1047 4037 1247 4091 laetari:
1277 4046 1572 4106 gentesque

37 4127 116 4179 “JH:
148 4122 238 4192 itup
274 4125 573 4182 rl'ectiores
611 4137 755 4204 sunt,
805 4127 989 4181 ﬁdeles
1021 4127 1084 4181 de
1119 4125 1318 4180 Judtcis
1362 4125 1574 4196 perfec-

41 4206 154 4264 tiores
171 4213 356 4271 imitari
376 4233 390 4271 :
407 4228 487 4285 et,
511 4227 576 4271 ut
604 4221 975 4271 tantunnuodo
994 4217 1161 4271 bonos
1177 4215 1519 4281 cumulentur,
1541 4231 1571 4268 a

34 4291 137 4354 falsis
174 4310 629 4373 prmdicatoribus
661 4324 851 4364 cavere
890 4311 1160 4364 hortatur.
1215 4309 1342 4377 Agit
1389 4317 1570 4363 autem

36 4383 116 4443 ideo
137 4396 188 4448 de
211 4398 302 4454 hac
326 4401 606 4470 Ecclesia:
641 4401 877 4470 gloriosa
907 4399 1244 4465 l'undatione,
1276 4408 1333 4452 ut
1362 4415 1456 4454 eos
1479 4398 1572 4470 qui

32 4485 205 4543 nonduin
235 4492 381 4548 cives
413 4495 546 4565 ejus
589 4503 744 4558 sunt,
794 4493 860 4546 ad
906 4508 1026 4548 eam
1058 4492 1250 4546 invitet
1277 4493 1566 4558 accedere;

1675 3306 1797 3346 eum
1824 3306 2041 3362 semper
2068 3294 2260 3347 ducem
2302 3292 2571 3348 habebant
2600 3309 2614 3347 :
2649 3312 2678 3348 a
2711 3296 3068 3352 similitudine
3098 3297 3265 3352 cliens

1681 3393 1822 3448 tum,
1875 3385 1962 3439 cui
1991 3401 2114 3439 cum
2166 3386 2374 3440 Domini
2407 3385 2489 3440 sui
2522 3385 2662 3440 latus
2703 3387 2981 3442 includant
3026 3404 3148 3442 cum
3180 3404 3266 3444 se—

1675 3477 1923 3544 quendo,
1958 3475 2075 3544 ejus
2103 3476 2272 3532 latera
2305 3476 2582 3542 dicuntur,
2617 3478 2669 3532 id
2709 3486 2822 3543 est,
2867 3480 3266 3550 constipatorcs

1673 3566 1911 3620 laterum
1939 3566 2077 3635 ejus.
2113 3567 2310 3636 Aquilo
2343 3583 2473 3622 vero
2504 3569 2748 3624 diabolus
2778 3570 3000 3636 dicitur,
3025 3587 3091 3626 eo
3120 3573 3266 3642 quod

1675 3673 1798 3713 cum
1839 3675 1868 3712 a
1916 3659 2131 3714 fervore
2183 3661 2469 3716 cbaritatis
2501 3661 2697 3716 divina:
2727 3661 2955 3732 frigidus
2993 3665 3094 3730 sit,
3131 3666 3267 3721 alios

1675 3751 1776 3806 sibi
1807 3757 2214 3808 consentientes
2246 3754 2298 3807 in
2346 3755 2450 3808 hoc
2500 3753 2725 3824 frigidos
2771 3754 2928 3819 facit,
2981 3766 3035 3810 ct
3080 3758 3160 3812 sic
3198 3758 3266 3814 ab

1673 3860 1836 3915 opere
1867 3846 2008 3900 bono
2035 3846 2252 3901 steriles
2279 3863 2294 3900 :
2325 3847 2390 3900 ad
2415 3849 2632 3900 modum
2665 3847 2954 3918 aquilonis,
2987 3850 3079 3918 qui
3099 3891 3111 3914 ,
3141 3865 3264 3904 cum

1674 3935 1903 4005 frigidus
1932 3946 2124 3991 ventus
2153 3939 2253 4004 sit,
2290 3945 2493 3993 terram
2522 3937 2775 4009 frigidam
2811 3939 3057 3996 faciendo
3101 3942 3266 3996 strina

1675 4031 1776 4101 git,
1805 4038 1859 4085 et
1897 4045 1925 4083 a
1958 4033 2315 4102 generatione
2345 4029 2536 4085 ﬂorum
2567 4032 2797 4088 detinet.

1749 4124 1902 4180 Unde
1951 4125 2002 4179 in
2039 4124 2285 4180 Canticis
2331 4141 2604 4195 sponsus:
2648 4144 2665 4176 ι
2713 4126 2915 4194 Surge,
2958 4127 3170 4196 aquilo,
3207 4131 3264 4181 ει

1676 4215 1832 4279 veni,
1865 4225 2072 4280 auster,
2105 4225 2210 4270 etc.
2242 4214 2419 4282 (Cant.
2455 4231 2528 4280 tv,
2563 4215 2673 4286 16).
2726 4235 2742 4265 ι
2775 4215 3040 4281 Quoniam
3082 4226 3264 4271 autem

1679 4305 1893 4360 dixerat
1923 4321 1936 4358 :
1975 4305 2105 4358 Cum
2138 4305 2384 4374 suscipiet
2415 4321 2532 4357 eam
2562 4305 2840 4360 civitatem
2874 4306 2926 4359 in
2961 4305 3263 4360 tribulatioa

1679 4399 1838 4452 nibus
1883 4406 1940 4451 ut
1981 4406 2294 4458 conservet,
2333 4406 2524 4466 posset
2551 4397 2718 4466 quaeri
2755 4411 2769 4450 :
2804 4395 2985 4464 Quare
3023 4411 3154 4468 ergo
3181 4405 3265 4454 est

1679 4491 1885 4545 civitati
1920 4491 2287 4546 necessarium
2319 4501 2377 4543 ut
2403 4503 2524 4543 eam
2560 4489 2859 4559 suscipiat?
2885 4490 2966 4546 Ad
2995 4505 3157 4560 quam
3182 4491 3264 4545 in-'

33 4566 244 4647 laetosque
265 4582 376 4652 jam
419 4586 585 4640 cives
605 4584 681 4638 sic
701 4585 989 4638 admoneat
1014 4585 1065 4638 in
1090 4599 1151 4645 ea
1181 4598 1567 4654 perseverare:
1607 4553 1652 4611 θ
1682 4583 2105 4655 terrogationem
2137 4583 2217 4637 sic
2251 4583 2540 4653 respondet
2570 4601 2582 4636 :
2617 4582 2740 4637 Ideo
2770 4584 3142 4639 necessarium
3180 4593 3266 4639 est

73 4663 258 4738 Magnus
305 4676 588 4730 Dominus
635 4673 813 4730 .Icsus.
869 4675 982 4730 Non
1037 4677 1157 4731 dico
1193 4686 1454 4745 quantum
1507 4677 1574 4730 ad

30 4763 211 4821 c‘Jl‘poris
238 4767 724 4836 magnitudinem,
769 4766 863 4820 sed
913 4775 1172 4837 quantum
1219 4767 1284 4820 ad
1318 4766 1574 4836 potentia:

28 4847 370 4912 sublimitatem.
404 4858 481 4912 Et
517 4857 836 4925 laudabitis,
873 4857 924 4912 id
952 4868 1057 4924 est,
1083 4859 1277 4928 dignus
1311 4857 1486 4912 laude.
1509 4859 1576 4912 Et

29 4934 94 4992 lure
116 4947 280 5013 nimis,
327 4952 382 5006 id
433 4961 530 5007 est
555 4992 572 5018 ,
623 4966 786 5022 super
827 4952 1118 5005 humanam
1168 4951 1476 5006 facultatem
1519 4950 1572 5003 in

26 5036 171 5094 coitate
209 5044 302 5101 Dei
344 5049 532 5102 nostri
587 5060 606 5097 :
653 5046 770 5114 ejus
813 5045 1012 5102 Chriéti
1061 5045 1272 5101 scilicet
1301 5047 1356 5099 in
1403 5035 1576 5098 monte

26 5137 152 5181 Iuncto
176 5135 302 5203 ejus.
345 5138 534 5204 Quod‘
571 5146 659 5192 est
703 5138 886 5193 dicere
933 5155 944 5191 :
999 5137 1258 5192 Dominus
1294 5136 1450 5190 Jesus
1481 5135 1572 5204 qui

26 5207 134 5292 154
175 5243 398 5300 magnus
449 5239 513 5286 et
568 5229 860 5283 laudabilis
900 5237 1124 5299 apparet
1161 5229 1214 5282 in
1262 5227 1574 5297 [mulatione

26 5306 199 5371 Eitilatis
226 5337 358 5388 suae,
397 5324 454 5377 id
489 5331 589 5376 cst
620 5321 882 5385 ecclesia),
912 5337 1029 5390 quae
1059 5332 1142 5376 est
1173 5335 1326 5376 mons
1354 5326 1575 5373 sanctus

26 5397 120 5470 ius,
149 5409 298 5469 idest
349 5417 405 5470 in
462 5414 774 5469 virtutibus
802 5413 1016 5469 excelsa
1065 5413 1318 5490 factaad
1357 5410 1574 5467 modum

26 5503 200 5557 tmultis:
227 5507 343 5578 ipse
374 5508 556 5566 Jesus
598 5524 701 5563 non
736 5509 909 5564 solum
943 5509 1213 5563 videbitur
1242 5522 1361 5562 esse
1389 5504 1573 5560 Domi-

26 5595 106 5654 "15.
132 5597 216 5652 sed
242 5609 299 5656 et
341 5600 505 5655 Deus
539 5614 671 5654 esse
720 5610 1058 5670 cognoscetur
1101 5602 1156 5654 in
1191 5599 1428 5653 domibus
1459 5596 1576 5668 ejus

26 5676 228 5755 iititatis,
255 5693 309 5747 id
339 5702 432 5748 est
461 5693 524 5746 in
563 5691 1006 5748 consideratione
1048 5692 1284 5747 ﬁdelium
1317 5691 1406 5760 qui
1452 5697 1577 5744 sunt

25 5760 156 5834 Ionius
195 5779 311 5853 ejus
349 5781 624 5839 civitatis
673 5797 687 5834 :
729 5796 866 5849 quos
913 5782 1026 5853 ipse
1073 5781 1371 5850 inhabitat,
1417 5789 1472 5838 et
1519 5781 1576 5836 in

362 5879 672 5939 Parnm.
715 5874 896 5938 CLII.

1680 4687 1737 4729 ut
1767 4678 2057 4747 suscipiat,
2087 4679 2338 4748 quoniam
2367 4693 2483 4731 erce
2525 4678 2590 4732 ad
2619 4691 2861 4746 prmsens
2896 4694 3038 4748 reges
3069 4680 3266 4732 terreni

1679 4771 1978 4841 congregati
2022 4783 2178 4837 sunt,
2211 4771 2264 4826 id
2311 4779 2394 4826 est
2446 4769 2940 4842 congregabuntur.
2990 4769 3060 4826 Et
3105 4785 3266 4841 expo-

1679 4864 1756 4917 nit
1797 4863 2064 4932 qnomodo
2109 4864 2601 4934 congregabantur,
2640 4878 2762 4917 cum
2807 4863 2958 4917 addit
3005 4860 3264 4918 scilicet}

1679 4955 2072 5016 Com-eneruat,
2123 4956 2173 5009 id
2223 4964 2306 5012 est
2352 4956 2676 5010 convenient
2717 4956 2771 5008 in
2827 4972 2988 5010 unum
3047 4956 3266 5011 malitiae

1681 5043 1964 5110 aﬁ‘cctum,
1997 5055 2052 5098 ut
2082 5046 2253 5116 ipsam
2285 5045 2562 5101 civitatem
2591 5056 3017 5117 persequantur;
3065 5055 3120 5102 et
3162 5047 3265 5116 ipsi

1679 5138 1770 5207 qui
1803 5140 1869 5192 ad
1910 5137 2011 5192 hoc
2042 5139 2368 5194 convenient
2404 5139 2638 5195 videntes
2685 5155 2804 5194 cant
2845 5141 2920 5193 sic
2970 5151 3091 5194 esse
3143 5137 3266 5192 Γυηά

1681 5229 1884 5294 datam,
1919 5229 2128 5285 scilicet
2171 5246 2236 5284 ex
2288 5241 2470 5286 monte
2511 5231 2666 5297 Sion,
2692 5241 2747 5286 et
2797 5229 3060 5285 lateribus
3105 5227 3265 5299 aqui-

1680 5320 1844 5386 lonis,
1879 5331 1934 5376 et
1963 5337 2083 5376 cum
2110 5322 2459 5378 exsultatione
2489 5325 2744 5378 universa:
2777 5332 2963 5385 terrm;
2999 5328 3052 5375 et
3079 5318 3262 5375 Domi-

1684 5431 1811 5469 num
1841 5414 1956 5483 ejus
1987 5430 2107 5470 esse
2130 5431 2385 5487 magnum
2412 5426 2463 5470 et
2491 5414 2808 5470 laudabilem
2839 5411 3089 5466 admirati
3116 5420 3261 5478 sunt,

1683 5505 1736 5560 id
1759 5513 1845 5560 est
1867 5505 2281 5561 admirabuntur
2302 5506 2418 5577 ejus
2448 5507 2756 5561 ﬁrmitatem
2782 5513 2838 5560 et
2869 5504 3260 5570 constantiam;

1681 5607 1738 5654 et
1766 5598 2082 5656 admirando
2109 5601 2405 5654 conturbati
2433 5609 2577 5662 sunt,
2609 5599 2658 5654 id
2685 5606 2771 5653 est
2793 5595 3264 5654 conturbabuntur

1681 5691 1823 5744 bona
1872 5691 2320 5755 conturbatione,
2370 5690 2599 5766 doleng
2649 5689 2774 5760 quia
2825 5705 2944 5745 eam
2991 5685 3262 5758 persecuti

1687 5781 1910 5848 fuerint,
1942 5792 1997 5838 ει
2030 5783 2338 5840 conturbati
2369 5771 2612 5838 commoti
2646 5794 2790 5853 sunt,
2817 5784 2869 5838 id
2902 5790 2987 5838 est
3016 5791 3259 5838 comma-2

2866 5874 2944 5934 ΞΠ

3777 6227 3800 6283 ι,
