3838 6328
568 396 687 471 Siti}

1136 382 1194 438 S.
1233 374 1584 434 BRUNON‘IS
1620 360 2265 429 CARTHUSIANORUM
2296 354 2782 416 INSTITUTORIS
2822 349 2975 409 OPP.
3005 348 3183 405 PARS
3212 348 3252 402 l.

3678 353 3751 411 8N

569 463 838 570 “ab-untur
871 505 938 562 de
989 499 1308 558 inﬁdelitate
1340 495 1407 550 ad
1452 493 1643 555 ﬁdem,
1677 488 1746 544 de
1786 486 2054 558 pravitate
2082 483 2147 536 ad
2180 484 2225 539 Α
2250 495 2363 532 eam
2397 475 2711 531 fundationc
2738 485 2995 527 mansura
3022 469 3077 523 in
3106 477 3379 523 aeternum.
3410 463 3576 524 Posset
3594 476 3753 540 queri°

567 602 834 675 justitiam
867 617 878 651 :
909 605 964 651 et
988 609 1092 650 non
1119 604 1311 661 parum
1342 581 1830 642 conturbabuntur,
1855 575 2153 675 sed‘usque

573 663 709 749 adeo
751 688 893 760 quod
923 696 1117 740 tremor
1155 675 1529 751 apprehendit,
1580 671 1632 726 id
1669 677 1754 725 est
1786 663 2156 737 apprehendet

572 799 659 839 cas
686 800 704 837 :
738 788 920 835 tantus
946 773 1198 830 videlicet
1228 770 1411 831 timor,
1444 764 1536 834 qui
1570 761 1735 816 etiam
1769 770 2006 813 tremore
2033 769 2155 809 cor-

572 872 723 944 poris
761 865 1101 924 ostendatur.
1144 860 1287 915 Bene
1314 856 1529 926 quidem
1556 850 1733 923 ponit,
1778 844 2155 917 appreliendet,

576 939 680 1037 ipsi
725 960 989 1020 nitentur,
1042 951 1337 1020 instigante
1387 942 1601 1000 diabolo
1654 939 1885 995 evadere
1930 942 2157 1037 mortem

579 1024 783 1109 frustra
825 1067 839 1103 :
877 1061 1003 1103 nam
1052 1043 1188 1097 adeo
1236 1042 1598 1110 persequetur
1634 1044 1755 1094 eos,
1807 1026 1951 1097 quod
1995 1024 2159 1078 etiam

581 1140 1037 1217 comprehendet;
1071 1151 1100 1190 a
1128 1130 1485 1189 similitudine
1514 1124 1657 1181 illius
1679 1120 1794 1192 qui,
1825 1134 1945 1174 cum
1972 1116 2164 1217 nititur

585 1206 847 1299 evadere,
876 1224 1374 1299 comprehenditur.
1429 1214 1678 1275 Ostendit
1713 1219 1895 1267 autem
1925 1208 1993 1263 ad
2036 1206 2165 1277 quid

586 1327 1070 1389 commovebuntur
1095 1336 1192 1391 per
1222 1312 1714 1373 conturbationem,
1738 1308 1849 1364 sic:
1875 1304 1994 1359 Dixi
2022 1300 2167 1373 quod

583 1429 790 1476 tremor
814 1411 1290 1486 apprehendeteos
1317 1422 1331 1460 :
1358 1414 1414 1460 et
1436 1403 1530 1468 ibi,
1553 1400 1607 1456 id
1632 1398 1790 1455 estin
1818 1396 1911 1451 illo
1936 1401 2169 1448 tremore

585 1526 693 1568 non
730 1484 1055 1565 infructuosi
1094 1501 1341 1564 dolores,
1379 1494 1536 1565 155
1568 1491 1663 1548 sed
1702 1498 1759 1543 ut
1795 1484 2166 1559 parturientis,

586 1602 642 1657 id
690 1607 773 1655 est
819 1595 1027 1653 similes
1058 1589 1335 1647 doloribus
1384 1579 1775 1655 parturientis,
1804 1591 1924 1646 quae
1973 1574 2039 1628 ad
2068 1574 2171 1628 hoc

589 1693 827 1748 dolorem
855 1686 1061 1758 patitur
1088 1691 1147 1738 ut
1175 1688 1299 1752 post
1324 1677 1520 1749 pariat.
1552 1672 1705 1739 Quod
1728 1677 1812 1724 est
1841 1667 2022 1722 dicere
2048 1681 2061 1718 :
2092 1663 2173 1717 Ex

589 1755 872 1840 doloribus
889 1778 1048 1848 hujus
1073 1772 1325 1831 tremoris
1360 1775 1617 1839 sequetur
1653 1770 1841 1833 partus
1869 1755 2173 1813 sanetitatis

589 1884 642 1929 et
669 1874 825 1928 bonae
856 1865 1215 1938 operationis.

661 1965 739 2020 Ne
778 1976 909 2018 vero
943 1964 1267 2031 putarentur
1306 1968 1403 2025 per
1445 1950 1673 2006 liberum
1726 1942 2010 2000 arbitrium
2056 1951 2174 1993 esse

592 2030 955 2115 conturbandi
992 2060 1046 2107 et
1079 2045 1495 2110 commovendi,
1539 2042 1689 2097 addit
1728 2057 1740 2092 :
1782 2038 1850 2091 Et
1886 2036 1988 2089 hoc
2033 2030 2177 2101 quod

592 2148 1058 2208 conturbabuntur
1089 2158 1193 2198 non
1225 2140 1329 2195 erit
1355 2154 1418 2193 ex
1458 2137 1564 2200 eis;
1610 2133 1704 2188 sed
1738 2139 1819 2194 tu,
1853 2128 1994 2182 Deus
2022 2123 2179 2179 Chri-

594 2252 707 2306 ste,
736 2241 791 2294 in
824 2238 1025 2308 Spiritu
1056 2241 1247 2291 sancto
1276 2228 1561 2284 vehementi
1595 2225 1658 2279 ad
1689 2224 1824 2287 hoc,
1856 2220 1908 2273 id
1944 2226 2027 2271 est
2052 2213 2178 2268 forti

595 2344 650 2389 et
680 2329 913 2394 efﬁcaci,
945 2335 1207 2390 conteres,
1243 2321 1295 2375 id
1324 2334 1390 2372 ex
1426 2324 1539 2371 toto
1569 2314 1620 2367 in
1652 2312 1731 2367 eis
1766 2309 2043 2369 destrues,
2087 2318 2183 2356 na-

594 2441 679 2480 ves
710 2393 953 2483 Tharsis,
988 2418 1039 2472 id
1077 2424 1157 2469 est
1189 2414 1468 2467 discursus
1500 2414 1553 2461 et
1578 2398 1968 2459 sollicitudines
1997 2393 2181 2463 explo-

596 2516 857 2578 rationis,
892 2509 1072 2583 gaudii
1109 2503 1368 2561 mundani
1395 2499 1621 2557 scilicet.
1655 2493 1807 2562 Quod
1838 2499 1920 2547 est
1958 2489 2179 2544 dicere:

597 2608 841 2663 destrues
870 2577 972 2657 hoc
1002 2600 1057 2654 in
1088 2598 1203 2662 eis,
1242 2608 1310 2649 ne
1343 2593 1453 2648 sint
1488 2591 1854 2645 discurrentes
1883 2590 1938 2638 et
1969 2577 2184 2635 solliciti

597 2700 652 2753 in
704 2693 1035 2767 explorando
1066 2734 1080 2757 ,
1134 2702 1240 2760 quo
1293 2685 1454 2740 modo
1503 2682 1557 2737 in
1607 2678 1894 2735 mundanis
1949 2670 2185 2744 gaudere

599 2762 819 2862 queant.
862 2784 1016 2853 Quod
1055 2789 1137 2837 est
1175 2775 1527 2848 acquipollens
1571 2787 1635 2826 ac
1676 2769 1719 2825 si
1760 2773 1987 2839 poneret
2026 2780 2039 2817 :
2079 2762 2184 2816 De-

599 2853 779 2936 strucs
814 2879 868 2933 in
906 2876 986 2931 eis
1030 2871 1449 2928 sollicitudinem
1484 2876 1825 2921 terrenorum
1850 2899 1864 2925 ,
1898 2872 1966 2912 ne
2007 2856 2060 2909 in
2108 2853 2187 2909 eis

602 2972 839 3044 gaudere
872 2973 1150 3039 qumrant,
1181 2970 1235 3017 et
1261 2961 1339 3016 sic
1369 2958 1481 3014 suis
1513 2957 1673 3012 faciet
1698 2968 1818 3010 esse
1858 2952 2184 3008 conformes.

603 3060 1010 3120 Sollicitudines
1040 3069 1170 3111 vero
1202 3067 1367 3107 naves
1412 3051 1686 3111 dicuntur,
1714 3061 1779 3100 eo
1803 3044 1944 3115 quod
1973 3058 2069 3114 per
2096 3056 2189 3095 eas

604 3154 891 3226 cogitando
947 3146 1347 3211 discurrimus,
1405 3142 1545 3197 sicut
1597 3138 1824 3194 navibus
1887 3152 1983 3206 per
2019 3135 2188 3190 'mare

2255 568 2463 640 Quibus
2504 568 2806 623 ministris?
2851 564 3230 634 Respondetur
3272 581 3287 614 :
3325 576 3425 632 per
3459 577 3543 617 nos
3572 560 3760 623 videlicet

2256 660 2535 725 fundavit,
2572 660 2651 714 sic
2679 673 2693 711 :
2722 656 2859 725 Quia
2887 656 2942 711 in
2984 654 3175 724 primis
3199 654 3509 723 suscepimus
3534 656 3761 719 misericor-

2258 753 2399 805 diam
2431 760 2601 815 tuam,
2629 765 2663 806 0
2691 749 2831 803 Deus
2859 747 3094 813 Christe,
3125 746 3174 799 id
3199 754 3282 801 est
3307 744 3553 814 Spiritum
3580 750 3761 817 particle-

2261 851 2396 908 tum,
2424 857 2521 913 per
2544 841 2697 910 cujus
2724 841 2922 894 donum
2949 835 3191 892 hominis
3220 835 3475 890 misertus
3492 850 3573 901 cs,
3599 838 3768 909 ideoque

2260 932 2631 989 misericordia
2660 930 2862 986 dicitur
2888 948 2900 985 :
2930 938 2985 985 et
3020 930 3124 984 hoc
3160 928 3215 982 in
3244 927 3417 982 medio
3446 927 3599 998 templi
3621 932 3682 984 tui
3699 973 3710 998 ,
3732 933 3769 987 id

2262 1035 2347 1081 cst
2377 1027 2430 1079 in
2458 1023 2901 1079 manifestatione
2931 1020 3114 1090 templi
3144 1019 3243 1074 tui.

2336 1116 2605 1185 Quoniam
2639 1122 2823 1170 autem
2845 1128 2911 1169 ea
2935 1126 3057 1183 qua:
3090 1112 3144 1167 in
3175 1110 3357 1167 medio
3386 1117 3630 1182 ponuntur
3647 1112 3774 1168 mani-

2268 1209 2403 1265 festa
2427 1218 2574 1274 sunt,
2600 1208 2833 1262 medium
2861 1221 2959 1276 pro
2980 1203 3417 1259 manifestatione
3438 1206 3644 1275 ponitur.
3664 1205 3777 1273 Quod

2268 1310 2352 1357 est
2396 1301 2579 1357 dicere
2629 1319 2644 1355 :
2689 1300 2839 1356 Adeo
2884 1297 3221 1368 suscepimus
3263 1296 3521 1369 Spiritum
3560 1310 3776 1367 sanctum,

2270 1397 2412 1463 quod
2456 1391 2571 1460 ejus
2611 1408 2709 1462 per
2752 1406 2851 1446 nos
2895 1391 2949 1444 in
2992 1388 3269 1444 miraculis
3312 1391 3482 1460 gratia
3525 1398 3781 1462 cooperante

2271 1482 2646 1538 manifestctur
2670 1497 2765 1552 per
2789 1482 2894 1537 hoc
2921 1496 3017 1536 nos
3036 1494 3159 1535 csse
3188 1481 3446 1550 templum
3473 1489 3624 1535 tuum.
3650 1482 3699 1535 Et
3715 1499 3783 1552 per

2272 1589 2372 1629 nos
2398 1574 2574 1644 justos
2606 1573 2809 1639 factos,
2841 1587 2874 1627 ο
2897 1571 3041 1627 Deus
3068 1571 3313 1637 Christe,
3347 1573 3615 1626 secundum
3650 1590 3786 1627 nomen

2276 1676 2443 1732 tuum,
2475 1667 2527 1722 id
2558 1677 2639 1721 est
2675 1666 2973 1722 secundum
3012 1680 3319 1720 mensuram
3363 1666 3587 1719 nominis
3616 1666 3676 1719 tui
3702 1684 3711 1717 :
3736 1667 3787 1717 sic

2276 1769 2347 1824 et,
2380 1759 2430 1813 id
2462 1767 2545 1814 est
2573 1759 2761 1826 etiam,
2803 1757 2917 1811 laus
2948 1767 3039 1811 tua
3075 1766 3156 1811 est
3183 1772 3407 1828 magna,
3449 1757 3635 1814 scilicet
3666 1774 3791 1827 usque

2205 1843 2248 1898 Β
2276 1852 2327 1906 in
2362 1852 2493 1921 ﬁnes
2523 1862 2675 1906 terra:
2720 1850 2944 1905 dilatata
2983 1859 3087 1905 est.
3128 1849 3283 1917 Quod
3322 1858 3408 1905 est
3446 1851 3611 1906 dicere
3648 1852 3791 1905 :Adeo

2277 1943 2620 2000 dilatavimus
2646 1942 2861 1997 laudern
2889 1950 3057 2006 tuam,
3087 1950 3146 1996 ut
3168 1941 3369 2011 ubique
3399 1954 3647 1997 terrarum
3670 1941 3795 1997 divul-

2278 2050 2456 2109 getur,
2505 2036 2648 2091 sicut
2692 2036 2797 2090 hoc
2839 2050 3033 2089 nomen
3078 2034 3222 2105 quod
3263 2043 3348 2089 est
3382 2036 3548 2101 Deus,
3583 2034 3657 2088 vel
3690 2033 3795 2086 aliud

2278 2127 2628 2199 mquipollens
2676 2126 2802 2181 huic
2843 2125 3085 2190 nomini,
3126 2124 3437 2195 divulgatur
3478 2126 3529 2180 in
3568 2123 3691 2180 omni
3714 2124 3797 2177 loco

2282 2228 2572 2274 terrarum.
2621 2217 2773 2273 Sicut
2801 2218 2942 2288 apud
2980 2215 3237 2271 Hebraeos
3268 2218 3371 2272 hoc
3399 2232 3587 2272 nomen
3613 2216 3801 2286 quodest

2282 2307 2387 2363 Hel
2409 2326 2427 2373 ;
2458 2308 2598 2377 apud
2626 2307 2844 2362 Graecos
2871 2321 3001 2361 vero
3019 2308 3162 2373 Θεὸς,
3189 2316 3243 2361 et
3271 2307 3414 2377 apud
3440 2314 3643 2361 caeteras
3665 2314 3802 2376 gentes

2285 2398 2422 2453 alias
2461 2399 2679 2453 nomina
2715 2396 3047 2466 hujusmodi.
3085 2397 3351 2464 QuOniam
3381 2406 3559 2452 autem
3591 2406 3741 2467 posset
3768 2394 3805 2446 in

2284 2492 2430 2548 omni
2459 2492 2679 2563 regione
2710 2490 2979 2561 divulgari
3008 2490 3127 2545 laus
3157 2490 3272 2555 Dei,
3300 2499 3357 2544 et
3385 2491 3440 2543 in
3470 2504 3747 2558 unaquaqne
3769 2486 3806 2537 in

2284 2589 2495 2660 paucis,
2516 2604 2581 2644 ne
2608 2589 2765 2659 pauci
2794 2589 3105 2643 viderentur
3126 2601 3265 2650 esse,
3296 2586 3479 2640 addit:
3508 2584 3571 2639 Et
3594 2599 3684 2639 non
3710 2580 3809 2651 apud

2286 2696 2487 2751 paucos
2524 2681 2638 2736 laus
2675 2688 2765 2734 tua
2808 2680 3135 2749 divulgatnr,
3174 2678 3267 2734 sed
3304 2679 3521 2733 dextera
3547 2687 3656 2741 tua,
3684 2674 3727 2729 id
3754 2680 3810 2727 est

2287 2773 2528 2845 potentia
2558 2781 2667 2839 tua,
2700 2773 2786 2827 vel
2812 2774 2989 2843 pictas
3035 2780 3126 2827 tua
3163 2772 3318 2841 plena
3346 2783 3425 2826 est
3450 2772 3667 2842 juslilia,
3697 2768 3810 2821 idest

2283 2864 2464 2934 justis.
2501 2863 2653 2930 Quod
2686 2873 2769 2919 est
2802 2879 2865 2918 ac
2897 2864 2941 2918 si
2977 2862 3185 2917 diceret
3218 2880 3231 2916 :
3261 2860 3381 2916 Non
3417 2870 3542 2917 sunt
3570 2854 3810 2929 paucijnsd

2291 2973 2428 3029 quos
2466 2958 2640 3027 pietas
2678 2968 2733 3011 et
2772 2957 2933 3028 156
2970 2956 3212 3027 potentia
3246 2966 3334 3011 tua
3374 2971 3475 3027 per
3514 2971 3607 3010 nos
3641 2948 3810 3019 acquisi

2293 3048 2405 3113 vit,
2459 3047 2553 3102 sed
2595 3047 2769 3101 multi.
2811 3047 3155 3116 Omninoque
3193 3046 3387 3115 plenus
3433 3048 3513 3101 eis
3548 3059 3633 3110 es,
3673 3050 3717 3096 et
3745 3040 3810 3092 eir‘

2294 3138 2615 3204 cumdatus,
2668 3155 2697 3193 a
2734 3139 3090 3195 similitudine
3121 3152 3344 3202 manus,
3388 3153 3513 3207 qua:
3557 3151 3666 3191 cum
3702 3130 3809 3187 mulu

606 3208 949 3302 discurritur.
981 3240 1204 3295 Tharsis
1231 3208 1448 3307 quidem
1478 3234 1869 3302 interpretatur
1902 3228 2187 3297 exploratio

2297 3245 2479 3291 teneat
2516 3235 2673 3304 plena
2703 3240 2787 3287 est
2822 3231 2955 3302 ipsis
2999 3239 3053 3286 et
3081 3229 3305 3286 referta.
3350 3232 3583 3286 Dextera
3618 3241 3727 3281 vero
3753 3238 3810 3292 pr

609 3334 812 3404 gaudii.
864 3330 1172 3386 Secundum
1216 3325 1520 3395 Remigium
1572 3337 1704 3378 vero
1755 3320 1897 3391 apud
1938 3319 2195 3375 Hebraeos

608 3427 1006 3493 interpretatur
1045 3434 1218 3480 mare,
1253 3415 1549 3472 secundum
1592 3413 1736 3485 quod
1768 3412 1849 3469 sic
1885 3411 2193 3482 exponitur.

610 3514 862 3569 Conteres
912 3527 1065 3566 nares
1114 3508 1331 3563 Tharsis
1357 3549 1371 3574 ,
1402 3505 1610 3562 scilicet
1656 3504 1901 3560 destrues
1940 3502 1994 3558 in
2032 3502 2193 3569 malo,

611 3602 981 3658 aedificaturus
996 3600 1059 3659 in
1088 3601 1229 3654 bono
1257 3611 1272 3650 :
1298 3597 1444 3668 ipsos
1470 3609 1624 3664 reges
1644 3594 1735 3665 qui
1760 3593 2011 3649 dicuntur
2031 3607 2198 3648 naves

612 3693 804 3759 maris,
834 3691 887 3747 id
912 3699 995 3746 est
1022 3687 1179 3758 hujus
1206 3688 1410 3754 mundi,
1439 3702 1505 3742 eo
1527 3686 1668 3757 quod
1696 3686 1762 3741 ad
1790 3685 2198 3742 similitudinem

612 3785 835 3840 navium
855 3823 869 3850 ,
900 3798 1021 3853 qua:
1051 3781 1299 3837 deferunt
1328 3778 1575 3834 homines
1602 3794 1699 3849 per
1738 3793 1917 3843 mare,
1952 3776 2200 3833 deferant

612 3876 716 3947 ipsi
746 3889 961 3946 quoque
990 3872 1234 3929 subditos
1274 3871 1483 3941 imperii
1528 3870 1608 3925 sui
1656 3869 1937 3941 regimine.
1968 3868 2198 3923 Mundus

615 3975 798 4020 autem
830 3978 983 4018 mare
1009 3961 1228 4025 dicitur,
1272 3974 1337 4015 eo
1366 3959 1507 4029 quod
1550 3959 1615 4014 ad
1645 3959 1863 4014 modmn
1894 3958 2060 4012 maris
2087 3966 2200 4011 tur-

614 4058 745 4113 bine
772 4055 1177 4111 tribulationum
1204 4052 1479 4107 uberrimo
1506 4052 1879 4106 conturbatur.
1908 4049 2042 4105 Cum
2070 4064 2200 4105 vero

615 4148 779 4211 dicit,
814 4146 945 4201 sicut
977 4143 1306 4207 audivimus,
1350 4150 1479 4208 etc.,
1526 4141 1762 4196 ostendit
1802 4155 1988 4195 verum
2036 4139 2202 4195 fuisse

613 4239 1002 4310 prophetarum
1048 4236 1114 4291 dc
1161 4233 1418 4288 Ecclesia:
1446 4232 1760 4287 fundatione
1802 4232 2197 4297 testimonium,

615 4346 740 4385 cum
774 4330 828 4384 in
855 4343 918 4383 ea
946 4327 1161 4397 penitus
1184 4340 1304 4396 quae
1330 4324 1397 4378 ab
1423 4323 1501 4379 eis
1528 4323 1784 4393 praedicta
1819 4333 1945 4379 sunt
1981 4323 2202 4378 videan-

617 4430 707 4475 tur
740 4435 860 4475 esse
888 4418 1154 4488 completa
1182 4435 1195 4470 :
1226 4424 1286 4470 ut
1312 4429 1408 4485 per
1433 4415 1538 4470 hoc
1576 4415 1768 4469 innuat
1796 4412 2051 4469 Ecclesim
2082 4412 2204 4468 fun-

564 4520 567 4525 ‘
622 4510 936 4564 damentum
974 4509 1391 4577 haudquaquam
1421 4519 1541 4561 esse
1577 4505 1683 4561 vile
1715 4505 1979 4575 quidlibet
2009 4514 2065 4560 et
2104 4504 2201 4560 ab-

602 4601 851 4671 .jectum,
901 4615 1021 4655 cum
1056 4610 1327 4653 tantorum
1358 4598 1597 4652 virorum
1641 4598 2015 4667 antiquissima
2045 4597 2207 4651 fuerit

622 4692 946 4747 auctoritate
968 4692 1367 4747 conﬁrmatum.
1390 4690 1543 4758 Quod
1566 4691 1643 4746 sic
1658 4691 2039 4745 continuatur:
2066 4689 2206 4759 Ergo

621 4784 751 4854 quia
780 4786 858 4839 sic
885 4792 967 4838 est
1008 4783 1227 4837 fundata
1267 4782 1507 4837 Ecclesia
1534 4798 1600 4837 ex
1632 4791 1859 4851 utroque
1887 4781 2084 4852 populo
2104 4822 2118 4847 ,
2148 4788 2207 4834 ut

625 4893 790 4946 supra
819 4876 1083 4942 diximus;
1117 4884 1171 4930 et
1196 4877 1330 4932 adeo
1363 4886 1645 4940 constans,
1674 4885 1735 4931 ut
1765 4892 1868 4931 non
1898 4875 2069 4931 solum
2097 4891 2205 4930 non

625 4969 821 5029 cedat,
863 4967 955 5021 sed
988 4967 1147 5021 etiam
1189 4976 1431 5037 superet,
1463 4968 1602 5023 sicut
1642 4983 1670 5021 a
1715 4968 1993 5038 prophetis
2033 4966 2207 5021 fuerat

623 5059 981 5130 prtcdictum;
1018 5072 1203 5111 revera
1238 5059 1506 5114 allirmare
1534 5073 1820 5128 possumus
1860 5059 2023 5128 quod,
2070 5059 2202 5112 sicut

625 5151 923 5205 audivimus
944 5148 1127 5203 auditu
1150 5148 1514 5220 intelligentiae
1540 5150 1763 5204 inlibris
1786 5150 2168 5219 prophetarum
2190 5192 2203 5214 ,

626 5243 701 5296 sic
733 5243 955 5296 vidimus
982 5240 1306 5310 completum
1338 5242 1392 5293 in
1419 5242 1625 5295 civitate
1665 5241 1876 5294 Domini
1917 5244 2159 5296 virtutum
2189 5282 2203 5306 ,

628 5335 683 5389 id
710 5345 793 5390 est
818 5335 1153 5390 exercituum
1179 5347 1535 5403 supernorum
1563 5332 1767 5387 scilicet
1792 5333 1845 5386 in
1874 5334 2079 5387 civitate
2113 5333 2205 5387 Dei

630 5426 819 5489 nostri,
848 5426 898 5479 id
926 5434 1009 5481 est
1032 5425 1254 5487 Christi,
1288 5439 1392 5477 non
1425 5424 1476 5478 in
1508 5424 1723 5478 civitate
1746 5423 1968 5478 alterius
2000 5424 2206 5477 Domini

633 5518 894 5571 virtutum
925 5536 936 5570 :
970 5518 1091 5571 dico
1119 5532 1241 5571 cum
1272 5516 1449 5570 nullus
1475 5514 1614 5569 alius
1642 5516 1711 5569 sit
1737 5524 1935 5584 praeter
1959 5531 2078 5569 eum
2107 5515 2209 5569 Do-

634 5608 815 5662 minus
844 5608 895 5661 iu
931 5607 1170 5663 Ecclesia
1207 5607 1476 5663 videlicet.
1513 5607 1743 5677 Exponit
1775 5616 1951 5661 autem
1981 5607 2109 5677 quid
2142 5609 2213 5662 sit

635 5698 689 5752 in
716 5714 779 5752 ea
819 5700 1174 5771 completum,
1204 5700 1282 5755 sic
1308 5719 1320 5754 :
1351 5699 1465 5755 Hoc
1491 5699 1697 5755 scilicet
1724 5701 1946 5754 vidimus
1979 5701 2215 5771 comple-

639 5800 750 5846 tum
776 5792 829 5848 in
860 5795 1064 5851 civitate
1096 5793 1304 5851 Domini
1330 5793 1609 5860 virtutum,
1637 5793 1776 5862 quod
1808 5794 1946 5848 Deus
1973 5793 2210 5863 [undavit

2294 3329 2444 3384 nitur
2471 3343 2569 3398 pro
2598 3325 2866 3397 potentia,
2899 3338 2964 3381 eo
2992 3323 3134 3394 quod
3160 3322 3214 3377 in
3244 3322 3475 3379 dextera
3510 3321 3679 3393 potior
3700 3317 3809 3370 virtu

2294 3421 2368 3476 sit
2413 3428 2469 3475 et
2503 3416 2744 3491 potentia
2790 3431 2955 3488 quam
3002 3416 3056 3471 in
3102 3414 3349 3470 sinistra.
3401 3413 3628 3469 Ponitur
3665 3419 3809 3479 quoqul

2294 3526 2394 3583 pro
2424 3511 2645 3581 pietate,
2676 3523 2743 3564 eo
2767 3507 2912 3578 quod
2940 3520 3037 3577 per
3064 3520 3184 3562 eam
3214 3504 3420 3561 labenti
3454 3502 3710 3564 subvenit,
3731 3498 3810 3553 sicu

2297 3605 2523 3659 dextera
2556 3600 2847 3672 cujuslibet
2887 3597 3091 3655 labenti
3117 3597 3311 3667 saepius
3351 3596 3612 3651 auxilium
3638 3587 3810 3664 porrigit

2297 3695 2413 3751 Hoc
2453 3703 2636 3749 autem
2674 3692 2817 3764 quod
2847 3690 2979 3747 dicit
3006 3705 3104 3761 per
3149 3705 3209 3745 se
3248 3688 3345 3744 Dei
3392 3689 3607 3743 laudem
3652 3680 3810 3748 divulgt

2303 3795 2412 3840 tam
2452 3799 2600 3850 esse,
2644 3800 2748 3839 non
2796 3783 2927 3838 dicit
2972 3798 3040 3836 ex
3088 3780 3359 3852 superbia:
3397 3790 3637 3842 tumore,
3679 3774 3754 3829 sed
3789 3787 3809 3823 ο

2300 3876 2600 3948 gratiarum
2646 3876 2879 3930 actione.
2940 3874 3277 3927 Adhortatur
3317 3882 3507 3928 autem
3550 3868 3698 3939 hujus
3738 3862 3810 3921 citi

2301 3970 2428 4024 tatis
2458 3968 2635 4033 cives,
2671 3975 2731 4021 ut
2772 3965 2866 4021 Dci
2904 3964 3123 4033 judiciis
3154 3963 3406 4017 laetentur
3458 3983 3472 4017 :
3521 3953 3810 4031 cognosccnd

2301 4075 2365 4114 ea
2401 4074 2522 4115 esse
2555 4057 2699 4127 justa
2721 4098 2735 4122 ,
2765 4072 2870 4111 non
2916 4056 2982 4111 de
3011 4056 3090 4110 eis
3121 4065 3535 4110 murmurantes
3562 4096 3574 4121 ,
3610 4053 3681 4107 sic
3705 4069 3716 4103 :
3737 4047 3810 4118 Erg

2302 4152 2557 4223 quoniam
2590 4166 2621 4204 a
2646 4149 2754 4204 Deo
2780 4148 3010 4203 ﬁrmiter
3038 4147 3131 4201 Dei
3161 4147 3358 4202 civitas
3382 4157 3473 4201 est
3512 4145 3734 4205 fundata,
3758 4138 3809 4190 tal

2304 4259 2409 4314 que
2445 4240 2558 4314 regi
2598 4239 2843 4309 subjecta
2864 4280 2878 4305 ,
2910 4256 3007 4295 vos
3035 4240 3183 4296 cives
3227 4238 3345 4308 ejus
3384 4238 3651 4296 laztamini
3681 4236 3737 4291 ad
3760 4230 3809 4299 rit

2303 4335 2552 4399 laudem,
2586 4334 2797 4389 scilicet
2824 4332 3029 4387 laetetur
3062 4348 3211 4386 mons
3244 4330 3407 4398 Sion,
3442 4332 3497 4389 id
3536 4341 3617 4387 est
3655 4327 3809 4384 collect

2308 4427 2545 4483 ﬁdelium
2579 4426 2644 4481 de
2685 4423 2885 4480 Judzcis
2919 4443 2931 4477 :
2964 4433 3011 4477 et
3049 4424 3304 4478 exsultent
3347 4425 3484 4493 ﬁlia:
3514 4422 3696 4486 Juda',
3724 4417 3765 4471 id
3788 4428 3809 4465 ε

2311 4519 2499 4575 ﬁdeles
2529 4519 2593 4574 de
2623 4518 2893 4587 gentibus,
2927 4532 3063 4585 quos
3094 4518 3301 4587 peperit
3335 4517 3387 4571 in
3422 4516 3531 4571 ﬁde
3551 4515 3700 4575 Juda,
3729 4510 3809 4563 ide

2313 4608 2582 4665 confessio
2623 4607 3034 4677 [medicatorum
3080 4606 3366 4675 primitivae
3406 4605 3663 4660 Ecclesia:
3705 4595 3805 4655 dei

2312 4700 2464 4754 dzeis.
2496 4699 2648 4766 Quod
2676 4707 2759 4752 est
2789 4697 2968 4752 dicere
3002 4714 3014 4749 :
3049 4712 3185 4766 quos
3215 4698 3601 4765 acquisiernnt
3631 4694 3728 4748 Deo
3757 4704 3810 4759 pn

2314 4790 2602 4846 dicationis
2635 4804 2745 4844 suae
2772 4788 3135 4853 confessione,
3167 4790 3399 4859 ideoque
3424 4789 3678 4843 dicuntur
3709 4795 3810 4837 cont

2316 4881 2470 4947 ﬁlim;
2507 4892 2562 4936 et
2606 4882 2743 4936 bene
2782 4880 2907 4949 ﬁlia:
2935 4880 3213 4945 dicuntur,
3254 4895 3360 4933 non
3407 4879 3545 4943 ﬁlii,
3583 4894 3647 4933 eo
3676 4876 3793 4945 quod

2314 4974 2603 5029 virtutibus
2647 4972 3030 5043 speciosissimi
3078 4981 3221 5027 sunt.
3268 4971 3504 5041 Species
3551 4971 3688 5026 enim
3730 4962 3810 5032 mni

2314 5064 2492 5118 inesse
2531 5063 2667 5117 solet
2696 5062 2909 5117 ﬁliabus
2942 5076 3103 5130 quam
3133 5059 3278 5129 ﬁliis.
3311 5060 3461 5115 Juda
3501 5078 3631 5117 vero
3658 5058 3809 5121 tonics:

2314 5154 2721 5224 interpretatur.
2753 5151 2847 5207 Vel
2880 5152 3003 5207 ﬁlice
3042 5162 3165 5217 tum,
3201 5153 3250 5207 id
3281 5163 3362 5208 est
3396 5155 3688 5223 primitivze
3720 5150 3805 5201 [ες

2314 5246 2428 5309 εἰιη,
2469 5261 2587 5314 qum
2615 5243 2715 5297 fuit
2748 5246 2813 5299 de
2856 5244 2996 5298 tribu
3026 5244 3183 5299 Juda.
3221 5245 3347 5300 Dico
3379 5245 3640 5300 (retentur-
3666 5256 3707 5297 ct
3735 5258 3809 5295 crs

2315 5349 2418 5393 teut
2452 5355 2469 5391 :
2501 5339 2677 5393 ethoc
2715 5350 2924 5409 propter
2952 5340 3152 5408 indiria
3192 5352 3313 5405 tua,
3350 5341 3589 5396 Domine
3627 5361 3639 5394 :
3681 5338 3789 5408 quia

2308 5430 2564 5499 judicasti
2615 5432 2908 5486 Ecclesiam
2956 5447 3022 5488 ex
3067 5432 3267 5488 Juda‘is
3307 5445 3363 5488 et
3414 5434 3675 5505 gentibus
3715 5442 3810 5485 cont

2316 5533 2487 5577 tuere.
2558 5523 2885 5578 Exhortatur
2932 5539 3147 5595 quoque
3201 5524 3335 5578 ﬁlias
3389 5524 3557 5580 Judaz
3612 5535 3667 5578 ut
3716 5520 3809 5575 imit

2317 5610 2572 5665 studeant
2601 5611 2911 5666 omnimode
2949 5611 3135 5666 ﬁdeles
3176 5611 3456 5681 perfecws
3498 5612 3571 5667 de
3600 5611 3809 5667 Jnd'eis.

2318 5710 2401 5755 est
2428 5703 2809 5771 prtedicatores
2837 5703 2926 5772 qni
2956 5702 3307 5772 perfectiores
3334 5713 3503 5771 sunt,
3555 5719 3678 5758 cum
3703 5702 3809 5764 long

2319 5794 2478 5849 unius
2510 5793 2603 5848 Dei
2631 5795 2878 5849 notitiam
2911 5793 3218 5849 habuerint.

2238 4561 2285 4621 D
