3838 6328
116 324 195 380 liii;

1042 317 1408 380 EXPOSITIO
1447 322 1513 377 IN
1552 321 1893 380 PSALMOS.
1935 353 2001 364 ——
2033 324 2205 378 PSAL
2267 323 2491 381 XLVIII.

3238 337 3344 392 8-56

169 440 272 494 Dixi
301 441 482 506 vobis,
526 456 560 496 o
604 439 727 497 ﬁlia:
763 441 933 506 Judai,
981 443 1304 509 cxsultetis;
1358 443 1460 498 hoc
1503 442 1663 496 etiam
1694 444 1740 504 Α
1771 440 1966 497 divites
1996 450 2047 496 et
2073 458 2338 512 pauperes
2367 444 2435 497 ab
2463 443 2784 513 iniquitate:
2819 446 2884 502 ab
2917 448 3018 503 hac
3041 451 3248 508 scilicet
3277 471 3343 508 nc

113 532 342 586 admoneo
371 552 385 586 :
413 533 734 588 circumdate
759 534 918 598 Sion,
959 535 1012 590 id
1049 545 1130 590 est
1157 536 1442 591 imitamini
1483 536 1658 606 perfe-

111 632 204 676 ctos
228 623 289 676 de
319 621 553 678 Judezeis
575 625 1000 696 ,‘investigando
1041 641 1228 681 eorum
1269 627 1610 682 sanctitatem
1644 645 1657 691 ;

109 728 131 764 τι
161 711 499 769 similitudine
532 713 788 784 alicujus,
821 716 912 786 qui
959 715 1192 786 aliquem
1229 717 1571 784 circumdat,
1609 728 1663 773 et

109 802 228 856 circa
269 817 392 857 eum
431 812 700 870 versatur,
738 815 798 860 ut
839 806 956 876 ejus
995 814 1151 862 actus
1192 806 1486 876 inspiciat:
1520 815 1573 861 et
1606 815 1664 862 nt

108 891 315 958 perfecte
339 892 648 960 imitemini,
671 895 1094 966 complectimini,
1119 897 1170 951 id
1197 906 1280 952 est
1303 896 1504 966 diligite
1524 914 1658 952 eam.

106 985 344 1050 Quoniam
375 984 714 1055 diligentium
749 997 833 1044 est
854 988 1169 1060 complecti,
1197 989 1351 1061 ponit
1378 990 1662 1060 complecti

105 1091 184 1144 pro
204 1076 445 1146 diligere.
473 1077 709 1148 Exponit
729 1094 828 1150 per
851 1089 1032 1150 partes
1056 1083 1328 1152 quomodo
1361 1082 1662 1148 imitentur,

105 1181 204 1220 cum
226 1167 374 1222 addit
404 1185 421 1223 :
455 1167 586 1224 Dico
615 1172 937 1225 circumdate
963 1169 1112 1238 Sion,
1142 1172 1195 1227 id
1226 1180 1306 1227 est
1335 1172 1619 1228 imitamini
1647 1189 1661 1227 :

107 1258 186 1314 hoc
210 1259 366 1315 modo
396 1261 605 1317 scilicet
637 1261 908 1318 :Narrate
938 1261 1061 1320 a‘liis
1089 1265 1145 1318 in
1171 1264 1406 1319 turribus
1442 1265 1574 1335 ejus,
1610 1266 1662 1320 id

105 1360 168 1404 est
209 1351 259 1404 in
309 1352 698 1410 con-formitate
744 1356 1162 1426 praedicatorum
1214 1355 1329 1425 ejus
1375 1358 1664 1428 primitivae

105 1442 357 1513 Ecclesia;
391 1447 484 1516 qui
531 1447 786 1503 dicuntur
813 1458 1012 1515 turres,
1052 1464 1118 1506 eo
1155 1451 1296 1519 quod
1331 1451 1664 1522 inexpugna-

104 1535 214 1590 biles
241 1546 370 1592 sunt
402 1553 435 1592 a
463 1539 630 1605 vitiis,
665 1533 1069 1612 Ecclesiamque
1109 1543 1412 1598 sanctitatis
1451 1560 1480 1598 a
1513 1544 1666 1600 forti-

102 1629 261 1683 tudine
289 1632 358 1683 ad
382 1630 602 1685 modum
635 1631 864 1686 turrium
899 1633 1226 1689 munientes.
1258 1634 1325 1688 Et
1351 1651 1456 1690 non
1488 1635 1662 1689 solum

104 1721 143 1773 in
168 1723 476 1778 narratione
503 1725 812 1790 imitamini,
842 1727 956 1793 sed,
985 1736 1046 1782 ut
1071 1728 1124 1782 in
1152 1727 1352 1782 virtute
1379 1743 1496 1782 eam
1530 1725 1658 1782 Sion

1763 532 2036 586 conﬁdant
2069 534 2121 586 in
2149 533 2347 588 virtute
2377 550 2497 600 sua,
2528 543 2583 590 et
2605 551 2674 590 ne
2706 536 3001 607 glorientur
3024 541 3076 596 in
3103 545 3344 600 multitu-

1763 621 1886 675 dine
1913 621 2222 677 divitiarum
2256 639 2505 687 suarum;
2535 626 2869 681 ostendendo
2893 629 3059 683 solam
3093 632 3345 702 iniquita-

1765 720 1870 766 tem
1909 728 2129 769 causam
2165 729 2286 770 esse
2325 729 2496 785 quare
2536 716 2591 771 in
2635 715 2818 774 futuro
2850 719 3074 776 timeant
3100 731 3154 776 et
3193 723 3344 777 dam-

1761 811 1979 869 nentur,
2007 804 2086 859 sic
2113 817 2170 859 ut
2196 822 2470 876 nunquam
2499 808 2864 876 redimantur;
2896 820 2952 865 et
2974 820 3031 865 ut
3058 814 3230 882 magis
3253 827 3345 868 eos

1764 897 1832 951 ab
1865 896 2150 968 iniquitate
2189 908 2460 964 revocent,
2503 898 2677 966 iustos
2715 917 2819 955 non
2849 917 2966 958 esse
3003 904 3346 960 redimendos

1764 983 2054 1042 afﬁrmant.
2081 987 2152 1044 Ut
2176 997 2354 1043 autem
2389 989 2455 1043 ad
2488 989 2628 1044 hanc
2655 991 3066 1048 instructionem
3096 1008 3189 1048 eos
3225 994 3346 1064 qui-

1763 1077 1865 1133 bus
1892 1078 2186 1150 loquuntur
2215 1081 2446 1136 reddant
2476 1080 2736 1150 attentos,
2764 1085 3126 1141 adhortantur
3154 1102 3248 1142 eos
3275 1089 3343 1144 ad

1765 1168 2110 1236 audiendum,
2171 1172 2337 1227 sicut
2381 1174 2718 1243 percipiant,
2763 1177 3127 1244 promittendo
3157 1193 3215 1232 se
3258 1193 3347 1234 sa-

1763 1261 2022 1330 pientiam
2059 1262 2333 1318 locuturos
2360 1304 2375 1326 ,
2411 1273 2465 1319 ct
2511 1281 2617 1319 non
2663 1265 3143 1334 imprmmcditate;
3182 1286 3343 1338 quam

1765 1350 1928 1404 etiam
1965 1366 2071 1406 non
2115 1368 2144 1406 a
2177 1369 2236 1407 sc
2267 1354 2572 1420 habebunt,
2615 1357 2705 1410 sed
2739 1371 2769 1409 a
2811 1357 3068 1426 magistra
3109 1359 3346 1414 Veritate

1765 1441 1995 1499 interius
2025 1445 2154 1514 ipsis
2181 1448 2522 1514 praesidente.

1834 1537 2024 1590 Audite
2047 1539 2270 1593 auribus
2293 1540 2469 1594 cordis
2489 1539 2600 1594 Ittvc
2627 1556 2744 1610 qua:
2767 1541 2916 1596 vobis
2937 1542 3178 1618 dicturus
3203 1559 3343 1607 sum,

1764 1640 1797 1676 o
1821 1641 1998 1680 omnes
2027 1637 2224 1696 gentes,
2255 1627 2303 1682 id
2327 1638 2410 1683 est
2447 1644 2635 1684 omnes
2679 1631 2862 1685 ﬁdeles
2885 1633 2951 1686 de
2973 1633 3222 1702 gentibus
3251 1652 3262 1684 :
3293 1644 3348 1688 et

1765 1733 1862 1773 vos
1889 1719 2074 1775 ﬁdeles
2102 1719 2392 1776 deJudaeis
2417 1723 2506 1792 qui
2533 1723 2780 1776 habitatis
2821 1725 2993 1780 orbem
3012 1769 3026 1790 ,
3059 1726 3110 1782 id
3141 1735 3226 1781 est
3255 1727 3346 1794 qui

101 1811 393 1880 imitemini,
423 1818 598 1885 ponite
626 1817 786 1871 corda
821 1829 1021 1884 uestra,
1062 1819 1114 1874 id
1150 1828 1232 1876 est
1273 1821 1662 1876 consideratio-

1766 1823 1870 1860 non
1911 1808 2136 1864 mobiles
2165 1819 2218 1864 et
2251 1811 2454 1865 horarii
2485 1813 2617 1867 estis
2650 1813 2703 1868 in
2736 1814 2890 1879 orbe,
2923 1815 2975 1868 id
3012 1824 3096 1871 est
3136 1817 3188 1870 in
3225 1831 3348 1884 per-

99 1918 201 1958 nem
231 1905 482 1961 cortlium
513 1917 817 1987 vestrorum
853 1909 906 1965 in
942 1913 1130 1967 virtute
1163 1913 1298 1980 ejus,
1339 1913 1390 1967 id
1423 1923 1505 1970 est
1533 1930 1662 1970 con-

98 1995 310 2052 siderate
345 2008 609 2070 quantam
642 2003 839 2080 habeat
864 2005 1152 2070 virtutem,
1181 2015 1240 2059 ut
1267 2013 1325 2060 et
1349 2021 1444 2061 vos
1471 2007 1524 2061 in
1557 2008 1664 2062 vir-

99 2089 336 2158 tute-.ipsi
391 2090 830 2148 eonformemini.
884 2093 1151 2151 Virtutem
1203 2093 1373 2161 dicit,
1425 2097 1509 2152 vel
1553 2099 1661 2153 vim

96 2178 394 2235 constantiae
430 2179 548 2249 ejus
571 2221 588 2248 ,
632 2183 717 2239 vel
755 2184 1078 2240 cbaritatem
1123 2201 1282 2256 quam
1339 2187 1501 2244 habet
1535 2205 1662 2261 erga

97 2267 242 2324 Deum
291 2280 347 2326 et
393 2273 748 2342 proximum;
818 2291 940 2346 qua:
984 2278 1420 2334 antonomastice
1469 2279 1665 2335 dicitur

97 2362 268 2428 virtus,
291 2377 359 2420 eo
380 2367 527 2436 quod
550 2366 671 2422 aliis
692 2367 983 2424 virtutibus
1010 2369 1362 2426 excellentior
1385 2371 1474 2426 sit.
1504 2372 1622 2428 Dixi
1646 2393 1659 2429 :

95 2463 297 2509 narrate
326 2455 382 2510 in
425 2456 810 2514 conformitate
849 2460 1117 2527 turrium;
1155 2475 1224 2515 ne
1265 2478 1394 2520 vero
1441 2466 1664 2522 seducu-

93 2545 208 2600 mini
255 2561 287 2601 a
335 2547 490 2605 falsis
535 2551 835 2620 apostolis,
891 2572 909 2604 ι
939 2554 1028 2622 qui
1082 2555 1305 2610 veniunt
1349 2557 1416 2610 ad
1465 2573 1560 2613 vos
1608 2560 1662 2613 in

91 2637 413 2696 vestimentis
440 2642 658 2710 ovium,
691 2644 1018 2700 intrinsecus
1047 2656 1227 2702 autem
1261 2659 1390 2704 sunt
1427 2650 1536 2722 lupi
1572 2668 1661 2708 ra-

91 2744 232 2797 paces
263 2731 484 2803 (Hatth.
526 2751 622 2801 vn,
667 2737 776 2807 15),
835 2757 854 2791 ι
896 2738 1217 2806 distribuite,
1264 2742 1316 2796 id
1346 2752 1428 2799 est
1469 2759 1665 2816 seque-

90 2832 244 2880 strate
269 2827 454 2883 domos
479 2830 598 2900 ejus
620 2829 776 2897 Sion,
810 2831 864 2886 id
880 2841 964 2888 est
983 2842 1180 2898 turres,
1202 2835 1276 2889 ab
1305 2833 1411 2891 illis
1431 2839 1664 2906 pseudo-

89 2919 350 2986 apostolis.
413 2921 567 2990 Quod
621 2931 704 2978 est
755 2923 981 2980 dicere:
1023 2924 1412 2982 Discrelionem
1469 2930 1663 2987 habete

85 3008 216 3066 inter
253 3014 741 3086 pseudoapostolos
785 3026 840 3073 et
874 3024 1084 3084 turres,
1115 3028 1171 3074 ut
1216 3019 1296 3075 sic
1323 3023 1576 3076 enarretis
1609 3023 1660 3078 in

83 3103 456 3163 conformitate
495 3109 722 3164 turrium
751 3109 806 3163 in
837 3113 1082 3181 progenie
1111 3109 1279 3166 altera
1311 3127 1658 3180 successura,

1763 1899 1994 1956 factione
2019 1902 2278 1957 virtutum
2302 1921 2316 1971 ;
2361 1906 2455 1961 sed
2485 1906 2794 1962 habitantes
2819 1918 2874 1963 et
2904 1909 3210 1965 immobiles
3232 1926 3348 1978 per-

1763 1992 1914 2062 cipile
1944 1994 2059 2049 IltBC
2096 1997 2344 2062 auribus,
2387 1998 2439 2052 id
2470 2007 2572 2065 est,
2617 2000 2696 2054 sic
2731 2001 2911 2055 audite
2939 2003 3051 2058 hmc
3089 2005 3346 2060 exteriori

1763 2091 1968 2154 auditu,
2028 2098 2090 2144 ut
2128 2091 2290 2144 etiam
2332 2092 2495 2147 corde
2537 2094 2868 2164 percipiatis.
2923 2093 3154 2161 Orbem,
3203 2098 3346 2166 quod

1765 2183 1905 2238 idem
1941 2191 2020 2238 est
2049 2184 2189 2253 quod
2222 2194 2276 2238 et
2315 2186 2644 2251 rotunditas,
2682 2202 2781 2256 pro
2808 2188 3142 2257 perfectione
3175 2190 3344 2261 ponit.

1765 2270 1897 2338 Quia
1925 2272 2066 2327 sicut
2095 2273 2411 2342 corporibus
2454 2275 2696 2330 rotundis
2723 2279 2910 2332 sordes
2943 2279 3222 2335 adhrerere
3250 2296 3344 2334 ue-

1763 2374 2005 2433 queunt,
2047 2369 2125 2421 sic
2163 2383 2262 2421 nec
2300 2368 2427 2422 vitia
2468 2370 2748 2426 adhaerere
2781 2382 3002 2440 possunt
3045 2374 3098 2429 in
3149 2377 3348 2432 virtute

1761 2456 2038 2524 perfectis.
2080 2456 2195 2513 Non
2235 2471 2416 2514 autem
2457 2461 2791 2519 solummodo
2824 2465 3038 2522 Judaeos
3095 2467 3214 2522 ideo
3261 2485 3348 2524 or-

1763 2547 1884 2602 bem
1935 2547 2258 2612 inhabitare,
2286 2550 2414 2605 dicit
2442 2593 2455 2615 ,
2511 2552 2562 2606 id
2611 2563 2694 2608 est
2735 2556 3121 2625 perfectionem
3149 2600 3163 2624 ,
3204 2561 3349 2628 quod

1763 2639 1926 2691 etiam
1953 2639 2107 2694 multi
2136 2641 2202 2696 de
2229 2642 2480 2709 gentibus
2509 2659 2614 2700 non
2650 2646 3064 2714 inhabitasscnt,
3091 2660 3146 2704 ct
3172 2653 3349 2708 adhuc

1765 2725 2094 2795 inhabitent;
2127 2731 2220 2785 sed
2249 2731 2374 2800 quia
2407 2733 2624 2802 quidam
2658 2749 2722 2788 ex
2763 2735 2961 2793 .Iudaais
2994 2738 3047 2792 in
3076 2741 3348 2812 primjtiva

1769 2818 2009 2875 Ecclesia
2035 2822 2390 2892 perfectiores
2417 2827 2538 2883 aliis
2568 2831 2920 2899 exstiterunt,
2966 2836 3102 2891 dixit
3133 2837 3351 2893 univer-

1765 2911 1952 2968 saliter
1981 2931 1993 2966 :
2021 2915 2230 2982 audite,
2263 2933 2438 2972 omnes
2466 2930 2664 2990 gentes,
2695 2931 2749 2977 et
2773 2937 2960 2980 omnes
2985 2929 3075 2995 qui
3098 2929 3348 2987 habitatis

1764 3003 1959 3059 orbem.
2000 3005 2113 3064 Hoc
2141 3016 2319 3064 autem
2350 3012 2572 3082 exponit
2606 3028 2703 3083 per
2740 3025 2942 3087 partes,
2981 3020 3062 3076 sic
3092 3039 3107 3075 :
3139 3023 3350 3079 scilicet

1765 3097 1945 3150 audite
1966 3097 2102 3164 haec,
2136 3115 2241 3156 non
2272 3101 2444 3156 solum
2470 3104 2726 3174 perfecti,
2765 3110 2862 3164 sed
2905 3121 2958 3166 et
2982 3106 3170 3183 quique
3198 3116 3351 3168 terri-

83 3208 180 3249 non
215 3196 392 3252 solum
423 3198 477 3253 in
508 3199 612 3255 hac
644 3201 920 3271 praesenti.
967 3201 1054 3257 Vel
1085 3202 1164 3258 sic
1197 3221 1210 3256 :
1241 3201 1516 3260 Enarretis
1555 3223 1660 3263 non

1766 3203 1930 3256 gente,
1957 3198 2004 3242 et
2033 3189 2231 3260 quique
2253 3190 2352 3260 filii
2377 3192 2664 3262 hominum,
2689 3197 2742 3252 id
2768 3207 2853 3254 est
2880 3209 2934 3255 et
2957 3176 3148 3256 omnes
3181 3212 3350 3260 terre-

84 3286 243 3342 solum
278 3290 332 3344 ia
378 3306 611 3361 persona
648 3302 829 3350 vestra
853 3335 869 3360 ,
903 3294 997 3350 sed
1023 3294 1184 3348 etiam
1214 3295 1289 3361 in,
1328 3295 1379 3350 id
1419 3306 1505 3352 est
1541 3307 1663 3368 per,’

83 3381 393 3450 progeniem
444 3383 672 3439 alteram
725 3400 1123 3442 successuram.
1173 3385 1326 3454 Quod
1375 3397 1458 3444 est
1506 3404 1570 3444 ac
1617 3392 1662 3445 si

85 3472 223 3527 dicat
273 3492 289 3527 ε
343 3474 404 3530 Si
454 3477 936 3533 conformaremiui
993 3479 1456 3550 pseudoapostolis
1485 3522 1501 3548 ,
1556 3497 1660 3537 non

81 3576 254 3620 essent
302 3568 724 3624 auctorizabiles
773 3571 1152 3626 enarrationes
1206 3582 1437 3640 vestrae,
1489 3590 1664 3645 neque

83 3659 444 3714 recitarentur
475 3661 542 3716 de
585 3663 934 3733 generatione
981 3663 1036 3718 in
1075 3665 1524 3735 generationem;
1569 3668 1663 3722 sed

80 3753 502 3807 conformamini
535 3755 796 3820 turribus,
827 3764 882 3811 et
908 3758 1014 3812 hoc
1043 3757 1188 3825 quod
1212 3759 1540 3813 enarrabitis
1569 3774 1665 3813 au-

79 3843 392 3900 ctorizabile
409 3846 534 3900 erit.
559 3846 848 3902 Enarrabit
869 3849 1031 3903 etiam
1053 3849 1176 3903 aliis
1197 3848 1363 3904 altera
1388 3852 1665 3920 generatio

77 3949 400 3992 successum
417 3977 434 4004 ,
456 3947 513 3993 et
541 3939 642 3995 hoc
669 3942 932 3997 enarretis
953 3956 1050 4011 per
1073 3943 1385 4011 progeniem
1412 3942 1662 4010 alteram,

77 4023 124 4078 id
171 4038 298 4094 est,
351 4029 458 4085 hoc
501 4043 814 4089 enarratum
861 4050 892 4089 a
932 4034 1087 4089 vobis
1122 4043 1342 4088 enarret
1378 4036 1666 4104 progenies

74 4118 262 4174 altera.
288 4121 557 4187 Quoniam
587 4126 693 4191 hic,
724 4126 778 4181 id
803 4135 888 4182 est
917 4127 970 4180 in
1000 4125 1264 4192 Ecclesia,
1295 4135 1368 4180 est
1400 4126 1579 4193 Deus;
1611 4136 1666 4183 et

74 4226 174 4266 non
223 4214 474 4280 alienus,
518 4217 614 4271 sed
655 4217 798 4272 Deus
841 4230 1016 4274 noster
1063 4218 1344 4284 Christus;
1397 4234 1568 4288 usque
1611 4222 1666 4274 in

74 4313 364 4373 «ternum,
413 4308 467 4362 id
505 4317 589 4364 est
617 4309 852 4380 quandiu
899 4310 1134 4366 mundus
1174 4309 1275 4366 iste
1316 4310 1560 4378 durabit;
1615 4322 1664 4366 et

73 4411 230 4464 usque
269 4401 326 4452 in
358 4399 614 4454 sa’culum
641 4401 821 4456 διεσαιί
859 4403 1018 4473 hujus
1053 4402 1454 4457 subsecutivum
1476 4445 1489 4469 ,
1523 4419 1662 4456 nun-

1765 3279 1851 3332 nis
1884 3280 2062 3336 adhuc
2096 3281 2457 3353 inhaerentes,
2493 3287 2580 3356 qui
2622 3288 2924 3359 imperfecti
2954 3295 3084 3348 estis
3117 3311 3128 3346 :
3163 3304 3216 3348 et
3250 3296 3351 3364 ﬁlii

1763 3369 2032 3424 hominum
2059 3411 2075 3437 ,
2117 3373 2169 3428 id
2206 3384 2290 3429 est
2330 3377 2540 3433 ratione
2586 3387 2798 3436 utentes
2836 3390 2895 3436 ut
2932 3385 3220 3452 homines,
3257 3388 3352 3457 qui

1764 3460 1988 3530 perfecti
2017 3465 2174 3530 estis;
2225 3477 2280 3521 et
2307 3484 2413 3522 non
2444 3469 2782 3528 solummodo
2809 3474 3001 3531 divites
3035 3489 3121 3532 aut
3151 3493 3354 3550 paupe-

1767 3569 1873 3618 res,
1927 3557 2021 3610 sed
2055 3567 2110 3612 et
2133 3559 2237 3614 hoc
2263 3561 2448 3616 audiat
2473 3564 2644 3631 dives,
2673 3575 2720 3619 et
2757 3566 2861 3622 hoc
2901 3569 3085 3624 audiat
3111 3589 3310 3642 pauper
3333 3587 3352 3624 :

1765 3643 1818 3698 in
1854 3661 2018 3700 unum
2059 3651 2363 3708 concordiae
2395 3655 2594 3721 eundo,
2621 3657 2672 3710 id
2714 3673 2820 3711 non
2849 3661 3075 3717 remisse
3105 3679 3272 3730 unus,
3300 3675 3356 3719 et

1767 3737 1972 3794 intente
2008 3741 2175 3808 alius,
2219 3745 2313 3798 sed
2346 3745 2507 3802 ambo
2545 3749 2770 3804 intente.
2814 3751 2968 3807 Dives
2997 3756 3213 3825 quidem
3259 3773 3356 3811 au-

1765 3829 1908 3896 diat,
1947 3840 2004 3884 ut
2035 3832 2210 3888 discat
2238 3834 2292 3888 in
2323 3836 2528 3893 divitiis
2573 3855 2676 3894 non
2705 3841 2961 3912 gloriari,
3005 3861 3128 3900 cum
3172 3858 3354 3903 osten-

1765 3921 1894 3976 dero
1919 3936 2013 3978 eas
2039 3923 2439 3982 damnationem
2469 3932 2716 3999 operari,
2746 3934 2864 4003 plus
2888 3950 3048 4005 quam
3095 3938 3348 3994 salutem.

1766 4011 1980 4086 Pauper
2001 4026 2202 4085 autem,
2229 4027 2290 4074 ut
2312 4020 2426 4076 haec
2452 4023 2640 4078 eadem
2666 4025 3012 4093 intendendo,
3039 4031 3103 4085 de
3126 4046 3353 4102 pauper-

1768 4115 1877 4163 tate
1921 4109 2252 4178 consoletur,
2297 4112 2514 4170 divitias
2559 4119 2878 4186 spernendo.
2929 4119 3128 4174 Reddit
3169 4133 3351 4178 autem

1766 4212 1858 4253 eos
1888 4201 1954 4253 ad
1984 4203 2311 4258 audiendum
2338 4207 2594 4272 intentos,
2626 4209 2707 4264 sic
2739 4226 2752 4262 :
2784 4209 2919 4274 Dixi,
2947 4212 3144 4276 audite,
3169 4224 3224 4268 ct
3251 4230 3350 4268 au-

1766 4291 1990 4345 diendus
2017 4309 2154 4349 sum.
2188 4294 2304 4350 Non
2333 4297 2476 4352 enim
2509 4305 2643 4354 van'a
2682 4301 2874 4370 loquar
2895 4311 2950 4357 et
2982 4305 3219 4372 inutilia,
3255 4311 3349 4363 scd

1767 4400 1822 4437 os
1850 4401 2020 4438 meum
2051 4385 2292 4457 loquetur
2317 4391 2648 4459 sapientiam,
2684 4394 2736 4448 id
2780 4405 2864 4450 est
2909 4396 3012 4450 tale
3037 4400 3164 4467 quid
3207 4404 3350 4470 quod

70 4499 230 4554 Quam
261 4491 594 4548 dimissurus
621 4508 762 4549 eam.
794 4495 861 4548 Et
887 4510 994 4550 non
1030 4495 1108 4550 sic
1135 4503 1221 4550 est
1246 4495 1300 4550 in
1334 4510 1419 4561 ea,
1450 4505 1506 4550 ut
1530 4496 1660 4550 nihil
1697 4533 1742 4589 Ι)
1768 4473 1832 4526 ad
1864 4473 2160 4589 fil-pilenta!)
2198 4478 2366 4589 vitam
2394 4481 2694 4589 pertinebit.
2720 4503 2732 4537 :
2763 4495 2810 4538 el
2859 4486 2958 4589 hoc
2999 4503 3104 4589 non
3138 4489 3351 4589 impiae-

71 4579 138 4633 ibi
169 4591 475 4649 operetur;
513 4587 608 4640 sed
641 4587 755 4656 ipse
791 4587 934 4642 idem
967 4587 1111 4642 Deus
1141 4596 1326 4643 noster
1363 4597 1512 4658 reget
1541 4605 1661 4654 nos,

69 4687 132 4728 ne
167 4691 198 4728 ιι
244 4677 337 4730 via
380 4690 477 4730 sua
515 4677 950 4749 distorqueamur
987 4679 1144 4750 157
1177 4693 1346 4748 usque
1384 4680 1436 4733 in
1471 4682 1664 4735 saecula

69 4769 412 4838 sempiterna
444 4784 458 4821 :
490 4770 593 4825 hoc
623 4780 804 4827 autem
843 4771 975 4827 dicit
1005 4781 1062 4826 ut
1089 4771 1336 4827 inﬁdeles
1365 4785 1484 4828 esse
1527 4771 1665 4828 ﬁlios

67 4853 330 4913 Ecclesiae
363 4857 485 4927 plus
518 4860 728 4916 invitet.

515 4952 582 5006 IN
621 4954 949 5010 PSALMUM
993 4954 1220 5010 XLVIII.

118 5043 354 5100 Titulus
388 5047 776 5116 quadragesimi
816 5049 1004 5102 octavi.
1042 5047 1108 5101 In
1146 5048 1303 5116 ﬁnem
1337 5048 1464 5118 [il-iis
1509 5049 1661 5104 Core.

65 5130 326 5187 Psalmus
367 5133 574 5200 David,
604 5137 747 5206 quod
783 5137 863 5192 sic
901 5137 1228 5206 exponitur:
1274 5137 1523 5192 Psaltnus
1562 5138 1664 5193 istc

61 5235 142 5279 est
173 5226 365 5281 David
395 5229 675 5297 propheta:
704 5229 784 5284 vel
816 5228 1203 5298 apostolorum.
1239 5229 1405 5283 Dat-id
1433 5232 1554 5284 dico
1582 5230 1662 5285 lo-

58 5318 289 5383 quentis
328 5315 461 5384 ﬁliis
511 5318 680 5385 Core,
718 5328 777 5373 ιιι
819 5321 1062 5374 nitantur
1102 5333 1223 5374 esse
1258 5318 1352 5373 ﬁlii
1398 5335 1569 5389 usque
1610 5321 1662 5374 in

61 5409 224 5463 linem
261 5409 572 5476 tiliationis,
605 5411 658 5466 id
687 5421 769 5466 est
800 5413 851 5466 in
881 5421 1141 5482 quantum
1166 5427 1286 5466 esse
1313 5422 1516 5482 queunt
1544 5412 1661 5468 ﬁlii.

57 5503 216 5568 Quod
255 5512 354 5558 est
401 5504 586 5559 dicere
628 5512 686 5558 ut
729 5505 836 5559 sint
882 5506 976 5559 lilii
1022 5507 1074 5559 in
1111 5505 1568 5574 perseverantiam
1611 5515 1666 5560 et

59 5594 492 5662 perfectionem.
523 5595 813 5651 lutcudunt
856 5604 1034 5649 autem
1073 5596 1124 5650 in
1165 5597 1268 5651 hoc
1302 5596 1510 5665 psalmo
1537 5607 1666 5664 apo-

57 5688 182 5741 stoli
217 5686 314 5742 vel
345 5687 626 5757 propheta:
658 5703 912 5742 revocare
938 5703 1130 5742 omnes
1160 5685 1296 5742 ﬁlios
1327 5687 1495 5749 Core,
1528 5698 1580 5741 et
1609 5688 1660 5740 in

55 5779 270 5839 Induis
299 5791 359 5836 et
386 5782 442 5836 in
468 5781 739 5851 gentibus,
770 5790 826 5836 et
849 5780 1118 5852 perfectos
1145 5791 1198 5838 et
1219 5781 1584 5852 imperfectos,
1612 5789 1668 5834 et

1768 4569 2022 4624 meditate
2066 4569 2276 4641 loquar,
2320 4573 2412 4628 sed
2458 4577 2725 4630 meditatio
2760 4579 2931 4632 cordis
2967 4581 3066 4634 mei
3112 4583 3351 4651 proferet

1762 4662 2128 4732 prudentiam,
2158 4665 2208 4718 id
2250 4675 2334 4721 est
2372 4668 2718 4738 sapientiam.
2752 4669 2894 4724 Bene
2917 4673 3134 4743 quidem
3172 4677 3346 4745 ponit,

1763 4753 2096 4809 humiliando
2139 4770 2234 4821 se,
2283 4772 2389 4811 non
2427 4775 2519 4828 ego
2564 4759 2776 4831 loquar,
2825 4765 2918 4818 sed
2965 4781 3022 4818 os
3059 4783 3227 4819 meum
3267 4766 3351 4820 lo-

1763 4855 1950 4915 quetur
1986 4863 2002 4900 :
2045 4861 2170 4900 nam
2216 4848 2260 4901 si
2298 4860 2524 4918 poneret
2564 4867 2658 4922 ego
2703 4853 2910 4925 loquar,
2959 4867 3140 4925 posset
3181 4860 3346 4914 videri

1765 4938 1908 5006 quod
1937 4941 2002 4990 de
2027 4953 2086 4993 se
2112 4938 2240 4995 illud
2267 4940 2512 4997 haberet.
2539 4943 2671 4998 Cum
2697 4955 2876 5002 autem
2900 4951 3067 5017 ponit,
3097 4968 3153 5004 os
3177 4968 3348 5004 meum

1769 5029 2025 5100 loquetur,
2063 5031 2236 5084 innuit
2261 5033 2404 5101 quod
2428 5048 2534 5088 non
2566 5051 2596 5089 a
2617 5051 2675 5091 se
2707 5039 2836 5104 erit,
2863 5040 2957 5092 sed
2985 5056 3046 5094 os
3079 5056 3234 5095 suum
3261 5057 3349 5095 so-

1770 5123 2045 5178 lummodo
2103 5125 2330 5194 hujusce
2383 5125 2673 5185 locutionis
2728 5132 2832 5184 erit
2885 5132 3345 5198 instrumentum;

1769 5218 1910 5285 quod
1956 5217 2114 5286 plane
2160 5217 2214 5270 in
2255 5222 2609 5290 sequentibus
2645 5223 2902 5286 ostendit,
2951 5223 3157 5278 scilicet
3205 5225 3348 5292 quod

1771 5325 1876 5364 non
1913 5310 2018 5363 erit
2043 5326 2072 5364 a
2099 5326 2174 5376 se,
2210 5313 2326 5368 sic:
2359 5314 2488 5370 Dico
2522 5317 2662 5384 quod
2690 5334 2747 5369 os
2784 5323 2953 5369 meum
2991 5315 3228 5386 loquetur
3256 5333 3344 5370 sa-

1765 5407 2012 5474 pientiam
2039 5425 2056 5461 :
2081 5425 2240 5477 quam
2270 5411 2454 5464 sciatis
2477 5426 2506 5463 a
2536 5426 2620 5464 mc
2646 5426 2750 5464 non
2780 5424 2920 5474 esse,
2949 5421 3001 5463 ut
3027 5425 3142 5463 eam
3169 5418 3350 5463 aucto-

1767 5501 2131 5555 rizabiliorem
2167 5503 2436 5567 habeatis;
2467 5503 2559 5557 sed
2589 5518 2617 5555 a
2653 5503 2908 5572 magistra
2932 5503 3174 5557 Veritate
3213 5503 3348 5554 intc-

1771 5595 1883 5646 rius
1935 5593 2067 5646 mihi
2120 5593 2486 5661 praesidente,
2539 5601 2592 5646 et
2637 5607 2666 5645 a
2718 5601 2906 5646 sancto
2957 5584 3180 5660 Spiritu.
3237 5591 3348 5656 Ego

1769 5697 2001 5752 namque
2053 5683 2315 5736 inclinabo
2360 5698 2539 5734 aurem
2591 5699 2758 5735 meam
2813 5683 2866 5734 in
2918 5680 3266 5750 parabolam,
3318 5693 3347 5732 a

1771 5777 2124 5832 similitudine
2167 5775 2292 5832 boni
2322 5775 2495 5844 servi,
2534 5776 2624 5847 qui
2665 5777 2732 5833 ad
2771 5775 3034 5833 audienda
3065 5774 3350 5847 diligenter
