3846 6334
544 354 643 411 547

1096 348 1155 403 S.
1195 344 1541 403 BRUNONIS
1579 345 2224 405 CARTIIUSIANORUM
2264 344 2750 402 INSTITUTORIS
2782 345 2933 403 OPP.
2971 345 3151 402 PARS
3200 346 3240 401 ι.
3656 354 3732 408 διε

547 470 706 525 verba
738 466 970 532 Domini,
1005 481 1187 522 aurem
1220 465 1461 521 inclinat.
1496 463 1769 519 Inclinabo
1803 480 1921 535 ego,
1957 464 2007 518 id
2035 471 2120 517 εει
2150 467 2194 524 Λ
2224 460 2293 514 bit
2322 479 2401 515 me
2427 462 2471 516 si
2505 462 2755 529 tiumero,
2787 471 2965 518 tamen
3007 463 3111 519 hac
3155 444 3255 533 ego
3291 475 3478 527 careo;
3531 465 3607 519 sed
3632 466 3736 523 hanc

545 561 811 616 aﬂ'cctabo
843 573 1029 613 aurem
1057 557 1235 612 cordis
1262 558 1315 610 in
1348 555 1680 627 parabolam,
1710 556 1762 610 id
1788 564 1871 610 est
1896 554 1962 609 ad
1990 570 2124 625 opus

544 650 817 721 parabolae
848 648 1127 703 audienda:
1158 647 1419 711 interius,
1457 645 1523 700 ab
1560 642 1647 699 illa
1683 644 1941 715 magistra
1972 642 2126 699 Veri—

548 755 657 799 late
690 764 700 797 :
735 752 790 797 ct
818 752 1103 813 postquam
1134 739 1389 795 inclinata
1419 752 1551 792 aure
1579 736 1840 799 didicero,
1870 734 2123 803 aperiam,

548 837 598 891 id
617 845 699 890 est
721 833 1009 889 manifeste
1030 832 1309 888 ostendam
1329 830 1732 901 propositionem
1757 840 1942 892 meam,
1966 828 2127 899 158

547 926 597 981 id
622 935 705 980 est
727 924 1061 994 parabolam,
1092 938 1197 978 non
1228 921 1399 976 solum
1429 936 1544 986 ore,
1572 920 1666 974 sed
1695 921 1748 973 in
1776 918 2041 989 psalterio,
2072 921 2125 975 id

546 1027 629 1071 εει
663 1017 802 1070 bona
834 1015 1168 1084 operatione.
1202 1013 1353 1080 Quod
1384 1022 1466 1067 est
1500 1013 1679 1066 dicere
1710 1028 1724 1064 :
1765 1010 1878 1065 Non
1918 1020 2124 1066 tantum

547 1108 827 1163 ostendam
856 1122 1006 1169 voce,
1039 1106 1133 1159 sed
1159 1114 1213 1159 ct
1240 1106 1378 1158 bona
1409 1102 1755 1172 Operationo;
1799 1117 1917 1171 quin
1942 1112 2129 1156 osten-

548 1202 629 1255 sio
664 1214 758 1269 per
786 1198 1156 1267 operationem
1196 1195 1365 1250 multo
1394 1194 1663 1249 cﬂieacior
1690 1202 1801 1258 est,
1824 1208 1995 1262 quam
2032 1209 2128 1263 per

550 1305 733 1344 vocem
764 1286 953 1342 solam.

616 1380 885 1446 Quoniam
937 1392 1066 1432 vero
1112 1376 1429 1447 psalterium
1484 1384 1566 1430 est
1611 1376 1879 1444 quoddam
1928 1376 2128 1429 instru-

546 1479 785 1524 mentum
837 1469 1141 1531 musicum,
1180 1483 1276 1537 per
1305 1468 1447 1536 quod
1495 1466 1764 1520 cantilena
1807 1466 2128 1536 exprimitur

545 1562 861 1631 operatione
900 1575 1191 1623 manuum,
1241 1558 1558 1629 psalterium
1604 1573 1702 1626 pro
1748 1558 1887 1611 bona
1936 1572 2129 1626 opera—

546 1653 693 1704 tione
725 1650 964 1718 ponitur.
996 1647 1314 1703 Parabolam
1348 1661 1476 1701 vero
1507 1647 1637 1701 dicit
1668 1646 1809 1701 hanc
1840 1662 2001 1716 quam
2043 1647 2126 1701 fa-

546 1750 731 1795 cturus
769 1750 851 1795 est
883 1740 1325 1801 instructionem,
1365 1753 1429 1792 eo
1466 1739 1606 1807 quod
1644 1754 1750 1791 non
1786 1739 1880 1792 fiat
1924 1738 2127 1808 apertis

2227 549 2303 604 illi
2332 550 2533 606 habent
2559 552 2648 622 qui
2684 553 2954 622 conﬁdunt
2984 555 3052 608 in
3099 555 3284 609 virtute
3313 570 3411 608 sua
3452 554 3672 621 interiori,
3697 559 3736 612 id

2227 650 2311 697 est
2339 643 2431 713 qui
2478 643 2595 698 sine
2631 642 2724 698 Dei
2758 645 2933 715 gratia
2974 646 3318 700 sanctitatem
3350 660 3517 707 suam,
3549 662 3645 715 qua:
3667 664 3742 703 ne:

2226 735 2388 789 etiam
2414 734 2679 790 sanctitas
2707 746 2791 790 est
2821 736 3073 802 dicenda,
3108 738 3176 792 ad
3203 732 3433 790 salutem
3463 752 3594 793 suam
3630 739 3742 793 sufﬁ-

2227 842 2350 883 cere
2384 828 2631 882 credunt.
2668 828 2742 883 De
2779 829 2976 900 quibus
3018 830 3146 885 alibi
3191 828 3478 886 Psalmista
3508 848 3519 884 :
3563 848 3579 882 ι
3617 830 3744 903 Gigas

2227 933 2334 971 non
2388 917 2687 973 salvabitur
2726 919 2779 972 in
2826 920 3174 977 multitudine
3222 921 3441 976 virtutis
3480 937 3575 976 sure
3608 922 3743 992 (f’sut.

2228 1022 2400 1071 xxx”,
2433 1006 2542 1076 16).
2588 1026 2605 1058 ι
2646 1006 2709 1061 Et
2743 1007 2816 1063 illi
2853 1009 3054 1064 habent
3083 1010 3423 1079 iniquitatem
3456 1014 3536 1082 qui
3566 1012 3751 1083 glorian-

2227 1109 2314 1150 tur
2340 1115 2443 1151 non
2468 1098 2522 1152 in
2546 1097 2672 1159 Deo,
2701 1101 2794 1153 sed
2815 1100 2868 1153 in
2894 1100 3228 1155 multitudine
3250 1102 3542 1157 divitiarum
3562 1121 3749 1169 suarum,

2228 1190 2477 1258 ponendo
2522 1191 2573 1244 in
2622 1191 2702 1245 eis
2749 1206 2899 1269 spem
2948 1193 3102 1263 quasi
3154 1208 3281 1248 vera
3329 1194 3467 1249 bona
3503 1206 3550 1250 ει
3588 1212 3754 1251 summa

2227 1292 2411 1338 essent
2467 1282 2615 1349 Quos
2650 1283 2982 1339 confidentes
3021 1293 3075 1340 ct
3115 1285 3415 1356 gloriantes
3446 1290 3576 1356 quod
3606 1288 3756 1357 hujus-

2229 1372 2372 1428 modi
2405 1384 2550 1440 sunt,
2589 1373 2757 1444 frater
2795 1391 2897 1428 non
2934 1374 3162 1442 redimit,
3200 1378 3252 1431 id
3296 1388 3379 1431 est
3415 1376 3662 1444 Christus,
3686 1381 3755 1448 qui

2228 1463 2400 1519 frater
2425 1474 2507 1521 est
2538 1465 2777 1520 omnium
2822 1465 3112 1533 bonorum,
3150 1467 3274 1537 quia
3323 1469 3600 1539 participes
3636 1482 3758 1523 cruut

2228 1557 2579 1611 beatitudinis
2601 1555 2737 1624 ejus.
2764 1556 2918 1612 Unde
2941 1566 3063 1627 post
3097 1560 3546 1615 resurrectionem
3582 1561 3639 1615 de
3661 1577 3759 1631 apo-

2228 1650 2383 1704 stolis
2424 1650 2561 1705 dixit
2601 1665 2616 1703 :
2656 1668 2673 1702 t
2727 1650 2838 1716 lte,
2884 1652 3131 1707 nuntiate
3173 1651 3439 1709 fratribus
3480 1656 3637 1720 meis,
3679 1665 3759 1708 etc.

2230 1742 2445 1811 (Matth.
2466 1758 2659 1808 xxviii,
2679 1743 2798 1813 10);
2824 1763 2841 1795 ι
2866 1742 2932 1797 Ει
2957 1743 3112 1800 alibi:
3138 1764 3154 1796 ε
3177 1744 3497 1816 Quicunque
3514 1745 3760 1801 feceritvo-

547 1833 758 1898 verbis,
793 1831 886 1886 sed
922 1830 1078 1901 quasi
1116 1845 1211 1900 per
1239 1830 1502 1899 quasdam
1543 1829 1924 1885 similitudines
1954 1847 1967 1882 :
2001 1846 2124 1884 cum
2159 1848 2199 1906 Β
2228 1832 2488 1886 luutatem
2515 1830 2693 1887 Patris
2719 1832 2845 1898 mei,
2870 1833 2984 1902 ipse
3010 1849 3159 1888 meos
3189 1834 3383 1900 frater,
3410 1854 3428 1885 ι
3462 1845 3563 1889 etc.
3589 1833 3763 1904 (Matth.

545 1925 697 1993 ponit
726 1924 1040 1978 calcaneum
1079 1938 1175 1992 pro
1208 1931 1382 1986 statu,
1418 1930 1472 1974 ct
1502 1936 1622 1973 cum
1658 1922 1809 1985 dicit,
1853 1941 1868 1973 π
1904 1936 2124 1992 compa-

548 2026 701 2071 ratus
740 2026 822 2070 est
850 2016 1115 2086 jumentis
1148 2013 1317 2084 (Psal.
1355 2029 1543 2079 xavm,
1578 2013 1688 2083 1⁵5),
1727 2034 1744 2063 ι
1780 2023 1910 2077 ειε.,
1945 2013 2127 2081 hujus-

545 2107 687 2160 modi
733 2123 745 2157 :
787 2121 906 2173 qua:
950 2105 1113 2159 etiam
1164 2103 1418 2173 parabola
1472 2103 1769 2173 propositio
1808 2103 2025 2165 dicitur,
2063 2117 2128 2157 eo

546 2198 686 2265 quod
718 2196 783 2250 ad
814 2195 1211 2249 correctionem
1242 2194 1470 2247 aliorum
1504 2201 1832 2262 proponatur
1862 2210 1874 2245 :
1908 2201 1962 2246 et
1989 2208 2127 2261 quo-

549 2289 689 2341 niam
720 2303 785 2342 ex
820 2285 1123 2355 hujusmodi
1158 2285 1539 2349 locutionibus,
1572 2298 1692 2337 cum
1723 2285 1967 2338 obscurae
1995 2285 2125 2349 sint,

547 2379 877 2447 quaestiones
928 2378 1139 2431 soleant
1206 2375 1485 2445 generari,
1560 2375 1699 2428 facta
1754 2375 2128 2429 exhortatione

549 2472 739 2540 incipit
780 2471 883 2524 hoc
921 2471 1063 2539 quod
1111 2469 1396 2538 promisit,
1436 2468 1552 2521 sic:
1587 2467 1729 2531 Dixi,
1771 2468 1981 2531 audite,
2028 2469 2130 2521 hoc

548 2561 754 2616 scilicet
778 2578 789 2612 :
816 2559 923 2614 Cur
945 2560 1128 2613 timebo
1150 2559 1201 2612 in
1222 2558 1305 2611 die
1327 2558 1506 2611 inata?
1530 2556 1680 2623 Quod
1704 2565 1784 2610 est
1808 2572 1870 2610 ac
1892 2558 1933 2611 si
1952 2556 2127 2610 dicat:

548 2652 746 2706 Beatus
784 2652 872 2705 ille
903 2652 992 2720 qui
1038 2666 1141 2704 non
1182 2649 1393 2703 timebit
1438 2649 1489 2702 in
1523 2649 1610 2702 die
1652 2648 1819 2713 mala,
1867 2649 1916 2701 id
1948 2658 2029 2701 est
2077 2648 2128 2701 in

548 2741 879 2809 die.judicii;
909 2755 1027 2810 qua:
1051 2740 1154 2793 erit
1181 2739 1296 2793 dies
1322 2737 1478 2801 mala,
1505 2746 1765 2807 quantum
1795 2737 1861 2792 ad
1888 2738 2083 2807 impios
2114 2755 2126 2790 :

548 2834 664 2889 dies
706 2833 916 2888 scilicet
945 2831 1273 2886 calamitatis
1310 2839 1363 2884 et
1396 2830 1648 2884 miseriae.
1690 2827 1851 2895 Quia,
1886 2829 1930 2883 si
1968 2828 2131 2883 fuerit

546 2926 601 2977 in
639 2923 722 2976 die
754 2922 895 2975 mala
932 2930 988 2975 ut
1034 2922 1251 2974 timeam
1296 2918 1719 2982 damnationem,
1770 2934 1860 2970 cur
1909 2918 2132 2971 timebo?

548 3015 600 3068 id
641 3025 724 3068 est
760 3029 881 3079 quae
926 3026 1089 3066 causa
1127 3010 1232 3065 erit
1275 3007 1434 3077 hujus
1466 3008 1715 3061 timoris?
1755 3006 1903 3061 Hane
1947 3018 2130 3061 autem

546 3106 900 3176 qumstionem
936 3120 1039 3157 non
1085 3103 1137 3155 in
1173 3116 1233 3156 se
1269 3101 1528 3167 assumit,
1577 3115 1641 3154 eo
1671 3099 1813 3168 quod
1851 3114 1909 3154 se
1943 3099 2131 3154 timere

2228 1937 2329 1986 xu,
2354 1921 2468 1990 50).
2524 1920 2677 1988 Quod
2719 1931 2803 1977 est
2835 1923 3018 1979 dicere
3048 1942 3059 1977 :
3091 1923 3223 1983 Cum
3246 1924 3417 1978 frater
3447 1940 3539 1995 pro
3562 1923 3766 1979 omnibus

2228 2029 2417 2082 passus
2447 2014 2537 2080 sit,
2568 2024 2628 2069 ut
2659 2028 2849 2069 omnes
2873 2014 3102 2071 redimat
3124 2017 3376 2086 passione
3402 2032 3519 2080 sua,
3552 2027 3768 2087 quantum

2229 2106 2296 2159 ad
2348 2121 2500 2161 suam
2549 2108 2803 2177 pietatem
2846 2125 2857 2161 :
2912 2116 3092 2162 tamen
3144 2125 3249 2163 non
3298 2110 3518 2164 redimit
3554 2125 3639 2163 eos
3666 2122 3770 2177 quos

2228 2209 2388 2263 supra
2428 2195 2561 2259 dixi,
2602 2206 2865 2265 quantum
2924 2198 2991 2251 ad
3031 2212 3217 2251 eorum
3263 2199 3640 2267 iniquitatem;
3679 2199 3773 2267 quia

2230 2284 2473 2339 nolentes
2495 2284 2544 2338 ei
2571 2285 2900 2340 conformari
2929 2286 3197 2354 repellunt
3217 2301 3247 2342 a
3274 2302 3333 2343 se
3359 2289 3770 2357 redemptionem.

2231 2380 2296 2433 Et
2325 2396 2444 2435 cum
2474 2396 2581 2435 non
2621 2381 2961 2435 redimantur
2991 2396 3021 2435 a
3057 2382 3247 2446 fratre,
3278 2383 3497 2435 redimet
3523 2396 3611 2436 eos
3636 2382 3776 2441 homo,

2230 2472 2282 2526 id
2311 2481 2394 2527 est
2421 2472 2593 2526 Adam
2627 2480 2782 2528 Vetus
2818 2472 3001 2541 homo,
3045 2474 3131 2529 cui
3171 2483 3297 2528 sunt
3326 2460 3667 2530 conformes?
3693 2471 3775 2524 Ne-

2229 2579 2524 2634 quaquam.
2571 2564 2667 2620 Vel
2710 2566 2790 2620 sic
2828 2582 2841 2618 :
2882 2565 3075 2620 Frater
3109 2567 3271 2621 homo
3317 2582 3423 2621 non
3485 2565 3683 2622 redimit
3709 2578 3781 2618 eos

2232 2656 2340 2720 hic,
2382 2655 2433 2710 id
2470 2664 2553 2710 est
2599 2656 2850 2711 Christus
2891 2659 2983 2728 qui
3033 2657 3203 2713 frater
3253 2668 3445 2713 noster
3475 2669 3577 2725 est,
3621 2673 3781 2713 secun-

2230 2747 2357 2802 dum
2407 2749 2550 2819 quod
2600 2749 2783 2816 homo,
2826 2766 2931 2805 non
2970 2750 3189 2806 redimit
3219 2768 3313 2808 eos
3363 2754 3458 2808 hic
3510 2762 3675 2807 morte
3709 2765 3783 2803 Sua

2230 2842 2298 2892 ab
2344 2838 2608 2908 injustitia
2653 2856 2863 2896 eorum.
2909 2841 3157 2896 Redimet
3201 2858 3331 2912 ergo
3376 2859 3477 2897 eos
3515 2844 3567 2897 in
3604 2838 3785 2895 futuro?

2236 2929 2396 3001 159
2425 2929 2664 2985 Minime.
2696 2931 2762 2985 Et
2798 2932 2901 2987 hoc
2923 2941 3006 2986 est
3029 2933 3173 3001 quod
3199 2933 3330 2987 dicit
3355 2951 3367 2985 :
3401 2948 3534 2988 vere
3557 2949 3652 2987 non
3676 2932 3786 2984 redi.

2229 3036 2374 3088 met;
2434 3039 2556 3077 nam
2598 3041 2702 3078 non
2753 3024 2898 3077 dabit
2949 3024 3038 3079 ille
3091 3024 3263 3079 frater
3315 3025 3431 3079 Deo
3477 3025 3786 3095 placulionrnt

2230 3130 2399 3175 suam,
2424 3114 2477 3167 id
2507 3122 2590 3168 est
2619 3114 2983 3183 placationem
3012 3130 3200 3171 eorum
3234 3116 3286 3170 in
3319 3116 3532 3171 futuro.
3558 3114 3699 3183 Quod
3725 3122 3791 3165 est

547 3196 776 3261 dubitet,
809 3210 931 3250 cum
967 3194 1179 3248 timoris
1220 3191 1380 3261 hujus
1419 3207 1580 3246 causa
1612 3200 1830 3256 careat;
1864 3192 1956 3245 sed
1985 3200 2043 3243 ut
2076 3191 2128 3243 in
2160 3207 2202 3268 ρ
2236 3206 2415 3261 dicere
2445 3224 2457 3259 ε
2497 3205 2613 3259 Non
2642 3206 2803 3262 faciet
2830 3224 2929 3278 pro
2952 3209 3033 3263 eis
3060 3210 3364 3263 οηιίοηεηι
3394 3209 3513 3263 ι)ρο
3538 3207 3693 3269 patri,
3716 3220 3791 3275 ρετ

546 3288 631 3342 ειιί
682 3286 1157 3357 transfiguratione
1202 3286 1342 3339 hanc
1389 3283 1744 3353 quaestionem
1794 3282 2126 3352 propositam

547 3380 615 3433 ad
660 3380 946 3433 utilitatem
986 3378 1323 3432 audientium
1365 3376 1571 3440 solvat,
1612 3385 1667 3429 et
1705 3375 1898 3429 doceat
1938 3391 2030 3430 eos
2063 3376 2131 3430 ab

536 3470 833 3539 iniquitate
874 3485 1087 3533 cavere,
1125 3470 1244 3523 sic:
1284 3469 1425 3533 Dixi,
1466 3483 1561 3521 cur
1599 3466 1787 3519 timebo
1826 3466 2012 3534 :quod
2052 3467 2131 3521 sic

548 3562 698 3617 solvo
730 3561 891 3616 :ldco
934 3561 1132 3614 timebo
1172 3562 1225 3614 in
1263 3561 1352 3616 die
1398 3559 1570 3625 mala,
1620 3558 1665 3613 si
1716 3558 1946 3613 timuere
1987 3559 2130 3627 quod

545 3653 799 3725 iniquitas
838 3652 1177 3706 circumdabit
1219 3669 1334 3716 me,
1376 3651 1427 3704 id
1467 3660 1549 3705 est
1586 3648 1812 3703 multum
1843 3650 2132 3720 occupabit

547 3758 655 3799 me.
688 3741 842 3810 Quod
869 3751 952 3798 est
982 3743 1161 3797 dicere
1184 3760 1196 3796 :
1218 3742 1354 3809 Quia
1388 3742 1640 3798 conscius
1661 3756 1775 3805 ero,
1808 3741 1852 3794 si
1880 3743 2126 3809 timuere,

548 3836 685 3891 mihi
716 3835 939 3890 multam
971 3835 1312 3906 iniquitatem
1343 3837 1539 3892 inesse.
1575 3839 1837 3911 lniquitas
1870 3834 1991 3898 dico
2020 3844 2129 3897 cal-

547 3929 697 4008 canci
725 3928 845 3994 mei,
879 3927 931 3982 id
957 3936 1041 3981 est
1067 3928 1362 3997 procedens
1385 3943 1449 3982 ex
1474 3927 1756 3987 affectione
1784 3950 1933 4000 mea,
1965 3951 2126 4004 quam

546 4020 755 4079 scilicet
809 4020 863 4075 in
915 4018 1200 4074 affectione
1253 4021 1533 4091 gesserim.
1591 4022 1945 4080 Affectionem
2000 4043 2128 4082 vero

546 4111 861 4166 calcaneum
892 4109 1056 4176 dicit;
1119 4110 1259 4179 quod
1287 4126 1387 4180 per
1421 4128 1541 4166 eam
1591 4116 1805 4170 animus
1842 4118 2128 4187 cogitando

545 4203 809 4272 graditur,
851 4202 990 4257 sicut
1038 4217 1068 4255 a
1114 4217 1343 4272 corpore
1389 4203 1645 4259 calcaneo
1692 4207 1819 4261 itur.
1870 4209 1964 4265 Vel
2003 4211 2121 4266 sic:

544 4295 832 4365 Iniquitas,
850 4296 989 4363 dico,
1006 4297 1326 4365 prostrati-ix
1349 4298 1583 4351 calcanei
1598 4301 1716 4365 mei,
1745 4302 1796 4355 id
1814 4311 1889 4358 est
1917 4303 2128 4359 destru-

544 4386 684 4440 ctrix
709 4394 883 4440 status
913 4387 1222 4441 sanctitatis
1255 4403 1417 4453 "161B;
1455 4403 1576 4457 qua:
1605 4391 1813 4448 scilicet
1848 4410 2121 4466 nunquam

546 4474 652 4529 alio
682 4477 839 4529 modo
870 4492 949 4529 me
983 4484 1108 4531 tunc
1138 4477 1502 4543 circumdabit,
1541 4481 1643 4534 nisi
1691 4482 1779 4537 hic
1818 4486 2124 4540 sanctitatis

544 4578 680 4617 mea:
716 4572 914 4618 statum
955 4565 1217 4620 obruerit.
1263 4566 1399 4633 Quia
1438 4583 1534 4638 per
1573 4569 1887 4627 calcaneum
1930 4586 2124 4641 statur,

544 4669 643 4723 pro
669 4663 815 4708 statu
846 4656 1154 4710 calcaneum
1186 4659 1353 4727 ponit.
1383 4658 1568 4715 Status
1598 4671 1776 4717 autem
1817 4667 2124 4724 sanctitatis

545 4745 681 4799 nihil
709 4745 853 4799 aliud
892 4747 1102 4802 videtur
1129 4763 1435 4819 essequam
1465 4752 1517 4807 in
1552 4755 1843 4811 sanctitate
1870 4773 2122 4827 perseve-

546 4836 745 4890 rantia.
778 4836 872 4893 Vel
903 4839 980 4893 sic
1016 4858 1028 4892 :
1074 4840 1335 4911 lniquitas
1370 4843 1492 4899 dico
1522 4846 1754 4901 calcanei
1786 4850 1906 4917 mei,
1951 4851 2001 4904 id
2038 4864 2121 4907 est

542 4929 963 5007 perseverantiae
985 4944 1135 4985 meae.
1167 4933 1245 4986 Ac
1275 4933 1319 4987 si
1349 4935 1553 4990 diceret
1578 4951 1592 4989 :
1624 4937 1739 4993 Non
1769 4955 1853 4993 me
1880 4942 2119 4997 circum-

540 5019 694 5075 dabit
735 5020 1011 5090 iniquitas,
1046 5024 1148 5077 nisi
1185 5024 1349 5079 fuerit
1375 5028 1631 5098 iniquitas
1661 5032 1922 5098 calcanei,
1955 5036 2005 5089 id
2036 5045 2118 5091 est

546 5111 666 5165 talis
695 5111 878 5180 inqua
914 5126 1257 5181 perseverem
1289 5131 1459 5185 usque
1491 5119 1543 5171 in
1587 5120 1769 5175 finem.
1815 5122 2119 5180 Calcaneus

541 5220 695 5271 vero,
732 5205 856 5274 quia
885 5205 1061 5262 finalis
1092 5222 1218 5277 pars
1244 5219 1326 5263 est
1356 5211 1609 5279 hominis,
1641 5229 1738 5283 pro
1766 5230 2120 5284 persevcran-

542 5299 615 5352 tia
649 5300 888 5367 ponitur,
926 5315 1048 5368 quae
1078 5315 1249 5371 usque
1294 5302 1346 5356 in
1381 5303 1540 5358 finem
1572 5309 1835 5375 procedit.
1875 5308 1981 5365 Per
2019 5312 2122 5367 hoc

543 5399 721 5443 autem
782 5391 1000 5444 instruit
1052 5394 1120 5448 ab
1179 5392 1485 5463 iniquitatis
1536 5411 1660 5452 esse
1710 5403 2119 5469 perseverantia

540 5481 695 5536 valde
740 5486 1058 5539 cavendum.
1103 5486 1335 5558 Exponit
1386 5495 1563 5541 autem
1605 5492 1695 5559 qui
1745 5493 1853 5548 sint
1902 5494 1978 5549 illi
2029 5498 2120 5566 qui

540 5571 779 5627 habeant
817 5574 1179 5643 iniquitatem,
1211 5587 1268 5632 ut
1298 5591 1695 5648 consequenter
1731 5586 1983 5640 ostendat
2025 5604 2119 5643 eos

542 5658 643 5714 hac
675 5660 742 5715 de
779 5676 940 5717 causa
971 5664 1305 5723 damnandos
1345 5682 1490 5734 esse,
1528 5678 1584 5722 ut
1617 5670 1697 5725 sic
1737 5674 2013 5730 auditores
2049 5679 2117 5733 ab

544 5764 603 5802 ea
632 5754 846 5819 penitus
872 5754 1192 5813 absterreat.
1224 5757 1342 5814 Dixi
1369 5760 1511 5829 quod
1537 5763 1785 5833 iniquitas
1819 5767 2118 5823 circumda-

2234 3312 2396 3368 quam
2430 3296 2548 3366 ejus
2588 3298 2723 3351 iram
2756 3298 2934 3367 placet
2968 3315 3131 3369 quam
3179 3299 3343 3353 habet
3378 3310 3575 3352 contra
3606 3312 3710 3351 eos.
3740 3294 3789 3345 Et

2233 3391 2321 3445 hic
2350 3405 2457 3445 non
2495 3390 2641 3445 dabit
2667 3392 2746 3444 eis
2784 3394 3008 3461 pretium
3039 3392 3409 3460 redemptionis
3457 3393 3649 3445 animm
3682 3401 3789 3443 sua.

2233 3482 2285 3534 id
2313 3490 2624 3535 esteorum.
2654 3481 2806 3548 Quod
2833 3491 2918 3537 est
2951 3483 3133 3536 dicere
3160 3500 3173 3535 :
3216 3481 3360 3536 Mors
3387 3482 3517 3553 ejus
3547 3494 3662 3551 qua:
3693 3492 3791 3548 pre;

2232 3574 2366 3627 tium
2415 3582 2499 3627 est
2543 3573 2930 3641 redemptionis
2978 3574 3175 3627 animtc
3214 3572 3517 3641 justorum,
3566 3587 3667 3626 non
3709 3568 3796 3623 erit

2230 3666 2463 3735 pretium
2533 3666 2923 3734 redemptionis
2986 3666 3182 3721 anima:
3248 3666 3628 3735 injustorum;
3690 3661 3793 3730 quia

2227 3760 2509 3815 confidunt
2547 3768 2602 3813 et
2636 3759 2957 3830 gloriantur,
2984 3768 3040 3812 ut
3076 3775 3238 3829 supra
3287 3760 3556 3814 diximus.
3600 3757 3661 3811 Et
3689 3756 3793 3824 quia

2230 3853 2318 3907 ille
2370 3853 2645 3908 confidens
2690 3863 2747 3908 et
2782 3853 3023 3922 glorians
3068 3869 3173 3907 non
3215 3853 3525 3909 redimetur
3555 3870 3583 3907 a
3614 3852 3793 3908 fratre.

2229 3946 2487 4000 laborabit
2550 3945 2639 4000 ille
2696 3946 2909 4011 miser,
2963 3947 3017 3999 in
3073 3957 3325 4000 teternum
3381 3948 3712 4003 cruciandus
3756 3944 3797 3996 in

2233 4041 2435 4094 futuro.

2302 4130 2367 4184 Et
2399 4132 2550 4200 prius
2582 4131 2669 4185 hic
2696 4130 2893 4195 adhuc,
2934 4130 2984 4185 id
3018 4140 3102 4186 est
3131 4130 3536 4200 aliquantulum
3591 4144 3692 4185 non
3718 4127 3794 4179 diu

2231 4222 2671 4291 vivetprospere,
2716 4224 2822 4277 vita
2862 4224 3095 4278 ducente
3124 4239 3251 4278 eum
3291 4224 3343 4277 in
3376 4224 3573 4285 tinem,
3636 4222 3683 4274 id
3730 4226 3797 4270 est

2231 4313 2283 4367 in
2323 4314 2485 4368 vitam
2536 4314 2682 4367 illam
2732 4323 3016 4369 atternam.
3068 4314 3228 4370 Juxta
3275 4316 3409 4369 illud
3467 4314 3798 4371 Salomonis:

2233 4422 2252 4456 ι
2308 4404 2646 4474 Prospcritas
2711 4405 2994 4460 stultorum
3071 4407 3165 4461 des
3193 4407 3369 4460 ructio
3423 4415 3518 4461 est
3611 4403 3800 4458 illorum

2230 4496 2414 4567 (Prov.
2442 4513 2482 4562 ι,
2511 4498 2658 4563 52).»
2694 4499 2815 4552 Dixi
2847 4499 2989 4567 qttod
3015 4498 3068 4552 in
3101 4497 3287 4553 futuro
3312 4498 3608 4553 laborabit.
3642 4496 3702 4550 Et
3731 4495 3803 4548 hic

2160 4568 2205 4627 D
2233 4602 2488 4658 prospere
2537 4589 2759 4659 degens,
2799 4606 2902 4643 non
2958 4589 3145 4644 ridebit
3182 4590 3460 4643 interitum
3508 4587 3801 4644 considera-

2234 4679 2377 4732 tione
2406 4677 2675 4744 interiori,
2712 4678 3025 4741 interitum,
3088 4679 3334 4749 inquam,
3385 4695 3581 4741 Suum,
3627 4691 3728 4748 quo
3761 4674 3805 4726 in

2228 4770 2412 4825 futuro
2443 4769 2720 4823 laborabit.
2747 4768 3285 4825 Obt-zecabitureuitn
3317 4786 3387 4825 ne
3417 4772 3617 4826 videre
3638 4778 3804 4839 quea'.

2231 4878 2348 4915 cum
2381 4861 2566 4915 viderit
2593 4862 2641 4915 in
2687 4862 2785 4916 hoc
2819 4862 3020 4916 mundo
3053 4864 3315 4932 sapientes
3356 4862 3519 4932 justc
3546 4863 3806 4919 viventes.

2227 4952 2523 5004 morientes.
2567 4950 2718 5016 Quod
2749 4952 3074 5005 estdicere:
3116 4950 3249 5006 Cum
3308 4968 3417 5006 non
3480 4952 3685 5007 viderit
3734 4950 3806 5001 hic

2223 5042 3013 5113 sapientesprepterjustitiam
3049 5060 3204 5099 suam
3254 5054 3501 5101 aeternos
3537 5045 3679 5111 fieri,
3727 5040 3809 5096 sed

2221 5135 2384 5189 etiam
2418 5136 2559 5189 sicut
2591 5135 2823 5205 iniustos
2853 5146 3025 5191 morte
3049 5153 3310 5206 corporea
3341 5139 3487 5192 mori
3513 5156 3529 5205 ;
3594 5153 3698 5191 non
3726 5149 3808 5202 pu-

2206 5225 2360 5281 tabit
2392 5241 2450 5280 se
2479 5236 2703 5295 propter
2726 5228 3068 5297 iniquitatem
3094 5244 3247 5282 suam
3278 5230 3331 5284 in
3358 5231 3557 5284 futuro
3590 5230 3807 5284 damna.

2226 5324 2339 5371 tum
2371 5317 2460 5371 iri.
2486 5318 2641 5373 Sicut
2664 5320 2813 5374 enim
2842 5321 2895 5374 in
2924 5320 3294 5376 vivificatione
3335 5323 3626 5392 jnStorum
3658 5322 3812 5374 Dcum

2223 5411 2848 5481 opinaturimpotentem
2877 5414 3379 5484 autncglcctorem,
3417 5416 3508 5470 sic
3554 5415 3720 5470 etiam
3768 5412 3813 5463 in

2223 5501 2307 5556 sui
2337 5502 2686 5558 damnatione
2711 5519 2832 5558 eum
2868 5504 3169 5559 arbitratur
3214 5506 3523 5559 invalidum
3587 5514 3685 5559 aut
3716 5518 3813 5555 nou

2224 5593 2409 5647 ulcisci
2446 5604 2725 5650 curantem
2758 5613 2778 5651 :
2802 5604 2857 5650 et
2886 5598 3134 5665 quamvis
3164 5612 3269 5652 non
3295 5597 3491 5652 videat
3522 5597 3813 5653 interitum,

2222 5683 2274 5735 in
2308 5682 2486 5738 futuro
2513 5692 2690 5740 tamen
2716 5686 2893 5753 simul,
2934 5688 2986 5743 id
3021 5696 3108 5743 est
3142 5688 3361 5742 interitu
3395 5700 3686 5758 perpetuo
3710 5701 3817 5754 de

2220 5772 2366 5826 ibunt
2410 5774 2600 5829 stultus
2650 5787 2696 5830 et
2752 5778 3045 5847 insipiens:
3086 5778 3295 5834 Stultus
3332 5777 3549 5833 dicitur
3590 5777 3682 5831 ille
3732 5772 3813 5841 qui
