3838 6328
142 416 232 478 849

963 410 1328 468 EXI’OSITIO
1355 411 1420 466 IN
1461 411 1794 467 PSALMOS.
1824 443 1892 451 —
1929 413 2122 468 PSAL.
2157 415 2380 472 XLVIII.

3269 431 3374 487 850

141 549 245 592 cum
273 530 472 602 aliquid
510 544 616 586 non
645 529 880 598 ignorat,
910 526 1037 582 illud
1086 536 1267 581 tamen
1298 541 1365 580 ex
1410 524 1685 595 uegligcn—
1715 529 1755 581 Α
1789 523 1914 579 bilis
1947 526 2120 582 factus
2146 538 2229 583 est
2247 529 2524 598 jumentis,
2560 535 2854 588 secundum
2899 537 3288 609 insipientiam,
3314 554 3370 598 ut

139 627 200 680 tia
221 622 534 680 dissimulat.
559 620 628 674 Et
653 620 730 675 sic
749 626 924 690 petest
949 618 1052 674 dici
1079 633 1182 672 non
1215 616 1433 682 videns,
1477 617 1546 671 ad
1595 616 1695 671 uti-

135 716 319 771 Iitatem
344 713 554 770 scilicet
579 728 730 766 suam
755 727 860 766 non
889 711 1095 765 videns.
1127 708 1390 779 [nsipiens
1423 723 1555 763 vero
1605 708 1688 763 di-

133 811 277 875 citur,
307 805 398 877 qui
433 806 648 874 penitus
676 803 912 874 ignorat,
944 803 1100 872 cujus
1122 799 1554 868 damnatiojusta
1579 807 1685 864 est,

130 906 382 965 quatenus
405 894 473 948 ad
501 894 602 946 hoc
638 905 705 946 ne
741 891 1020 968 ignoraret
1053 890 1302 944 laborare
1356 904 1423 944 ex
1471 888 1686 960 pigritia

132 987 396 1042 dimiserit.
431 983 584 1041 Unde
611 982 904 1052 Apostolus
939 999 953 1035 :
999 999 1018 1034 ‹
1053 981 1312 1057 Ignorans
1348 981 1688 1052 ignorabitur

131 1078 180 1149 (Ι
205 1077 318 1132 Cor.
355 1092 470 1141 xiv,
497 1075 612 1147 '58).
654 1094 672 1126 ι
709 1074 806 1130 Vel
825 1074 904 1129 sic
937 1092 950 1126 :
988 1073 1116 1128 Dico
1137 1073 1280 1143 quod
1301 1072 1600 1150 laborabit:
1634 1079 1690 1126 et

127 1185 234 1224 cum
253 1169 348 1224 hoc
370 1167 475 1222 sibi
507 1166 802 1236 continget,
835 1181 939 1218 non
962 1163 1147 1218 videbit
1183 1164 1237 1217 in
1270 1162 1451 1218 futuro
1498 1161 1684 1215 interi-

125 1272 224 1314 tum
268 1260 613 1329 sapientum:
648 1274 768 1311 cum
828 1269 1006 1312 tamen
1057 1256 1144 1311 hic
1179 1257 1366 1310 viderit
1422 1256 1684 1322 sapientes

125 1359 282 1406 morte
311 1364 572 1420 corporea
603 1349 900 1403 morientes.
930 1347 1059 1403 Dico
1081 1348 1222 1418 quod
1247 1347 1504 1416 sapientes
1530 1347 1675 1402 vide-

123 1444 191 1497 bit
223 1443 528 1507 morientes;
561 1450 614 1497 et
639 1456 746 1495 non
779 1440 951 1495 solum
985 1440 1089 1509 ipsi
1124 1441 1446 1506 morientur,
1477 1439 1571 1493 sed
1609 1439 1684 1492 si-

122 1534 360 1590 mulcum
392 1534 531 1603 ipsis
560 1533 913 1603 sapientibus,
961 1543 1136 1588 morte
1182 1532 1366 1588 carnis
1429 1530 1680 1600 insipiens

121 1637 161 1680 et
184 1625 364 1680 stultus
394 1627 660 1696 peribunt.
712 1625 876 1691 Quasi
927 1625 1136 1678 diceret
1181 1641 1195 1676 :
1235 1623 1290 1677 Si
1322 1630 1553 1676 mortem
1587 1634 1678 1672 sa-

120 1717 339 1785 pientum
361 1724 593 1786 possent
621 1714 882 1785 ell‘ugere,
915 1724 1042 1769 tunc
1077 1703 1267 1768 Saltem
1316 1712 1678 1782 qualicunque

117 1806 256 1861 modo
281 1817 431 1866 esset
455 1808 536 1863 eis
571 1807 868 1863 tolerabile.
907 1807 1015 1862 Sed
1045 1821 1167 1862 cum
1193 1813 1470 1875 nequeant
1517 1805 1674 1857 istam

1796 616 2243 674 irrationabiliter
2276 635 2335 675 se
2369 621 2610 677 haberet.
2655 623 2732 678 Ne
2763 641 2890 680 vero
2919 637 3198 695 putaretur
3233 633 3370 688 falso

1795 719 2160 775 comparatus,
2188 710 2338 765 addit
2363 729 2375 765 :
2405 712 2471 766 Et
2496 713 2596 768 hoc
2627 715 2785 769 modo
2834 731 3199 787 comparatus,
3224 724 3366 791 quod

1792 799 1984 854 similis
2013 801 2185 871 factus
2214 813 2288 858 est
2315 805 2442 873 illis,
2481 809 2532 860 in
2589 807 2898 879 insipientia
2924 827 2938 875 ;
2969 812 3078 866 dixi
3114 816 3258 882 quod
3285 817 3365 870 in-

1792 889 2050 958 sipientes
2071 903 2195 948 sunt
2222 903 2278 947 ut
2301 893 2544 962 jumcnta
2600 917 2611 950 :
2676 909 2730 952 et
2753 898 2864 953 lure
2889 918 2970 954 via
3012 903 3266 972 ipsorum,
3313 905 3364 958 id

1790 989 1871 1033 est
1900 981 2011 1035 haec
2038 982 2343 1052 insipientia
2368 999 2464 1054 per
2493 1001 2652 1055 quam
2687 988 2941 1044 incedunt
2965 994 3365 1062 augmentando

1790 1071 1856 1123 de
1879 1071 1964 1125 die
1994 1073 2044 1125 in
2073 1073 2212 1127 diem
2248 1088 2262 1126 :
2293 1074 2519 1146 ideoque
2547 1078 2627 1132 via
2657 1079 2874 1145 dicitur,
2908 1081 3012 1134 erit
3051 1081 3177 1150 ipsis
3219 1099 3368 1137 scan-

1789 1161 1994 1227 dalum,
2025 1164 2074 1218 id
2107 1175 2190 1220 est
2215 1181 2376 1221 causa
2403 1170 2664 1234 s‘candali,
2691 1171 2896 1226 scilicet
2915 1182 3130 1229 aeterna:
3154 1177 3362 1230 mortis.

1790 1253 1882 1308 Vel
1915 1256 1993 1311 sic
2022 1275 2033 1310 :
2079 1257 2233 1323 Dixi,
2265 1261 2422 1330 positi
2446 1272 2570 1317 sunt
2598 1263 2650 1318 iu
2682 1264 2907 1328 honore,
2934 1267 2984 1320 id
3014 1277 3098 1322 est
3128 1268 3179 1321 in
3205 1271 3366 1322 ratiu-

1787 1346 2028 1402 nalitate.
2061 1349 2125 1403 Et
2153 1349 2268 1406 htec
2305 1352 2669 1419 rationalitas,
2701 1371 2819 1424 quae
2841 1357 2919 1409 via
2947 1359 3183 1426 ipsorum
3225 1368 3365 1414 esset

1786 1437 1850 1489 ad
1885 1439 2046 1492 vitam
2069 1482 2082 1503 ,
2112 1441 2212 1495 nisi
2245 1457 2304 1498 se
2325 1444 2392 1498 ab
2419 1459 2483 1499 ea
2515 1445 2933 1517 distorquereut,
2961 1449 3215 1516 quoniam
3244 1464 3362 1504 eam

1783 1537 2140 1596 pestpouuut,
2171 1533 2276 1586 erit
2302 1535 2609 1590 scandalum
2635 1538 2790 1606 ipsis,
2840 1539 2892 1592 id
2919 1549 3000 1592 est
3023 1554 3183 1594 causa
3206 1555 3364 1594 scan-

1784 1617 1909 1671 dali.
1945 1618 2058 1674 Dixi
2092 1623 2233 1692 quod
2261 1624 2427 1694 iniqui
2457 1631 2743 1697 comparati
2773 1641 2891 1682 sunt
2911 1630 3170 1700 jumentis
3201 1632 3254 1685 in
3285 1633 3364 1685 iu-

1781 1707 2054 1776 sipieutia.
2088 1712 2200 1769 Non
2234 1724 2410 1769 autem
2458 1717 2538 1773 eis
2591 1718 2815 1773 sulliciet
2861 1723 3001 1790 quod
3053 1721 3364 1791 insipientes

1781 1797 1953 1853 ell'ecti
1981 1814 2141 1870 sunt,
2190 1805 2283 1859 sed
2329 1815 2383 1860 ct
2427 1818 2603 1877 postea
2645 1823 2808 1878 quam
2845 1811 3158 1880 insipientes
3199 1824 3320 1867 sunt
3345 1852 3360 1878 ,

117 1903 259 1956 “iam
285 1903 544 1972 evadere,
580 1903 1080 1958 consumissimum
1107 1910 1193 1956 ρει
1240 1901 1321 1956 eis
1378 1900 1673 1954 maximum
1711 1897 1751 1955 Β
1780 1894 2166 1964 complacebuut
2203 1896 2322 1950 aliis
2355 1899 2726 1969 insipientibus
2757 1916 2852 1971 per
2891 1919 2947 1956 se
2991 1902 3147 1959 factis
3182 1906 3234 1958 in
3274 1922 3362 1960 ore

118 1993 445 2048 miseriarum
475 1993 755 2048 cumulum
790 1994 1099 2047 imminere.

172 2080 470 2138 Notandum
503 2099 635 2138 sane
658 2082 726 2137 de
749 2082 1023 2154 justorum
1071 2082 1160 2136 hic
1209 2079 1554 2152 impunitate,
1609 2079 1674 2134 de

115 2172 518 2244 iuiquorumqne
547 2175 752 2244 pariter
786 2175 993 2228 ideirco
1045 2174 1132 2244 agi
1186 2173 1536 2227 damnatione
1559 2212 1574 2237 ,
1617 2179 1674 2225 ut

114 2271 158 2316 et
182 2263 368 2333 impios
383 2265 659 2334 iustorum
684 2265 1019 2334 impunitatis
1031 2265 1342 2320 ostensione
1365 2263 1432 2318 ad
1458 2277 1672 2318 corum-

113 2353 504 2423 demjustorum
535 2353 968 2410 confortnitatem
990 2355 1249 2418 attrahat,
1286 2364 1343 2410 et
1395 2354 1542 2424 ipsos
1574 2353 1672 2407 im-

113 2447 216 2514 pios
255 2446 424 2501 futuri
486 2447 740 2503 interitus
764 2447 1185 2502 comminatione
1213 2463 1244 2501 a
1267 2462 1364 2503 sua
1417 2461 1673 2516 persevc-

113 2540 267 2594 rautia
309 2539 616 2609 iniquitatis
661 2548 949 2596 exterreat.
996 2539 1304 2595 Notandum
1363 2555 1580 2610 quoque
1605 2538 1673 2595 de

111 2631 292 2702 iniquis
319 2641 377 2688 et
423 2633 770 2704 singulariter
817 2644 873 2691 et
926 2635 1228 2706 pluraliter,
1274 2635 1476 2691 idcirco
1525 2635 1669 2704 quia,

109 2741 212 2780 cun
238 2727 290 2781 in
327 2727 410 2782 eis
438 2729 510 2782 sit
541 2743 892 2796 personarum
926 2723 1336 2801 multiplicit'ts,
1367 2738 1452 2786 est
1505 2731 1670 2785 etiam

110 2835 152 2872 in
200 2820 406 2875 eisdem
464 2820 770 2889 iniquitatis
799 2820 998 2875 unitas.
1031 2819 1334 2887 Sequitur:
1400 2819 1463 2873 Et
1511 2819 1672 2873 relin-

108 2921 262 2978 yuent,
279 2920 385 2966 etc.
403 2911 555 2978 Quod
579 2912 657 2966 sic
678 2911 1059 2967 continuatur:
1087 2912 1206 2964 Dixi
1231 2911 1374 2980 quod
1405 2912 1669 2980 peribunt,

107 3008 150 3052 et
177 3001 448 3069 pereundo
501 3017 607 3056 non
649 3015 829 3056 secum
863 3000 1112 3056 delerent
1144 3001 1352 3056 divitias
1389 3001 1457 3055 ad
1485 3017 1672 3056 eorum

107 3093 368 3158 solatium,
408 3107 640 3163 quarum
675 3092 1176 3163 congregandarum
1217 3093 1383 3148 fuerit
1405 3093 1673 3163 eisusque

105 3181 226 3235 adeo
259 3182 521 3245 studium,
549 3181 641 3236 sed
682 3181 970 3252 relinquent
1016 3183 1228 3236 divitias
1270 3199 1393 3238 suas
1433 3183 1619 3238 alienis
1649 3202 1668 3240 :

1776 2000 1872 2037 suo
1896 2024 1910 2050 ,
1941 1984 1992 2039 id
2021 1999 2103 2040 est
2135 1987 2184 2039 iu
2209 1989 2548 2057 suggestione
2575 1993 2684 2046 oris
2709 1993 2813 2046 sui.
2847 1992 3000 2060 Quod
3032 2006 3112 2050 est
3137 1996 3314 2050 dicere
3344 2014 3358 2024 ·

1778 2073 2079 2145 Suggereut
2099 2076 2216 2130 aliis
2240 2091 2355 2142 ore,
2388 2094 2492 2132 non
2525 2079 2695 2133 solum
2719 2082 2984 2152 exemplo,
3014 2084 3282 2138 conlidere
3306 2084 3358 2138 iu

1777 2165 2004 2231 virtute,
2059 2169 2203 2223 etin
2233 2171 2432 2227 divitiis
2475 2172 2730 2243 gloriari,
2777 2175 2918 2244 quod
2974 2191 3181 2230 summa
3233 2177 3360 2230 iusi-

1775 2257 1972 2328 picntia
1997 2274 2097 2316 est.
2145 2263 2210 2317 Et
2234 2265 2349 2320 haec
2374 2281 2560 2321 eorum
2607 2268 2878 2336 suggestio
2918 2269 2996 2324 eis
3043 2270 3236 2338 quibus
3270 2270 3363 2326 lict

1778 2351 2134 2420 complacebit
2158 2397 2172 2420 ,
2202 2367 2256 2410 et
2287 2357 2786 2412 conformabuntur.

1846 2440 2110 2507 Quoniam
2137 2443 2302 2512 igitur
2332 2446 2642 2516 insipientes
2669 2458 2726 2501 ut
2749 2447 2991 2516 jumenta
3025 2451 3150 2505 facti
3189 2461 3314 2504 sunt
3343 2493 3356 2513 ,

1775 2542 1830 2586 et
1860 2533 1980 2588 aliis
2012 2535 2064 2588 in
2114 2552 2208 2591 ore
2237 2553 2334 2591 suo
2365 2539 2798 2609 cotuplacebunt,
2836 2542 2990 2611 positi
3015 2553 3132 2596 sunt
3159 2583 3174 2608 ,
3200 2543 3251 2597 id
3278 2553 3362 2598 est

1773 2638 2040 2696 ponentur
2063 2628 2116 2681 in
2146 2629 2348 2698 inferno
2378 2638 2434 2682 ut
2461 2630 2567 2685 sint
2595 2633 2729 2684 sicut
2758 2649 2901 2698 oves,
2961 2635 3014 2689 id
3065 2643 3149 2690 est
3193 2635 3356 2690 devo-

1774 2725 1964 2770 rentur
1989 2734 2018 2770 a
2060 2728 2232 2774 morte
2259 2731 2512 2791 perpetua
2561 2723 2628 2777 ad
2675 2723 3081 2785 similitudinem
3131 2725 3353 2790 ovium,

1775 2822 1896 2876 quae
1924 2808 1990 2862 ad
2023 2811 2123 2863 hoc
2153 2821 2290 2864 nata:
2313 2822 2441 2866 sunt
2472 2822 2530 2865 ut
2559 2814 2903 2868 devorentur.
2939 2814 3014 2871 Ne
3048 2831 3173 2871 vero
3198 2827 3356 2886 puta-

1775 2908 1964 2953 rentur
1989 2900 2068 2954 sic
2090 2903 2366 2968 devorari,
2420 2912 2477 2957 ut
2509 2919 2572 2958 ex
2605 2913 2714 2959 toto
2739 2907 2980 2976 perirent
3010 2909 3148 2964 sicut
3179 2925 3310 2965 oves
3337 2950 3352 2973 ,

1775 2998 1830 3044 et
1857 2991 1934 3045 sic
1963 3001 2149 3061 postea
2178 2995 2364 3049 mortis
2390 3004 2652 3050 tormenta
2697 3014 2800 3052 non
2829 3000 3124 3064 sentirent,
3159 3002 3309 3054 addit
3336 3019 3347 3052 :

1774 3096 1913 3134 mors
1938 3081 2174 3152 dcpascel
2197 3099 2318 3151 eos,
2359 3085 2412 3139 id
2435 3097 2516 3140 est
2542 3087 2613 3140 ita
2644 3097 2926 3144 consumet
2973 3098 3030 3144 ut
3077 3100 3255 3146 tamen
3299 3092 3351 3146 in

1775 3173 2062 3226 tormentis
2090 3173 2309 3240 vivant;
2348 3175 2414 3229 ad
2443 3177 2658 3230 modum
2698 3176 2912 3244 herbae,
2964 3195 3084 3250 qua:
3111 3197 3232 3235 cum
3263 3183 3352 3236 dc-

103 3287 210 3327 aam
249 3275 351 3329 etsi
392 3274 516 3329 ﬁliis
553 3249 882 3346 relinquant,
912 3274 1012 3344 ipsi
1041 3283 1218 3330 tamen
1251 3275 1346 3330 ﬁlii
1395 3285 1558 3331 erunt
1601 3278 1668 3332 ab

1774 3272 2048 3332 pascatur,
2094 3273 2269 3320 tamen
2297 3276 2464 3323 restat
2491 3285 2503 3320 :
2535 3268 2636 3323 hoc
2659 3282 2837 3325 autem
2862 3271 2991 3326 dicit
3019 3273 3084 3327 ad
3115 3289 3352 3345 exagge-

103 3367 286 3421 auxilio
314 3367 635 3423 earumdem
663 3378 874 3438 patrum
898 3367 1084 3422 alieni.
1102 3367 1218 3424 Non
1246 3369 1389 3424 enim
1417 3369 1498 3426 eis
1512 3371 1670 3425 bene-

103 3458 208 3513 licio
235 3461 420 3530 aliquo
448 3471 704 3530 poterunt
736 3463 1012 3526 auxiliari,
1031 3477 1152 3516 cum
1178 3463 1386 3518 meritis
1409 3463 1524 3518 suis
1548 3463 1666 3518 exi-

102 3553 336 3620 gentibus
369 3552 573 3608 I'ueriut
613 3555 668 3608 in
699 3564 959 3625 perpetuo
997 3556 1270 3622 damnati;
1324 3566 1379 3612 et
1412 3572 1534 3612 cum
1565 3558 1664 3627 ipsi

107 3649 173 3696 tot
201 3645 288 3700 bic
309 3645 512 3699 domus
534 3645 902 3715 amplissimas
921 3646 1330 3715 aediﬁcaveriut,
1373 3649 1518 3703 nulla
1547 3659 1667 3718 post

101 3745 311 3790 mortem
341 3737 628 3792 domorum
667 3737 883 3792 illarum
915 3739 994 3794 eis
1019 3740 1318 3809 supererit,
1369 3741 1462 3795 sed
1493 3741 1666 3807 sepul-

101 3837 176 3874 cra
211 3823 426 3877 illorum
452 3834 606 3878 erunt
647 3826 836 3880 domus
862 3826 1077 3881 illarum
1108 3828 1162 3881 in
1191 3838 1468 3894 internum,
1500 3829 1550 3884 id
1581 3839 1667 3886 est

101 3915 317 3980 quandiu
369 3917 740 3973 mundusiste
795 3919 1029 3975 durabit.
1088 3919 1144 3972 In
1202 3920 1452 3976 domibus
1485 3930 1664 3976 autem

103 4007 276 4075 amplis
299 4008 505 4063 nullam
555 4009 842 4064 utilitatem
877 4011 1173 4079 habebunt,
1203 4012 1306 4066 nisi
1333 4029 1525 4068 vanam
1580 4013 1665 4068 fa-

102 4107 256 4160 mam;
296 4113 426 4150 nam
469 4098 808 4152 tabernacula
836 4115 1035 4166 eorum,
1088 4099 1141 4154 id
1190 4109 1274 4158 est
1320 4102 1512 4158 domus
1548 4103 1667 4159 illo-

102 4199 224 4253 rum,
271 4205 394 4259 quae
430 4205 532 4246 nec
579 4192 742 4245 etiam
783 4193 968 4247 domus
1005 4193 1247 4249 dicenda!
1283 4204 1430 4260 sunt,
1466 4197 1560 4252 sed
1592 4208 1668 4254 ta-

102 4275 382 4346 bernacula,
415 4296 540 4336 cum
571 4282 637 4337 ad
660 4283 875 4338 modum
900 4285 1369 4341 tabernaculorum
1388 4288 1495 4343 sint
1515 4299 1665 4346 tran-

103 4369 291 4439 sitoria,
323 4386 636 4428 vocaverunt
668 4377 882 4429 nomina
922 4394 1021 4430 sua
1059 4379 1114 4431 in
1142 4379 1296 4433 terris
1322 4382 1452 4448 suis,
1500 4381 1554 4437 id
1581 4391 1665 4436 est

104 4473 246 4517 causa
269 4473 434 4518 erunt
462 4479 632 4533 quare
661 4464 1000 4522 solummodo
1030 4478 1292 4524 vocentur
1346 4485 1534 4526 eorum
1566 4489 1662 4530 no-

103 4551 269 4616 mina;
318 4562 374 4607 et
419 4557 613 4608 nonin
657 4554 966 4626 longinquis
1015 4558 1312 4624 terris,sed
1341 4570 1551 4616 tantum
1604 4563 1656 4617 iu
1689 4591 1737 4649 ι)

104 4647 242 4701 terris
266 4647 402 4701 suis.
455 4646 674 4702 Dicetur
727 4648 885 4718 160
923 4651 1067 4704 enim
1117 4667 1129 4702 :
1189 4650 1311 4706 Ilaec
1343 4652 1532 4708 domus
1559 4653 1661 4708 fuit

102 4731 380 4803 Octaviani,
416 4735 532 4790 haec
557 4746 739 4792 autem
789 4737 1053 4809 Pompeii,
1078 4752 1132 4794 et
1169 4743 1235 4796 de
1263 4744 1474 4798 caeteris
1505 4745 1658 4800 sitni-

102 4823 205 4880 liter
241 4845 253 4880 :
284 4838 340 4883 et
367 4829 472 4883 hoc
497 4830 551 4882 in
571 4831 814 4898 progenie
833 4832 1086 4899 prmscnti
1112 4843 1159 4886 et
1179 4835 1425 4904 progenie
1450 4833 1653 4903 futura,

100 4913 144 4965 id
168 4927 247 4981 est
293 4917 346 4972 in
397 4917 584 4973 multis
614 4920 994 4988 progemebus.
1025 4921 1179 4988 Quod
1210 4939 1338 4978 vero
1367 4926 1654 4994 sequitur:

99 5013 136 5054 et
158 5007 321 5072 homo,
344 5018 477 5073 etc.,
510 5023 674 5063 causa
700 5018 784 5064 est
810 5025 980 5078 quare
1001 5011 1258 5066 laborabit
1288 5013 1522 5083 iniquus,
1541 5017 1652 5074 sic:

100 5093 202 5152 Dixi
227 5101 368 5170 quod
398 5101 617 5169 iniquus
642 5099 920 5169 laborabit,
945 5103 1208 5157 etmerito
1233 5119 1248 5170 ;
1283 5105 1408 5174 quia
1430 5106 1542 5175 ipse
1559 5109 1656 5163 Ito-

100 5202 190 5254 mo,
214 5190 264 5245 id
284 5200 366 5246 est
381 5191 474 5260 qui
499 5201 618 5245 erat
643 5191 892 5248 humana:
920 5202 1124 5248 naturze
1145 5203 1200 5248 et
1216 5194 1436 5251 deberet
1456 5198 1654 5256 habere

101 5293 149 5331 se
173 5290 227 5334 ut
249 5282 427 5346 homo,
455 5283 850 5338 rationabiliter
871 5284 1098 5351 scilicet,
1132 5301 1238 5342 non
1264 5297 1321 5342 ut
1345 5287 1652 5357 iumentum

102 5368 523 5429 irrationabiliter
554 5391 567 5426 :
593 5391 711 5428 cum
741 5375 795 5429 in
823 5376 1021 5430 honore
1048 5379 1256 5448 positus
1293 5389 1452 5445 esset,
1487 5383 1540 5436 id
1569 5393 1654 5440 est

103 5456 254 5518 lactus
279 5465 557 5520 ratiunalis
582 5464 647 5519 ad
677 5465 1092 5521 similitudinem
1121 5469 1240 5534 Dei,
1293 5471 1436 5540 quod
1483 5473 1652 5530 hono-

101 5553 252 5610 rabile
289 5556 447 5614 nimis
501 5566 586 5612 est
615 5571 630 5611 :
659 5575 764 5612 non
820 5558 1102 5628 intellexit,
1129 5559 1181 5615 id
1209 5573 1295 5617 est
1344 5563 1651 5635 intelligere

100 5656 193 5699 non
253 5650 497 5716 curavit;
565 5666 687 5705 cum
745 5665 813 5704 ex
857 5651 1067 5707 ratione
1115 5663 1298 5722 posset
1342 5657 1652 5728 intelligere

101 5728 358 5792 interitum
407 5756 584 5806 suum,
632 5757 862 5805 eumque
903 5741 1039 5798 bene
1085 5745 1316 5802 vivendo
1371 5748 1647 5820 elfugerc:

225 5839 552 5902 comparatus
633 5842 704 5886 est
767 5832 1023 5903 jumentis
1055 5872 1072 5902 ,
1132 5833 1185 5890 id
1227 5845 1312 5892 est
1367 5852 1648 5913 compara-

1108 5917 1139 5955 Ι

1771 3356 2037 3411 rationem
2071 3356 2396 3414 calamitatis
2434 3374 2644 3413 eorum.
2693 3360 2880 3416 Melius
2925 3363 3068 3417 enim
3100 3376 3244 3420 esset
3283 3380 3350 3419 ex

1769 3457 1884 3504 toto
1914 3449 2070 3515 mori,
2119 3464 2280 3518 quam
2319 3450 2557 3520 depasci.
2587 3451 2716 3508 Dico
2745 3454 2887 3522 quod
2938 3455 3295 3524 depascentur
3319 3473 3349 3510 a

1768 3550 1961 3596 morte.
1998 3541 2063 3595 Et
2092 3550 2150 3596 ut
2181 3543 2353 3612 magis
2389 3543 2602 3598 doleant
2628 3585 2642 3610 ,
2663 3544 2825 3615 justi,
2851 3549 3043 3618 quibus
3067 3549 3153 3603 hic
3181 3551 3351 3604 domi-

1767 3641 1994 3697 nantur,
2025 3628 2543 3705 etquos'allliguut,
2583 3637 2991 3692 dominabuntur
3040 3657 3253 3708 eorum,
3296 3644 3348 3696 id

1767 3724 2426 3794 csljudicabuntcos:in
2451 3729 2738 3793 nmtutino,
2789 3728 2840 3783 id
2880 3739 2962 3784 est
3007 3731 3057 3784 in
3085 3733 3347 3788 matutina

1767 3817 2185 3871 resurrectione.
2251 3815 2412 3872 Juxta
2462 3817 2588 3872 illud
2646 3837 2658 3871 :
2723 3838 2742 3869 σ
2799 3819 3120 3877 Judicabunt
3173 3823 3348 3880 sancti

1765 3910 2014 3964 nationes
2040 3950 2053 3973 ,
2091 3919 2146 3964 et
2193 3909 2611 3966 dominabuntur
2646 3913 2856 3982 populis
2887 3915 3041 3986 (Sap.
3089 3933 3174 3982 ιιι,
3204 3919 3278 3988 8).
3323 3937 3341 3969 ι

1766 4001 1836 4056 Et
1867 4002 2125 4056 auxilium
2152 4019 2329 4056 eorum
2357 4003 2663 4073 iniquorum
2688 4008 2742 4060 in
2793 4007 2997 4076 inferno
3047 4013 3345 4079 positorum

1766 4103 2070 4158 veterascet,
2107 4095 2157 4148 id
2189 4104 2271 4149 est
2311 4093 2562 4162 deliciet,
2613 4097 2680 4150 ad
2734 4098 3137 4156 similitudinem
3179 4103 3348 4157 vestis

1766 4185 2100 4256 veterisqua:
2120 4187 2323 4241 deﬁcit.
2341 4187 2491 4254 Quod
2509 4190 2782 4244 estdicere
2799 4209 2811 4244 :
2830 4189 2944 4245 Non
2962 4192 3031 4246 ibi
3045 4193 3342 4247 amicorum

1765 4294 1984 4333 suorum
2001 4278 2321 4335 obtinebunt
2349 4280 2609 4336 auxilium
2636 4299 2648 4336 :
2681 4283 2783 4338 hoc
2813 4293 2991 4338 autem
3018 4286 3160 4354 quod
3189 4289 3343 4339 auxi-

1765 4370 2210 4438 linmveterascet,
2236 4372 2490 4440 procedet
2515 4391 2547 4426 a
2569 4373 2738 4443 gloria
2761 4391 2962 4439 eorum,
2992 4376 3045 4428 id
3063 4385 3146 4430 est
3169 4376 3340 4447 gloria

1766 4461 2203 4532 superbiaequam
2224 4461 2312 4516 hic
2337 4461 2652 4518 habenterit
2682 4463 2804 4519 inde
2821 4479 3006 4518 causa.
3024 4465 3119 4522 Vel
3135 4466 3294 4521 aliter
3322 4485 3335 4521 :

1766 4551 2058 4618 Auxilium,
2087 4554 2230 4622 quod
2253 4568 2394 4608 nunc
2418 4563 2733 4624 exspectant
2762 4571 2790 4610 a
2820 4556 2988 4627 gloria
3029 4572 3240 4624 corum,
3284 4559 3337 4613 in

1764 4644 1978 4700 inferno
2008 4645 2087 4700 eis
2109 4644 2296 4715 positis
2319 4644 2550 4700 deﬁciet.
2588 4645 2722 4700 Dico
2764 4647 2906 4716 quod
2955 4665 3094 4703 mors
3136 4650 3215 4704 sic
3245 4651 3336 4704 de—

1759 4746 1935 4804 pascet
1976 4751 2083 4798 eos,
2113 4742 2168 4787 et
2196 4749 2302 4788 non
2339 4734 2669 4789 redimeutur
2695 4737 2936 4792 alratre.
2972 4736 3336 4796 Verumtamen

1762 4825 2008 4897 quamvis
2035 4825 2222 4880 videar
2250 4824 2502 4880 similiter
2533 4826 2710 4895 perire
2746 4835 2799 4884 et
2826 4845 2929 4884 non
2963 4833 3184 4898 redimi,
3212 4851 3333 4889 cum

1763 4921 1852 4974 hic
1881 4919 2131 4975 omnibus
2179 4918 2411 4974 miseriis
2442 4917 2772 4988 subjaceam,
2815 4919 2954 4976 Deus
2984 4923 3194 4977 redimet
3222 4926 3337 4979 ani-

1735 5028 1903 5066 .mam
1941 5027 2109 5066 meam
2155 5010 2220 5066 de
2259 5028 2441 5076 manu,
2476 5011 2527 5066 id
2580 5021 2666 5068 est
2695 5013 2761 5068 de
2803 5024 3104 5084 postestate
3153 5015 3332 5086 inferi.

1764 5103 1917 5171 Quod
1940 5103 2227 5157 estdicere
2261 5119 2273 5155 :
2303 5102 2561 5169 Quamvis
2585 5104 2767 5159 carnis
2814 5115 3045 5161 mortem
3076 5106 3330 5168 subeam,

1765 5204 1945 5249 tamen
1975 5207 2123 5248 mors
2145 5193 2356 5248 Domini
2382 5193 2680 5266 redemptio
2723 5209 2842 5250 mea
2891 5197 3017 5262 erit,
3060 5213 3128 5251 ne
3167 5195 3334 5251 infer-

1763 5304 1891 5344 num
1920 5287 2346 5354 iutroeam,cum
2373 5288 2475 5342 hoc
2497 5289 2569 5343 sit
2591 5289 2735 5359 quod
2765 5291 3029 5360 acceperit
3054 5305 3158 5354 me,
3183 5290 3332 5344 idest

1760 5381 2149 5436 humanitatem
2173 5395 2346 5435 meam
2363 5389 2422 5432 ut
2449 5393 2534 5434 me
2565 5380 2867 5434 redimeret.
2899 5379 3003 5433 Per
3031 5379 3132 5434 hoc
3147 5388 3336 5434 autem,

1757 5473 1933 5530 innuit
1961 5473 2102 5542 quod
2142 5472 2394 5527 similiter
2431 5471 2566 5526 alios
2610 5471 2714 5526 sibi
2738 5469 3046 5526 conformes
3089 5471 3325 5525 redimet.

1757 5567 1823 5621 Et
1867 5566 1988 5621 ideo
2032 5565 2156 5634 quia
2207 5565 2358 5637 impii
2389 5565 2770 5634 depascentur,
2813 5573 2867 5618 et
2897 5563 3075 5618 anima
3108 5577 3227 5616 mea
3274 5570 3330 5619 et

1757 5658 1888 5712 mihi
1940 5657 2299 5712 conlormium
2331 5657 2646 5721 redimetur,
2695 5665 2774 5722 tu,
2799 5654 2943 5724 justc
2977 5654 3220 5724 quilibet,
3261 5671 3330 5710 ne

1759 5747 2003 5802 timueris
2029 5746 2177 5801 illum
2217 5747 2308 5816 qui
2351 5745 2672 5814 simpliciter
2701 5755 2783 5801 est
2817 5745 2992 5810 Iconio,
3032 5761 3131 5800 nec
3159 5745 3323 5800 etiam

1759 5836 2062 5906 deiﬁcatus,
2084 5837 2326 5910 iniquum
2361 5835 2588 5904 SCIIICCI,
2615 5851 2735 5893 cum
2761 5835 2910 5892 dives
2939 5833 3111 5896 Iactus
3161 5835 3328 5894 fuerit
