3846 6334
126 321 220 377 853

1050 324 1413 384 EXPOSlTiO
1443 326 1509 383 IN
1542 328 1879 385 PSALMOS.
1911 306 1982 369 4—
2009 326 2204 385 PSAL.
2237 308 2430 383 Χιλιχί

3271 335 3372 391 8Βὲ

120 438 248 491 Deus
271 431 508 487 existens
530 446 653 487 cum
677 431 940 488 Patre.Et
962 438 1256 492 secundum
1279 439 1379 495 hoc
1400 440 1685 495 invisibilis
1714 448 1760 503 Α
1790 441 2008 495 lentiam
2039 451 2248 495 sanctos
2283 441 2397 510 ejus
2417 480 2431 504 ,
2461 438 2512 492 id
2550 446 2632 494 est
2661 439 2936 510 illosquos
2962 443 3277 500 accedentes
3308 449 3376 503 ad

116 526 305 589 veniet,
339 540 445 577 non
476 522 739 588 localiter,
769 524 863 580 sed
902 526 956 581 in
1006 528 1258 584 notitiam
1288 530 1566 585 hominum
1599 549 1682 586 ve-

115 611 209 673 niet
236 618 536 683 manifeste,
568 619 622 672 id
660 630 743 674 est
770 619 1093 676 manifestus
1116 632 1171 678 et
1218 624 1443 680 visibilis
1490 641 1683 681 secun-

116 719 229 774 dum
249 717 400 785 quod
425 717 607 772 homo.
636 718 766 772 Dico
790 717 931 772 Deus
954 727 1008 773 et
1031 735 1136 774 non
1164 735 1357 775 recens
1388 741 1400 775 :
1428 722 1523 777 sed
1541 722 1685 779 Deus

115 817 295 871 noster,
339 822 498 875 quem
531 824 628 863 nos
653 817 708 864 et
735 818 921 878 patres
949 812 1121 865 nostri
1151 811 1436 867 coluimus.
1470 812 1538 867 Et
1571 816 1684 883 ipse

115 898 244 954 Deus
272 915 378 954 non
401 898 567 955 silebit
590 916 647 956 se
670 916 793 957 esse
820 902 1013 957 Deum.
1043 901 1195 969 Quod
1227 912 1311 958 est
1341 904 1522 959 dicere
1558 923 1571 959 :
1616 905 1684 960 Et

113 1004 232 1045 voce
282 998 340 1045 et
377 1004 543 1061 apere
596 1007 654 1047 se
701 994 950 1048 ostendet
979 994 1332 1059 esseDeum,
1387 996 1682 1050 secundum

114 1078 315 1146 quodin
340 1079 635 1150 Evangelia
658 1081 856 1152 legitur
886 1101 900 1137 :
950 1102 967 1135 ι
1015 1084 1126 1153 Ego
1158 1086 1210 1138 in
1243 1085 1405 1139 Patre
1435 1096 1489 1140 et
1520 1086 1683 1142 Pater

114 1168 160 1221 in
205 1182 290 1221 me
339 1168 633 1237 estann.
686 1187 797 1237 xiv,
853 1171 964 1241 10).
998 1193 1015 1224 ι
1066 1172 1186 1228 Dixi
1220 1175 1347 1243 quia
1381 1175 1584 1239 veniet,
1626 1185 1683 1231 et

113 1266 387 1327 postquam
412 1261 639 1323 venerit,
670 1262 805 1331 ignis
829 1265 883 1316 in
910 1274 1190 1334 conspectu
1221 1265 1335 1333 ejus
1351 1266 1677 1330 exardescet,

112 1339 159 1405 il
182 1359 263 1403 est
285 1349 476 1404 fervor
509 1351 814 1411 dilectionis
837 1359 1299 1429 augmentabitur,
1331 1359 1398 1414 ad
1456 1361 1679 1415 modum

112 1441 238 1512 ignis
265 1442 703 1519 exardescentis;
732 1448 786 1503 in
811 1452 1272 1523 conspicientibus
1297 1467 1422 1508 eum
1455 1453 1680 1523 Speciali

112 1542 337 1604 aspectu,
370 1533 428 1587 in
454 1533 704 1594 ﬁdelibus
732 1541 966 1597 scilicet.
999 1542 1067 1597 Et
1103 1552 1381 1612 tempestas
1398 1542 1597 1606 valida,
1627 1544 1683 1597 id

112 1640 182 1684 est
222 1635 518 1688 excacatio
575 1632 1079 1690 vehementissima:
1137 1649 1257 1705 qua:
1312 1635 1435 1689 ideo
1485 1634 1683 1689 dicitur

112 1730 415 1793 tempestas,
441 1724 568 1795 quia
593 1738 688 1780 eos
718 1726 786 1780 ad
815 1726 1033 1780 modum
1073 1726 1412 1797 tempestatis
1443 1724 1677 1795 dejiciet,

1784 547 1843 587 se
1886 532 1992 587 ﬁde
2032 530 2412 586 sanctiﬁcabit.
2450 529 2782 585 Determinat
2834 546 2963 589 vero
3016 537 3104 604 qui
3147 538 3255 593 sint
3301 539 3375 595 illi

1783 620 2150 678 sic:Sanctos
2192 621 2312 675 dico
2359 620 2481 676 illos
2531 620 2846 693 scilicetqui
2898 625 3162 691 ordinant,
3195 628 3248 682 id
3293 637 3378 684 est

1784 712 1874 783 qui
1915 712 2245 767 ordinabunt
2290 720 2684 779 testamentum,
2726 713 2779 769 id
2831 722 2913 770 est
2967 715 3137 786 legem
3179 735 3374 777 novam

1784 802 1920 873 ejus,
1946 818 2102 871 super
2129 802 2393 870 sacriﬁcia
2428 801 2563 873 legis
2594 804 2809 859 veteris.
2852 804 3004 872 Quod
3036 815 3121 861 est
3147 807 3326 871 dicere
3356 826 3370 862 :

1784 892 2051 948 sacriﬁcia
2090 894 2415 963 reputabunt
2446 892 2730 961 inferiora,
2761 896 2813 950 id
2848 904 2932 952 est
2957 896 3290 967 indigniora;
3322 909 3379 955 et

1784 993 2166 1041 testamentum
2194 988 2464 1056 superius,
2490 987 2540 1041 id
2567 997 2651 1044 est
2682 989 2897 1061 dignius
2923 1007 2936 1045 :
2967 1006 2996 1044 a
3023 991 3377 1047 similitudine

1784 1076 1926 1131 illius
1968 1077 2059 1146 qui
2091 1077 2310 1133 ordinat
2340 1079 2567 1148 lapidem
2610 1095 2773 1149 super
2802 1081 3055 1151 lapidem,
3091 1092 3146 1137 et
3178 1092 3378 1139 caetera

1786 1165 1933 1221 talia.
1989 1166 2383 1222 Exhortatione
2415 1169 2756 1240 interposita,
2798 1172 2936 1225 redit
2966 1173 3034 1228 ad
3082 1173 3184 1229 hoc
3232 1175 3378 1243 quod

1781 1257 2097 1325 incmperat,
2145 1257 2225 1312 sic
2260 1275 2272 1309 :
2307 1258 2437 1313 Dico
2467 1261 2610 1328 quod
2661 1262 2929 1316 advocavit
2965 1262 3171 1329 ctutum,
3199 1276 3252 1318 et
3281 1281 3377 1335 per

1782 1350 1979 1406 ccelum
2010 1360 2236 1415 terram;
2267 1359 2321 1405 et
2362 1350 2463 1421 ipsi
2493 1351 2606 1405 caeli
2648 1354 3031 1409 annuntiabunt
3074 1356 3203 1426 ipsis
3240 1372 3376 1426 quos

1784 1443 2053 1497 vocabunt
2105 1442 2375 1510 justitiam
2423 1444 2559 1512 ejus,
2601 1445 2744 1514 quod
2794 1446 2909 1515 ipse
2952 1447 3133 1516 justus
3172 1454 3275 1500 est.
3310 1448 3378 1503 Et

1780 1537 2027 1606 quoniant
2067 1535 2182 1604 ipse
2221 1534 2314 1604 qui
2344 1532 2486 1589 Deus
2517 1544 2620 1601 est,
2650 1534 2824 1589 .Iudea:
2849 1546 2922 1591 est
2957 1550 2974 1589 :
3006 1537 3149 1605 quod
3182 1546 3265 1591 est
3293 1537 3376 1591 di-

1785 1641 1932 1695 cere,
1984 1634 2040 1681 ut
2093 1626 2214 1681 illos
2256 1641 2288 1679 a
2335 1628 2573 1696 peccatis
2633 1637 2943 1693 exterreat,
2982 1629 3378 1686 annuntiabunt

1787 1737 1910 1778 eum
1952 1721 2159 1793 justum
2189 1735 2311 1785 esse
2338 1719 2603 1785 Judicem,
2638 1723 2728 1792 qui
2760 1723 2813 1778 in
2840 1722 3021 1779 futuro
3051 1733 3269 1794 peccata
3296 1723 3377 1778 ul-

111 1822 156 1866 et
186 1792 279 1883 per
300 1792 495 1869 illicita
522 1815 711 1885 rapiet.
743 1815 861 1870 Erit
890 1817 944 1870 in
965 1792 1347 1885 circuitu—ejus,
1375 1815 1428 1870 id
1456 1792 1571 1881 est,
1624 1792 1679 1870 in
1712 1792 1756 1850 Β
1783 1816 2038 1872 ciscetur.
2072 1814 2168 1869 Vel
2199 1816 2299 1869 hoc
2329 1823 2499 1872 totum
2528 1815 2596 1871 ab
2627 1816 2717 1871 illo
2747 1816 2867 1872 loco
2902 1816 2992 1872 ubi
3028 1792 3156 1873 dicit
3189 1834 3201 1869 :
3234 1815 3376 1871 Deus

112 1902 426 1971 inﬁdelibus,
480 1909 571 1976 qui
624 1906 962 1977 neglexerint
1008 1909 1059 1963 ei
1112 1908 1566 1978 appropinquare.
1615 1908 1682 1963 Et

110 1997 333 2048 eruntin
382 1997 603 2050 circuitu
638 1998 775 2067 ejus,
808 1999 860 2053 id
884 2008 992 2067 est,
1046 1999 1099 2053 in
1138 1998 1484 2069 elongatione
1530 2002 1675 2071 ejus.

110 2083 192 2139 Vel
222 2085 299 2142 sic
319 2104 343 2142 :
379 2088 554 2144 valida
582 2098 896 2161 tempestas,
925 2091 978 2146 id
1016 2099 1101 2147 est
1127 2091 1444 2157 excaecatio,
1483 2092 1588 2147 erit
1626 2093 1679 2147 in

110 2177 562 2247 conspicientibus
598 2197 612 2234 :
643 2180 831 2235 nonin
873 2180 1188 2248 divinitate,
1228 2181 1326 2236 sed
1369 2180 1425 2235 in
1452 2180 1678 2236 circuitu

110 2267 230 2337 ejus,
258 2270 313 2326 id
358 2281 445 2329 est
490 2273 544 2328 in
575 2273 915 2329 humanitate
969 2273 1333 2329 solummodo.
1392 2272 1547 2341 Quod
1595 2282 1681 2329 est

109 2362 271 2421 dicere
325 2383 345 2418 :
373 2363 434 2420 ιιι
480 2364 589 2422 illis
618 2375 895 2437 tempestas
928 2367 1047 2432 erit,
1096 2366 1188 2437 qui
1215 2380 1339 2422 eum
1373 2365 1675 2435 simplicem

110 2451 372 2509 hominem
400 2470 524 2511 esse
547 2457 938 2527 opinabantur.
990 2456 1315 2512 Humanitas
1350 2465 1531 2512 autem
1580 2472 1677 2527 per

111 2541 508 2600 similitudinem
535 2545 798 2601 circuitus
825 2546 1044 2603 dicitur.
1075 2546 1189 2603 Non
1226 2548 1372 2619 quod
1404 2548 1458 2602 in
1474 2562 1536 2603 se
1587 2547 1673 2603 di-

111 2634 378 2692 vinitatem
435 2636 685 2693 localiter
732 2640 1180 2709 comprehendat,
1238 2640 1330 2695 sed
1358 2640 1502 2709 quod
1533 2640 1585 2694 in
1610 2655 1674 2695 ea

112 2726 303 2782 occulte
333 2736 392 2782 et
449 2727 807 2799 spiritualiter
849 2731 963 2799 ipsa
998 2729 1253 2785 divinitas
1279 2729 1507 2785 habitet.
1539 2729 1674 2785 Cum

112 2818 236 2872 enim
266 2819 415 2874 intra
442 2833 559 2875 rem
611 2819 847 2889 aliquam
881 2821 1212 2888 habitamus,
1246 2822 1435 2877 eadem
1466 2837 1525 2877 re
1569 2824 1676 2879 cir-

112 2912 438 2966 cumdamur.
464 2912 731 2979 Quoniam
756 2923 936 2969 autem
963 2914 1198 2981 dixerat,
1225 2914 1425 2969 vocabit
1452 2922 1671 2981 terram,

113 3011 159 3057 et
201 3018 301 3058 non
340 3014 696 3075 exposuerat,
751 3022 820 3061 ne
870 3006 972 3061 hoc
1025 3008 1368 3079 ignoraretur
1412 3010 1673 3065 ostendit.

113 3093 225 3149 Dico
244 3098 391 3165 quod
430 3098 646 3153 vocabit
678 3106 877 3154 terram
909 3117 923 3153 :
957 3099 1143 3155 ethoc
1179 3101 1361 3164 modo,
1407 3101 1619 3157 scilicet
1658 3122 1669 3156 :

1781 1908 2057 1978 manifeste
2106 1908 2291 1973 veniet,
2357 1924 2527 1979 usque
2568 1908 2632 1962 ad
2682 1910 2808 1962 audi
2851 1908 3073 1978 populus
3103 1949 3119 1973 ,
3176 1908 3244 1963 de
3289 1923 3378 1965 sc—

1781 2000 1956 2055 cundo
2003 1999 2235 2054 adventu
2285 1998 2387 2069 legi
2424 2007 2632 2070 potest,
2659 2000 2725 2054 de
2765 2014 2874 2070 quo
2910 2000 3033 2054 ideo
3081 2000 3379 2069 interponit

1780 2099 1856 2157 ut,
1882 2104 2008 2144 cum
2052 2089 2227 2159 ipsum
2264 2087 2483 2155 Filium,
2516 2104 2677 2158 quem
2714 2087 3027 2158 loquentem
3059 2087 3171 2143 vult
3204 2089 3378 2144 intm-

1779 2181 1998 2246 ducere,
2032 2177 2330 2234 terribilem
2352 2176 2601 2232 iudicem
2632 2177 2687 2233 in
2736 2178 2977 2234 secundo
3010 2177 3248 2232 adventu
3278 2177 3377 2232 ad-

1777 2279 2067 2327 ventorum
2119 2266 2439 2333 ostenderit,
2472 2266 2783 2324 incredulos
2830 2267 2897 2322 ad
2944 2266 3294 2329 audiendum,
3324 2274 3379 2321 et

1776 2361 1856 2428 illi
1889 2359 2272 2424 obediendum,
2298 2358 2494 2415 timore
2528 2358 2723 2414 saltem
2761 2357 3002 2429 instiget.
3035 2356 3174 2412 Deus
3201 2356 3377 2411 mani-

1778 2448 1926 2520 feste,
1959 2460 2067 2507 etc.
2112 2450 2266 2517 Quod
2316 2450 2397 2505 sic
2443 2438 2838 2506 continuatur:
2873 2448 2991 2504 Dixi
3038 2446 3182 2519 quod
3238 2448 3379 2501 Deus

1776 2558 1875 2615 per
1922 2542 2120 2596 Filium
2148 2539 2403 2609 loquetur
2432 2551 2486 2593 et
2535 2540 2752 2595 vocabit
2793 2547 3012 2604 terram,
3044 2546 3098 2593 et
3135 2537 3277 2607 quod
3312 2552 3377 2591 ea:

1776 2634 1908 2691 Sion
1937 2633 2032 2686 erit
2059 2630 2251 2702 species
2278 2631 2481 2685 decoris
2512 2631 2645 2701 ejus.
2673 2631 2735 2685 Et
2762 2630 2877 2701 ipse
2913 2629 3081 2684 Filius
3101 2628 3214 2699 qui,
3246 2643 3374 2683 cum

1776 2726 1999 2782 humilis
2037 2725 2163 2791 erit,
2212 2739 2318 2779 non
2374 2722 2656 2793 apparebit
2691 2722 2985 2779 incredulis
3034 2737 3153 2777 esse
3210 2721 3373 2785 Deus,

1776 2817 2053 2887 manifeste
2100 2819 2264 2871 veniet
2314 2816 2379 2870 ad
2408 2814 2677 2887 judicium
2722 2816 2774 2869 in
2808 2816 3010 2881 luturo,
3048 2816 3100 2870 id
3130 2822 3214 2869 est
3253 2827 3377 2868 cum

1777 2918 2045 2982 potestate
2093 2919 2149 2964 et
2194 2907 2494 2978 majestate.
2530 2908 2596 2963 Et
2624 2910 2703 2963 sic
2742 2908 3025 2978 apparebit
3060 2922 3180 2962 esse
3212 2908 3375 2971 Deus,

1779 3000 2077 3060 secundum
2106 3000 2249 3070 quod
2290 3000 2345 3053 in
2384 2998 2677 3068 Evangelio
2700 2998 2897 3069 legitur
2931 3012 2945 3051 :
2983 3016 3000 3049 ι
3039 2996 3190 3051 Tunc
3225 2995 3378 3051 vide-

1782 3094 1917 3148 bunt
1951 3091 2148 3145 Filium
2195 3090 2430 3145 hominis
2464 3089 2771 3144 venientem
2826 3089 2881 3141 in
2925 3088 3065 3142 nube
3118 3101 3240 3141 cum
3280 3100 3376 3156 po-

112 3187 243 3255 prius
278 3189 580 3257 advocabit,
617 3191 670 3245 id
720 3199 804 3245 est
844 3191 911 3245 ad
944 3191 1108 3246 ﬁdem
1139 3192 1352 3248 vocabit
1386 3193 1593 3258 ctutum,
1626 3195 1678 3249 id

113 3287 184 3333 est
227 3281 544 3351 apostolos,
608 3283 701 3353 qui
740 3282 1077 3339 sublimitate
1134 3285 1393 3340 virtutum
1426 3286 1680 3343 dicuntur

116 3370 310 3427 cadum.

172 3465 385 3523 Nevero
409 3477 693 3539 putaretur
705 3470 954 3535 amittere
973 3470 1330 3537 divinitatem,
1356 3478 1575 3540 propter
1589 3486 1677 3527 as-

116 3570 365 3629 sumptum
428 3561 825 3617 humanitatem
851 3603 866 3627 ,
919 3563 1068 3618 addit
1104 3563 1379 3616 desursum
1420 3563 1679 3618 existens.

116 3648 164 3704 in
191 3652 408 3707 sublimi
439 3653 648 3709 scilicet
685 3654 994 3724 aequalitate
1018 3653 1321 3709 divinitatis
1350 3668 1472 3709 cum
1489 3655 1678 3710 Patre:

118 3756 169 3796 ac
193 3742 233 3796 si
263 3744 343 3799 sie
375 3743 623 3800 diceret:
658 3742 919 3810 Quamvis
960 3747 1122 3799 homo
1147 3745 1219 3799 sit
1274 3743 1595 3800 manifestus
1627 3754 1683 3800 et

118 3831 346 3900 visibilis,
392 3844 448 3889 et
472 3834 706 3888 humana
741 3849 874 3889 voce
902 3849 1102 3889 vocans
1127 3843 1181 3888 et
1209 3835 1465 3903 loquens;
1502 3842 1684 3890 tamen

119 3920 373 3975 desursum
406 3922 530 3976 erit.
561 3922 665 3976 Per
692 3923 795 3977 hoc
845 3933 1028 3977 autem
1057 3922 1365 3977 Judmorum
1402 3923 1683 3992 perﬁdiam

120 4019 392 4080 expugnat,
423 4012 514 4080 qui
543 4026 666 4065 eum
696 4012 968 4067 hominem
1000 4012 1322 4083 simpliciter
1345 4028 1467 4067 esse
1524 4028 1682 4068 men-

121 4097 333 4156 tiuntur.
372 4100 529 4171 163
564 4100 717 4156 Unde
768 4103 883 4172 ipse
908 4111 1177 4158 testatur:
1217 4122 1233 4155 ι
1274 4102 1379 4159 Vos
1427 4103 1493 4158 de
1529 4104 1686 4159 deor-

121 4203 222 4243 sum
246 4193 402 4259 estis,
431 4209 532 4263 ego
563 4194 628 4249 de
658 4197 907 4265 superuis
945 4212 1065 4251 sum
1124 4197 1306 4268 (Joan.
1339 4213 1456 4263 vin,
1480 4198 1595 4269 23).
1661 4217 1679 4251 ι

122 4280 223 4338 Dixi
248 4287 396 4355 quod
427 4288 577 4357 prius
605 4288 789 4343 ctutum
814 4289 1116 4344 advocabit.
1136 4289 1203 4345 Et
1232 4307 1327 4358 per
1352 4291 1553 4347 coelum
1583 4292 1684 4346 ad-

122 4377 318 4433 vocabit
352 4388 577 4445 terram,
605 4380 660 4435 id
699 4389 782 4436 est
807 4381 943 4436 alios
989 4380 1177 4436 ﬁdeles
1206 4382 1297 4451 qui
1331 4391 1495 4438 erunt
1542 4392 1688 4438 terra

124 4466 241 4536 ejus,
294 4471 643 4542 compluendi
697 4472 944 4527 doctrina
985 4472 1226 4541 ipsorum
1279 4473 1685 4541 apostolorum;

126 4559 249 4615 sicut
271 4570 417 4617 terra
454 4562 682 4633 apluvia
715 4562 839 4618 εωιί
874 4561 1228 4633 conipluitur,
1261 4570 1320 4616 ut
1344 4576 1442 4632 per
1489 4565 1592 4619 hoc
1616 4566 1690 4620 sit

128 4646 324 4706 fertilis.
351 4651 551 4707 Volens
574 4668 671 4723 per
698 4653 875 4721 ipsum
904 4652 1102 4707 ctelum
1126 4652 1440 4708 discernere
1460 4668 1490 4707 a
1510 4669 1691 4711 massa

126 4739 441 4804 perditorum
501 4742 756 4812 populum
806 4759 962 4798 suum
991 4784 1007 4809 ,
1046 4742 1102 4797 id
1162 4750 1246 4799 est
1278 4752 1479 4798 terram
1512 4759 1686 4800 suam.

127 4826 264 4891 Quod
302 4839 387 4886 est
415 4831 599 4887 dicere
632 4849 645 4885 :
678 4833 782 4889 Per
803 4832 999 4889 coelum
1019 4833 1132 4901 jam
1155 4841 1430 4900 vocatum,
1470 4836 1690 4891 vocabit

127 4926 170 4971 et
194 4931 386 4977 terram
425 4924 492 4978 ad
528 4923 709 4988 ﬁdem,
750 4934 807 4980 ut
858 4934 1071 4995 separet
1125 4942 1245 4981 eam
1271 4942 1301 4980 a
1348 4927 1606 4996 perditis;
1635 4937 1691 4983 et

130 5010 167 5062 si
192 5027 293 5067 non
325 5031 350 5068 a
372 5017 791 5073 conversatione
826 5018 1160 5088 perditorum
1191 5018 1244 5072 in
1276 5020 1554 5088 praesenti,
1583 5019 1690 5074 sal-

131 5110 225 5155 tem
244 5122 272 5155 a
300 5104 681 5162 conformitate
700 5121 888 5163 eorum
911 5117 967 5163 et
1005 5108 1060 5167 in
1088 5108 1270 5166 futuro
1317 5126 1348 5165 a
1396 5111 1687 5181 praesentia

129 5204 341 5263 quoque.

191 5283 441 5354 Sequitur
467 5288 780 5344 exhortatio
829 5290 896 5344 ad
928 5291 1103 5361 ipsum
1151 5273 1515 5361 coelum,‘qu'.e
1567 5293 1690 5350 talis

132 5381 234 5427 est:
264 5376 390 5433 Dico
420 5379 561 5448 quod
588 5394 686 5449 per
711 5393 831 5446 vos,
858 5396 892 5434 o
921 5381 1139 5447 coelum,
1158 5384 1429 5438 advocabit
1458 5394 1684 5452 terram;

132 5473 178 5516 ot
206 5470 450 5535 quoniam
480 5470 584 5527 hoc
625 5470 728 5526 tale
751 5471 908 5527 vobis
949 5470 1259 5544 injungetur
1282 5473 1534 5540 ollicium,
1562 5475 1687 5529 dili—

134 5571 251 5625 gens
277 5561 395 5618 huic
427 5562 602 5620 oliicio
640 5565 893 5621 adhibete
936 5564 1195 5619 studium.
1245 5565 1465 5621 Scilicet
1498 5569 1692 5636 praedi-

138 5649 333 5707 catione
354 5665 528 5712 vestra
551 5665 878 5734 congregate
920 5658 974 5729 in
1007 5657 1265 5714 unitatem
1295 5659 1419 5716 ﬁdei
1452 5676 1466 5714 :
1498 5669 1553 5717 et
1590 5661 1692 5716 hoc

134 5736 239 5807 illi,
269 5740 323 5798 id
352 5754 430 5801 est
456 5747 523 5802 ad
577 5749 838 5809 honorem
883 5748 1021 5815 eius,
1051 5765 1157 5805 non
1204 5751 1270 5823 ad
1312 5752 1479 5809 vestri
1525 5752 1695 5809 cxtol-

1708 3160 1752 3222 C
1787 3194 1979 3240 testate
2031 3196 2223 3253 magna
2270 3191 2323 3236 et
2352 3182 2633 3252 majestate
2673 3178 2835 3252 (Luc.
2886 3195 2998 3243 XXI,
3036 3178 3151 3248 9.7).
3191 3195 3209 3229 ι
3246 3176 3375 3230 Dico

1786 3278 1929 3348 quod
1959 3275 2097 3329 Deus
2141 3273 2311 3328 Filius
2348 3273 2533 3338 veniet,
2567 3272 2658 3342 qui
2695 3286 2800 3327 non
2849 3279 2932 3325 est
2976 3284 3164 3325 recens
3194 3268 3338 3323 Deus
3376 3322 3377 3325 η

1784 3370 1877 3429 sed
1909 3369 2046 3424 Deus
2077 3377 2273 3433 noster,
2300 3382 2457 3437 quem
2482 3365 2732 3422 colimus.
2775 3366 2843 3420 Et
2878 3364 2992 3435 ipse
3022 3363 3246 3419 veniens
3272 3377 3383 3419 non

1784 3464 1955 3519 silebit
1984 3479 2014 3518 a
2044 3463 2300 3528 vindicta,
2332 3460 2473 3516 sicut
2505 3460 2560 3514 in
2596 3459 2767 3529 priori
2814 3458 3068 3513 adventu.
3106 3455 3259 3523 Quod
3294 3462 3377 3512 cst

1785 3556 1967 3612 dicere
2002 3572 2013 3608 :
2044 3555 2335 3610 ulciscetur
2363 3554 2417 3608 in
2441 3567 2535 3608 eos
2579 3566 2844 3622 apparens
2871 3551 2923 3605 in
2958 3548 3258 3619 majestate,
3285 3547 3377 3616 qui

1786 3648 2061 3719 negligeut
2082 3661 2204 3701 eum
2236 3644 2540 3700 venientem
2576 3644 2727 3713 prius
2755 3642 2806 3697 in
2850 3641 3172 3696 humilitate.
3202 3638 3379 3707 Expo-

1787 3739 1933 3795 nitur
1962 3747 2141 3793 autem
2167 3735 2438 3804 quomodo
2474 3734 2786 3799 ulciscetur,
2813 3732 2891 3788 sic
2927 3750 2939 3784 :
2976 3745 3101 3787 vere
3126 3745 3227 3784 non
3256 3727 3377 3781 sile-

1788 3832 1859 3885 bit
1889 3848 1907 3897 ;
1948 3830 2080 3900 ignis
2111 3829 2254 3883 enim
2288 3825 2661 3882 elementariis
2699 3824 2997 3879 exardescet
3023 3823 3077 3876 in
3100 3828 3375 3888 conspectu

1788 3921 1930 3991 ejus,
1984 3920 2038 3974 id
2074 3928 2155 3974 est
2202 3919 2255 3972 in
2302 3915 2593 3987 praesentia
2646 3913 2782 3983 ejus.
2838 3912 3147 3970 Notandum
3190 3917 3375 3963 autem

1789 4013 1932 4083 quod
1982 4011 2123 4083 ignis
2164 4011 2266 4065 iste
2328 4024 2436 4064 non
2487 4008 2592 4063 erit
2647 4007 2736 4063 ille
2785 4006 2924 4076 ignis
2979 4013 3217 4080 aeternus
3266 4017 3375 4071 quo

1788 4113 1977 4175 postea
2007 4102 2156 4171 impii
2183 4101 2300 4157 sine
2330 4101 2436 4154 ﬁne
2472 4098 2908 4171 torquebuntur?
2941 4096 3047 4152 Sed
3084 4104 3143 4150 ut
3185 4096 3379 4149 beatus

1789 4197 1984 4252 Petrus
2020 4194 2277 4260 allirmat,
2307 4194 2413 4249 erit
2449 4212 2466 4245 ι
2504 4192 2560 4247 ln
2595 4191 2992 4247 resurrectione
3040 4198 3382 4243 mortuorum

1792 4288 1895 4343 iste
1934 4285 2093 4356 ignis,
2130 4292 2337 4339 tantum
2372 4280 2673 4338 altitudinis
2703 4281 2846 4336 aeris
2875 4280 3167 4348 attingens,
3202 4290 3379 4347 quan-n

1792 4389 1906 4436 tum
1961 4378 2146 4435 diluvii
2180 4374 2460 4431 inundatio
2506 4373 2823 4429 conscendit
2855 4370 2938 4442 (11
2984 4369 3126 4423 Petr.
3159 4384 3241 4432 in,
3280 4365 3378 4421 10-

1795 4470 1915 4539 12);
1939 4490 1958 4524 ι
1993 4485 2101 4539 quo
2131 4468 2253 4540 igne
2289 4466 2467 4521 omnis
2496 4464 2640 4520 aeris
2665 4463 2883 4519 foeditas
2908 4460 3246 4530 expiabitur;
3284 4471 3381 4527 per

1793 4578 1953 4632 quem
1994 4542 2173 4633 ignem
2210 4557 2449 4616 ﬁdeliora
2479 4571 2708 4627 corpora
2747 4563 2802 4611 et
2832 4554 3025 4613 anima:
3053 4550 3215 4607 simul
3244 4565 3378 4606 con-

1787 4656 2011 4726 junctze,
2042 4652 2184 4707 sicut
2208 4649 2370 4705 modo
2400 4656 2545 4713 sunt,
2575 4647 2859 4705 velocitate
2884 4658 3095 4701 summa
3122 4642 3241 4699 sine
3285 4642 3379 4697 lae-

1792 4747 1943 4803 sione
1984 4742 2246 4815 qualibet,
2284 4740 2511 4796 Domino
2550 4738 2766 4795 obviam
2814 4739 2869 4793 in
2918 4752 3043 4793 aera
3093 4743 3384 4792 occurrent

1793 4841 1858 4893 ad
1874 4837 2159 4906 judicium.
2178 4834 2330 4891 Unde
2346 4832 2547 4889 Paulus
2569 4831 2617 4903 (I
2647 4832 2801 4886 Thes.
2818 4846 2891 4897 tv,
2913 4829 3031 4902 l7):
3053 4847 3073 4883 ι
3090 4827 3383 4897 Rapiemur

1791 4928 2004 4983 obviam
2045 4926 2273 4982 Domino
2314 4926 2370 4981 in
2413 4940 2561 4991 aera,
2601 4944 2620 4977 ι
2675 4924 2826 4993 impii
2872 4937 2996 4979 vero
3035 4930 3381 4991 peccatorum

1796 5018 1937 5073 mole
1967 5017 2195 5088 gravati,
2223 5017 2451 5072 multum
2487 5015 2724 5073 laesronis
2751 5017 2805 5071 in
2829 5029 2888 5071 se
2907 5014 3167 5078 ferentes,
3199 5023 3378 5067 trans-

1794 5112 1949 5167 ibunt
1991 5109 2059 5164 ad
2098 5106 2401 5178 judicium,
2443 5110 2500 5164 in
2544 5112 2731 5166 aeterni
2780 5109 3028 5180 protinus
3075 5105 3215 5175 ignis
3259 5101 3383 5157 mit.

1797 5202 1941 5261 tendi
1962 5200 2284 5258 cruciatum.
2317 5201 2573 5273 Sequitur
2611 5222 2623 5258 :
2654 5203 2723 5258 Et
2749 5218 2871 5258 cum
2899 5201 3037 5272 ignis
3060 5198 3132 5257 ibi
3164 5196 3381 5251 futurus

1792 5287 1887 5353 sit,
1920 5294 1967 5340 et
1989 5284 2044 5336 in
2068 5281 2294 5337 circuitu
2318 5283 2453 5352 ejus,
2489 5284 2540 5338 id
2564 5294 2648 5338 est
2685 5283 2830 5337 circa
2852 5296 2974 5339 eum
2998 5276 3263 5341 localiter,
3296 5275 3380 5328 vel

1795 5382 1849 5435 in
1875 5381 2119 5446 circuitu,
2147 5378 2201 5434 id
2215 5385 2297 5434 est
2314 5380 2367 5431 in
2393 5375 2657 5447 elongatis
2679 5375 2748 5432 ab
2770 5388 2835 5431 eo
2858 5373 2910 5431 in
2938 5370 3117 5442 impiis
3147 5367 3378 5435 scilicet,

1796 5473 1902 5529 erit
1940 5482 2215 5544 tempestas
2240 5472 2438 5535 ualida,
2462 5477 2654 5529 ventus
2679 5463 3205 5528 vehementissimus,
3235 5460 3385 5516 scili-

1798 5573 1886 5620 cet
1936 5565 2225 5622 multitudo
2273 5561 2586 5633 angelorum
2644 5557 2802 5629 164
2850 5556 3231 5627 malignorum.
3282 5554 3383 5623 Qui

1800 5656 2052 5715 dicuntur
2102 5664 2396 5729 tempestas
2440 5666 2538 5723 per
2590 5650 3030 5721 similitudinem,
3062 5651 3189 5721 quia
3246 5651 3383 5708 sicut

1809 5758 2119 5822 tempestas,
2155 5749 2208 5805 id
2246 5757 2328 5807 est
2376 5758 2587 5819 ventus,
2623 5748 2669 5806 si
2719 5760 2884 5820 grana
2911 5754 2963 5806 ει
2992 5745 3174 5817 paleas
3223 5744 3383 5807 mist;
3440 5818 3453 5838 δ
