3846 6334
496 312 602 368 855

1051 311 1109 366 S.
1148 313 1498 371 BRUNONIS
1527 313 2172 375 CARTHUSIANORUM
2203 318 2691 377 lNSTlTUTORlS
2731 320 2887 377 OPP.
2929 304 3109 378 PARS
3149 322 3188 378 l.

3639 325 3734 383 356

495 425 786 496 invenerit,
812 439 978 494 grana
1007 427 1222 496 quidem
1257 445 1361 483 non
1405 439 1604 496 movet,
1636 430 1818 499 paleas
1841 444 1968 484 vero
1994 446 2081 484 ra-
2109 445 2150 497 Α
2187 433 2560 488 tribulationes
2607 434 2928 504 temporales
2987 436 3307 505 arguissem.
3368 434 3517 492 Nunc
3575 451 3737 497 autem

492 519 574 590 pit
597 526 654 576 et
683 517 888 582 defert;
925 519 1003 573 sic
1031 529 1085 574 et
1114 520 1212 589 ipsi
1256 522 1440 578 ﬁdeles
1485 539 1591 578 non
1627 531 1926 594 tangentes,
1955 523 2077 576 inﬁ-

492 609 640 668 deles
685 625 814 664 vero
869 611 1161 680 rapientes,
1209 612 1262 666 in
1311 613 1489 684 ignem
1547 613 1835 668 detrudeut
1882 628 2073 683 perpe-

493 710 667 756 tuum.

563 791 824 862 Sequitur
862 811 875 847 :
910 795 1216 861 Advocabit,
1247 797 1389 866 quod
1421 798 1500 852 sic
1523 797 1869 853 continuatur
1904 815 1917 851 :
1945 797 2074 852 Dico

489 885 631 954 quod
675 885 814 940 Deus
859 889 1134 957 manifeste
1179 891 1363 944 veniet.
1405 890 1506 958 Qui
1546 891 1766 946 veniens
1831 891 2074 946 localiter

487 974 784 1038 desursum,
807 975 857 1028 id
884 987 967 1030 est
991 978 1057 1032 de
1080 977 1294 1032 sublimi
1314 981 1439 1034 sede
1456 981 1592 1049 ejus,
1610 996 1728 1049 qnzc
1750 989 1830 1036 est
1851 982 1917 1036 ad
1938 983 2073 1036 dex-

486 1074 662 1122 teram
687 1065 884 1128 Patris,
917 1069 1186 1122 advocabit
1211 1069 1415 1136 caelum,
1446 1071 1497 1124 id
1527 1081 1606 1126 est
1631 1071 2068 1141 perfectissimos,

486 1165 536 1210 et
585 1167 801 1223 terram,
835 1159 1012 1214 minus
1058 1160 1370 1230 perfectos,
1420 1163 1607 1217 volens
1661 1179 1758 1232 per
1807 1163 2070 1232 judicium

488 1247 610 1301 ειειί
641 1248 946 1305 discernere
992 1252 1245 1322 pupulum
1295 1269 1474 1315 suum.
1535 1255 1586 1308 id
1615 1263 1699 1309 est
1740 1256 1916 1308 minus
1952 1270 2072 1324 per—

486 1337 660 1393 fectos
710 1356 738 1392 a
771 1342 1108 1396 damnandis.
1155 1343 1314 1398 Juxta
1348 1345 1490 1414 quod
1518 1346 1654 1400 idem
1688 1347 1741 1400 in
1781 1346 2072 1415 Evangelia

485 1429 617 1485 dicit
644 1449 656 1484 :
689 1451 707 1483 ι
743 1431 1014 1489 Scdebitis
1045 1450 1207 1505 super
1236 1438 1392 1492 sedes
1437 1438 1739 1502 duodecim,
1764 1437 2070 1504 judicantes

484 1521 763 1578 duodecim
782 1525 1127 1582 tribuslsracl
1144 1527 1356 1598 (Matth.
1377 1544 1488 1594 XIX,
1506 1529 1576 1584 ‘28
1597 1546 1610 1595 ;
1630 1529 1758 1582 Luc.
1775 1528 2030 1596 xxtt,50).
2047 1547 2064 1579 ι

482 1613 615 1668 Cum
657 1615 788 1669 dicit
818 1630 1126 1688 congregate
1147 1661 1160 1683 ,
1207 1629 1335 1686 ctc.,
1373 1621 1696 1675 adhortatur
1726 1621 1945 1690 angelos
1975 1622 2070 1675 bo-

480 1720 583 1760 nos
613 1722 677 1761 ex
729 1707 1016 1762 affectione
1068 1711 1234 1767 nimia
1283 1712 1349 1766 ad
1385 1713 1822 1783 congregandum
1873 1713 2065 1776 bonos,

2179 525 2301 592 quia
2333 525 2487 595 signa
2516 540 2622 580 non
2647 535 2772 580 sunt
2808 541 2960 581 novae
2993 525 3128 597 legis
3167 525 3279 594 jam
3323 527 3618 594 cxistcntis,
3649 547 3739 588 non

2177 632 2396 684 arguam
2439 626 2488 670 te
2529 616 2573 671 si
2622 631 2727 671 non
2763 618 3049 684 obtuleris,
3077 617 3202 688 quia
3235 619 3427 673 amodo
3471 634 3575 674 non
3621 637 3742 680 curo

2176 719 2273 770 oa;
2303 706 2605 761 holocausta
2633 718 2806 761 autent
2831 717 2922 760 tua
2945 707 3243 779 signiﬁcata
3274 723 3378 764 non
3403 708 3738 778 signiﬁcatis

2175 806 2302 852 sunt
2325 815 2527 865 semper
2553 799 2605 852 in
2627 810 2900 870 conspectu
2930 816 3064 866 meo,
3090 799 3140 853 id
3161 809 3242 855 est
3273 800 3327 854 in
3351 799 3738 870 beneplacentia

2175 901 2293 942 mea
2327 903 2340 950 ;
2383 887 2524 956 quod
2563 897 2646 942 est
2710 889 2892 944 dicere
2931 907 2943 942 :
2990 889 3299 944 holocausta
3333 905 3436 944 non
3475 891 3541 945 de
3589 891 3740 947 bobus

2175 985 2230 1030 et
2283 978 2493 1032 caeteris
2545 978 2892 1044 animalibus,
2943 979 3037 1034 sed
3074 979 3387 1035 holocausta
3432 990 3544 1044 tua,
3581 981 3630 1035 id
3669 992 3740 1036 est

2175 1069 2240 1122 de
2261 1075 2312 1120 te
2339 1066 2480 1121 facta
2505 1067 2634 1120 mihi
2665 1067 2900 1137 placent,
2926 1069 2978 1122 id
3006 1069 3156 1124 cst-si
3187 1078 3278 1123 tua
3303 1070 3431 1123 vitia
3469 1071 3670 1139 penitus
3694 1073 3740 1126 in

2177 1170 2226 1215 te
2273 1162 2442 1216 sancti
2480 1160 2713 1231 Spiritus
2762 1163 2882 1232 igne
2929 1164 3312 1228 combusseris,
3339 1173 3395 1218 et
3437 1166 3482 1219 si
3531 1176 3580 1220 te
3624 1168 3739 1220 mihi

2175 1259 2342 1305 totum
2380 1251 2657 1316 obtuleris,
2690 1253 2832 1321 quod
2863 1252 3364 1324 designabaturpcr
3389 1253 3740 1309 holocaustum

2172 1356 2268 1411 pro
2297 1349 2521 1410 peccato
2549 1341 2748 1395 iactum
2780 1343 2921 1410 quod
2955 1352 3124 1397 totum
3149 1343 3598 1409 comburebatur,
3627 1345 3742 1397 illud

2173 1433 2306 1486 mihi
2335 1433 2590 1502 placebit.
2619 1432 2754 1499 Quia
2777 1449 2906 1486 vero
2927 1434 3141 1489 dixerat
3171 1435 3582 1500 iudeﬁnite,non
3603 1438 3650 1488 iu
3673 1455 3742 1490 sa-

2171 1523 2385 1590 criﬁciis
2415 1539 2635 1592 arguam
2656 1533 2724 1588 te,
2753 1539 2851 1594 per
2875 1533 3056 1594 partes
3082 1525 3183 1580 hoc
3211 1537 3474 1590 removet,
3505 1525 3578 1579 sic
3599 1544 3611 1578 :
3635 1541 3744 1580 vere

2172 1630 2273 1667 non
2320 1629 2542 1682 arguam
2587 1622 2635 1669 te
2678 1614 2733 1668 in
2788 1615 3101 1683 sacriﬁciis;
3148 1633 3252 1670 non
3300 1616 3446 1670 enim
3513 1617 3744 1685 accipiam

2173 1702 2310 1757 ultra
2351 1704 2563 1769 vitulos,
2591 1705 2644 1759 id
2694 1715 2777 1761 est
2825 1706 3090 1762 sacriﬁcia
3128 1705 3284 1778 165
3325 1705 3644 1770 vitulorum,
3688 1707 3743 1760 dc

480 1798 560 1854 sic
592 1817 605 1853 :
640 1803 1078 1871 quandoquidem
1128 1814 1420 1873 tempestas
1470 1807 1644 1876 rapiet
1697 1807 1913 1876 impios,
1972 1823 2060 1862 vos

2170 1793 2346 1853 domo.
2375 1794 2425 1849 id
2457 1803 2539 1850 est
2568 1795 2632 1850 de
2675 1795 2876 1850 familia
2908 1805 3020 1851 tua.
3057 1797 3238 1867 Neque
3264 1798 3530 1867 accipiam
3571 1797 3742 1862 hircos,

479 1890 655 1959 angeli
681 1891 826 1958 boni,
857 1908 1086 1962 quorum
1135 1896 1438 1951 ministerio
1479 1897 1654 1952 sancti
1703 1898 1975 1952 ducentur
1999 1898 2068 1951 ad

478 1980 736 2062 gloriam,
768 1997 1076 2057 congregate
1115 1987 1226 2052 illi,
1260 1987 1312 2041 id
1363 1999 1446 2042 est
1495 1989 1562 2042 ad
1612 1989 1873 2044 honorem
1927 1989 2072 2044 illius

476 2069 598 2126 Filii
628 2083 836 2128 sanctos
863 2076 1000 2146 ejus,
1033 2077 1086 2135 id
1111 2086 1191 2132 cst
1219 2077 1416 2133 coelum
1445 2087 1499 2135 et
1533 2088 1752 2134 terram.
1783 2079 1849 2134 Et
1891 2080 2072 2135 deter-

475 2165 647 2219 minat
675 2168 764 2237 qui
797 2169 903 2223 sint
951 2170 1026 2224 illi
1058 2171 1252 2236 sancti,
1291 2188 1412 2227 cum
1450 2172 1598 2227 addit
1629 2191 1641 2226 :
1678 2173 1782 2239 Qui
1811 2174 1982 2228 sancti
2015 2175 2066 2228 in

475 2256 581 2312 hoc
619 2260 818 2315 mundo
848 2262 1117 2328 ordinant,
1169 2263 1219 2317 id
1251 2274 1356 2329 est,
1389 2273 1539 2319 recto
1575 2265 1768 2319 ordine
1817 2272 2070 2333 reputant

475 2359 836 2406 testamentum
861 2355 994 2424 ejus,
1023 2356 1072 2410 id
1099 2363 1179 2411 est
1197 2366 1452 2412 aeternam
1474 2357 1882 2421 beatitudinem,
1905 2372 2066 2426 quam

474 2441 594 2512 ipse
617 2445 883 2511 promittit
912 2447 964 2499 in
992 2445 1142 2501 Novo
1165 2447 1513 2503 Testamento
1546 2464 1669 2504 esse
1702 2463 1865 2517 super
1895 2449 2067 2504 sacri-

472 2533 618 2600 ﬁcia,
658 2535 709 2588 id
758 2547 840 2590 est
870 2539 1180 2608 praecellere
1215 2541 1476 2612 dignitate
1514 2556 1608 2595 sua
1659 2541 1827 2596 bonas
1871 2556 2066 2611 opera-

473 2626 650 2705 tiones
687 2640 743 2685 et
790 2632 1017 2689 virtutes
1053 2651 1186 2706 quas
1220 2635 1332 2705 "ipsi
1376 2635 1486 2689 Deo
1539 2635 1882 2701 sacriﬁcant,
1923 2637 2064 2707 quod

472 2727 557 2774 est
586 2719 789 2789 dicere,
821 2723 909 2792 qui
949 2724 1118 2793 pluris
1168 2739 1288 2780 esse
1343 2732 1592 2793 reputant
1642 2734 1899 2778 mtcrnam
1951 2725 2066 2794 glo-

471 2810 611 2867 riam
644 2827 804 2883 quam
838 2816 1031 2870 merita
1062 2833 1178 2881 sua,
1201 2818 1357 2887 juxta
1392 2816 1520 2870 illud
1551 2821 1684 2888 Apos
1699 2817 1789 2872 ιοΙί
1825 2836 1837 2871 :
1886 2835 1905 2869 ι
1936 2819 2064 2872 Exi-

469 2903 632 2961 stimo
665 2907 809 2975 quod
839 2922 944 2961 non
968 2917 1093 2964 sunt
1125 2910 1404 2980 condignzc
1431 2912 1714 2981 passiones
1746 2910 1904 2979 hujus
1935 2920 2065 2965 tem-

467 2997 638 3065 poris,
669 2999 735 3052 ad
767 2999 1004 3054 futtn'am
1051 3000 1276 3070 gloriam
1318 3018 1437 3072 quae
1477 3002 1802 3058 revelabitur
1824 3003 1876 3056 in
1909 3002 2064 3057 nobis

470 3087 643 3161 (Rom.
675 3105 800 3160 \‘m,
836 3092 946 3164 18).
970 3111 987 3144 ι
1016 3092 1156 3158 Dixi,
1177 3103 1483 3165 congregale
1504 3097 1710 3149 sanctos
1735 3096 1787 3150 in
1810 3096 2058 3164 gloriam,

2176 1883 2228 1938 id
2272 1895 2354 1940 cst
2389 1884 2711 1941 sacriﬁcium
2761 1886 3052 1953 hircorum,
3093 1889 3158 1942 de
3198 1888 3442 1957 gregibus
3488 1888 3589 1942 tuis
3615 1903 3743 1940 sum-

2170 1984 2342 2045 ptum.
2371 1976 2474 2031 Per
2504 1977 2602 2030 has
2641 1988 2821 2032 autem
2849 1978 2984 2033 duas
3015 1987 3216 2048 partes.
3248 1979 3340 2034 dat
3377 1979 3543 2032 etiam
3571 1977 3742 2032 intelli-

2171 2083 2298 2138 gere
2325 2068 2392 2124 de
2422 2069 2542 2124 aliis
2588 2069 2852 2138 partibus.
2880 2070 3032 2136 Quod
3080 2081 3164 2127 est
3211 2071 3392 2125 dicere
3429 2089 3441 2124 :
3471 2069 3620 2124 Nulla
3663 2086 3739 2124 sa-

2171 2161 2376 2226 criﬁcia
2434 2172 2524 2218 tua
2574 2163 2704 2218 mihi
2754 2173 2918 2220 erunt
2965 2163 3572 2234 acceptabilia.-Possct
3616 2165 3738 2220 dici:

2171 2255 2336 2308 etiam
2371 2255 2415 2309 si
2442 2269 2548 2309 non
2576 2264 2703 2309 sunt
2731 2256 2904 2325 signa,
2927 2271 3048 2312 cum
3080 2256 3173 2310 tibi
3204 2256 3303 2310 ista
3347 2255 3484 2309 dare
3518 2255 3738 2322 velimus,

2170 2350 2375 2420 accipe.
2400 2348 2603 2404 Contra
2637 2350 2739 2404 hoc
2769 2365 2900 2406 vero
2927 2351 3008 2406 sic
3051 2351 3201 2406 addit
3232 2367 3245 2403 :
3275 2351 3408 2406 Cum
3454 2351 3602 2406 vobis
3649 2365 3742 2404 non

2167 2451 2350 2497 essent
2373 2441 2547 2505 utilia,
2570 2442 2710 2496 sicut
2734 2444 2883 2512 prius
2912 2443 3036 2497 dum
3060 2444 3210 2514 signa
3239 2451 3421 2507 erant,
3463 2458 3568 2498 non
3604 2457 3742 2510 opor-

2168 2542 2245 2587 tet
2278 2545 2338 2587 ut
2366 2532 2651 2602 accipiam.
2679 2531 2796 2588 Non
2846 2533 2990 2588 enim
3039 2534 3123 2589 his
3163 2549 3314 2605 egeo,
3344 2534 3594 2604 quoniam
3633 2547 3741 2585 mea

2165 2634 2284 2679 sunt
2332 2640 2508 2679 omnes
2553 2625 2678 2693 fera:
2727 2624 3270 2696 silvarum,‘qnarum
3302 2640 3402 2680 vos
3438 2634 3738 2696 potestatem

2166 2731 2272 2772 non
2305 2716 2534 2772 habetis.
2567 2715 2634 2770 Et
2659 2732 2772 2770 mea
2802 2728 2922 2771 sunt
2940 2717 3184 2786 jumenta
3225 2717 3507 2786 pascentia
3533 2717 3584 2769 in
3612 2731 3740 2768 mon-

2163 2814 2322 2876 tibus,
2354 2821 2401 2866 et
2433 2811 2603 2876 boves,
2628 2810 2680 2864 id
2703 2819 2786 2865 est
2811 2826 2916 2866 non
2960 2810 3133 2866 solum
3167 2809 3468 2865 domestica
3512 2807 3739 2863 animalia

2164 2919 2284 2959 mea
2334 2911 2478 2970 sunt,
2512 2902 2606 2957 sed
2641 2911 2696 2956 et
2722 2901 3013 2967 silvestria,
3058 2902 3265 2958 scilicet
3314 2901 3472 2968 rene,
3521 2901 3676 2956 boves
3693 2909 3740 2953 et

2159 2992 2404 3063 jnmenta
2427 2995 2479 3048 in
2513 2994 2788 3049 montibus
2815 2996 3112 3064 pascentia,
3137 2995 3332 3049 auibus
3363 2994 3628 3048 dominari
3648 3006 3738 3044 non

2165 3086 2410 3156 potestis.
2439 3083 2519 3140 Ac
2557 3084 2603 3140 si
2632 3085 2837 3140 diceret
2868 3103 2880 3139 :
2911 3085 3046 3140 Dum
3079 3085 3229 3140 vobis
3250 3084 3459 3154 profuit
3500 3094 3554 3138 ut
3589 3099 3644 3137 ea
3664 3097 3738 3136 ac-

468 3190 516 3234 et
551 3182 652 3251 ipsi
684 3184 830 3250 cwli,
870 3185 921 3239 id
953 3193 1038 3240 est
1083 3187 1255 3240 sancti
1299 3188 1627 3257 congregati,
1681 3187 2064 3240 annuntiabunt
2095 3179 2135 3234 C
2169 3181 2426 3250 ciperem,
2459 3179 2665 3248 accepi,
2713 3179 2921 3235 scilicet
2967 3195 3088 3234 cum
3136 3180 3286 3248 signa
3329 3189 3511 3233 erant.
3543 3178 3738 3233 Constat

463 3271 728 3340 justitiam
765 3275 901 3344 ejus,
939 3275 1147 3332 scilicet
1191 3277 1304 3331 Dei.
1342 3277 1408 3331 Et
1452 3277 1672 3346 exponit
1721 3292 1880 3346 quam
1906 3275 2065 3344 justi.

467 3357 635 3430 tiam,
687 3380 811 3420 cum
868 3367 1016 3422 addit
1063 3386 1076 3422 :
1121 3369 1328 3424 scilicet
1382 3370 1767 3423 annuntiabunt
1817 3371 2064 3439 quoniam

466 3455 612 3511 Deus
627 3458 797 3526 judex
829 3469 926 3513 est.
961 3460 1114 3526 Quod
1140 3471 1222 3514 est
1247 3463 1426 3516 dicere
1452 3477 1468 3514 :
1498 3459 1612 3514 Non
1641 3475 1801 3525 voce;
1837 3461 1929 3514 sed
1954 3461 2065 3528 glo-

467 3535 564 3601 riae
591 3563 702 3602 sua:
750 3548 1108 3616 beatitudine,
1135 3549 1439 3605 inﬁdelibus
1471 3551 1780 3616 ostendent,
1819 3552 1973 3620 quasi
2018 3551 2062 3605 si

468 3637 842 3693 annuntiando
862 3641 1234 3702 ostenderent,
1266 3639 1519 3708 quoniam
1549 3641 1867 3710 Deusjudex
1886 3641 2064 3711 justus

467 3740 584 3795 est,
617 3731 832 3799 quieos
863 3732 1022 3802 digne
1072 3732 1460 3788 remunerabit.
1513 3732 1641 3787 Post
1691 3733 2057 3804 interpositio-

468 3837 594 3875 nem
624 3822 829 3888 utilem,
849 3823 1028 3894 ituipit
1053 3839 1310 3880 enartarc
1338 3826 1428 3881 Dei
1455 3825 1951 3898 locutioncmquam
1974 3843 2064 3881 su-

465 3915 649 3996 perius
686 3918 966 3986 promisit,
1009 3917 1086 3972 sic
1116 3936 1128 3971 :
1161 3917 1276 3972 Dixi
1301 3919 1442 3987 quod
1465 3918 1603 3972 Deus
1634 3921 1849 3974 deorum
1878 3921 2062 3990 loque-

467 4005 556 4061 tur
591 4021 688 4075 per
719 4008 931 4072 Filium,
965 4025 1084 4078 qua:
1107 4009 1306 4066 locutio
1331 4022 1414 4066 est
1451 4012 1565 4066 haec
1605 4029 1618 4066 :
1649 4012 1812 4076 Audi,
1836 4013 2060 4082 populus

467 4117 610 4154 meus
634 4099 824 4182 Israel.
856 4099 1008 4167 Quod
1037 4113 1120 4156 est
1149 4118 1211 4157 ac
1233 4104 1275 4158 si
1305 4103 1509 4158 diceret
1537 4146 1548 4157 .
1584 4103 1662 4158 Tu
1695 4104 1942 4158 collectio
1964 4102 2059 4157 Ju-

465 4191 726 4256 drorutn,
772 4209 893 4263 qua:
935 4195 1159 4264 populus
1206 4211 1356 4252 incus
1397 4197 1686 4264 peculiaris
1717 4212 1802 4261 es,
1844 4197 1930 4252 cui
1984 4205 2060 4252 tot

462 4286 699 4354 impendi
736 4286 1015 4353 beneﬁcia,
1053 4291 1142 4360 qui
1176 4290 1340 4344 debes
1365 4304 1485 4345 esse
1519 4289 1705 4356 Israel,
1740 4289 1790 4343 id
1817 4299 1898 4344 est
1927 4306 2055 4344 con-

464 4377 728 4446 templans
773 4381 1038 4446 ctelcstia,
1086 4397 1192 4435 non
1251 4396 1345 4435 cor
1386 4382 1592 4437 habens
1641 4382 1954 4450 depressum
2003 4385 2054 4434 in

463 4476 677 4525 terrena
713 4488 725 4525 :
762 4472 889 4524 audi
927 4473 1110 4527 auditu
1159 4473 1401 4528 interiori
1442 4488 1561 4542 qua:
1613 4473 1809 4539 dicam,
1854 4482 1908 4528 et
1953 4488 2054 4541 ego

461 4561 553 4630 qui
585 4561 744 4617 homo
775 4563 1032 4628 existens,
1069 4565 1302 4619 immane
1347 4565 1552 4634 loquor,
1587 4566 1905 4632 testiﬁcabor
1936 4565 2048 4629 tibi,

462 4653 516 4707 id
552 4662 636 4707 est
669 4655 979 4709 testimonio
1020 4655 1420 4724 Scripturarnm
1455 4666 1666 4711 tuarum
1704 4666 1758 4710 et
1787 4659 2052 4712 bonorum

461 4757 690 4811 operum
735 4759 974 4798 nzeorum
1007 4745 1375 4815 comprobabo
1425 4746 1520 4800 tibi
1563 4746 1688 4816 quia
1735 4746 1877 4801 Deus
1912 4765 2050 4817 sum,

461 4839 646 4886 etnon
690 4831 918 4898 alienus,
949 4835 1043 4888 sed
1076 4833 1214 4890 Deus
1261 4845 1401 4890 tuus.
1434 4836 1511 4890 Ac
1557 4837 1602 4891 si
1660 4838 1800 4892 dicat
1834 4855 1846 4891 :
1884 4839 2054 4894 Debes

461 4923 653 4978 audire
675 4938 782 4987 me,
814 4932 867 4978 et
897 4925 1163 4980 audiendo
1186 4925 1426 4991 obedire,
1453 4929 1576 4997 quia
1603 4927 1742 4982 Deus
1768 4938 1890 4982 tuus
1913 4945 2049 4993 sum,

459 5014 604 5084 quod
657 5015 1055 5084 Scripturarum
1086 5027 1141 5072 et
1181 5033 1402 5087 operum
1443 5021 1751 5074 testimonio
1800 5033 2050 5088 compro-

458 5105 641 5160 batur.
698 5107 829 5163 Dico
873 5109 1039 5172 audi;
1071 5120 1126 5164 et
1171 5109 1274 5164 hoc
1321 5111 1529 5164 scilicet
1570 5111 1696 5164 audi
1726 5128 1738 5163 :
1769 5109 1888 5164 Noli
1913 5111 2049 5166 ulte-

457 5198 573 5252 rius
600 5197 795 5254 oﬁerre
840 5199 971 5254 mihi
1021 5201 1289 5254 sacriﬁcia
1342 5199 1553 5271 lcgalia,
1597 5215 1721 5271 quae
1769 5201 2048 5271 hucusque

457 5290 610 5362 signa
647 5293 885 5359 fuerunt,
923 5293 1082 5348 modo
1109 5308 1236 5348 vero
1258 5301 1539 5362 postquam
1563 5309 1750 5348 eorum
1775 5295 2045 5366 signatum

458 5383 697 5449 advenit,
730 5383 882 5454 signa
919 5399 1025 5439 non
1049 5392 1194 5450 sunt,
1228 5384 1456 5452 ideoque
1483 5384 1712 5438 inutilia.

528 5474 652 5530 Non
678 5477 821 5530 enim
873 5477 1069 5532 amodo
1096 5494 1315 5548 arguam
1349 5487 1397 5532 te
1428 5478 1482 5531 in
1525 5480 1802 5548 sacriﬁciis
1839 5483 1944 5538 tuis
1975 5483 2049 5538 lc-

457 5566 696 5636 gaiibus,
746 5583 852 5623 non
897 5570 1040 5624 datis
1077 5585 1091 5633 ;
1125 5571 1280 5638 quasi
1327 5570 1533 5624 diceret
1569 5585 1583 5624 :
1625 5573 1671 5626 si
1716 5572 1844 5627 dum
1893 5575 2043 5644 signa

456 5669 614 5712 erant
640 5658 772 5729 legis
809 5673 960 5714 nova:
988 5663 1224 5715 nondum
1264 5661 1568 5726 csistentis,
1599 5677 1661 5717 ea
1689 5679 1796 5718 non
1826 5662 2051 5719 obtulis-

459 5762 567 5815 ses,
601 5756 654 5806 te
707 5753 891 5826 utique
936 5767 1033 5826 per
1075 5754 1368 5838 prophetas
1398 5763 1452 5811 et
1489 5754 1822 5828 Scripturas,
1848 5765 1902 5813 et
1949 5773 2046 5828 per

2167 3283 2346 3330 autem
2370 3275 2513 3344 quod
2555 3289 2818 3344 nusquam
2856 3273 2988 3328 mihi
3034 3275 3398 3342 profecerunt,
3433 3284 3737 3341 nequc-pro-

2166 3367 2368 3422 ﬁcient.
2399 3367 2504 3422 Sed
2540 3382 2662 3422 cum
2705 3365 2901 3420 atnodo
2929 3366 3085 3420 vobis
3113 3380 3217 3419 non
3257 3365 3604 3434 proﬁcerent,
3629 3362 3735 3431 quia

2161 3457 2272 3529 jam
2303 3474 2490 3514 eorum
2534 3458 2897 3527 signiﬁcatum
2935 3457 3172 3522 advenit,
3199 3457 3266 3510 ad
3297 3457 3428 3526 quid
3454 3472 3517 3511 ea
3547 3455 3735 3522 accipe-

2166 3566 2302 3618 rem,
2349 3549 2504 3621 quasi
2557 3550 2644 3604 his
2691 3548 2942 3620 egerem?
2982 3547 3099 3602 Non
3149 3562 3282 3618 egeo
3333 3548 3576 3615 quidem,
3628 3559 3734 3598 cum

2163 3644 2344 3700 omnia
2387 3641 2642 3696 animalia
2682 3641 3072 3712 quadrupedia,
3117 3649 3172 3695 ct
3210 3641 3512 3694 domestica
3565 3646 3617 3692 et
3662 3635 3734 3689 sil-

2163 3733 2362 3790 vestria
2394 3734 2501 3787 sint
2530 3747 2672 3787 mea.
2704 3731 2822 3786 Non
2860 3731 3032 3786 solum
3061 3740 3240 3785 autem
3281 3744 3404 3783 mea
3456 3739 3578 3786 sunt
3620 3743 3734 3795 qut-

2164 3825 2446 3896 drupedia,
2483 3824 2578 3878 sed
2610 3824 2774 3877 etiam
2821 3823 3034 3892 cognovi
3061 3821 3236 3875 omnia
3277 3820 3513 3874 oolatitiu
3541 3817 3665 3880 cali,
3689 3816 3733 3870 id

2163 3926 2246 3972 est
2274 3932 2395 3972 cum
2423 3915 2648 3970 Creator
2666 3929 2852 3969 eorum
2871 3914 2992 3978 sim,
3009 3925 3272 3983 cognosco
3295 3926 3489 3966 eorum
3512 3909 3729 3965 omnium

2163 3997 2535 4064 naturamet
2579 4021 2686 4059 non
2735 4005 2907 4060 solum
2949 4003 3184 4058 volatilia
3237 4015 3355 4055 mea
3397 4011 3550 4064 sunt,
3581 3999 3665 4053 sed
3689 4005 3731 4049 et

2160 4101 2496 4171 pulchritudo
2527 4099 2642 4168 agri
2689 4113 2887 4151 mecum
2923 4106 3020 4160 est,
3051 4095 3102 4150 id
3133 4103 3216 4150 est
3241 4093 3485 4164 pulchra:
3527 4101 3728 4149 messes,

2161 4205 2215 4249 et
2245 4195 2451 4246 fructus
2495 4205 2766 4260 agrorum,
2803 4190 2856 4242 in
2902 4187 3256 4257 dispositione
3293 4201 3409 4238 mea
3465 4195 3606 4238 sunt.
3637 4180 3730 4248 Ego

2161 4286 2302 4340 enim
2327 4283 2552 4338 Creator
2591 4296 2802 4336 eorum.
2836 4283 2915 4334 Ac
2961 4279 3005 4333 si
3051 4278 3252 4332 diceret
3287 4294 3298 4328 :
3327 4274 3447 4328 Non
3505 4289 3650 4342 egeo,
3681 4278 3727 4321 ut

2160 4377 2256 4430 des
2287 4373 2416 4428 mihi
2446 4371 2684 4425 volatilia
2714 4379 2769 4424 et
2801 4384 3009 4424 messes
3039 4370 3092 4422 in
3129 4367 3457 4422 sacriﬁcium
3491 4366 3580 4420 tibi
3625 4365 3726 4417 iuu-

2162 4464 2274 4519 tile.
2307 4462 2431 4517 ibeo
2457 4462 2600 4516 enim
2630 4461 2810 4514 omnia
2842 4474 2960 4513 mea
3000 4467 3145 4514 sunt.
3187 4458 3322 4512 Cum
3374 4457 3510 4510 dicit
3535 4451 3725 4524 cognovi

2158 4551 2411 4617 volatilia,
2443 4551 2617 4607 innuit
2651 4550 2794 4620 quod
2836 4563 2948 4603 sua:
2989 4558 3250 4602 creatum
3291 4555 3439 4600 sunt.
3472 4544 3603 4600 Cum
3645 4557 3724 4594 au-

2159 4651 2267 4699 tem
2300 4652 2353 4698 et
2385 4643 2750 4712 quadrupedia
2780 4651 2836 4696 et
2863 4639 3100 4694 volatilia
3128 4653 3247 4692 mea
3271 4638 3404 4698 sint,
3428 4645 3485 4690 et
3512 4631 3724 4704 pulchri-

2158 4736 2288 4789 tudo
2334 4749 2604 4804 agrorum,
2631 4732 2676 4786 si
2708 4734 2811 4787 hoc
2856 4731 2927 4785 sit
2955 4729 3098 4799 quod
3145 4727 3404 4790 esuriero,
3430 4727 3573 4795 quod
3606 4738 3723 4776 nuu-

2156 4843 2320 4899 quam
2353 4837 2531 4882 tamen
2563 4826 2856 4892 continget,
2889 4839 2992 4878 non
3019 4823 3192 4875 dicam
3234 4820 3329 4874 tibi
3369 4828 3432 4874 ut
3465 4817 3593 4873 mihi
3634 4814 3721 4867 ista

2156 4925 2373 4982 offeras.
2414 4923 2478 4976 Et
2503 4922 2694 4992 repetit
2721 4935 2940 4975 causam
2970 4933 3137 4987 quare
3174 4931 3280 4969 non
3316 4916 3485 4977 dicat,
3526 4920 3581 4964 ut
3608 4924 3720 4963 con-

2155 5020 2356 5083 ﬁrmet,
2389 5018 2468 5071 sic
2501 5031 2515 5070 :
2546 5031 2670 5069 vere
2698 5030 2802 5068 non
2832 5015 3031 5074 dicam,
3066 5025 3164 5065 nec
3201 5017 3441 5080 oportet.
3467 5007 3613 5060 Meus
3654 5011 3719 5054 est

2153 5112 2288 5166 enim
2320 5109 2458 5163 orbis
2477 5119 2650 5169 terrm,
2675 5107 2724 5161 id
2750 5115 2833 5160 est
2855 5105 3030 5160 omnis
3054 5113 3217 5165 terra,
3239 5113 3285 5155 ct
3310 5101 3578 5172 plenitudo
3600 5097 3716 5163 eius.

2154 5206 2206 5261 id
2245 5215 2329 5259 est
2373 5203 2554 5270 omnia
2596 5216 2714 5269 qute
2761 5200 2813 5253 in
2852 5199 2932 5252 eis
2980 5205 3125 5252 sunt.
3167 5195 3244 5248 Ac
3285 5195 3330 5248 si
3367 5195 3509 5247 dicat
3549 5207 3565 5243 :
3598 5188 3715 5242 Cant

2151 5311 2258 5351 non
2299 5303 2405 5348 smt
2435 5295 2608 5362 signa,
2641 5290 2840 5344 videris
2880 5285 3076 5343 oﬁ‘erre
3117 5287 3184 5340 ad
3215 5286 3336 5350 hoc,
3365 5294 3424 5338 ut
3453 5284 3564 5337 lucc
3605 5295 3710 5334 csu-

2151 5387 2307 5440 riam.
2342 5384 2431 5438 Sic
2464 5384 2583 5437 ideo
2611 5396 2715 5436 non
2759 5389 3010 5451 oportet;
3054 5396 3177 5432 nam
3221 5379 3263 5432 si
3299 5377 3590 5435 esurirem,
3621 5383 3713 5424 non

2149 5491 2448 5550 quaererem
2482 5474 2583 5528 ista
2611 5491 2640 5529 a
2673 5483 2725 5527 te
2759 5515 2770 5526 .
2805 5486 3015 5542 possem
3043 5471 3188 5525 enim
3216 5475 3428 5538 egomet
3463 5464 3711 5532 accipere.

2151 5584 2275 5625 cum
2307 5567 2484 5622 omnis
2513 5575 2654 5622 terra
2676 5567 2746 5620 sit
2775 5573 2987 5630 mea,et
3013 5562 3272 5632 quidquid
3303 5571 3384 5614 cst
3405 5560 3456 5614 in
3479 5573 3562 5612 ea.
3591 5552 3712 5620 Quia

2145 5675 2276 5716 vero
2310 5659 2540 5725 dixerat,
2577 5660 2623 5713 si
2667 5659 2918 5722 esuriem,
2951 5664 3166 5726 putaret
3211 5654 3405 5725 aliquis
3431 5649 3572 5721 quod
3621 5643 3710 5698 ali-

2150 5753 2417 5828 quomodo
2446 5753 2694 5814 esuriret.
2740 5750 2895 5819 Quod
2926 5757 3163 5806 removet
3208 5747 3288 5806 sic
3317 5765 3330 5803 :
3357 5741 3596 5836 quamvis
3639 5736 3707 5791 di-
