3846 6334
130 359 205 418 857

984 347 1344 406 exeosmo
1376 347 1439 402 IN
1469 346 1802 404 esamos.
1829 347 1899 388 —‘—
1924 347 2118 404 PSAL.
2150 333 2343 404 xcsx.‘

3229 356 3332 413 858

132 471 266 529 ιετῑιιι
289 486 300 521 ;
324 465 377 520 Si
403 464 649 531 csuriero,
680 464 916 536 nunquid
953 465 1283 518 manducabo
1325 482 1508 520 carnes
1543 475 1658 517 tau-
1686 466 1736 525 Α
1765 478 1988 522 trorcum
2040 486 2300 523 sermones
2354 487 2512 536 meos,
2547 470 2598 525 id
2633 479 2715 525 est
2744 471 3021 540 neglexisti
3066 486 3333 547 prmcepta

133 578 269 619 rerum
294 569 375 612 aut
401 558 700 626 sanguinem
731 558 996 610 hircorum
1019 557 1209 624 putabo
1233 556 1256 610 ?
1290 572 1647 626 nequaquam.

131 653 247 724 Quod
267 660 340 705 est
361 649 532 702 dicere
574 665 586 701 :
623 647 737 701 Non
760 656 843 702 est
879 663 1100 702 necesse
1140 657 1198 703 ut
1231 659 1282 702 te
1313 662 1557 702 moneam
1587 645 1652 699 ad

131 748 216 802 haec
239 740 488 797 offerenda
523 737 671 792 mihi.
700 737 812 808 Ego
841 753 1074 808 namque
1102 755 1207 794 non
1245 739 1508 793 manduco
1536 753 1653 791 car-

132 855 194 892 nes
224 846 493 896 taurorum,
534 845 706 900 neque
739 840 865 899 poto
907 833 1216 900 sanguinem
1257 832 1545 884 hircorum.

180 928 430 994 Postquam
459 923 694 978 ostendit
717 923 832 976 lucc
857 924 1124 978 sacriﬁcia
1158 939 1215 978 se
1246 923 1405 988 nolle,
1435 925 1500 977 ad
1527 923 1652 978 illud

131 1017 236 1088 quod
255 1016 343 1069 sibi
379 1015 551 1084 placet
591 1013 922 1069 sacriﬁcium
960 1014 1170 1080 invitat,
1209 1032 1329 1070 cum
1358 1017 1506 1081 dicit,
1539 1015 1652 1070 Im-

130 1110 233 1162 mola
261 1107 375 1168 Deo,
404 1116 508 1159 etc.
543 1105 694 1171 Quod
733 1107 812 1161 sic
839 1107 1187 1162 continuatur
1212 1128 1224 1161 :
1258 1110 1372 1164 Dixi
1402 1110 1541 1178 quod
1569 1126 1654 1162 sa-

130 1199 288 1253 etilicia
324 1197 385 1250 .le
427 1197 610 1252 vitulis
648 1207 703 1252 et
754 1197 921 1252 hircis
960 1213 1066 1254 non
1103 1213 1232 1253 euro
1270 1209 1328 1254 ut
1369 1200 1610 1256 immoles
1636 1242 1649 1264 ,

129 1289 197 1342 sed
236 1287 391 1356 ptt'us
445 1287 656 1341 immola
690 1287 819 1342 mihi
857 1289 966 1344 Deo
1013 1289 1332 1357 sacri/icium
1364 1290 1567 1357 laudis,
1603 1290 1652 1344 id

129 1386 187 1432 est
223 1380 309 1432 hcc
337 1377 684 1444 saeriﬁcimn,
715 1389 772 1433 ut
820 1395 906 1434 me
951 1379 1136 1435 laudes
1165 1392 1218 1436 et
1271 1381 1555 1436 aﬁectione
1602 1391 1657 1436 ct

128 1471 229 1525 bruta
252 1469 566 1537 operatione,
598 1481 652 1523 et
676 1471 838 1524 etiam
862 1487 1019 1538 voce;
1054 1479 1106 1525 ct
1146 1473 1246 1526 hoc
1276 1488 1487 1542 quoque
1515 1475 1655 1542 quod

129 1561 449 1626 malaudabis,
498 1575 605 1614 non
655 1570 810 1630 putes
843 1579 870 1616 a
906 1572 958 1617 te
1003 1563 1224 1628 habere,
1259 1564 1355 1618 sed
1402 1575 1448 1616 et
1503 1564 1656 1617 redde

130 1653 223 1706 mihi
269 1653 522 1707 A'tissimo
580 1663 694 1707 rota
745 1663 866 1723 tua,
904 1655 952 1707 id
995 1665 1077 1709 est
1117 1654 1384 1709 sacriﬁcia
1437 1655 1652 1721 laudis;

129 1745 232 1812 tptod
256 1754 328 1799 Cal
362 1745 542 1798 dicere
569 1762 580 1798 :
615 1745 816 1814 nepeta
847 1747 988 1816 qwod
1019 1762 1116 1818 ego
1145 1745 1242 1800 tibi
1287 1747 1388 1801 hoc
1415 1748 1572 1813 dabo,
1600 1759 1652 1803 ut

1746 577 1874 615 'nica
1901 561 2038 614 male
2066 561 2311 615 vivendo.

1826 647 2072 705 Ostendit
2115 661 2292 705 autem
2343 665 2438 719 per
2481 657 2661 719 partes
2698 653 2966 720 quomodo
3010 655 3332 725 proiecerit:

1756 743 1834 796 sic
1867 759 1880 794 :
1911 740 2050 796 Vere.
2091 742 2358 811 proiecisti
2385 759 2644 796 sermones
2675 760 2812 798 meos
2845 761 2858 810 ;
2902 760 3000 813 ego
3030 747 3171 800 enim
3198 764 3336 817 pra:-

1757 833 1870 903 cepi
1901 849 2002 886 non
2040 831 2232 894 furari,
2263 842 2314 885 et
2345 843 2395 887 tu
2427 834 2471 887 si
2502 835 2709 887 videbas
2737 834 2923 902 furem,
2951 838 3196 891 currebas
3220 857 3335 893 cum

1755 941 1836 988 eo,
1872 923 1921 976 id
1962 932 2044 976 est
2085 922 2335 976 celeriter
2363 923 2740 977 consentiebas
2775 910 2823 977 ei
2852 925 2933 978 vel
2965 934 3086 979 actu
3125 927 3208 981 vel
3250 944 3338 982 as-

1757 1027 1940 1066 sensu.
1969 1011 2031 1064 Et
2060 1027 2158 1080 ego
2187 1011 2294 1064 dixi
2340 1026 2442 1064 non
2467 1025 2584 1065 esse
2627 1011 3062 1079 adulterandum,
3113 1024 3163 1070 et
3196 1027 3249 1070 tu
3295 1020 3337 1072 si

1757 1100 1976 1155 videbas
2005 1100 2264 1154 adulteria
2297 1110 2634 1165 exercentes,
2665 1118 2779 1155 cum
2813 1103 2942 1172 ipsis
2966 1105 3219 1160 adulteris
3246 1125 3341 1177 po-

1759 1194 1914 1248 nelias
1940 1195 2228 1262 portionem
2259 1205 2422 1258 tuam,
2465 1195 2515 1248 id
2551 1204 2632 1249 est
2657 1197 3126 1265 participationem
3171 1211 3338 1255 tuam.

1757 1283 1907 1350 Quod
1930 1293 2012 1337 est
2040 1283 2220 1339 dicere
2245 1284 2558 1354 :Particeps
2576 1285 2740 1341 ﬁebas
2766 1288 3013 1342 adulterii
3038 1305 3158 1343 cum
3186 1291 3339 1360 ipsis,

1756 1374 1839 1429 vel
1870 1385 1992 1429 actu
2024 1375 2105 1427 vel
2145 1391 2410 1430 consensu
2440 1395 2454 1443 ;
2487 1379 2714 1448 prmcepi
2740 1380 2898 1433 etiam
2934 1396 3037 1434 non
3069 1395 3188 1436 esse
3218 1383 3336 1436 bla-

1760 1463 2177 1537 Sphemandttm,
2207 1469 2260 1522 et
2284 1486 2339 1522 os
2371 1481 2514 1522 tuum
2545 1469 2823 1523 abundarit
2847 1472 3048 1524 malitia
3090 1471 3343 1542 blasphe—

1760 1565 1990 1618 miarum
2017 1563 2067 1616 in
2099 1563 2426 1632 proximum.
2455 1562 2627 1617 Statui
2662 1578 2875 1633 quoque
2898 1578 3001 1616 non
3046 1578 3166 1618 esse
3198 1563 3344 1618 deci-

1760 1656 2014 1726 piendum
2037 1656 2344 1726 proximum
2376 1657 2426 1709 in
2449 1655 2592 1720 dolo,
2613 1665 2658 1709 et
2681 1656 2860 1726 lingua
2885 1667 2974 1710 tua
2995 1659 3344 1712 concinnabat

1761 1748 1928 1814 dolos,
1956 1748 2006 1802 id
2034 1757 2114 1802 est
2145 1748 2519 1803 coucordando
2537 1757 2590 1802 et
2615 1749 3011 1802 commiscendo
3037 1749 3341 1813 veritatem,

128 1839 158 1890 ε’
183 1837 286 1890 mihi
329 1851 366 1890 s.
388 1837 621 1901 eriﬁces,
653 1847 706 1891 et
762 1839 890 1892 mihi
925 1838 1024 1892 ista
1062 1849 1184 1894 vota
1235 1842 1428 1896 reddas
1465 1857 1528 1894 ex
1562 1841 1656 1895 dc-
1690 1812 1729 1870 Β
1761 1849 1818 1894 ιιι
1841 1839 2013 1909 magis
2050 1838 2279 1902 falleret,
2312 1837 2622 1908 proferebat
2656 1821 2806 1891 dolos
2849 1838 3133 1891 adversum
3163 1838 3344 1908 proxi-

129 1925 226 1991 bito,
253 1943 344 1980 nan
388 1927 592 1983 donare
628 1936 677 1982 te
709 1930 899 1983 credas
931 1946 993 1983 ex
1023 1929 1184 1985 dono.
1233 1929 1362 1987 Vota
1404 1932 1656 1986 dicuntur

129 2014 372 2082 huiusmodi
399 2017 692 2082 sacriﬁcia,
721 2018 864 2086 quod
907 2035 934 2070 ιι
969 2018 1213 2074 ﬁdelibus
1247 2021 1298 2073 in
1333 2022 1656 2090 baptismate

132 2105 207 2158 Deo
230 2116 485 2162 voventur.
522 2108 588 2161 Et
616 2110 657 2162 si
683 2109 1000 2176 sacriﬁcium
1047 2109 1219 2164 laudis
1267 2111 1654 2179 immolaveris,

129 2195 263 2248 invoca
283 2214 354 2250 me
381 2196 753 2252 Liberatorcm
795 2200 848 2252 iu
872 2199 955 2252 die
979 2199 1354 2267 tribulationis,
1390 2203 1440 2255 id
1483 2211 1564 2256 est
1604 2203 1654 2255 in

128 2293 313 2338 extrema
337 2287 419 2341 die
447 2288 528 2341 tui
553 2289 750 2354 obitus,
781 2290 998 2359 quando
1041 2301 1326 2345 occurrent
1360 2293 1453 2346 tibi
1502 2293 1658 2364 spiri-

129 2384 189 2430 tus
211 2379 423 2450 maligni,
469 2380 718 2436 volc.:tes
748 2391 798 2436 te
836 2381 888 2436 in
933 2381 1312 2437 tribalationes
1339 2385 1607 2439 deducere
1640 2401 1654 2450 ;

128 2480 160 2521 et
179 2486 326 2523 eruam
355 2479 404 2525 te
457 2472 528 2527 ab
571 2474 717 2527 omni
767 2474 1111 2528 tribulatione
1142 2491 1155 2539 ;
1189 2483 1236 2528 et
1281 2475 1402 2530 inde
1437 2486 1656 2541 erutus,

129 2559 432 2629 ltouoriﬁcabis
455 2582 559 2631 me,
592 2564 642 2618 id
681 2575 762 2620 est.
801 2565 1044 2622 laudabis
1080 2565 1132 2620 in
1161 2577 1442 2634 aeternum,
1474 2569 1524 2622 in
1548 2569 1658 2638 glo-

129 2648 183 2700 ria
205 2661 429 2719 perpetua
463 2655 814 2708 constitutus.
865 2653 1256 2723 llonorificabis
1295 2657 1499 2712 scilicet
1553 2673 1656 2713 non

131 2753 241 2802 vate,
265 2741 346 2794 sed
372 2741 673 2798 affectione.
707 2743 971 2810 Quoniam
1001 2754 1180 2799 autem
1216 2751 1424 2800 dixerat
1469 2749 1660 2802 inmm-

131 2826 296 2883 landum
328 2849 440 2888 esse
473 2835 586 2888 Deo
629 2833 950 2902 sacrificium
1001 2835 1195 2897 laudis,
1233 2853 1298 2892 ne
1343 2817 1660 2907 putarentur

130 2917 202 2974 lzoe
227 2924 530 2979 sacriﬁcium
565 2939 662 2993 pos
677 2939 724 2978 se
753 2935 1068 2994 peceatores
1099 2925 1399 2992 immolare,
1430 2929 1519 2998 qui
1546 2929 1660 2983 lau-

129 3009 222 3065 dare
242 3013 472 3069 videntur
501 3031 627 3068 eum
666 3031 798 3069 voce
844 3015 1098 3070 exteriori
1136 3035 1147 3068 :
1173 3018 1314 3086 quod
1345 3034 1448 3072 non
1474 3027 1557 3072 est
1581 3020 1659 3074 di-

129 3104 306 3156 ecadum
324 3120 438 3160 esse
463 3106 781 3177 lﬁﬁlaus,
807 3123 928 3162 cum
958 3107 1268 3164 discordent
1297 3109 1346 3164 in
1377 3109 1658 3166 affectione

126 3199 164 3242 et
184 3207 332 3262 opere,
356 3196 593 3250 ostendit
617 3195 790 3250 ﬁdelis
809 3197 986 3266 Asaph
1007 3213 1070 3252 ex
1094 3199 1210 3266 ipso
1236 3202 1556 3256 auctoritate
1577 3203 1654 3255 di-

128 3284 234 3350 vina,
254 3298 583 3357 peccatorem
618 3290 758 3344 nulla
792 3293 1024 3347 utilitate
1047 3308 1142 3347 sua
1169 3293 1260 3348 Dei
1286 3294 1496 3348 laudem
1528 3311 1657 3351 voce

128 3375 260 3432 solum
301 3382 643 3447 annuntiare,
683 3383 801 3436 sic:
845 3383 962 3436 Dixi
998 3385 1162 3437 Deum
1191 3386 1510 3454 pra'ecpisse
1552 3387 1652 3441 im-

128 3468 376 3526 molandum
399 3488 520 3528 esse
546 3474 864 3543 sacrificium
895 3474 1090 3536 laudis,
1117 3484 1171 3530 et
1193 3491 1343 3540 voce,
1379 3469 1440 3530 et
1471 3477 1655 3547 opere,-

126 3569 161 3610 et
183 3559 455 3620 adiectione.
483 3565 828 3620 Sacriﬁcium
881 3567 983 3622 hoc
1010 3565 1168 3621 oﬁert
1191 3565 1390 3634 justus,
1422 3569 1655 3622 maxima

127 3652 306 3708 uzilitate
339 3671 464 3722 sua;
505 3657 774 3728 peccaturi
813 3668 987 3710 autem
1038 3675 1143 3713 non
1196 3661 1475 3730 pmniteuti
1524 3663 1656 3716 dixit

127 3740 228 3798 Dius
246 3763 329 3815 per
354 3749 688 3819 Scripturas,
706 3760 761 3803 et
789 3749 1096 3806 dicitetiam
1121 3768 1216 3822 per
1239 3752 1430 3808 Filium
1459 3770 1614 3808 suum
1641 3771 1653 3807 :

126 3829 260 3895 Quare
285 3849 333 3890 tu
378 3856 601 3894 enarras
626 3841 868 3910 justitias
899 3825 1060 3906 meas,
1083 3843 1134 3896 id
1166 3852 1247 3898 est
1275 3859 1377 3914 qua
1427 3845 1659 3899 utilitate

124 3936 299 3984 cmrr:s
330 3931 443 3986 aliis
473 3941 745 4001 praecepta
774 3948 911 3995 mea,
947 3949 1067 4002 qum
1088 3934 1232 4004 justa
1267 3937 1426 3988 sunt?
1479 3945 1526 3988 et
1553 3952 1657 4005 qua

124 4016 306 4074 utilitate
338 4032 421 4075 tua
465 4024 695 4076 assumis
726 4034 1088 4078 testamentum
1146 4043 1336 4094 meum,
1366 4011 1415 4080 ind
1463 4038 1544 4082 est
1581 4029 1651 4082 le-

123 4117 208 4168 gem
230 4126 385 4165 meam
410 4131 504 4182 per
535 4130 595 4165 os
621 4125 766 4167 tuum
798 4115 1066 4182 loquendo
1104 4125 1303 4180 tecum,
1345 4127 1396 4172 et
1430 4135 1514 4172 me
1543 4120 1653 4172 sola

122 4205 493 4263 rncela'ulaudo
520 4209 546 4262 ἲ
579 4209 724 4263 nulla
773 4211 1006 4265 utilitate
1042 4222 1126 4266 tua
1177 4213 1279 4267 hoc
1324 4213 1460 4282 agis.
1499 4214 1652 4280 Quod

122 4293 353 4352 estdicere
383 4317 396 4352 :
425 4297 616 4354 Justus
646 4301 880 4354 maxima
921 4301 1154 4359 utilitate
1187 4320 1281 4358 sua
1324 4306 1490 4359 Deum
1517 4323 1651 4362 voce

122 4377 274 4444 laudat.
299 4403 412 4444 eum
447 4391 500 4444 in
544 4392 653 4446 vita
706 4407 808 4446 non
842 4393 1133 4464 discrepet,
1179 4405 1434 4464 peccator
1469 4408 1646 4453 autem

120 4473 266 4543 nlipsa
291 4479 564 4537 Dominiea
596 4485 918 4538 auctoritate
940 4487 1297 4550 convincitur,
1335 4489 1474 4542 nulla
1502 4489 1646 4542 utili-

122 4569 200 4619 tate
221 4585 301 4623 sua
329 4573 493 4628 Deum
527 4591 659 4630 voce
684 4575 885 4640 laudat,
919 4594 1041 4633 cum
1070 4578 1152 4632 vel
1182 4581 1364 4634 see'um
1399 4581 1477 4633 vel
1525 4581 1644 4636 aliis

121 4652 186 4709 Dei
225 4661 415 4719 laudem
459 4667 768 4723 annuntiat.
799 4669 1250 4726 Ostenditautem
1305 4673 1354 4726 in
1411 4689 1643 4741 persona

119 4746 243 4813 ipsius
271 4755 374 4823 Dei,
407 4775 579 4829 quare
605 4762 676 4840 sit
702 4777 793 4816 eas
829 4763 1050 4818 laudare
1100 4764 1308 4830 inutile,
1341 4765 1419 4818 sic
1467 4783 1479 4817 :
1516 4766 1645 4820 Dico

117 4841 221 4903 quod
249 4861 452 4901 enm-ras
465 4850 707 4917 justitias
729 4869 869 4906 meas
898 4852 1018 4908 aliis
1045 4868 1193 4917 voce,
1225 4868 1270 4908 et
1312 4857 1535 4909 assumis
1555 4873 1647 4926 per

116 4941 156 4981 cs
177 4942 320 5002 tuum,
351 4957 489 5009 quas
517 4941 760 5010 justitias
790 4943 924 5011 justi
961 4957 1223 5000 enarrant
1275 4962 1435 5018 Opere
1465 4958 1519 5001 et
1551 4965 1645 5018 pa-

115 5019 286 5094 tienter,
310 5031 532 5088 ferendo
554 5035 888 5105 disciplinam
920 5051 1118 5103 meam,
1152 5047 1205 5091 et
1231 5039 1349 5092 ideo
1381 5039 1511 5108 ipsis
1545 5039 1650 5092 uti-

117 5108 171 5166 les
190 5130 314 5174 suat.
345 5122 419 5176 Tu
470 5141 588 5179 vero
631 5141 724 5179 eas
751 5141 1015 5182 euarrans
1042 5137 1096 5181 ct
1137 5142 1423 5182 assumens
1469 5129 1645 5194 odisti,

117 5211 154 5255 ει
175 5209 321 5267 adhuc
356 5217 482 5271 odio
525 5218 694 5272 habes
727 5218 1082 5285 disciplinam.
1116 5219 1269 5286 Quod
1310 5229 1393 5274 est
1425 5219 1646 5274 dicere:

117 5293 157 5346 Si
175 5299 431 5371 aliquando
461 5317 514 5362 te
539 5309 740 5378 pietate
785 5321 1028 5378 paterna,
1055 5320 1276 5380 propter
1301 5320 1520 5380 peccata
1557 5319 1648 5365 tua

117 5392 404 5464 corrigenda,
459 5399 740 5470 disciplina
807 5402 1214 5456 tribulationum
1267 5403 1482 5473 allligo.
1541 5418 1647 5458 non

116 5492 202 5534 eam
237 5490 492 5554 patienter
519 5502 572 5546 et
601 5509 721 5547 cum
755 5495 1042 5550 dilectione
1082 5493 1228 5560 fers;
1259 5496 1351 5550 sed
1379 5495 1502 5551 odio
1524 5510 1644 5550 eam

118 5562 334 5642 habendo,
365 5596 486 5635 cum
517 5582 672 5637 tmdio
704 5592 759 5638 et
787 5599 1062 5640 murmure
1087 5585 1352 5641 inutiliter
1387 5586 1643 5640 sustines.

117 5651 164 5738 ξι
185 5677 274 5721 non
305 5669 473 5728 solum
504 5674 657 5729 odisti
689 5674 1042 5752 disciplinam,
1073 5673 1166 5732 sed
1197 5686 1244 5732 et
1270 5676 1536 5748 projecisti
1564 5693 1645 5732 re-

1675 4535 1723 4592 l)

1761 1945 1925 1986 mum.
1962 1931 2089 1985 Dico
2119 1929 2258 2000 quod
2291 1947 2346 1983 os
2379 1939 2526 1983 tamn
2554 1929 2836 1982 abundavit
2870 1927 3071 1982 malitia
3094 1927 3344 1998 blasphe-

1759 2023 1988 2075 miarum
2039 2021 2090 2076 in
2128 2022 2457 2091 proximum,
2499 2029 2553 2072 et
2595 2014 2696 2074 hoc
2750 2036 2856 2074 mut
2901 2019 3063 2074 semel
3108 2027 3341 2084 tantum,

1758 2113 1850 2167 sed
1875 2113 2080 2174 sedens,
2110 2112 2160 2166 id
2192 2121 2272 2164 est
2315 2110 2604 2165 immobilis
2638 2118 2691 2164 et
2721 2125 3072 2178 perseverans
3100 2109 3340 2180 loqueba-

1760 2205 1832 2257 ris
1857 2205 2104 2258 adversus
2129 2204 2346 2272 fratrem
2373 2211 2519 2256 tuum
2560 2201 2822 2257 malitiam
2863 2203 3342 2272 blasphemiarum.

1759 2295 1824 2350 Et
1857 2297 1978 2364 quia
2015 2282 2194 2348 frater.
2221 2304 2397 2365 potest
2427 2295 2651 2366 intelligi
2684 2296 2981 2365 a'quivoce,
3018 2294 3222 2348 scilicet
3259 2293 3344 2346 vel

1759 2383 1927 2442 frater
1950 2389 2242 2444 secundum
2275 2403 2444 2456 genus
2473 2396 2701 2453 tantum,
2740 2387 2821 2440 vel
2850 2387 3014 2440 etiam
3047 2386 3341 2440 secundum

1762 2481 1940 2545 ﬁdem,
1969 2479 2047 2534 vel
2078 2482 2297 2552 insuper
2324 2480 2619 2534 secundum
2647 2479 3000 2548 impietatem,
3019 2475 3347 2532 determinat

1760 2575 1825 2628 de
1856 2589 1962 2642 quo
1987 2555 2154 2625 fratre
2181 2571 2266 2625 hic
2295 2559 2418 2639 a'gat
2439 2611 2454 2631 ,
2483 2586 2603 2624 cutn
2633 2569 2825 2622 addit":
2859 2570 3016 2634 Dico,
3041 2569 3233 2622 sedens
3253 2567 3347 2617 ad-

1760 2682 1936 2719 versus
1962 2665 2178 2734 fratrem
2204 2663 2516 2731 loquebaris,
2537 2671 2612 2726 el,
2648 2661 2698 2714 id
2735 2668 2813 2714 est
2837 2659 3064 2719 scilicet,
3096 2657 3346 2712 adversus

1760 2755 1929 2824 [ilium
1959 2756 2142 2807 matris
2169 2764 2274 2806 ture
2306 2751 2560 2806 Ecclesiae
2589 2752 2813 2818 ponebas
2837 2748 3163 2803 scandalum.
3191 2746 3344 2813 Quod

1760 2855 1842 2901 est
1875 2847 2055 2900 dicere
2089 2861 2102 2896 :
2145 2843 2199 2898 Si
2251 2857 2533 2912 peccasses
2569 2851 2756 2895 contra
2807 2840 3026 2894 fratrem
3062 2839 3208 2892 illum
3253 2837 3344 2906 qui

1762 2939 1934 2994 solum
1983 2937 2152 2992 frater
2177 2944 2259 2991 est
2309 2937 2359 2988 in
2398 2950 2618 3005 genere,
2647 2933 2729 2986 vel
2764 2931 3024 2986 adversus
3075 2945 3196 2984 eum
3251 2930 3341 2995 qui

1761 3031 1931 3086 frater
1953 3041 2035 3084 est
2059 3031 2110 3084 in
2137 3030 2429 3098 impietate,
2449 3027 2575 3081 licet
2603 3025 2800 3080 malum
2824 3033 2988 3089 esset,
3017 3038 3122 3076 non
3155 3030 3338 3073 tamen

1763 3122 1896 3176 adeo
1925 3129 2066 3176 esset
2097 3119 2454 3175 intolerabile.
2486 3117 2591 3172 Sed
2629 3115 2767 3184 quod
2801 3113 2967 3168 multo
2997 3112 3211 3182 gravius
3238 3119 3342 3176 est,

1759 3213 2168 3268 scandalizabas
2193 3209 2396 3266 malitia
2439 3207 2897 3275 blasphemiarum
2939 3220 3060 3258 cum
3110 3201 3198 3273 qui
3237 3202 3345 3256 fra-

1761 3312 1840 3358 ter
1867 3313 1989 3357 tuus
2015 3313 2131 3356 erat
2163 3301 2456 3356 secundum
2503 3299 2760 3352 unitatem
2795 3295 3063 3349 Ecclesiae.
3091 3293 3342 3362 Ideoque,

1758 3394 1884 3462 quia
1916 3393 1994 3446 sic
2017 3409 2278 3446 sermones
2307 3407 2443 3444 meas
2488 3386 2755 3458 projecisti
2794 3395 2856 3440 et
2875 3384 3057 3438 multis
3083 3383 3203 3437 aliis
3229 3398 3342 3437 mo-

1758 3482 1861 3546 dis,
1893 3481 2034 3534 nulla
2080 3480 2309 3534 utilitate
2353 3489 2441 3532 tua
2471 3477 2658 3530 laudas
2687 3490 2794 3542 me,
2834 3474 3143 3530 cnarrando
3196 3473 3343 3542 ipsos

1752 3573 1930 3642 justas
1951 3587 2248 3626 sermones.
2281 3570 2409 3624 Dico
2427 3566 2568 3638 quod
2589 3567 2635 3620 si
2655 3567 2863 3621 videbas
2883 3567 3072 3636 furem,
3097 3565 3341 3618 currebas

1759 3681 1875 3718 cum
1905 3680 1983 3725 eo,
2031 3672 2083 3716 ct
2121 3669 2314 3716 caetera
2368 3659 2562 3714 similia
2606 3654 2864 3721 faciebas,
2897 3665 2951 3710 et
2977 3671 3163 3709 verum
3213 3665 3339 3708 est:

1759 3757 1868 3810 lucc
1892 3755 2070 3809 omnia
2100 3753 2268 3823 fecisti
2298 3766 2506 3814 revera,
2535 3760 2580 3803 et
2609 3765 2708 3819 ego
2750 3750 2911 3809 tacui,
2940 3749 2992 3802 id
3021 3756 3102 3802 cst
3127 3762 3232 3801 non
3256 3763 3341 3800 rc-

1760 3849 1946 3918 dargui
2001 3853 2071 3911 te,
2105 3844 2410 3898 damnando
2455 3843 2701 3912 protinus
2752 3855 2850 3909 pro
2895 3841 2982 3894 his
3015 3840 3338 3893 commissis.

1759 3937 1824 3992 Et
1847 3936 1974 4006 quia
1998 3933 2159 3999 tacui,
2183 3949 2214 3986 0
2242 3934 2437 4003 inique,
2463 3931 2775 3985 existimasti
2796 3931 2934 4001 quod
2959 3947 3044 3984 ero
3062 3927 3340 3984 tuisimilis

1758 4026 2147 4083 consentieudo
2185 4025 2453 4094 iniquitati
2483 4033 2607 4087 ture,
2654 4041 2758 4078 nou
2789 4025 3080 4092 puniendo.
3111 4023 3205 4077 Vel
3233 4022 3339 4073 ini-

1753 4137 1851 4188 que
1883 4127 2058 4189 potest
2097 4117 2196 4187 legi
2229 4115 2634 4180 adverbialiter,
2665 4115 2775 4168 sic:
2809 4116 2932 4183 quia
2967 4108 3127 4174 tacui,
3159 4110 3340 4163 existi-

1754 4213 1908 4266 masti
1937 4211 2074 4281 quod
2097 4214 2276 4263 erotui
2301 4209 2509 4272 similis,
2535 4223 2638 4261 non
2663 4207 2968 4260 ulciscendo
2996 4203 3336 4272 iniquitatem

1755 4315 1923 4367 tuam,
1951 4311 2004 4356 et
2031 4302 2130 4354 hoc
2161 4302 2333 4370 inique
2362 4299 2697 4362 existimasti,
2735 4297 2785 4350 id
2817 4305 2899 4349 est
2946 4311 3050 4349 non
3082 4293 3179 4347 fuit
3210 4308 3336 4346 vera

1749 4396 2076 4453 existimatio
2106 4405 2231 4450 tua:
2272 4409 2396 4447 nam
2427 4409 2524 4464 ego
2552 4406 2768 4460 arguam
2794 4401 2842 4443 te
2874 4389 2926 4442 in
2954 4387 3158 4450 futuro,
3185 4387 3340 4439 dam-

1749 4497 1966 4547 natione
2009 4501 2114 4552 tua,
2156 4499 2201 4542 et
2231 4487 2308 4540 sic
2346 4500 2565 4554 arguant
2608 4483 2751 4554 quod
2794 4489 3021 4535 statuam
3059 4489 3110 4534 te
3153 4487 3337 4554 contra

1747 4583 1934 4654 {aciem
1963 4591 2129 4644 tuam,
2163 4576 2318 4648 167
2344 4575 2443 4629 hoc
2479 4585 2657 4628 autem
2689 4589 2786 4643 per
2825 4570 3230 4627 similitudinem
3255 4567 3336 4621 di-

1745 4676 1906 4738 citur,
1932 4671 2083 4743 quasi
2111 4675 2333 4740 poneret
2359 4685 2371 4720 :
2404 4666 2552 4720 Adeo
2577 4664 2862 4718 manifeste
2900 4676 3135 4731 arguam,
3167 4655 3332 4736 quod,

1745 4766 1898 4828 ve‘.is,
1925 4764 2086 4826 nolis,
2119 4762 2312 4816 faciam
2355 4768 2406 4814 te
2436 4772 2764 4830 cognoscere
2791 4757 3128 4826 iniquitatem
3159 4763 3334 4834 tuam,

1746 4873 1908 4929 quam
1946 4856 2104 4910 modo
2133 4868 2461 4925 cognoscere
2489 4850 2714 4922 negligis
2742 4866 2755 4914 ;
2789 4866 2818 4904 a
2860 4845 3212 4904 similitudine
3240 4843 3335 4911 ali:

1747 4953 1920 5022 cujus,
1938 4951 2052 5022 qui,
2085 4951 2128 5006 si
2161 4959 2340 5004 contra
2371 4949 2556 5018 faciem
2585 4946 2805 5001 cuilibet
2827 4943 3102 5006 statuitur,
3131 4953 3334 5009 cogito-3

1749 5045 2016 5100 sciteum.
2047 5040 2350 5096 Notandum
2379 5039 2521 5110 quod
2544 5039 2647 5093 hoc
2671 5037 2736 5092 de
2759 5045 3042 5106 peccatore
3087 5033 3205 5086 ideo
3253 5031 3334 5082 in-

1751 5134 2008 5204 terponit,
2035 5143 2091 5188 ut
2128 5131 2379 5186 terrendo
2407 5144 2530 5182 eum
2559 5143 2587 5181 a
2628 5136 2849 5198 peccato
2880 5124 3149 5186 retrahat,
3181 5129 3234 5172 et
3262 5116 3332 5196 ad

1750 5223 2122 5294 paenitentiam
2157 5221 2408 5274 adducat.
3053 5283 3056 5286 ί

1822 5313 2114 5382 Postquam
2161 5324 2294 5364 vero
2324 5316 2635 5374 peccatores
2673 5310 2962 5368 exterruit,
3015 5301 3078 5354 ad
3130 5297 3321 5354 intelli-

1754 5407 1984 5478 gendum
2015 5404 2157 5475 quod
2188 5397 2514 5457 sacriﬁcium
2545 5396 2737 5451 facturi
2767 5397 2874 5450 sint
2895 5436 2909 5460 ,
2941 5391 3156 5456 invitat,
3190 5398 3245 5446 ut
3274 5389 3326 5466 iq

1751 5499 1938 5553 ultimo
1969 5499 2231 5559 instruat,
2263 5494 2343 5549 sic
2377 5509 2391 5546 :
2437 5491 2556 5547 Dixi
2591 5489 2733 5560 quod
2765 5487 2906 5542 nulla
2941 5484 3169 5539 utilitate
3213 5481 3328 5554 sola

1749 5605 1880 5645 voce
1908 5597 2160 5659 peccator
2185 5601 2269 5640 me
2298 5582 2639 5639 honoriﬁcat.
2667 5580 2808 5651 Ergo
2831 5593 2926 5634 vos
2945 5619 2958 5643 ,
2990 5584 3324 5656 peccatores,

1747 5681 1837 5754 qui
1868 5679 2027 5737 modo
2053 5675 2416 5746 obliviscimini
2457 5673 2620 5751 Deum
2640 5714 2654 5740 ,
2689 5687 2772 5729 tne
2797 5669 3031 5747 scilicet,
3063 5682 3166 5745 non
3194 5667 3325 5744 obe-

2451 5800 2494 5824 ν
