3846 6334
496 305 599 361 859

1057 308 1113 363 S.
1157 306 1505 364 BRUNONIS
1543 303 2191 369 CARTHUSIANORUM
2222 303 2704 362 INSTITUTORIS
2740 305 2889 363 OPP.
2925 302 3104 359 PARS
3129 304 3169 359 1.
3651 308 3739 367 860

497 397 693 477 dion-do
726 432 1018 499 prmceptls
1050 426 1215 491 meis,
1250 424 1550 494 intelligite,
1584 424 1636 479 id
1670 416 1767 478 est
1797 423 2082 494 diligenter
2114 427 2155 483 Λ
2189 430 2295 476 tam
2343 422 2554 477 Natban
2599 433 2911 494 correptus,
2945 433 3021 490 et,
3072 425 3139 477 de
3190 429 3411 490 peccato
3459 422 3737 493 pmnitens,

499 512 766 583 percipite
796 516 909 569 haec
934 531 1054 585 qua:
1085 517 1227 580 dixi,
1263 527 1320 571 ut
1349 533 1455 570 non
1504 516 1618 571 sola
1666 530 1796 570 voce
1826 514 2091 569 enarratis

500 605 746 674 justtttas
784 622 930 662 meas
951 648 965 674 ,
996 623 1170 677 neque
1198 606 1494 677 projiciatis
1532 621 1808 662 sermones
1837 620 1983 660 meos
2010 621 2094 659 rc-

500 705 742 752 tt‘orsum
777 714 791 750 :
826 715 908 763 ne,
961 698 1005 752 si
1038 713 1144 752 non
1178 698 1588 762 intellexeritis,
1639 698 1851 767 quando
1875 736 1890 762 ,
1928 696 1978 749 1d
2009 704 2094 749 est

504 788 821 855 aliquando,
858 790 1030 857 rapiat
1060 804 1156 843 vos
1189 789 1329 843 Deus
1366 789 1430 843 ad
1456 789 1781 854 vindictam,
1814 802 1911 857 ego
1942 787 2092 842 scili-

503 886 624 944 cet,
658 888 705 933 et
741 889 867 933 tunc
899 895 1000 933 nou
1047 881 1111 933 sit
1144 880 1233 950 qui
1259 881 1445 949 eripiat
1495 896 1590 935 vos
1633 880 1699 933 de
1728 879 2089 934 damnatione.

501 972 581 1025 Ac
607 971 652 1025 si
689 979 916 1040 poneret
950 987 962 1023 :
1000 969 1133 1025 Cum
1186 971 1435 1026 diabolus
1481 970 1769 1041 aliquando
1798 971 1863 1024 ad
1894 970 2091 1024 malum

503 1077 693 1133 rapere
725 1077 821 1116 vos
852 1061 1120 1125 intendat,
1152 1062 1326 1130 eripio
1356 1077 1457 1131 ego
1490 1077 1583 1115 vos
1618 1081 1629 1114 :
1671 1062 1763 1115 sed
1796 1062 1839 1115 si
1876 1075 1974 1132 ego
2007 1078 2093 1115 ra-

504 1168 589 1221 pu.
613 1168 695 1219 ro,
727 1167 883 1205 nemo
908 1152 1111 1221 poterit
1131 1166 1225 1206 vos
1251 1152 1762 1221 eripere.Quoniam
1790 1164 1968 1207 autem
2000 1168 2094 1206 eos

507 1245 574 1299 de
603 1244 839 1314 peccatis
877 1252 1251 1308 exterruerat,
1290 1253 1514 1313 possent
1541 1258 1784 1313 quaerere
1821 1261 1833 1296 :
1868 1243 2091 1309 Quando

507 1333 723 1401 quidem
747 1347 1006 1387 enarrare
1026 1333 1267 1403 justitias
1306 1342 1441 1397 tuas,
1468 1332 1553 1387 sic
1582 1343 1640 1386 ut
1668 1346 1947 1387 sermones
1975 1342 2095 1388 tuos

509 1421 892 1492 projiciamus,
921 1424 1015 1478 tibi
1045 1440 1149 1479 non
1176 1423 1352 1494 placet
1372 1466 1387 1492 ,
1420 1424 1549 1493 quid
1594 1438 1814 1493 agamus
1835 1463 1849 1491 ,
1882 1438 1982 1477 nos
2013 1423 2094 1476 in-

504 1524 678 1581 strue,
724 1514 821 1569 Cui
866 1515 1116 1584 petitioni
1163 1531 1189 1571 s
1215 1532 1245 1570 c
1279 1516 1611 1585 respondet:
1649 1514 1767 1569 Dixi
1806 1514 1936 1582 quid
1984 1528 2093 1569 non

503 1606 652 1661 valet
697 1606 778 1661 sic
822 1621 1080 1661 enarrare
1102 1607 1345 1676 justitias
1376 1622 1524 1661 meas
1544 1647 1559 1673 ,
1588 1622 1709 1659 cum
1741 1607 1843 1660 hoc
1872 1622 1977 1660 non
2023 1605 2095 1659 sit

503 1696 569 1749 ad
598 1695 858 1751 honorem
898 1710 1104 1761 meum;
1140 1697 1233 1750 sed
1268 1696 1587 1764 sacriﬁcium
1634 1695 1809 1749 laudis
1844 1694 2095 1763 honori/i-

2198 515 2338 570 bunc
2382 515 2645 589 psalmum
2694 516 2955 572 condidit.
3004 516 3062 569 In
3107 528 3217 584 quo
3266 512 3427 567 Deum
3466 514 3741 571 vehementi

2194 602 2481 679 affectione
2526 604 2592 659 de
2628 603 2837 673 peccati
2889 603 2972 658 sui
3022 602 3341 657 remissione
3387 610 3537 666 orat,
3567 612 3618 656 et
3644 604 3743 670 ejus

2192 693 2626 750 benevolentiam
2679 694 2732 748 in
2776 694 2937 765 168
2970 693 3159 748 ultimo
3208 701 3409 761 captat.
3442 690 3573 747 Orat
3599 694 3744 748 etiam

2194 786 2259 840 de
2289 786 2533 840 omnium
2572 786 2926 854 iniquitatum
2977 800 3201 839 suarum
3251 782 3585 837 remissione.
3628 782 3742 836 Pro-

2193 876 2361 931 mittit
2385 891 2600 946 quoque
2634 876 2737 932 sibi
2766 891 2833 930 ex
2870 876 3200 931 conﬁdentia
3250 874 3444 930 divina:
3471 875 3745 930 clementia:

2192 976 2247 1023 et
2290 966 2574 1037 potentire,
2626 980 2686 1020 se
2732 981 2830 1036 per
2879 964 3039 1019 ﬁdem
3086 963 3380 1019 Dominicae
3422 963 3677 1032 passionis
3701 973 3748 1018 et

2193 1056 2449 1127 baptismi
2497 1056 2666 1110 futuri
2700 1054 3072 1110 mundandum
3099 1069 3251 1120 esse,
3292 1069 3489 1125 rogans
3520 1063 3600 1119 ut,
3642 1068 3747 1106 cum

2194 1147 2484 1201 mundatus
2511 1145 2705 1207 fuerit,
2744 1160 2852 1200 non
2882 1144 3161 1215 permittat
3187 1160 3311 1199 eum
3344 1144 3489 1201 Deus
3531 1144 3597 1197 ad
3640 1158 3747 1212 pec-

2194 1246 2316 1288 cata
2346 1234 2567 1289 reverti.
2597 1233 2849 1291 Ostendit
2872 1248 3108 1303 quoque,
3130 1240 3189 1286 ut
3208 1233 3381 1302 magis
3413 1232 3509 1287 Dei
3535 1232 3745 1287 elemen-

2192 1326 2322 1381 tiam
2350 1326 2417 1380 ad
2445 1327 2857 1382 condonandum
2890 1334 3124 1393 moveat,
3157 1326 3320 1396 quod,
3353 1327 3398 1383 si
3428 1328 3570 1382 Deus
3597 1327 3643 1381 ei
3680 1327 3749 1380 in—

2194 1419 2451 1488 dulserit,
2486 1419 2638 1475 multi
2669 1428 2985 1490 peccatores
3016 1420 3133 1491 ejus
3162 1418 3411 1490 exemplo
3452 1418 3749 1489 paenitentes

2194 1511 2262 1566 ad
2288 1526 2410 1566 eum
2447 1520 2854 1567 convertentur.
2884 1511 3231 1580 Excusatque
3257 1525 3318 1566 se
3356 1509 3478 1565 ideo
3508 1507 3748 1565 sacriﬁcia

2195 1601 2384 1673 legalis
2413 1617 2520 1657 non
2551 1602 2781 1667 offerre,
2807 1603 2933 1673 quia
2966 1603 3070 1658 scit
3107 1603 3275 1657 Deum
3303 1602 3384 1658 eis
3422 1613 3636 1671 peccata
3660 1616 3749 1655 non

2195 1693 2524 1749 condonare.
2573 1693 2824 1750 Ostendit
2869 1694 3091 1763 insuper
3120 1694 3262 1762 quod
3301 1709 3402 1763 per
3450 1691 3750 1748 sacriﬁcium

503 1786 643 1839 cabit
673 1802 785 1851 me,
816 1786 869 1841 id
916 1797 1000 1841 est
1042 1786 1146 1841 hoc
1174 1786 1279 1842 erit
1303 1786 1369 1841 ad
1401 1787 1659 1841 honorem
1706 1801 1883 1839 meum
1906 1825 1921 1850 ,
1952 1785 2091 1855 quod
2126 1775 2168 1835 Β
2196 1787 2423 1856 spiritus
2470 1789 2853 1855 contribulati,
2902 1789 3046 1859 quod
3098 1788 3210 1843 Deo
3248 1787 3617 1858 gratissimum
3656 1795 3746 1847 est,

505 1876 690 1931 laudet
714 1886 769 1932 et
797 1893 948 1943 voce,
974 1887 1029 1933 et
1051 1893 1233 1947 opere,
1264 1887 1317 1932 et
1348 1876 1631 1932 affectione
1659 1892 1674 1931 :
1703 1888 1747 1932 et
1775 1877 1905 1942 illic,
1934 1877 1985 1931 id
2008 1885 2092 1931 est

503 1966 558 2022 in
588 1966 677 2020 illo
713 1968 983 2022 sacriﬁcio
1012 1968 1115 2022 erit
1148 1969 1263 2033 iter,
1314 1985 1417 2038 quo
1466 1967 1661 2022 itinere
1712 1968 1982 2021 ostendam
2014 1966 2092 2019 illi

502 2057 599 2125 qui
651 2058 755 2111 hoc
800 2058 1008 2126 egerit,
1066 2058 1297 2112 salutare
1327 2058 1460 2121 Dei,
1509 2058 1561 2113 id
1608 2066 1690 2112 est
1737 2058 2089 2112 salvationem

502 2165 666 2217 quam
697 2149 841 2205 Deus
869 2149 1017 2206 dabit
1062 2150 1175 2204 suis
1206 2151 1260 2203 in
1305 2150 1505 2205 futuro.
1540 2149 1618 2205 Ac
1650 2149 1695 2204 si
1727 2148 1872 2203 dicat
1910 2166 1920 2201 :
1960 2147 2093 2201 Insi-

501 2247 651 2295 stere
672 2238 831 2295 debet
851 2239 1227 2310 unusquisque
1257 2238 1325 2295 ad
1350 2239 1670 2308 sacriﬁcium
1700 2239 1877 2292 laudis
1900 2254 1919 2304 ;
1945 2236 2091 2308 quod

502 2327 609 2384 erit
636 2327 831 2394 iter,id
861 2338 945 2384 est
977 2329 1061 2382 via
1089 2341 1187 2399 per
1221 2343 1385 2399 quam
1423 2328 1513 2383 ille
1549 2327 1643 2398 qui
1689 2327 1979 2392 institerit,
2015 2326 2094 2381 vi-

502 2418 655 2478 debit
682 2419 1041 2477 salvationem
1073 2435 1240 2490 quam
1282 2421 1424 2475 Deus
1463 2418 1614 2474 dabit
1640 2418 1755 2475 suis
1788 2418 1844 2473 in
1872 2416 2092 2486 futuro,

504 2524 600 2581 ego
634 2510 864 2568 scilicet.
904 2509 1001 2567 Vel
1039 2511 1121 2569 sic
1152 2519 1335 2582 potest
1373 2525 1565 2568 versus
1614 2511 1718 2567 iste
1748 2511 2089 2581 continuari,

504 2610 558 2658 at
582 2602 852 2671 expositio
879 2616 982 2659 1.0.:
1014 2611 1255 2658 mutetur
1285 2620 1297 2656 :
1326 2602 1466 2674 Ergo
1497 2603 1590 2673 qui
1639 2602 1905 2659 inutiliter
1932 2618 2093 2659 enar-

503 2694 638 2748 ratis
670 2694 785 2750 sola
830 2710 963 2751 voce
987 2695 1227 2764 justitias
1267 2711 1438 2761 meas,
1500 2696 1769 2767 intelligite
1812 2700 1927 2753 haec
1971 2712 2092 2766 quae

507 2789 655 2845 vobis
682 2789 857 2846 dicam
883 2808 893 2843 :
920 2790 1245 2859 sacri/icium
1270 2789 1443 2844 laudis
1470 2790 1835 2859 honori/icabit
1860 2807 1959 2859 me,
1984 2802 2091 2845 etc.

1028 2883 1097 2938 ΙΝ
1136 2883 1467 2939 PSALMUM
1508 2883 1569 2937 L.

567 2970 771 3030 Psalmi
822 2976 886 3029 tit
924 2973 1007 3030 lus
1055 2975 1487 3046 qninquagesimi
1519 2994 1531 3031 :
1561 2973 1629 3029 In
1672 2975 1831 3043 ﬁnem
1857 2973 2090 3046 psalmus

504 3061 699 3127 David,
734 3080 851 3117 cum
884 3066 1018 3118 venit
1050 3066 1119 3118 ad
1151 3082 1267 3119 eum
1297 3065 1520 3119 Nat/tan
1563 3065 1815 3135 propheta
1839 3105 1854 3132 ,
1879 3066 2089 3133 quando

2191 1888 2414 1947 peccata
2446 1880 2843 1935 condonantur.
2878 1879 3032 1946 Quod
3061 1879 3390 1934 sacriﬁcium
3432 1878 3558 1947 quia
3582 1876 3751 1947 pravi-

2193 1968 2284 2024 det
2329 1968 2383 2022 in
2436 1970 2679 2025 Ecclesia
2728 1968 2967 2025 futurum
2989 2010 3003 2033 ,
3035 1978 3159 2025 orat
3186 1985 3254 2024 ex
3284 1968 3576 2024 aﬁectione
3605 1967 3749 2022 nimia

2192 2078 2290 2134 pro
2319 2078 2380 2118 ea
2404 2106 2417 2131 ,
2453 2072 2514 2118 ut
2560 2076 2681 2117 eam
2709 2060 2851 2117 Deus
2880 2063 3111 2131 benigne
3156 2062 3479 2128 constituat,
3509 2077 3625 2132 qua:
3644 2076 3751 2115 con-

2194 2154 2383 2209 stiluta
2416 2152 2649 2223 seipsam
2671 2168 2836 2223 super
2867 2153 3041 2210 altare
3070 2153 3192 2208 ﬁdei
3225 2154 3337 2209 Deo
3366 2153 3706 2209 saerificabit.

2264 2244 2570 2300 Notandum
2601 2251 2784 2298 autem
2820 2244 2964 2313 quod
2987 2284 3004 2310 ,
3058 2244 3126 2299 ad
3157 2242 3457 2299 utilitatem
3500 2252 3748 2308 nostram,

2193 2335 2365 2392 David
2391 2334 2618 2392 offensio
2646 2343 2705 2391 et
2731 2335 3054 2406 ptenitentia
3081 2343 3138 2389 et
3170 2334 3427 2391 remissio
3457 2335 3524 2391 de
3556 2343 3752 2406 peccato

2192 2442 2292 2485 suo
2320 2426 2479 2485 nobis
2504 2425 2850 2499 proponitur,
2880 2434 2943 2481 ut
2966 2440 3092 2482 cum
3121 2433 3332 2481 tantum
3362 2425 3576 2493 virum,
3604 2438 3753 2494 usque

2193 2519 2333 2577 adeo
2360 2520 2414 2575 in
2441 2519 2734 2576 sanctitate
2763 2526 3113 2588 provectum,
3144 2518 3225 2574 sic
3251 2518 3499 2588 graviter
3523 2516 3752 2573 cecidisse

2190 2609 2518 2677 viderimus,
2550 2624 2649 2664 nos
2686 2623 3077 2678 usquequaque
3105 2607 3345 2677 debiles,
3387 2607 3682 2663 nullatenus
3707 2606 3750 2659 in

2194 2700 2352 2757 nobis
2389 2701 2641 2757 ﬁduciam
2669 2701 2964 2766 habentes,
2985 2715 3172 2755 casum
3211 2716 3431 2771 semper
3464 2701 3747 2763 timeamus,

2196 2794 2577 2849 etomnimodo
2599 2807 2909 2849 caveamus.
2926 2791 2982 2847 Si
3006 2800 3187 2847 autem
3212 2792 3278 2847 ad
3303 2792 3526 2847 modum
3548 2787 3749 2859 ejus,vel

2193 2883 2361 2939 multo
2401 2885 2565 2939 etiam
2591 2884 2812 2954 gravius
2855 2883 3249 2948 ceciderimus,
3284 2882 3405 2952 ejus
3438 2878 3749 2952 exetnploiad

2193 2976 2568 3046 paenitentiam
2596 2975 2806 3030 reducti
2829 3015 2844 3041 ,
2870 2989 2968 3043 pro
2996 2984 3224 3043 peccato
3253 2983 3448 3029 nostro
3495 2973 3685 3036 ﬂendo,
3706 2980 3749 3024 et

2193 3065 2448 3121 omnibus
2490 3065 2666 3120 modis
2712 3064 2823 3119 Deo
2871 3063 3193 3120 satisfacere
3242 3064 3568 3134 satagendo,
3597 3063 3749 3117 dere-

496 3154 719 3210 intravit
750 3156 821 3210 ad
857 3154 1148 3223 Bersabee,
1193 3158 1340 3227 quod
1373 3158 1450 3213 sic
1486 3158 1792 3228 exponitur.
1841 3156 2088 3211 Psalmus
2117 3130 2164 3193 ο
2194 3158 2452 3214 missione
2474 3200 2489 3225 ,
2523 3155 2645 3213 cum
2676 3156 2963 3213 affectione
2998 3157 3290 3212 immodica
3320 3172 3570 3223 oremus,
3600 3163 3649 3210 et
3686 3154 3750 3209 sic

519 3253 602 3301 ste
640 3245 1020 3302 attribuendus
1068 3258 1152 3302 est
1204 3247 1378 3307 David
1428 3249 1737 3318 prephette,
1770 3247 2087 3319 respicienti

507 3338 559 3393 i‘t
588 3336 778 3402 liuent,
825 3337 877 3392 id
923 3345 1007 3391 est
1045 3338 1099 3391 in
1130 3335 1403 3392 Christum
1428 3378 1443 3403 ,
1492 3338 1654 3393 finem
1702 3340 2001 3409 prophetia:
2030 3348 2087 3394 et

506 3423 670 3493 legis,
700 3441 796 3495 per
827 3424 980 3493 cujus
1012 3426 1397 3495 misericordize
1425 3436 1478 3480 et
1510 3427 1779 3495 passionis
1805 3428 1964 3482 ﬁdem
1992 3443 2089 3497 pu—

500 3523 583 3567 rat
613 3527 671 3567 se
701 3513 768 3567 de
812 3512 1109 3570 homicidio
1152 3523 1206 3570 et
1250 3514 1548 3580 adulterio,
1594 3516 1738 3584 quod
1787 3516 2088 3583 commisit,

509 3619 626 3659 esse
672 3604 988 3660 salvandum
1017 3623 1033 3660 :
1065 3606 1241 3662 factus
1285 3608 1386 3663 iste
1429 3607 1669 3678 psalmus
1716 3623 1839 3662 cum
1872 3608 1975 3666 hoc
2021 3609 2090 3664 sit

501 3706 537 3753 α
564 3694 649 3749 :od
688 3693 822 3749 teni:
866 3696 935 3749 ad
980 3713 1097 3751 eum
1149 3697 1366 3751 Nat/ian
1404 3699 1675 3767 prapheta.
1723 3697 1854 3753 Cum
1890 3700 1944 3753 in
1989 3700 2092 3754 hoc

494 3781 622 3841 loco
649 3787 923 3841 causative
952 3790 1207 3858 ponitur;
1251 3805 1313 3844 ac
1354 3791 1399 3845 si
1428 3790 1635 3845 diceret
1666 3809 1678 3844 :
1712 3791 1889 3846 Causa
1922 3808 2091 3862 quare

510 3892 649 3933 June
671 3878 939 3947 psalmum
958 3888 1328 3949 componeret,
1345 3882 1555 3935 exstitit
1580 3880 1795 3935 Natlian
1830 3884 2090 3953 propheta

511 3967 726 4020 veniens
761 3969 827 4020 ad
863 3983 1007 4023 eum.
1040 3969 1177 4035 Quia
1206 3984 1331 4024 vero
1363 3970 1425 4024 ad
1457 3986 1580 4025 eum
1625 3972 1901 4027 multoties
1929 3987 2091 4028 vene-

418 4072 423 4075 '
509 4068 625 4125 rat,
660 4074 725 4112 ne
756 4059 1102 4128 ignoraretur
1138 4060 1191 4114 in
1237 4077 1342 4130 quo
1371 4063 1605 4117 adventu
1656 4064 1769 4133 ipse
1796 4079 1959 4118 causa
1991 4063 2093 4119 fuit

509 4148 664 4217 nujus
696 4150 923 4219 psalmi,
971 4151 1299 4207 determinat
1334 4154 1434 4208 hoc
1482 4169 1606 4208 cum
1653 4154 1801 4208 addit
1832 4173 1845 4208 :
1882 4157 2092 4225 quando

504 4235 711 4295 intrarit
744 4242 814 4295 ad
844 4243 1118 4297 Bersabee.
1173 4243 1398 4309 Quando
1447 4245 1537 4299 hic
1589 4245 1927 4300 causativum
1972 4257 2089 4313 est;

506 4334 655 4400 quasi
691 4343 915 4403 poneret
948 4353 963 4391 :
992 4335 1124 4389 Cum
1164 4336 1298 4390 venit
1334 4336 1404 4389 ad
1434 4353 1552 4390 eum
1596 4335 1816 4391 Nat/tan
1840 4340 2091 4407 prapltetu

511 4424 572 4477 ad
596 4424 978 4496 corrigendum
1011 4441 1135 4481 eum
1162 4426 1315 4496 jussu
1367 4427 1583 4483 Domini
1614 4444 1627 4480 :
1655 4428 2090 4498 quandoquidem

511 4530 621 4584 ipse
646 4514 815 4571 David
843 4520 1057 4574 intrarit
1080 4522 1151 4574 ad
1180 4520 1436 4575 Bersabee
1456 4564 1470 4589 ,
1500 4531 1555 4577 et
1586 4524 1861 4578 commisit
1884 4523 2093 4579 adulte-

512 4605 668 4659 rium.
693 4607 826 4663 Cum
850 4611 981 4667 dicit
1004 4615 1212 4668 intravit
1236 4615 1305 4668 ad
1326 4613 1602 4681 Bersabee,
1625 4632 1739 4672 rem
1770 4627 1975 4688 turpem
1999 4633 2093 4674 oc-

513 4696 653 4754 culte
676 4698 900 4769 indicat,
917 4719 1015 4759 nec
1037 4707 1278 4775 oportuit
1299 4708 1543 4777 apertius
1559 4709 1685 4777 dici,
1715 4725 1838 4765 cum
1863 4711 2092 4771 historia

513 4797 634 4842 nota
670 4792 758 4844 sit.
794 4792 923 4859 Quae
950 4795 1177 4851 historia
1206 4800 1450 4855 breviter
1482 4802 1799 4873 attingenda
1830 4813 1934 4871 est,
1966 4819 2095 4874 pro-

512 4887 630 4951 pter
655 4882 822 4953 ipsius
844 4886 1093 4956 ﬁguram.
1121 4890 1343 4961 Legitur
1366 4893 1583 4961 quidem
1610 4895 1778 4949 David
1805 4895 1871 4949 de
1892 4894 2093 4950 salario

513 4988 608 5029 suo
638 4972 908 5032 Bersabee
949 4977 1092 5034 Uria:
1123 4998 1346 5038 uxorem
1385 4986 1451 5039 de
1491 4985 1704 5042 lavacro
1736 4989 2091 5058 prodeuntem

512 5068 822 5136 aspexisse,
891 5069 1117 5141 ejusque
1195 5075 1650 5142 pulchritudinem
1718 5082 2093 5150 concupivisse

512 5155 594 5228 (II
630 5157 758 5228 Reg.
786 5161 886 5229 ιι).
914 5162 1030 5227 Qua
1057 5164 1107 5215 in
1136 5164 1400 5220 adulterio
1427 5169 1665 5237 cognita,
1693 5171 1947 5239 quoniam
1972 5188 2091 5227 eam

513 5259 733 5319 propter
783 5252 1096 5322 infamiam,
1147 5256 1345 5311 marito
1393 5260 1717 5328 superstite,
1754 5260 1808 5315 in
1848 5263 2095 5332 conjugio

515 5340 747 5397 retinere
772 5358 882 5399 non
923 5356 1165 5414 poterat,
1198 5348 1448 5403 eumdem
1478 5351 1731 5405 maritum
1762 5349 1876 5420 ejus
1905 5351 2093 5408 U.i..m

514 5430 889 5492 fraudulenter
912 5435 1040 5492 fecit
1071 5439 1338 5507 interfici,
1367 5447 1423 5494 et
1450 5440 1531 5495 sic
1557 5457 1676 5495 eam
1708 5443 1810 5497 sibi
1842 5445 2094 5515 conjugio

514 5522 814 5591 eonjunxit.
862 5525 1126 5585 Caeterum
1158 5530 1282 5601 quia
1303 5570 1317 5594 ,
1370 5545 1452 5585 se.
1478 5531 1545 5586 de
1589 5542 1809 5601 peccato
1839 5540 1987 5588 tanto
2012 5547 2096 5588 se-

516 5630 648 5672 cure
674 5618 914 5688 habens,
961 5622 1071 5679 Deo
1114 5639 1210 5694 per
1239 5624 1616 5696 paenitentiam
1648 5633 1702 5680 et
1749 5625 2093 5681 alllictionem

516 5712 833 5774 satisfacere
862 5719 1190 5791 negligebat,
1236 5721 1333 5791 jus
1354 5740 1388 5801 ῃ
1416 5723 1698 5781 Dominico
1731 5736 1829 5793 per
1858 5722 2089 5793 prephe-

2192 3250 2404 3304 veniam
2434 3264 2855 3318 consequemur.
2884 3248 2941 3304 1n
2973 3249 3077 3305 hac
3124 3249 3354 3304 historia
3386 3248 3563 3321 ﬁgura
3604 3245 3749 3302 conti-

2196 3351 2375 3406 netur,
2408 3355 2559 3410 qua},
2595 3340 2812 3395 tametsi
2860 3340 2928 3395 ad
2966 3338 3127 3408 hujus
3176 3340 3536 3395 intentionem
3580 3334 3748 3407 psalmi

2190 3449 2300 3488 non
2334 3434 2549 3488 videtur
2599 3433 2864 3499 attinere,
2895 3447 3000 3488 non
3055 3444 3235 3488 tamen
3283 3432 3517 3488 dicenda
3558 3438 3636 3485 est
3671 3442 3751 3480 auo

2193 3526 2455 3582 dientium
2485 3524 2723 3580 utilitate
2769 3539 2991 3610 e.arere;
3022 3539 3143 3593 qua:
3174 3524 3348 3594 ﬁgura
3399 3524 3515 3579 haec
3550 3534 3659 3577 esse
3683 3516 3748 3571 di-

2192 3621 2333 3675 citur
2361 3636 2374 3672 :
2404 3618 2508 3673 Per
2538 3618 2708 3673 David
2757 3609 2851 3687 qui
2898 3634 3059 3671 manu
3103 3616 3255 3684 fortis
3308 3624 3365 3669 et
3419 3609 3749 3671 desiderabitis

2192 3710 2602 3778 interpretatur,
2635 3708 2896 3763 Dominus
2942 3707 3100 3763 Jesus
3147 3707 3238 3778 qui
3266 3715 3462 3762 contra
3509 3702 3748 3759 diabolum

2193 3800 2399 3870 agendo
2426 3800 2660 3856 viriliter
2681 3814 2846 3854 manu
2870 3798 3027 3854 fortis
3054 3799 3295 3865 exstitit,
3322 3808 3380 3853 et
3413 3809 3539 3852 ante
3567 3805 3750 3861 tempus

2192 3890 2545 3959 plenitudinis
2572 3907 2599 3946 a
2629 3891 2877 3947 ﬁdelibus
2907 3891 3054 3945 veris
3084 3890 3429 3945 desideratus
3458 3888 3584 3953 fuit,
3618 3883 3749 3941 inlelc

2192 3985 2397 4056 ligitur,
2428 3983 2519 4053 qui
2568 3984 2633 4039 de
2680 3983 2835 4049 solio,
2868 3982 3077 4037 scilicet
3116 3982 3184 4036 de
3232 3980 3619 4036 misericordiae
3658 3988 3749 4030 sua:

2194 4079 2563 4143 sublimitate,
2597 4076 2949 4131 considerans
2991 4074 3247 4129 Ecclesia:
3276 4073 3346 4128 de
3394 4069 3639 4142 baptismi
3682 4066 3747 4119 la-

2194 4185 2356 4227 vacro
2384 4169 2701 4239 prodeuntis
2730 4167 3186 4238 pulchritudinem
3211 4166 3522 4220 sanctitatis
3546 4172 3596 4218 et
3622 4163 3749 4215 inno-

2195 4261 2413 4325 eentiae,
2447 4260 2759 4329 concupivit
2785 4273 2927 4313 eam.
2959 4257 3090 4324 Qua:
3115 4256 3360 4312 Ecclesia
3388 4271 3486 4325 per
3514 4250 3749 4308 Bersabee

2195 4353 2559 4423 ﬁgurabatur;
2615 4366 2738 4421 qua:
2783 4360 2969 4421 puteus
3038 4348 3297 4404 satietatis
3362 4348 3746 4415 interpretatur.

2195 4444 2439 4501 Ecclesia
2485 4456 2719 4514 namque
2779 4449 2863 4497 est
2909 4449 3105 4511 puteus
3166 4439 3436 4495 doctrina-
3486 4432 3748 4492 Dominica:

2198 4538 2448 4605 dogmate
2479 4534 2728 4599 satiatus,
2758 4530 2921 4587 Juxta
2947 4531 3093 4604 quod
3122 4530 3177 4585 in
3210 4529 3510 4600 Evangelia
3539 4524 3746 4596 legitur:

2203 4645 2224 4680 ι
2260 4626 2360 4694 Qui
2400 4625 2574 4681 credit
2605 4627 2661 4680 in
2689 4638 2808 4692 me,
2840 4623 3064 4678 flumina
3109 4624 3177 4678 de
3222 4629 3418 4677 ventre
3455 4619 3568 4687 ejus
3608 4614 3748 4670 fluent

2199 4732 2353 4787 aqua:
2380 4717 2515 4771 viva:
2563 4713 2747 4787 (Joan.
2794 4729 2910 4780 vn,
2956 4713 3070 4783 '58).
3108 4731 3129 4764 ι
3164 4710 3236 4768 Ut
3284 4710 3454 4781 igitur
3482 4702 3747 4763 Ecclesiam

2200 4809 2449 4866 Christus
2480 4821 2735 4877 sponsam
2763 4806 2868 4862 sibi
2898 4804 3272 4877 conjungeret,
3300 4800 3594 4863 diabolum,
3618 4795 3748 4863 cuius

2201 4915 2398 4971 sponsa
2430 4899 2640 4963 fuerat,
2679 4899 2736 4952 in
2764 4897 3085 4952 infidelitate
3113 4895 3320 4966 posita,
3347 4902 3523 4949 morte
3546 4905 3634 4945 sua
3658 4898 3745 4938 non

2201 4991 2494 5047 secundum
2526 4989 2820 5044 essentiam
2841 5028 2856 5053 ,
2888 4988 2983 5042 sed
3029 4986 3324 5042 secundum
3362 4980 3648 5053 potentiam
3675 4986 3746 5043 pe-

2200 5084 2392 5151 remit,
2441 5090 2501 5137 ut
2544 5082 2595 5135 in
2639 5096 2704 5135 eo
2750 5079 2999 5134 videlicet
3043 5086 3267 5148 propter
3313 5075 3445 5130 Adae
3496 5075 3745 5143 peccatum

2202 5174 2406 5230 nullum
2435 5171 2663 5227 ulterius
2697 5176 2986 5237 usurparet
3025 5167 3334 5235 imperium.
3386 5161 3537 5230 Quod
3583 5166 3747 5227 pecea-

2203 5276 2315 5322 tum
2367 5280 2463 5335 per
2498 5264 2670 5334 ipsius
2700 5260 2899 5318 Christi
2949 5260 3051 5314 fuit
3091 5256 3457 5314 obedientiam
3513 5250 3742 5335 deletum.

2201 5361 2294 5431 qui
2323 5332 2570 5413 diabolus
2604 5371 2700 5425 per
2730 5354 2915 5412 Uriam
2943 5350 3212 5407 Bersabee
3238 5360 3519 5420 sponsum,
3548 5359 3575 5396 a
3604 5332 3743 5431 David

2202 5429 2577 5512 interfectum,
2605 5444 3064 5515 prmsignabatur;
3097 5440 3186 5510 qui
3224 5438 3317 5492 lux
3356 5452 3469 5491 mea
3492 5429 3745 5522 Deinde!“

2200 5549 2467 5612 pretatur,
2498 5535 2741 5592 diabolus
2770 5546 3006 5602 namque
3031 5540 3181 5585 recte
3223 5528 3315 5581 lux
3353 5542 3466 5579 mea
3503 5520 3595 5575 Dei
3627 5515 3741 5569 dici-

2204 5645 2308 5689 tur.
2339 5630 2442 5699 Qui
2474 5629 2539 5685 de
2580 5635 2788 5681 naturae
2836 5640 2948 5679 suae
2993 5620 3328 5677 lucidissima
3359 5614 3535 5687 specie
3579 5617 3741 5704 super-

2199 5723 2383 5788 biens,
2414 5734 2519 5776 non
2550 5732 2608 5774 se
2641 5713 2920 5771 humiliter
2945 5727 3075 5782 erga
3102 5710 3271 5767 Deum
3303 5717 3361 5763 ut
3385 5712 3625 5761 creatura
3644 5706 3739 5766 ejus
