3846 6334
120 413 190 470 861

121 505 286 586 habuit,
313 518 398 574 sed
443 533 548 573 non
577 532 736 581 voce,
786 516 896 571 imo
942 515 1269 586 arrogantiae
1298 529 1408 570 sure
1436 513 1627 584 cngni-
1657 519 1704 576 Α

123 617 255 677 tione,
291 625 460 666 secum
504 609 580 664 ait
611 627 623 662 :
665 609 778 662 Lux
813 623 929 663 mea
978 616 1061 663 est
1090 607 1180 660 lux
1212 606 1328 662 Dei.
1366 604 1518 672 Quod
1547 614 1630 660 est

120 705 258 759 dicere
285 719 296 754 :
331 699 587 768 Quoniam
618 714 645 752 a
683 699 793 752 Dco
825 697 1174 752 lucidissima:
1203 707 1408 750 naturae
1433 695 1628 761 existo,

119 809 196 851 non
221 802 269 846 ut
303 799 632 854 creaturam,
671 789 766 843 sed
810 797 870 842 ut
916 789 1083 843 Deum
1131 804 1217 844 me
1260 789 1501 855 habebo,
1531 790 1632 843 hac

119 885 224 940 enim
248 897 355 936 mea
391 889 535 934 tanta
570 879 719 944 lucc,
752 895 837 934 me
864 878 1034 933 Deum
1061 894 1180 934 esse
1224 880 1631 949 comprobatur,

121 978 210 1046 quia
233 973 480 1038 diabolus,
511 987 618 1027 non
669 987 801 1028 voce
832 973 927 1027 sed
957 972 1244 1028 allectione
1288 973 1488 1028 dixisse
1513 981 1635 1042 per-

121 1069 315 1123 hibetur:
351 1083 368 1116 ι
403 1064 606 1120 Ponam
639 1066 822 1119 sedem
854 1080 1029 1119 meam
1059 1065 1126 1120 ad
1156 1065 1461 1135 aquilonem
1499 1049 1632 1136 (Isa.

120 1175 198 1221 ιιι,
224 1158 323 1226 ll),
357 1176 372 1207 ι
408 1157 462 1210 id
495 1165 582 1212 est
609 1157 663 1211 in
693 1156 895 1228 frigore
923 1157 1232 1214 dilectionis
1257 1158 1554 1227 Altissimi,
1582 1168 1637 1214 et

121 1252 174 1304 sic
200 1269 214 1299 t
245 1247 418 1302 similis
442 1263 536 1303 ero
563 1247 840 1303 Altissimo
875 1247 1090 1320 (Ibid.).
1129 1269 1149 1302 ι
1202 1249 1280 1305 Αε
1308 1251 1353 1305 si
1387 1251 1591 1306 diceret
1618 1267 1633 1304 :

122 1337 160 1392 Si
183 1337 450 1391 dilectionis
479 1335 597 1404 ejus
631 1337 758 1408 igne
810 1339 1055 1403 fervens,
1091 1353 1179 1394 me
1225 1348 1286 1394 ut
1331 1349 1636 1394 creaturam

123 1427 192 1499 ipsi
228 1426 494 1482 subdidero
517 1467 533 1492 ,
567 1427 695 1483 licet
734 1428 1104 1484 lucidissimus
1157 1429 1424 1493 existens,
1457 1438 1638 1484 tamin

121 1522 155 1574 ei
180 1519 441 1584 dissimilis,
464 1535 589 1575 cum
617 1521 733 1590 ipse
759 1520 922 1586 Deus,
951 1535 1053 1592 ego
1077 1536 1206 1578 vero
1233 1523 1352 1592 cjus
1389 1532 1638 1577 creatura

122 1611 379 1680 reputabor;
407 1611 500 1664 sed
529 1602 729 1667 sedebo
759 1612 811 1665 in
843 1613 1116 1682 aquilone,
1153 1613 1204 1667 id
1237 1621 1318 1669 est
1346 1615 1399 1668 in
1429 1612 1637 1684 frigore

123 1700 361 1755 dilectionis
387 1700 500 1768 ejus
531 1701 888 1768 immorabor,
919 1718 1018 1758 nec
1043 1703 1092 1758 ci
1123 1705 1374 1760 subditus
1417 1719 1513 1760 ero
1533 1745 1549 1772 ,
1587 1716 1644 1760 et

121 1790 258 1844 similis
279 1792 320 1845 ei
346 1807 430 1845 ero
449 1831 462 1856 ,
495 1791 549 1845 id
579 1801 662 1847 est
691 1809 814 1847 cum
853 1802 1018 1848 tanta:
1063 1793 1199 1849 lucis
1229 1793 1329 1848 sim
1349 1835 1364 1860 ,
1391 1794 1534 1850 Deus
1569 1794 1644 1850 si-

123 1891 186 1934 cut
208 1882 300 1950 ipse
320 1881 688 1936 existimabor.
730 1881 1038 1937 Notandum
1067 1897 1230 1948 sane,
1262 1898 1368 1938 non
1412 1883 1643 1952 ignomi—
1675 1905 1718 1964 Β

123 1975 280 2028 nissum
315 1989 461 2040 esse,
515 1975 558 2028 si
609 1991 710 2045 per
747 1975 1017 2030 Bersabee
1045 1975 1360 2032 adulteram
1397 1974 1643 2030 Ecclesia

123 2081 205 2133 qua:
231 2080 406 2134 sponsa
452 2065 663 2120 Christi
710 2067 864 2136 virgo
910 2075 994 2121 est
1036 2075 1089 2121 et
1130 2075 1310 2133 casta;
1341 2082 1438 2137 per
1473 2065 1640 2121 David

125 2167 218 2207 vero
243 2165 562 2224 peccatorem
600 2155 852 2212 Christus
880 2173 909 2210 a
958 2165 1184 2228 peccato
1215 2157 1498 2223 inunuuis;
1548 2171 1646 2226 per

127 2243 258 2299 Urlaln
304 2261 511 2316 quoque
553 2246 901 2302 innocentem
959 2256 1014 2302 et
1064 2248 1260 2317 injuste
1308 2256 1643 2316 peremptmn

124 2335 312 2390 diabolus
355 2353 556 2393 nocens
610 2347 667 2392 et
704 2336 852 2406 juste
899 2339 992 2393 Dei
1030 2349 1204 2394 morte
1254 2339 1643 2409 interemptus,

124 2423 240 2480 luerit
262 2425 514 2498 ﬁguratus
540 2445 554 2481 :
581 2442 692 2483 non
723 2427 870 2482 enim
896 2427 1074 2500 magis
1105 2427 1526 2499 ignominiosum
1560 2435 1646 2482 est

124 2528 240 2582 quam
266 2517 396 2587 quod
423 2533 570 2590 saepe
601 2517 802 2574 diaboli
830 2533 1028 2573 nomen
1069 2517 1266 2573 litteris
1301 2518 1510 2584 aureis,
1552 2517 1648 2572 Dei

123 2616 258 2663 autem
283 2625 468 2666 nomen
497 2617 841 2680 atramento,
871 2609 924 2666 id
946 2618 1032 2666 est
1055 2609 1239 2666 colore
1264 2609 1420 2682 nigro
1445 2609 1651 2666 descri-

123 2695 253 2765 bitur,
280 2701 526 2770 quoniam
581 2717 684 2758 nec
719 2703 1012 2757 atramenti
1061 2700 1243 2756 vilitas
1288 2701 1494 2772 aliquid
1539 2701 1650 2757 Deo

124 2787 236 2845 ollcrt
258 2791 526 2849 dedecoris
545 2837 560 2863 ,
606 2809 707 2848 nec
735 2793 852 2848 auri
904 2793 1221 2864 pretiositas
1251 2792 1464 2848 diabolo
1489 2791 1648 2863 quid-

124 2878 218 2936 libet
241 2883 446 2940 honoris
477 2886 754 2940 attribuit.

175 2974 304 3046 169
357 2976 612 3033 Miserere
664 2978 801 3044 mei,
841 2977 1018 3046 Deus,
1067 2977 1351 3032 secundant
1409 2991 1650 3045 magnam

126 3071 475 3125 misericordiam
528 3084 698 3126 luant.
756 3072 911 3140 Quod
968 3081 1052 3127 est
1103 3072 1286 3128 dicere
1337 3090 1350 3127 :
1401 3071 1535 3126 Cum
1596 3079 1653 3125 tu

125 3159 226 3214 Deus
249 3163 342 3231 sis,
376 3175 430 3220 et
471 3166 548 3220 tui
579 3166 652 3220 sit
699 3165 980 3232 misereri,
1010 3166 1255 3220 miserere
1297 3165 1416 3218 ntei.
1450 3163 1516 3217 Et
1546 3180 1650 3218 non

127 3262 297 3317 Parum,
338 3253 426 3307 sed
463 3254 530 3308 ad
580 3253 798 3308 modum
830 3267 1038 3323 magna:
1083 3250 1471 3306 misericordia:
1518 3257 1650 3315 tuae;
1683 3261 1725 3323 ρ

127 3352 182 3406 ut,
221 3359 322 3399 cum
350 3346 560 3403 scilicet
605 3360 798 3416 magna
848 3345 922 3400 sit
974 3343 1350 3400 misericordia
1413 3351 1534 3405 tua,
1599 3349 1654 3395 et

129 3447 346 3500 peccatum
402 3455 589 3496 meum
625 3454 916 3510 magnum,
972 3437 1268 3494 secundum
1328 3437 1471 3506 quod
1533 3449 1652 3489 ma-

128 3540 200 3592 gna
249 3537 319 3582 est
374 3529 752 3584 misericordia
828 3537 919 3582 tua
985 3529 1230 3582 miserere
1290 3526 1428 3591 mei,
1502 3523 1656 3592 cujus

130 3629 348 3680 Peccatum
397 3636 656 3693 magnum
714 3628 818 3675 est.
886 3617 954 3672 Et
999 3618 1244 3672 miserere
1298 3617 1400 3670 mei
1474 3633 1656 3670 secun-

128 3703 216 3758 dum
244 3710 614 3766 multitudinem
639 3711 1038 3765 miserationum
1081 3719 1295 3763 tuarunt
1315 3747 1331 3774 ,
1365 3706 1419 3761 id
1447 3714 1529 3763 est
1569 3721 1658 3761 se-

128 3798 309 3855 cundum
351 3803 618 3860 beneﬁcia
671 3801 1062 3858 misericordiae
1112 3808 1254 3866 tuae,
1308 3815 1426 3870 quae
1488 3799 1656 3854 multa

128 3903 232 3962 sunt,
252 3913 358 3967 qua:
383 3899 650 3955 beneﬁcia
680 3899 1062 3954 miserationes
1085 3898 1356 3952 dicuntur.
1392 3895 1544 3962 Quod
1572 3902 1658 3948 est

129 3986 301 4045 dicere:
333 3993 444 4048 Non
474 3993 652 4048 solum
687 3994 755 4048 ad
785 4007 1098 4048 mensuram
1131 3989 1519 4060 magnitudinis
1553 3987 1656 4041 mi-

129 4079 377 4139 sericordia:
401 4094 503 4139 tua:
533 4100 666 4151 oro,
691 4093 752 4138 ut
781 4085 990 4154 peccati
1020 4083 1122 4137 mei
1157 4081 1512 4152 magnitudini
1549 4080 1654 4134 mi-

129 4177 334 4244 serearis,
365 4179 454 4234 sed
481 4180 551 4234 ad
595 4194 908 4234 mensuram
961 4177 1323 4232 multitudinis
1366 4175 1656 4230 miseratio-

131 4279 218 4319 tntm
249 4279 462 4338 tuarum,
492 4279 578 4337 ut,
604 4286 727 4326 cum
758 4271 968 4326 scilicet
995 4270 1178 4324 multa:
1209 4270 1320 4324 sint
1349 4269 1655 4323 miseratio-

130 4369 198 4409 nes
221 4367 333 4426 tuae,
365 4363 679 4417 miserearis
708 4362 839 4416 mihi
871 4376 968 4431 per
1000 4363 1177 4432 ipsas,
1214 4361 1306 4430 qui
1352 4359 1520 4414 multa
1560 4360 1652 4414 de-

131 4444 222 4502 licta
261 4469 348 4522 per
381 4453 656 4511 Bersabee
707 4453 974 4509 commisi.
1029 4451 1260 4508 Peccavi
1312 4465 1548 4521 namque
1601 4452 1653 4504 in

130 4537 374 4611 adulterio,
407 4545 628 4616 peccavi
657 4545 711 4600 in
743 4543 1071 4611 homicidio,
1101 4543 1324 4614 peccavi
1363 4552 1418 4597 et
1463 4543 1516 4596 in
1561 4556 1654 4596 ne-

130 4623 331 4694 S'igentia
355 4633 450 4700 tui,
475 4643 532 4690 et
554 4633 608 4688 in
636 4634 737 4690 hoc
762 4632 906 4703 quod
928 4633 1197 4689 Bersabee
1221 4640 1502 4688 nocentem
1529 4630 1652 4686 l‘eci.
1681 4617 1734 4677 Ι)

130 4709 206 4768 Per
222 4719 306 4777 hoc
328 4724 465 4792 quod
493 4723 588 4779 Dei
615 4739 862 4795 magnam
885 4738 1004 4780 esse
1033 4723 1463 4780 misericordiam
1491 4721 1650 4788 dicit,

131 4811 348 4870 ettnultas
371 4831 491 4874 esse
516 4817 898 4873 miserationes
921 4816 1060 4885 ejus,
1085 4816 1371 4883 innuitque
1396 4827 1656 4883 magnum

131 4910 218 4954 esse
237 4915 496 4972 peccatum
521 4923 678 4962 suum
705 4919 758 4962 et
779 4907 1076 4978 multiplex,
1103 4904 1531 4962 benevolentiam
1562 4903 1656 4958 Dei

132 5002 353 5061 captat,se
369 4999 674 5054 accusando
695 5009 748 5054 et
776 4999 941 5053 Deum
969 4997 1383 5070 magniﬁcando.
1407 4994 1659 5051 Ostendit

132 5089 268 5138 autem
289 5087 338 5140 in
359 5103 465 5158 quo
486 5089 567 5144 sui
593 5089 938 5156 misereatur,
965 5104 1086 5143 cum
1110 5089 1286 5152 addit,
1307 5087 1386 5141 sic
1414 5085 1651 5140 scilicet:

135 5168 369 5232 Miserere:
397 5181 523 5236 Dele
546 5183 873 5250 iniquitatem
911 5189 1078 5235 meam
1103 5221 1117 5245 ,
1152 5181 1203 5234 id
1235 5189 1316 5234 est
1344 5179 1462 5234 dele
1487 5193 1516 5231 ιι
1547 5193 1657 5232 me-

134 5267 262 5321 moria
285 5278 366 5326 tua
391 5273 731 5342 iniquitatem
757 5288 952 5335 meum,
981 5281 1164 5328 utnon
1189 5273 1410 5342 punias;
1437 5271 1520 5325 vel
1542 5270 1652 5325 sic:

134 5351 216 5409 dele
235 5360 293 5415 ab
315 5364 490 5419 anima
521 5379 639 5420 mea
669 5364 938 5419 maculam
968 5363 1274 5435 iniquitatis
1311 5379 1464 5418 meae.
1489 5363 1554 5417 Et
1578 5362 1658 5416 sic

134 5443 234 5515 dele,
246 5452 436 5510 scilicet
458 5455 575 5529 lava
599 5472 681 5510 me
705 5460 768 5510 ab
790 5457 1063 5526 iniquitate
1089 5472 1225 5521 mea,
1249 5452 1471 5524 amplius
1493 5467 1655 5524 quam

135 5532 184 5589 de
199 5539 299 5596 aliis
317 5544 688 5616 iniquitatibus
710 5547 926 5603 laveris.
956 5548 1033 5603 Ac
1053 5547 1100 5602 si
1124 5547 1292 5614 dicat,
1319 5546 1384 5600 de
1406 5545 1526 5598 aliis
1557 5544 1656 5600 ini-

133 5628 378 5694 Quitalibus
408 5653 493 5694 me
512 5637 622 5708 jam
651 5639 828 5694 lavisti
848 5680 862 5706 ,
893 5654 1014 5711 qua:
1041 5654 1148 5693 non
1184 5647 1292 5692 tam
1323 5635 1514 5705 amplae
1541 5633 1657 5690 fue-

137 5729 258 5790 runt,
299 5731 384 5784 sed
427 5746 549 5786 cum
595 5731 700 5787 ista
753 5732 824 5787 sit
871 5729 1100 5800 amplior
1129 5743 1289 5800 quam
1321 5727 1424 5783 illae
1453 5733 1656 5792 essent,

140 5812 337 5894 ampliori
371 5835 498 5900 egeo
537 5823 827 5882 lavatione.
867 5823 1100 5896 Ideoque
1132 5819 1355 5894 amplius
1398 5835 1476 5876 me
1517 5817 1654 5874 lava.

1026 400 1390 457 nxrosmo
1423 399 1489 453 IN
1523 361 1966 468 ρειιιιεείτ-
1994 400 2191 458 pst.
2225 401 2284 457 L.

3203 408 3310 470 862

1731 513 1827 569 Vel
1868 515 1946 571 sic
1978 516 2206 586 amplius
2249 517 2368 571 lava
2417 534 2496 572 me
2549 535 2708 588 quam
2763 521 2929 576 sciam
2979 531 3030 577 te
3080 539 3306 594 rogare,

1734 624 1839 676 non
1893 609 2034 663 enim
2102 618 2152 665 te
2212 619 2421 664 tantum
2471 627 2662 683 rogare
2712 613 2825 668 scio
2893 629 2993 670 nec
3050 632 3310 687 possum,

1733 709 1995 772 quantum
2025 711 2260 772 oportet.
2309 703 2377 757 Et
2413 719 2520 758 non
2571 721 2760 774 parum
2797 705 2947 774 lava,
2981 709 3075 762 sed
3112 710 3311 764 munda

1734 810 1815 848 me
1860 808 1926 848 ex
1959 802 2106 860 toto,
2154 809 2250 863 per
2294 811 2549 866 magnam
2588 795 3019 853 misericordiam
3053 777 3234 854 tuam.
3264 797 3314 854 A

1733 881 1944 958 peccato
1992 906 2134 954 meo,
2185 899 2464 958 peccatum
2513 891 2656 947 idem
2704 900 2788 946 est
2834 891 2976 960 quod
3025 891 3311 962 iniquitas,

1736 978 1820 1033 vel
1867 990 2149 1050 peccatmn
2180 991 2358 1052 potest
2405 981 2631 1053 intelligi
2667 983 3107 1052 concupiscentia
3140 982 3313 1049 mala,

1737 1069 1993 1140 iniquitas
2020 1087 2146 1126 vero
2176 1081 2328 1126 actus
2359 1071 2494 1142 ipsc.
2537 1071 2772 1128 Gravius
2796 1073 2944 1128 enim
2974 1073 3188 1130 videtur
3219 1087 3316 1128 no-

1739 1170 1854 1217 tare
1894 1148 2187 1232 iniquitas,
2211 1178 2374 1232 quam
2404 1172 2709 1232 peccatum.

1808 1253 1944 1322 Quia
1974 1254 2033 1310 se
2062 1256 2312 1310 mundari
2339 1265 2626 1322 oraverat,
2667 1257 2924 1328 supponit
2951 1271 3172 1312 causam
3211 1271 3316 1324 qua

1740 1347 1988 1406 mundari
2018 1346 2240 1415 debeat,
2280 1348 2358 1402 sic
2386 1365 2400 1402 :
2435 1363 2570 1416 oro,
2602 1349 2800 1402 munda
2834 1333 2950 1415 me,
2973 1357 3037 1401 et.
3059 1347 3318 1401 mundare

1741 1437 1922 1493 debes.
1958 1436 2219 1502 Quoniam
2265 1453 2392 1508 ego,
2439 1437 2531 1507 qui
2583 1447 2638 1493 te
2664 1453 2790 1504 oro,
2837 1446 2894 1492 et
2938 1430 3031 1508 qui
3060 1432 3315 1505 peccavi,

1741 1545 1994 1599 cognosco
2031 1529 2358 1600 iniquitatem
2385 1545 2551 1584 meam
2572 1571 2587 1597 ,
2620 1528 2672 1584 id
2700 1537 2913 1584 estnon
2946 1543 3032 1583 me
3062 1529 3195 1581 latet
3217 1525 3320 1580 ini-

1741 1622 1921 1689 quitus
1949 1636 2091 1678 mea.
2123 1621 2188 1676 Et
2220 1635 2324 1677 non
2356 1621 2422 1676 ad
2449 1621 2640 1676 horam
2680 1633 2980 1692 cognosco,
3011 1618 3106 1674 sed
3131 1625 3180 1672 et
3203 1633 3324 1686 pec-

1743 1722 1919 1767 catum
1943 1729 2112 1767 meum
2130 1753 2146 1778 ,
2175 1713 2228 1767 id
2251 1720 2335 1767 est
2365 1711 2623 1783 iniquitas
2649 1727 2788 1776 mea,
2815 1721 2888 1766 est
2917 1725 3118 1779 semper
3140 1715 3324 1762 contra

1746 1819 1853 1868 me,
1884 1802 1936 1858 id
1963 1811 2046 1858 est
2071 1803 2124 1856 in
2151 1810 2444 1872 conspectu
2488 1817 2610 1857 meo
2649 1801 2894 1858 interiori
2915 1843 2930 1868 ,
2951 1799 3106 1870 quod
3137 1805 3222 1852 est
3242 1795 3328 1850 die

1746 1909 1871 1950 cere
1904 1913 1917 1949 :
1954 1895 2182 1964 Semper
2208 1893 2414 1963 aspicio
2444 1893 2619 1948 oculis
2653 1891 3007 1947 interioribus
3043 1895 3326 1959 peccatum

1746 1999 1924 2039 meum
1961 1992 2018 2038 ut
2045 1983 2114 2038 de
2153 1983 2246 2040 illo
2277 1998 2522 2054 gemam,
2569 1998 2601 2038 a
2631 1982 2984 2038 similitudine
3031 1980 3107 2035 rei
3137 1986 3326 2034 contra

1744 2081 2022 2142 aspectum
2070 2072 2298 2142 alicujus
2338 2072 2556 2142 positae,
2589 2087 2749 2140 quam
2781 2085 2994 2140 semper
3042 2067 3329 2137 cormpicit.

1745 2163 1812 2218 Et
1844 2164 1946 2218 hoc
1972 2171 2055 2218 est
2081 2178 2145 2217 ac
2179 2162 2227 2217 si
2252 2162 2330 2217 sic
2369 2170 2594 2232 poneret
2621 2179 2636 2217 :
2670 2160 2930 2217 Mundare
2958 2175 3046 2215 me
3069 2157 3234 2212 debes
3261 2171 3330 2210 ex

1745 2253 2145 2320 misericordia;
2178 2270 2327 2320 nam,
2349 2269 2472 2309 cum
2495 2253 2666 2308 sciam
2693 2262 2915 2324 peccata
2945 2251 3126 2306 omnia
3148 2249 3332 2303 crimi—

1746 2345 1891 2401 nalia
1918 2344 2002 2399 vel
2050 2361 2078 2398 a
2123 2346 2266 2410 Deo,
2302 2343 2386 2400 vel
2415 2345 2484 2400 ab
2515 2359 2580 2399 eo
2613 2343 2706 2414 qui
2742 2341 3036 2398 committit
3082 2354 3207 2394 esse
3237 2353 3336 2408 pu-

1746 2435 1967 2503 nienda,
1988 2450 2095 2492 non
2118 2435 2384 2507 dedignor
2405 2434 2748 2505 iniquitatem
2777 2447 2956 2488 meam
2977 2443 3333 2502 cognoscere,

1747 2528 1842 2585 sed
1891 2527 1948 2584 in
1996 2527 2244 2584 interiori
2290 2541 2412 2584 meo
2457 2541 2674 2598 semper
2721 2539 2844 2581 eam
2906 2520 3332 2595 eonspiciendo,

1748 2622 1924 2696 punio.
1941 2637 2065 2679 eam
2095 2621 2299 2694 gemitu
2331 2628 2389 2678 et
2419 2618 2677 2695 laerymis
2697 2659 2713 2687 ,
2741 2629 2796 2674 et
2823 2616 3039 2675 assidua
3066 2613 3337 2687 paeniten-

1752 2717 1824 2771 tia
1850 2725 1905 2772 et
1932 2715 2198 2772 oratione.
2238 2713 2353 2770 Hoc
2397 2721 2578 2769 autem
2621 2720 2792 2768 totum
2822 2718 2907 2767 est
2934 2724 3000 2765 ac
3029 2708 3075 2764 si
3101 2706 3340 2762 breviter

1751 2807 1959 2864 diceret
1987 2825 2000 2860 :
2036 2805 2296 2861 Mundare
2329 2820 2414 2859 me
2457 2805 2624 2860 debes
2647 2844 2662 2868 ,
2711 2817 2812 2856 nec
2859 2801 3088 2856 ulterius
3115 2799 3334 2871 punire,

1752 2913 1874 2953 cum
1902 2898 2082 2969 justus
2111 2897 2206 2951 sis.
2242 2895 2373 2950 Nam
2405 2910 2505 2966 ego
2526 2893 2640 2963 jam
2670 2893 2722 2948 in
2759 2906 2848 2947 me
2876 2891 3194 2960 frequenter
3231 2888 3336 2941 ini-

1753 2990 2017 3059 quitatem
2046 3003 2220 3042 meum
2249 2987 2438 3056 punio.
2463 2985 2576 3040 Hoc
2601 2994 2846 3049 ostenso,
2875 2982 3019 3054 quod
3049 2996 3115 3037 ex
3146 2995 3339 3050 magna

1754 3079 2127 3136 misericordia
2156 3077 2314 3134 debet
2339 3077 2456 3148 ejus
2485 3076 2626 3131 Deus
2675 3073 2955 3139 misereri,
2982 3081 3035 3128 et
3074 3086 3147 3126 ex
3179 3071 3340 3141 justi-

1757 3171 1863 3240 tia,
1895 3171 2022 3241 quia
2047 3170 2158 3241 jam
2195 3169 2249 3224 in
2281 3184 2340 3223 se
2367 3168 2710 3238 iniquitatem
2758 3180 2912 3220 suam
2950 3162 3168 3234 puniat,
3219 3159 3343 3214 sub-

1751 3261 1928 3333 jungit
1959 3275 2172 3330 quoque
2197 3260 2340 3328 quod
2361 3274 2426 3314 ex
2450 3256 2688 3328 potentia
2715 3255 2876 3311 debet
2901 3269 3025 3310 eum
3053 3251 3338 3312 mundare,

1756 3370 1878 3410 cum
1909 3355 2023 3425 ipse
2049 3352 2196 3408 solus
2239 3350 2497 3406 immunis
2535 3365 2565 3404 a
2613 3355 2838 3420 peccato
2880 3353 2936 3401 et
2959 3342 3142 3414 justus
3170 3343 3342 3412 possit

1755 3453 1979 3517 peccata
2027 3441 2338 3497 condonare
2391 3453 2406 3494 :
2455 3454 2586 3507 oro,
2631 3437 2926 3503 miserere,
2978 3443 3039 3489 ut
3085 3430 3340 3500 iniquita-

1759 3547 1863 3594 tem
1894 3551 2067 3592 meam
2101 3534 2316 3599 deleas,
2348 3542 2404 3590 et
2433 3532 2535 3588 bac
2581 3529 2778 3585 ﬁducia
2809 3545 2934 3594 oro,
2964 3527 3090 3597 quia
3137 3524 3342 3596 peccavi

1755 3630 1850 3684 tibi
1877 3629 1996 3683 soli.
2029 3625 2182 3694 Quod
2231 3635 2316 3681 est
2346 3625 2527 3681 dicere
2558 3642 2571 3678 :
2605 3622 2742 3692 Quia
2785 3636 2906 3676 cum
2955 3618 3050 3674 tibi
3086 3631 3344 3686 peccave-

1758 3717 1884 3784 rim,
1917 3727 1970 3772 tu
2001 3716 2125 3772 talis
2147 3732 2207 3771 es
2234 3715 2325 3786 qui
2354 3714 2664 3770 condonare
2692 3720 2877 3782 potes,
2908 3724 3034 3764 nam
3063 3706 3211 3764 solus
3241 3720 3299 3761 es
3322 3744 3338 3770 ,

1756 3809 1810 3864 id
1837 3818 1922 3871 est
1953 3809 2246 3880 singularis
2273 3807 2564 3877 potentiae,
2593 3807 2685 3876 qui
2715 3813 2939 3875 peccata
2984 3809 3138 3872 potes
3166 3797 3344 3854 indul-

1745 3914 1904 3972 gere.
1938 3898 2107 3954 Nemo
2135 3915 2368 3969 namque
2392 3898 2627 3954 mundus
2653 3914 2682 3952 a
2709 3896 2899 3960 sorde,
2927 3893 3031 3948 nisi
3063 3901 3118 3947 tu
3153 3910 3165 3946 :
3198 3891 3345 3946 idco-

1755 4007 1860 4062 que
1885 3991 2034 4047 solus
2055 4009 2114 4048 es
2135 4001 2325 4062 potens
2358 3992 2425 4046 ad
2461 3989 2848 4058 indulgendum
2879 4005 2893 4042 :
2941 3987 3061 4041 idco
3091 3999 3306 4054 quoque
3327 4024 3341 4048 ,

1755 4100 1885 4152 oro,
1917 4085 2193 4150 miserere,
2224 4083 2350 4154 quia
2381 4081 2580 4136 malum
2618 4082 2719 4152 feci
2762 4095 2938 4134 coram
2962 4088 3042 4137 te.
3075 4076 3127 4130 id
3153 4084 3237 4130 est
3265 4075 3345 4128 sic

1759 4186 1816 4230 ut
1849 4186 1900 4232 te
1946 4192 2054 4232 non
2088 4177 2290 4244 lateat,
2318 4175 2415 4231 sed
2456 4176 2528 4230 sit
2571 4190 2756 4230 coram
2787 4181 2838 4227 te
2859 4214 2874 4240 ,
2916 4170 2968 4226 id
3015 4179 3096 4224 est
3126 4167 3178 4222 in
3211 4181 3344 4220 con-

1755 4277 1942 4339 spectu
1975 4279 2068 4323 tuo
2094 4277 2154 4322 ut
2186 4269 2395 4323 videas.
2423 4268 2502 4323 Ac
2531 4267 2574 4321 si
2618 4273 2844 4336 poneret
2876 4282 2888 4317 :
2923 4261 2980 4317 Si
3007 4259 3344 4330 iniquitatem

1756 4374 1932 4413 meam
1958 4359 2154 4412 scirem
2180 4367 2230 4413 te
2255 4358 2447 4422 latere,
2482 4355 2641 4425 170
2661 4366 2980 4409 excusarem
3009 4349 3196 4418 utique
3220 4361 3340 4412 me;

1755 4463 1864 4502 non
1895 4455 1952 4502 ut
1979 4447 2234 4502 misertus
2280 4462 2430 4503 esses
2474 4460 2713 4500 orarem.
2748 4443 2853 4499 Sed
2881 4441 3008 4513 quia
3044 4449 3129 4506 te,
3161 4430 3345 4493 timuia

1756 4542 2066 4607 videntem,
2111 4540 2227 4596 scio
2270 4546 2553 4610 peccatum
2585 4551 2765 4592 meum
2816 4547 2924 4588 non
2973 4529 3180 4594 latere,
3219 4524 3346 4582 nolo

1760 4649 1847 4689 me
1899 4633 2168 4688 inutiliter
2201 4644 2498 4699 excursare,
2531 4628 2625 4684 sed
2673 4623 2974 4691 humiliter,
3023 4637 3153 4688 oro,
3188 4619 3348 4673 mise-

1758 4740 1895 4779 rere.
1947 4721 2004 4777 ln
2052 4721 2156 4777 hoc
2185 4728 2366 4775 autem
2400 4718 2544 4788 quod
2572 4716 2741 4772 Deum
2787 4712 3078 4784 singularis
3105 4724 3227 4767 esse
3251 4723 3349 4780 po-

1759 4815 1940 4871 tentiae
1973 4814 2126 4880 dicit,
2153 4821 2209 4867 et
2233 4811 2416 4868 omnia
2445 4810 2661 4875 videre,
2695 4806 2924 4863 multum
2960 4819 3084 4860 eum
3112 4804 3351 4880 benevoj

1757 4909 1868 4962 lum
1895 4908 2073 4964 reddit
2101 4925 2114 4961 :
2143 4905 2411 4981 Quoniam
2443 4912 2625 4964 autem
2661 4902 2876 4957 dixerat
2907 4917 2921 4956 :
2958 4898 3072 4953 Tibi
3111 4896 3211 4998 soli
3231 4896 3356 4998 pec-,3

1759 5000 1901 5066 caui,
1935 5014 2003 5053 ne
2046 4996 2186 5052 male
2233 4995 2472 5052 notando
2499 4993 2598 5050 soli
2619 5034 2634 5059 ,
2665 4993 3090 5064 intelligeremus
3117 4988 3196 5044 sic
3224 4988 3348 5040 enni

1757 5091 1894 5146 velle
1920 5090 2100 5146 dicere
2125 5096 2182 5142 ut
2204 5087 2378 5142 solum
2406 5095 2596 5141 contra
2628 5085 2796 5139 Deum
2821 5089 3137 5153 peccasset,
3162 5085 3215 5132 et
3238 5090 3347 5130 non

1759 5192 1950 5240 contra
1982 5180 2191 5245 Uriam,
2222 5195 2384 5248 quem
2416 5178 2618 5247 injuste
2647 5176 2966 5238 occiderat,
2998 5180 3053 5226 et
3084 5170 3166 5226 sic
3197 5183 3350 5222 tuen-

1761 5277 1864 5331 dax
1897 5273 2195 5336 videretur,
2251 5271 2581 5324 determinat
2626 5269 2860 5339 qualiter
2907 5262 3177 5332 intelligat
3225 5258 3346 5325 soli,

1758 5369 1836 5423 sic
1861 5385 1873 5420 :
1909 5365 2028 5422 Dixi
2058 5365 2152 5418 tibi
2181 5364 2313 5428 soli,
2344 5371 2398 5418 et
2427 5363 2506 5418 sic
2543 5363 2664 5417 dico
2688 5361 2818 5427 soli,
2859 5358 3003 5429 quod
3030 5372 3090 5411 es
3117 5354 3262 5410 solus
3293 5361 3349 5406 ut

1748 5459 2058 5529 justiﬁceris
2089 5459 2144 5511 in
2172 5456 2498 5512 sermonibus
2522 5455 2650 5519 tuis,
2674 5453 2725 5507 id
2749 5460 2831 5508 est
2859 5465 3025 5507 verax
3051 5446 3350 5505 inveniaris

1759 5550 1812 5604 in
1843 5547 2096 5603 omnibus
2141 5560 2264 5616 qua:
2309 5558 2409 5613 per
2451 5543 2746 5611 prophetas
2774 5539 2989 5596 locutus
3017 5553 3106 5605 es,
3140 5546 3194 5592 et
3225 5549 3348 5604 qua:

1760 5637 1924 5693 etiam
1957 5652 2052 5707 per
2090 5633 2288 5689 Filium
2321 5630 2582 5700 loqueris.
2619 5629 2774 5686 Unde
2817 5626 3109 5700 Apostolus
3148 5637 3166 5680 :'
3197 5644 3215 5676 ι
3253 5624 3352 5679 Est

1759 5735 1942 5783 autem
1995 5726 2136 5780 Deus
2180 5735 2376 5788 verax,
2431 5719 2611 5777 omnis
2663 5727 2844 5775 autem
2902 5717 3064 5774 homo
3114 5714 3348 5770 mendax

1760 5819 1930 5891 (Rom.
1962 5835 2052 5890 ιιι,
2089 5818 2162 5894 ι).
2196 5841 2214 5876 ι
2257 5818 2320 5874 Et
2347 5819 2426 5876 sic
2453 5815 2628 5874 ’ctiam
2655 5813 2801 5873 solus
2829 5827 2911 5886 es,
2939 5819 2997 5869 ut
3025 5812 3201 5870 vincas
3229 5823 3346 5864 runt
