  <div class='ocr_page' id='page_1' title='image "/cluster/home/n/w/nwhite01/storage/ocr_20150623/152/hvd.32044015473804/437.png"; bbox 0 0 3862 6322; ppageno 0'>
   <div class='ocr_carea' id='block_1_1' title="bbox 494 331 599 391">
    <p class='ocr_par' dir='ltr' id='par_1_1' title="bbox 494 331 599 391">
     <span class='ocr_line' id='line_1_1' title="bbox 494 331 599 391; baseline -0.038 0"><span class='ocrx_word' id='word_1_1' title='bbox 494 331 599 391; x_wconf 75' lang='lat'><strong>865</strong></span> 
     </span>
    </p>
   </div>
   <div class='ocr_carea' id='block_1_2' title="bbox 492 527 2076 598">
    <p class='ocr_par' dir='ltr' id='par_1_2' title="bbox 492 527 2076 598">
     <span class='ocr_line' id='line_1_2' title="bbox 492 527 2076 598; baseline -0.004 -8"><span class='ocrx_word' id='word_1_2' title='bbox 492 539 572 592; x_wconf 85' lang='lat' dir='ltr'><strong>lat</strong></span> <span class='ocrx_word' id='word_1_3' title='bbox 596 533 892 588; x_wconf 82' lang='lat' dir='ltr'><strong>bonitatem</strong></span> <span class='ocrx_word' id='word_1_4' title='bbox 923 531 1196 594; x_wconf 90' lang='lat' dir='ltr'><strong>omnium,</strong></span> <span class='ocrx_word' id='word_1_5' title='bbox 1227 529 1652 598; x_wconf 86' lang='lat' dir='ltr'><strong>quotiescunque</strong></span> <span class='ocrx_word' id='word_1_6' title='bbox 1679 527 1737 582; x_wconf 86' lang='lat' dir='ltr'><strong>ﬁt</strong></span> <span class='ocrx_word' id='word_1_7' title='bbox 1767 544 1795 580; x_wconf 89' lang='lat' dir='ltr'><strong>a</strong></span> <span class='ocrx_word' id='word_1_8' title='bbox 1829 527 2076 583; x_wconf 89' lang='lat' dir='ltr'><strong>conside-</strong></span> 
     </span>
    </p>
   </div>
   <div class='ocr_carea' id='block_1_3' title="bbox 492 622 2077 694">
    <p class='ocr_par' dir='ltr' id='par_1_3' title="bbox 492 622 2077 694">
     <span class='ocr_line' id='line_1_3' title="bbox 492 622 2077 694; baseline -0.005 -10"><span class='ocrx_word' id='word_1_9' title='bbox 492 629 705 684; x_wconf 78' lang='lat' dir='ltr'><strong>ratione</strong></span> <span class='ocrx_word' id='word_1_10' title='bbox 727 625 994 694; x_wconf 81' lang='lat' dir='ltr'><strong>justorum</strong></span> <span class='ocrx_word' id='word_1_11' title='bbox 1015 623 1275 693; x_wconf 84' lang='lat' dir='ltr'><strong>judicium</strong></span> <span class='ocrx_word' id='word_1_12' title='bbox 1317 623 1460 677; x_wconf 90' lang='lat' dir='ltr'><strong>inter</strong></span> <span class='ocrx_word' id='word_1_13' title='bbox 1489 622 1783 677; x_wconf 88' lang='lat' dir='ltr'><strong>bonitatem</strong></span> <span class='ocrx_word' id='word_1_14' title='bbox 1811 631 1987 684; x_wconf 89' lang='lat' dir='ltr'><strong>tuam,</strong></span> <span class='ocrx_word' id='word_1_15' title='bbox 2021 629 2077 676; x_wconf 87' lang='lat' dir='ltr'><strong>et</strong></span> 
     </span>
    </p>
   </div>
   <div class='ocr_carea' id='block_1_4' title="bbox 493 712 2074 780">
    <p class='ocr_par' dir='ltr' id='par_1_4' title="bbox 493 712 2074 780">
     <span class='ocr_line' id='line_1_4' title="bbox 493 712 2074 780; baseline -0.004 -8"><span class='ocrx_word' id='word_1_16' title='bbox 493 719 636 772; x_wconf 85' lang='lat' dir='ltr'><strong>inter</strong></span> <span class='ocrx_word' id='word_1_17' title='bbox 661 717 956 771; x_wconf 82' lang='lat' dir='ltr'><strong>bonitatem</strong></span> <span class='ocrx_word' id='word_1_18' title='bbox 988 716 1214 770; x_wconf 89' lang='lat' dir='ltr'><strong>aliorum</strong></span> <span class='ocrx_word' id='word_1_19' title='bbox 1243 715 1530 769; x_wconf 89' lang='lat' dir='ltr'><strong>bonorum.</strong></span> <span class='ocrx_word' id='word_1_20' title='bbox 1563 713 1714 780; x_wconf 86' lang='lat' dir='ltr'><strong>Quod</strong></span> <span class='ocrx_word' id='word_1_21' title='bbox 1741 712 2027 768; x_wconf 85' lang='lat' dir='ltr'><strong>estdicere</strong></span> <span class='ocrx_word' id='word_1_22' title='bbox 2060 728 2074 766; x_wconf 92' lang='lat'><strong>:</strong></span> 
     </span>
    </p>
   </div>
   <div class='ocr_carea' id='block_1_5' title="bbox 495 805 2075 878">
    <p class='ocr_par' dir='ltr' id='par_1_5' title="bbox 495 805 2075 878">
     <span class='ocr_line' id='line_1_5' title="bbox 495 805 2075 878; baseline -0.003 -14"><span class='ocrx_word' id='word_1_23' title='bbox 495 811 936 878; x_wconf 87' lang='lat' dir='ltr'><strong>Quotiescunque</strong></span> <span class='ocrx_word' id='word_1_24' title='bbox 997 807 1181 862; x_wconf 68' lang='lat' dir='ltr'><strong>ﬁdeles</strong></span> <span class='ocrx_word' id='word_1_25' title='bbox 1245 807 1316 860; x_wconf 91' lang='lat' dir='ltr'><strong>tui</strong></span> <span class='ocrx_word' id='word_1_26' title='bbox 1362 813 1716 874; x_wconf 81' lang='lat' dir='ltr'><strong>compensant</strong></span> <span class='ocrx_word' id='word_1_27' title='bbox 1779 805 2075 860; x_wconf 82' lang='lat' dir='ltr'><strong>bonitatem</strong></span> 
     </span>
    </p>
   </div>
   <div class='ocr_carea' id='block_1_6' title="bbox 498 893 2076 964">
    <p class='ocr_par' dir='ltr' id='par_1_6' title="bbox 498 893 2076 964">
     <span class='ocr_line' id='line_1_6' title="bbox 498 893 2076 964; baseline -0.003 -11"><span class='ocrx_word' id='word_1_28' title='bbox 498 910 648 953; x_wconf 89' lang='lat' dir='ltr'><strong>tuam</strong></span> <span class='ocrx_word' id='word_1_29' title='bbox 697 907 752 952; x_wconf 89' lang='lat' dir='ltr'><strong>et</strong></span> <span class='ocrx_word' id='word_1_30' title='bbox 805 898 1062 962; x_wconf 64' lang='lat' dir='ltr'><strong>aliorum,</strong></span> <span class='ocrx_word' id='word_1_31' title='bbox 1121 907 1208 950; x_wconf 91' lang='lat' dir='ltr'><strong>tua</strong></span> <span class='ocrx_word' id='word_1_32' title='bbox 1263 909 1478 964; x_wconf 79' lang='lat' dir='ltr'><strong>semper</strong></span> <span class='ocrx_word' id='word_1_33' title='bbox 1523 893 1760 948; x_wconf 73' lang='lat' dir='ltr'><strong>excellit.</strong></span> <span class='ocrx_word' id='word_1_34' title='bbox 1824 893 1975 950; x_wconf 88' lang='lat' dir='ltr'><strong>Unde</strong></span> <span class='ocrx_word' id='word_1_35' title='bbox 2025 896 2076 949; x_wconf 92' lang='lat' dir='ltr'><strong>in</strong></span> 
     </span>
    </p>
   </div>
   <div class='ocr_carea' id='block_1_7' title="bbox 494 988 2074 1061">
    <p class='ocr_par' dir='ltr' id='par_1_7' title="bbox 494 988 2074 1061">
     <span class='ocr_line' id='line_1_7' title="bbox 494 988 2074 1061; baseline -0.001 -15"><span class='ocrx_word' id='word_1_36' title='bbox 494 991 833 1060; x_wconf 86' lang='lat' dir='ltr'><strong>Evangelio:</strong></span> <span class='ocrx_word' id='word_1_37' title='bbox 873 1008 891 1041; x_wconf 72' lang='grc' dir='ltr'><strong>ι</strong></span> <span class='ocrx_word' id='word_1_38' title='bbox 927 990 1091 1044; x_wconf 78' lang='lat' dir='ltr'><strong>Nemo</strong></span> <span class='ocrx_word' id='word_1_39' title='bbox 1136 991 1307 1043; x_wconf 84' lang='lat' dir='ltr'><strong>bonus</strong></span> <span class='ocrx_word' id='word_1_40' title='bbox 1356 989 1457 1042; x_wconf 90' lang='lat' dir='ltr'><strong>nisi</strong></span> <span class='ocrx_word' id='word_1_41' title='bbox 1498 988 1644 1041; x_wconf 90' lang='lat' dir='ltr'><strong>solus</strong></span> <span class='ocrx_word' id='word_1_42' title='bbox 1697 989 1836 1042; x_wconf 89' lang='lat' dir='ltr'><strong>Deus</strong></span> <span class='ocrx_word' id='word_1_43' title='bbox 1881 989 2074 1061; x_wconf 73' lang='lat' dir='ltr'><strong>(Marc.</strong></span> 
     </span>
    </p>
   </div>
   <div class='ocr_carea' id='block_1_8' title="bbox 496 1081 2077 1155">
    <p class='ocr_par' dir='ltr' id='par_1_8' title="bbox 496 1081 2077 1155">
     <span class='ocr_line' id='line_1_8' title="bbox 496 1081 2077 1155; baseline -0.001 -17"><span class='ocrx_word' id='word_1_44' title='bbox 496 1100 662 1148; x_wconf 72' lang='grc' dir='ltr'><strong>ιιι-ιιι,</strong></span> <span class='ocrx_word' id='word_1_45' title='bbox 720 1085 829 1155; x_wconf 82' lang='grc'><strong>19).</strong></span> <span class='ocrx_word' id='word_1_46' title='bbox 879 1103 898 1135; x_wconf 80' lang='grc' dir='ltr'><strong>ι</strong></span> <span class='ocrx_word' id='word_1_47' title='bbox 948 1081 1195 1138; x_wconf 80' lang='lat' dir='ltr'><strong>Ostendit</strong></span> <span class='ocrx_word' id='word_1_48' title='bbox 1252 1089 1434 1135; x_wconf 74' lang='lat' dir='ltr'><strong>autem</strong></span> <span class='ocrx_word' id='word_1_49' title='bbox 1486 1081 1628 1136; x_wconf 64' lang='lat' dir='ltr'><strong>unde</strong></span> <span class='ocrx_word' id='word_1_50' title='bbox 1684 1083 1855 1151; x_wconf 77' lang='lat' dir='ltr'><strong>possit</strong></span> <span class='ocrx_word' id='word_1_51' title='bbox 1905 1082 2077 1137; x_wconf 91' lang='lat' dir='ltr'><strong>videri</strong></span> 
     </span>
    </p>
   </div>
   <div class='ocr_carea' id='block_1_9' title="bbox 495 1169 2081 1244">
    <p class='ocr_par' dir='ltr' id='par_1_9' title="bbox 495 1169 2081 1244">
     <span class='ocr_line' id='line_1_9' title="bbox 495 1169 2081 1244; baseline -0.004 -14"><span class='ocrx_word' id='word_1_52' title='bbox 495 1176 639 1244; x_wconf 90' lang='lat' dir='ltr'><strong>quod</strong></span> <span class='ocrx_word' id='word_1_53' title='bbox 691 1175 805 1242; x_wconf 89' lang='lat' dir='ltr'><strong>ipse</strong></span> <span class='ocrx_word' id='word_1_54' title='bbox 852 1175 1062 1236; x_wconf 87' lang='lat' dir='ltr'><strong>vincat,</strong></span> <span class='ocrx_word' id='word_1_55' title='bbox 1113 1188 1234 1226; x_wconf 87' lang='lat' dir='ltr'><strong>cum</strong></span> <span class='ocrx_word' id='word_1_56' title='bbox 1273 1173 1468 1226; x_wconf 84' lang='lat' dir='ltr'><strong>addit:</strong></span> <span class='ocrx_word' id='word_1_57' title='bbox 1516 1169 1653 1225; x_wconf 81' lang='lat' dir='ltr'><strong>Ecce</strong></span> <span class='ocrx_word' id='word_1_58' title='bbox 1697 1173 1834 1225; x_wconf 84' lang='lat' dir='ltr'><strong>enim</strong></span> <span class='ocrx_word' id='word_1_59' title='bbox 1880 1173 1933 1227; x_wconf 87' lang='lat' dir='ltr'><strong>in</strong></span> <span class='ocrx_word' id='word_1_60' title='bbox 1977 1174 2081 1226; x_wconf 85' lang='lat' dir='ltr'><strong>ini-</strong></span> 
     </span>
    </p>
   </div>
   <div class='ocr_carea' id='block_1_10' title="bbox 495 1265 2081 1338">
    <p class='ocr_par' dir='ltr' id='par_1_10' title="bbox 495 1265 2081 1338">
     <span class='ocr_line' id='line_1_10' title="bbox 495 1265 2081 1338; baseline 0.001 -18"><span class='ocrx_word' id='word_1_61' title='bbox 495 1268 813 1338; x_wconf 87' lang='lat' dir='ltr'><strong>quitatibus,</strong></span> <span class='ocrx_word' id='word_1_62' title='bbox 844 1275 952 1318; x_wconf 84' lang='lat' dir='ltr'><strong>etc.</strong></span> <span class='ocrx_word' id='word_1_63' title='bbox 988 1265 1138 1331; x_wconf 87' lang='lat' dir='ltr'><strong>Quod</strong></span> <span class='ocrx_word' id='word_1_64' title='bbox 1192 1265 1270 1319; x_wconf 92' lang='lat' dir='ltr'><strong>sic</strong></span> <span class='ocrx_word' id='word_1_65' title='bbox 1317 1265 1708 1320; x_wconf 81' lang='lat' dir='ltr'><strong>continuatur:</strong></span> <span class='ocrx_word' id='word_1_66' title='bbox 1744 1266 1875 1320; x_wconf 93' lang='lat' dir='ltr'><strong>Dico</strong></span> <span class='ocrx_word' id='word_1_67' title='bbox 1907 1266 2081 1321; x_wconf 88' lang='lat' dir='ltr'><strong>vincis</strong></span> 
     </span>
    </p>
   </div>
   <div class='ocr_carea' id='block_1_11' title="bbox 497 1354 1692 1424">
    <p class='ocr_par' dir='ltr' id='par_1_11' title="bbox 497 1354 1692 1424">
     <span class='ocr_line' id='line_1_11' title="bbox 497 1354 1692 1424; baseline -0.001 -14"><span class='ocrx_word' id='word_1_68' title='bbox 497 1374 615 1410; x_wconf 83' lang='lat' dir='ltr'><strong>cum</strong></span> <span class='ocrx_word' id='word_1_69' title='bbox 639 1355 904 1424; x_wconf 79' lang='lat' dir='ltr'><strong>judicaris</strong></span> <span class='ocrx_word' id='word_1_70' title='bbox 932 1371 958 1408; x_wconf 88' lang='lat' dir='ltr'><strong>a</strong></span> <span class='ocrx_word' id='word_1_71' title='bbox 990 1354 1256 1420; x_wconf 84' lang='lat' dir='ltr'><strong>ﬁdelibus,</strong></span> <span class='ocrx_word' id='word_1_72' title='bbox 1284 1365 1337 1409; x_wconf 90' lang='lat' dir='ltr'><strong>et</strong></span> <span class='ocrx_word' id='word_1_73' title='bbox 1361 1370 1549 1408; x_wconf 80' lang='lat' dir='ltr'><strong>verum</strong></span> <span class='ocrx_word' id='word_1_74' title='bbox 1590 1365 1692 1410; x_wconf 89' lang='lat' dir='ltr'><strong>est.</strong></span> 
     </span>
    </p>
   </div>
   <div class='ocr_carea' id='block_1_12' title="bbox 567 1447 2079 1521">
    <p class='ocr_par' dir='ltr' id='par_1_12' title="bbox 567 1447 2079 1521">
     <span class='ocr_line' id='line_1_12' title="bbox 567 1447 2079 1521; baseline 0.002 -20"><span class='ocrx_word' id='word_1_75' title='bbox 567 1447 702 1502; x_wconf 81' lang='lat' dir='ltr'><strong>Ecce</strong></span> <span class='ocrx_word' id='word_1_76' title='bbox 733 1448 868 1500; x_wconf 87' lang='lat' dir='ltr'><strong>enim</strong></span> <span class='ocrx_word' id='word_1_77' title='bbox 901 1447 952 1501; x_wconf 88' lang='lat' dir='ltr'><strong>in</strong></span> <span class='ocrx_word' id='word_1_78' title='bbox 986 1447 1238 1516; x_wconf 72' lang='lat' dir='ltr'><strong>prmscnti</strong></span> <span class='ocrx_word' id='word_1_79' title='bbox 1270 1457 1352 1502; x_wconf 91' lang='lat' dir='ltr'><strong>est</strong></span> <span class='ocrx_word' id='word_1_80' title='bbox 1373 1489 1388 1513; x_wconf 92' lang='lat'><strong>,</strong></span> <span class='ocrx_word' id='word_1_81' title='bbox 1433 1449 1574 1504; x_wconf 87' lang='lat' dir='ltr'><strong>unde</strong></span> <span class='ocrx_word' id='word_1_82' title='bbox 1608 1449 1781 1519; x_wconf 86' lang='lat' dir='ltr'><strong>possit</strong></span> <span class='ocrx_word' id='word_1_83' title='bbox 1823 1450 1926 1506; x_wconf 93' lang='lat' dir='ltr'><strong>hoc</strong></span> <span class='ocrx_word' id='word_1_84' title='bbox 1954 1464 2079 1521; x_wconf 89' lang='lat' dir='ltr'><strong>pcr-</strong></span> 
     </span>
    </p>
   </div>
   <div class='ocr_carea' id='block_1_13' title="bbox 495 1536 2079 1613">
    <p class='ocr_par' dir='ltr' id='par_1_13' title="bbox 495 1536 2079 1613">
     <span class='ocr_line' id='line_1_13' title="bbox 495 1536 2079 1613; baseline 0 -15"><span class='ocrx_word' id='word_1_85' title='bbox 495 1544 600 1613; x_wconf 90' lang='lat' dir='ltr'><strong>cipi</strong></span> <span class='ocrx_word' id='word_1_86' title='bbox 622 1584 636 1609; x_wconf 96' lang='lat'><strong>,</strong></span> <span class='ocrx_word' id='word_1_87' title='bbox 668 1543 810 1612; x_wconf 92' lang='lat' dir='ltr'><strong>quod</strong></span> <span class='ocrx_word' id='word_1_88' title='bbox 845 1544 1005 1597; x_wconf 83' lang='lat' dir='ltr'><strong>vincis</strong></span> <span class='ocrx_word' id='word_1_89' title='bbox 1033 1536 1088 1598; x_wconf 84' lang='lat' dir='ltr'><strong>et</strong></span> <span class='ocrx_word' id='word_1_90' title='bbox 1118 1558 1202 1597; x_wconf 92' lang='lat' dir='ltr'><strong>me</strong></span> <span class='ocrx_word' id='word_1_91' title='bbox 1223 1554 1274 1597; x_wconf 86' lang='lat' dir='ltr'><strong>et</strong></span> <span class='ocrx_word' id='word_1_92' title='bbox 1298 1559 1488 1598; x_wconf 89' lang='lat' dir='ltr'><strong>omnes</strong></span> <span class='ocrx_word' id='word_1_93' title='bbox 1515 1545 1564 1598; x_wconf 93' lang='lat' dir='ltr'><strong>in</strong></span> <span class='ocrx_word' id='word_1_94' title='bbox 1597 1543 1834 1598; x_wconf 88' lang='lat' dir='ltr'><strong>humano</strong></span> <span class='ocrx_word' id='word_1_95' title='bbox 1861 1559 2079 1613; x_wconf 81' lang='lat' dir='ltr'><strong>genere.</strong></span> 
     </span>
    </p>
   </div>
   <div class='ocr_carea' id='block_1_14' title="bbox 492 1634 2083 1706">
    <p class='ocr_par' dir='ltr' id='par_1_14' title="bbox 492 1634 2083 1706">
     <span class='ocr_line' id='line_1_14' title="bbox 492 1634 2083 1706; baseline -0.001 -18"><span class='ocrx_word' id='word_1_96' title='bbox 492 1634 627 1688; x_wconf 85' lang='lat' dir='ltr'><strong>Nam</strong></span> <span class='ocrx_word' id='word_1_97' title='bbox 653 1649 774 1689; x_wconf 89' lang='lat' dir='ltr'><strong>cum</strong></span> <span class='ocrx_word' id='word_1_98' title='bbox 809 1646 861 1688; x_wconf 92' lang='lat' dir='ltr'><strong>tu</strong></span> <span class='ocrx_word' id='word_1_99' title='bbox 894 1634 969 1688; x_wconf 89' lang='lat' dir='ltr'><strong>sis</strong></span> <span class='ocrx_word' id='word_1_100' title='bbox 1002 1634 1259 1689; x_wconf 84' lang='lat' dir='ltr'><strong>innnunis</strong></span> <span class='ocrx_word' id='word_1_101' title='bbox 1297 1650 1328 1690; x_wconf 89' lang='lat' dir='ltr'><strong>a</strong></span> <span class='ocrx_word' id='word_1_102' title='bbox 1369 1636 1609 1705; x_wconf 77' lang='lat' dir='ltr'><strong>peccatis</strong></span> <span class='ocrx_word' id='word_1_103' title='bbox 1630 1679 1644 1702; x_wconf 91' lang='lat'><strong>,</strong></span> <span class='ocrx_word' id='word_1_104' title='bbox 1671 1651 1769 1706; x_wconf 84' lang='lat' dir='ltr'><strong>ego</strong></span> <span class='ocrx_word' id='word_1_105' title='bbox 1797 1636 1849 1689; x_wconf 89' lang='lat' dir='ltr'><strong>in</strong></span> <span class='ocrx_word' id='word_1_106' title='bbox 1888 1636 2083 1706; x_wconf 82' lang='lat' dir='ltr'><strong>iniqui-</strong></span> 
     </span>
    </p>
   </div>
   <div class='ocr_carea' id='block_1_15' title="bbox 493 1725 2078 1798">
    <p class='ocr_par' dir='ltr' id='par_1_15' title="bbox 493 1725 2078 1798">
     <span class='ocr_line' id='line_1_15' title="bbox 493 1725 2078 1798; baseline 0.003 -20"><span class='ocrx_word' id='word_1_107' title='bbox 493 1725 687 1780; x_wconf 75' lang='lat' dir='ltr'><strong>tatibus</strong></span> <span class='ocrx_word' id='word_1_108' title='bbox 718 1725 1075 1796; x_wconf 86' lang='lat' dir='ltr'><strong>originalibus</strong></span> <span class='ocrx_word' id='word_1_109' title='bbox 1101 1737 1375 1796; x_wconf 86' lang='lat' dir='ltr'><strong>conceptus</strong></span> <span class='ocrx_word' id='word_1_110' title='bbox 1404 1745 1555 1793; x_wconf 84' lang='lat' dir='ltr'><strong>sum;</strong></span> <span class='ocrx_word' id='word_1_111' title='bbox 1588 1727 1729 1798; x_wconf 90' lang='lat' dir='ltr'><strong>quod</strong></span> <span class='ocrx_word' id='word_1_112' title='bbox 1760 1737 1843 1781; x_wconf 85' lang='lat' dir='ltr'><strong>est</strong></span> <span class='ocrx_word' id='word_1_113' title='bbox 1870 1728 2078 1782; x_wconf 86' lang='lat' dir='ltr'><strong>dicere:</strong></span> 
     </span>
    </p>
   </div>
   <div class='ocr_carea' id='block_1_16' title="bbox 492 1815 2084 1888">
    <p class='ocr_par' dir='ltr' id='par_1_16' title="bbox 492 1815 2084 1888">
     <span class='ocr_line' id='line_1_16' title="bbox 492 1815 2084 1888; baseline 0.001 -18"><span class='ocrx_word' id='word_1_114' title='bbox 492 1815 606 1888; x_wconf 77' lang='lat' dir='ltr'><strong>Ego</strong></span> <span class='ocrx_word' id='word_1_115' title='bbox 634 1817 877 1872; x_wconf 77' lang='lat' dir='ltr'><strong>existens</strong></span> <span class='ocrx_word' id='word_1_116' title='bbox 901 1819 1052 1888; x_wconf 88' lang='lat' dir='ltr'><strong>prius</strong></span> <span class='ocrx_word' id='word_1_117' title='bbox 1079 1819 1130 1870; x_wconf 88' lang='lat' dir='ltr'><strong>in</strong></span> <span class='ocrx_word' id='word_1_118' title='bbox 1161 1819 1527 1888; x_wconf 77' lang='lat' dir='ltr'><strong>iniquitatibus</strong></span> <span class='ocrx_word' id='word_1_119' title='bbox 1553 1818 1927 1888; x_wconf 88' lang='lat' dir='ltr'><strong>originalihus,</strong></span> <span class='ocrx_word' id='word_1_120' title='bbox 1960 1835 2084 1872; x_wconf 91' lang='lat' dir='ltr'><strong>con-</strong></span> 
     </span>
    </p>
   </div>
   <div class='ocr_carea' id='block_1_17' title="bbox 493 1909 2082 1978">
    <p class='ocr_par' dir='ltr' id='par_1_17' title="bbox 493 1909 2082 1978">
     <span class='ocr_line' id='line_1_17' title="bbox 493 1909 2082 1978; baseline 0 -16"><span class='ocrx_word' id='word_1_121' title='bbox 493 1919 671 1978; x_wconf 86' lang='lat' dir='ltr'><strong>ceptus</strong></span> <span class='ocrx_word' id='word_1_122' title='bbox 701 1927 817 1963; x_wconf 86' lang='lat' dir='ltr'><strong>sum</strong></span> <span class='ocrx_word' id='word_1_123' title='bbox 845 1926 872 1962; x_wconf 91' lang='lat' dir='ltr'><strong>a</strong></span> <span class='ocrx_word' id='word_1_124' title='bbox 905 1921 1080 1964; x_wconf 90' lang='lat' dir='ltr'><strong>matre</strong></span> <span class='ocrx_word' id='word_1_125' title='bbox 1110 1925 1249 1963; x_wconf 85' lang='lat' dir='ltr'><strong>mea.</strong></span> <span class='ocrx_word' id='word_1_126' title='bbox 1281 1910 1359 1964; x_wconf 86' lang='lat' dir='ltr'><strong>Ac</strong></span> <span class='ocrx_word' id='word_1_127' title='bbox 1390 1909 1432 1964; x_wconf 91' lang='lat' dir='ltr'><strong>si</strong></span> <span class='ocrx_word' id='word_1_128' title='bbox 1468 1911 1614 1964; x_wconf 81' lang='lat' dir='ltr'><strong>dicat</strong></span> <span class='ocrx_word' id='word_1_129' title='bbox 1651 1928 1664 1962; x_wconf 92' lang='lat'>:</span> <span class='ocrx_word' id='word_1_130' title='bbox 1715 1911 2018 1978; x_wconf 73' lang='lat' dir='ltr'><strong>Antequam</strong></span> <span class='ocrx_word' id='word_1_131' title='bbox 2051 1927 2082 1962; x_wconf 91' lang='lat' dir='ltr'><strong>a</strong></span> 
     </span>
    </p>
   </div>
   <div class='ocr_carea' id='block_1_18' title="bbox 492 1989 2081 2071">
    <p class='ocr_par' dir='ltr' id='par_1_18' title="bbox 492 1989 2081 2071">
     <span class='ocr_line' id='line_1_18' title="bbox 492 1989 2081 2071; baseline -0.001 -18"><span class='ocrx_word' id='word_1_132' title='bbox 492 2009 658 2053; x_wconf 84' lang='lat' dir='ltr'><strong>matre</strong></span> <span class='ocrx_word' id='word_1_133' title='bbox 680 2001 1015 2071; x_wconf 87' lang='lat' dir='ltr'><strong>conciperer,</strong></span> <span class='ocrx_word' id='word_1_134' title='bbox 1035 1989 1156 2055; x_wconf 73' lang='lat' dir='ltr'><strong>cuin</strong></span> <span class='ocrx_word' id='word_1_135' title='bbox 1186 2001 1363 2055; x_wconf 89' lang='lat' dir='ltr'><strong>adhuc</strong></span> <span class='ocrx_word' id='word_1_136' title='bbox 1388 2001 1441 2054; x_wconf 92' lang='lat' dir='ltr'><strong>in</strong></span> <span class='ocrx_word' id='word_1_137' title='bbox 1466 2001 1664 2054; x_wconf 89' lang='lat' dir='ltr'><strong>lumbis</strong></span> <span class='ocrx_word' id='word_1_138' title='bbox 1690 2001 1861 2070; x_wconf 85' lang='lat' dir='ltr'><strong>patris</strong></span> <span class='ocrx_word' id='word_1_139' title='bbox 1885 2015 2081 2064; x_wconf 85' lang='lat' dir='ltr'><strong>essem,</strong></span> 
     </span>
    </p>
   </div>
   <div class='ocr_carea' id='block_1_19' title="bbox 489 2088 2086 2164">
    <p class='ocr_par' dir='ltr' id='par_1_19' title="bbox 489 2088 2086 2164">
     <span class='ocr_line' id='line_1_19' title="bbox 489 2088 2086 2164; baseline 0.004 -24"><span class='ocrx_word' id='word_1_140' title='bbox 489 2088 600 2158; x_wconf 70' lang='lat' dir='ltr'><strong>jam</strong></span> <span class='ocrx_word' id='word_1_141' title='bbox 629 2092 684 2145; x_wconf 85' lang='lat' dir='ltr'><strong>in</strong></span> <span class='ocrx_word' id='word_1_142' title='bbox 709 2091 1071 2158; x_wconf 68' lang='lat' dir='ltr'><strong>iniquitatibus</strong></span> <span class='ocrx_word' id='word_1_143' title='bbox 1095 2092 1450 2164; x_wconf 84' lang='lat' dir='ltr'><strong>originalibus</strong></span> <span class='ocrx_word' id='word_1_144' title='bbox 1475 2108 1648 2147; x_wconf 87' lang='lat' dir='ltr'><strong>eram.</strong></span> <span class='ocrx_word' id='word_1_145' title='bbox 1677 2092 1830 2148; x_wconf 89' lang='lat' dir='ltr'><strong>Unde</strong></span> <span class='ocrx_word' id='word_1_146' title='bbox 1853 2095 2086 2163; x_wconf 81' lang='lat' dir='ltr'><strong>Aposto-</strong></span> 
     </span>
    </p>
   </div>
   <div class='ocr_carea' id='block_1_20' title="bbox 494 2183 2080 2257">
    <p class='ocr_par' dir='ltr' id='par_1_20' title="bbox 494 2183 2080 2257">
     <span class='ocr_line' id='line_1_20' title="bbox 494 2183 2080 2257; baseline 0.001 -19"><span class='ocrx_word' id='word_1_147' title='bbox 494 2183 667 2238; x_wconf 75' lang='lat' dir='ltr'><strong>stolus</strong></span> <span class='ocrx_word' id='word_1_148' title='bbox 705 2203 717 2238; x_wconf 92' lang='lat'><strong>:</strong></span> <span class='ocrx_word' id='word_1_149' title='bbox 763 2203 780 2236; x_wconf 76' lang='grc' dir='ltr'><strong>ι</strong></span> <span class='ocrx_word' id='word_1_150' title='bbox 819 2185 960 2240; x_wconf 87' lang='lat' dir='ltr'><strong>Mors</strong></span> <span class='ocrx_word' id='word_1_151' title='bbox 987 2185 1038 2239; x_wconf 89' lang='lat' dir='ltr'><strong>in</strong></span> <span class='ocrx_word' id='word_1_152' title='bbox 1070 2201 1262 2240; x_wconf 88' lang='lat' dir='ltr'><strong>omnes</strong></span> <span class='ocrx_word' id='word_1_153' title='bbox 1304 2186 1620 2256; x_wconf 90' lang='lat' dir='ltr'><strong>pertransiit</strong></span> <span class='ocrx_word' id='word_1_154' title='bbox 1647 2185 1820 2257; x_wconf 84' lang='lat' dir='ltr'><strong>(Rom.</strong></span> <span class='ocrx_word' id='word_1_155' title='bbox 1853 2203 1905 2250; x_wconf 90' lang='lat' dir='ltr'><strong>v,</strong></span> <span class='ocrx_word' id='word_1_156' title='bbox 1939 2186 2026 2254; x_wconf 77' lang='lat'><strong>1‘2.)</strong></span> <span class='ocrx_word' id='word_1_157' title='bbox 2061 2206 2080 2238; x_wconf 75' lang='grc' dir='ltr'><strong>ι</strong></span> 
     </span>
    </p>
   </div>
   <div class='ocr_carea' id='block_1_21' title="bbox 496 2275 2085 2347">
    <p class='ocr_par' dir='ltr' id='par_1_21' title="bbox 496 2275 2085 2347">
     <span class='ocr_line' id='line_1_21' title="bbox 496 2275 2085 2347; baseline 0.001 -18"><span class='ocrx_word' id='word_1_158' title='bbox 496 2275 551 2330; x_wconf 90' lang='lat' dir='ltr'><strong>id</strong></span> <span class='ocrx_word' id='word_1_159' title='bbox 584 2285 667 2330; x_wconf 70' lang='lat' dir='ltr'><strong>e.~t</strong></span> <span class='ocrx_word' id='word_1_160' title='bbox 691 2285 972 2345; x_wconf 79' lang='lat' dir='ltr'><strong>peccatum</strong></span> <span class='ocrx_word' id='word_1_161' title='bbox 1005 2277 1301 2347; x_wconf 87' lang='lat' dir='ltr'><strong>originale,</strong></span> <span class='ocrx_word' id='word_1_162' title='bbox 1330 2293 1430 2346; x_wconf 70' lang='lat' dir='ltr'><strong>prr</strong></span> <span class='ocrx_word' id='word_1_163' title='bbox 1455 2279 1597 2346; x_wconf 92' lang='lat' dir='ltr'><strong>quod</strong></span> <span class='ocrx_word' id='word_1_164' title='bbox 1629 2277 1694 2329; x_wconf 89' lang='lat' dir='ltr'><strong>ad</strong></span> <span class='ocrx_word' id='word_1_165' title='bbox 1735 2287 1965 2331; x_wconf 88' lang='lat' dir='ltr'><strong>mortem</strong></span> <span class='ocrx_word' id='word_1_166' title='bbox 1991 2293 2085 2331; x_wconf 53' lang='lat' dir='ltr'><strong>vi-</strong></span> 
     </span>
    </p>
   </div>
   <div class='ocr_carea' id='block_1_22' title="bbox 502 2362 2089 2434">
    <p class='ocr_par' dir='ltr' id='par_1_22' title="bbox 502 2362 2089 2434">
     <span class='ocr_line' id='line_1_22' title="bbox 502 2362 2089 2434; baseline 0.003 -20"><span class='ocrx_word' id='word_1_167' title='bbox 502 2362 674 2429; x_wconf 88' lang='lat' dir='ltr'><strong>nitur,</strong></span> <span class='ocrx_word' id='word_1_168' title='bbox 725 2364 826 2417; x_wconf 83' lang='lat' dir='ltr'><strong>nisi</strong></span> <span class='ocrx_word' id='word_1_169' title='bbox 872 2364 1196 2434; x_wconf 67' lang='lat' dir='ltr'><strong>baptismate</strong></span> <span class='ocrx_word' id='word_1_170' title='bbox 1241 2374 1522 2434; x_wconf 82' lang='lat' dir='ltr'><strong>purgetur.</strong></span> <span class='ocrx_word' id='word_1_171' title='bbox 1575 2364 1691 2418; x_wconf 76' lang='lat' dir='ltr'><strong>Non</strong></span> <span class='ocrx_word' id='word_1_172' title='bbox 1737 2365 1912 2419; x_wconf 83' lang='lat' dir='ltr'><strong>solum</strong></span> <span class='ocrx_word' id='word_1_173' title='bbox 1964 2374 2089 2420; x_wconf 90' lang='lat' dir='ltr'><strong>ante</strong></span> 
     </span>
    </p>
   </div>
   <div class='ocr_carea' id='block_1_23' title="bbox 498 2453 2087 2526">
    <p class='ocr_par' dir='ltr' id='par_1_23' title="bbox 498 2453 2087 2526">
     <span class='ocr_line' id='line_1_23' title="bbox 498 2453 2087 2526; baseline 0 -19"><span class='ocrx_word' id='word_1_174' title='bbox 498 2453 910 2522; x_wconf 84' lang='lat' dir='ltr'><strong>conceptionem</strong></span> <span class='ocrx_word' id='word_1_175' title='bbox 958 2454 1032 2508; x_wconf 80' lang='lat' dir='ltr'><strong>fui</strong></span> <span class='ocrx_word' id='word_1_176' title='bbox 1081 2456 1133 2509; x_wconf 84' lang='lat' dir='ltr'><strong>in</strong></span> <span class='ocrx_word' id='word_1_177' title='bbox 1185 2455 1545 2526; x_wconf 77' lang='lat' dir='ltr'><strong>iniquitatibus</strong></span> <span class='ocrx_word' id='word_1_178' title='bbox 1570 2455 1964 2526; x_wconf 87' lang='lat' dir='ltr'><strong>originalibus,</strong></span> <span class='ocrx_word' id='word_1_179' title='bbox 1995 2455 2087 2508; x_wconf 88' lang='lat' dir='ltr'><strong>sed</strong></span> 
     </span>
    </p>
   </div>
   <div class='ocr_carea' id='block_1_24' title="bbox 498 2547 2089 2617">
    <p class='ocr_par' dir='ltr' id='par_1_24' title="bbox 498 2547 2089 2617">
     <span class='ocr_line' id='line_1_24' title="bbox 498 2547 2089 2617; baseline 0.001 -17"><span class='ocrx_word' id='word_1_180' title='bbox 498 2558 546 2600; x_wconf 82' lang='lat' dir='ltr'><strong>ct</strong></span> <span class='ocrx_word' id='word_1_181' title='bbox 579 2563 659 2599; x_wconf 81' lang='lat' dir='ltr'><strong>me</strong></span> <span class='ocrx_word' id='word_1_182' title='bbox 681 2547 910 2617; x_wconf 82' lang='lat' dir='ltr'><strong>concepit</strong></span> <span class='ocrx_word' id='word_1_183' title='bbox 936 2558 1103 2600; x_wconf 86' lang='lat' dir='ltr'><strong>mater</strong></span> <span class='ocrx_word' id='word_1_184' title='bbox 1139 2548 1344 2601; x_wconf 81' lang='lat' dir='ltr'><strong>mea.in</strong></span> <span class='ocrx_word' id='word_1_185' title='bbox 1379 2548 1640 2615; x_wconf 80' lang='lat' dir='ltr'><strong>peccatis,</strong></span> <span class='ocrx_word' id='word_1_186' title='bbox 1673 2548 1723 2601; x_wconf 90' lang='lat' dir='ltr'><strong>id</strong></span> <span class='ocrx_word' id='word_1_187' title='bbox 1761 2557 1841 2602; x_wconf 89' lang='lat' dir='ltr'><strong>est</strong></span> <span class='ocrx_word' id='word_1_188' title='bbox 1885 2547 1939 2601; x_wconf 86' lang='lat' dir='ltr'><strong>in</strong></span> <span class='ocrx_word' id='word_1_189' title='bbox 1987 2549 2089 2601; x_wconf 85' lang='lat' dir='ltr'><strong>ini-</strong></span> 
     </span>
    </p>
   </div>
   <div class='ocr_carea' id='block_1_25' title="bbox 499 2636 2091 2708">
    <p class='ocr_par' dir='ltr' id='par_1_25' title="bbox 499 2636 2091 2708">
     <span class='ocr_line' id='line_1_25' title="bbox 499 2636 2091 2708; baseline 0.002 -20"><span class='ocrx_word' id='word_1_190' title='bbox 499 2636 788 2700; x_wconf 83' lang='lat' dir='ltr'><strong>quitatibus</strong></span> <span class='ocrx_word' id='word_1_191' title='bbox 834 2637 1222 2708; x_wconf 86' lang='lat' dir='ltr'><strong>originalibus,</strong></span> <span class='ocrx_word' id='word_1_192' title='bbox 1254 2638 1306 2691; x_wconf 98' lang='lat' dir='ltr'><strong>id</strong></span> <span class='ocrx_word' id='word_1_193' title='bbox 1340 2645 1423 2692; x_wconf 89' lang='lat' dir='ltr'><strong>est</strong></span> <span class='ocrx_word' id='word_1_194' title='bbox 1465 2639 1558 2692; x_wconf 89' lang='lat' dir='ltr'><strong>sed</strong></span> <span class='ocrx_word' id='word_1_195' title='bbox 1587 2647 1642 2691; x_wconf 76' lang='lat' dir='ltr'><strong>et</strong></span> <span class='ocrx_word' id='word_1_196' title='bbox 1672 2639 1722 2690; x_wconf 90' lang='lat' dir='ltr'><strong>in</strong></span> <span class='ocrx_word' id='word_1_197' title='bbox 1753 2639 1866 2706; x_wconf 88' lang='lat' dir='ltr'><strong>ipsa</strong></span> <span class='ocrx_word' id='word_1_198' title='bbox 1897 2653 2091 2704; x_wconf 87' lang='lat' dir='ltr'><strong>conce-</strong></span> 
     </span>
    </p>
   </div>
   <div class='ocr_carea' id='block_1_26' title="bbox 497 2727 2090 2798">
    <p class='ocr_par' dir='ltr' id='par_1_26' title="bbox 497 2727 2090 2798">
     <span class='ocr_line' id='line_1_26' title="bbox 497 2727 2090 2798; baseline 0.003 -18"><span class='ocrx_word' id='word_1_199' title='bbox 497 2727 682 2796; x_wconf 86' lang='lat' dir='ltr'><strong>ptione</strong></span> <span class='ocrx_word' id='word_1_200' title='bbox 716 2729 784 2783; x_wconf 89' lang='lat' dir='ltr'><strong>l&#39;ui</strong></span> <span class='ocrx_word' id='word_1_201' title='bbox 813 2731 866 2783; x_wconf 88' lang='lat' dir='ltr'><strong>in</strong></span> <span class='ocrx_word' id='word_1_202' title='bbox 913 2730 1042 2798; x_wconf 89' lang='lat' dir='ltr'><strong>ipsis</strong></span> <span class='ocrx_word' id='word_1_203' title='bbox 1083 2730 1451 2792; x_wconf 73' lang='lat' dir='ltr'><strong>iniquitatibus</strong></span> <span class='ocrx_word' id='word_1_204' title='bbox 1479 2730 1858 2798; x_wconf 69' lang='lat' dir='ltr'><strong>originalihus.</strong></span> <span class='ocrx_word' id='word_1_205' title='bbox 1892 2730 1957 2784; x_wconf 87' lang='lat' dir='ltr'><strong>Et</strong></span> <span class='ocrx_word' id='word_1_206' title='bbox 1989 2731 2090 2786; x_wconf 90' lang='lat' dir='ltr'><strong>hoc</strong></span> 
     </span>
    </p>
   </div>
   <div class='ocr_carea' id='block_1_27' title="bbox 501 2821 2091 2891">
    <p class='ocr_par' dir='ltr' id='par_1_27' title="bbox 501 2821 2091 2891">
     <span class='ocr_line' id='line_1_27' title="bbox 501 2821 2091 2891; baseline -0.002 -14"><span class='ocrx_word' id='word_1_207' title='bbox 501 2829 671 2877; x_wconf 75' lang='lat' dir='ltr'><strong>tofuzu</strong></span> <span class='ocrx_word' id='word_1_208' title='bbox 702 2831 785 2876; x_wconf 86' lang='lat' dir='ltr'><strong>est</strong></span> <span class='ocrx_word' id='word_1_209' title='bbox 815 2838 877 2877; x_wconf 90' lang='lat' dir='ltr'><strong>ac</strong></span> <span class='ocrx_word' id='word_1_210' title='bbox 912 2822 957 2877; x_wconf 91' lang='lat' dir='ltr'><strong>si</strong></span> <span class='ocrx_word' id='word_1_211' title='bbox 992 2821 1234 2877; x_wconf 83' lang='lat' dir='ltr'><strong>breviter</strong></span> <span class='ocrx_word' id='word_1_212' title='bbox 1280 2828 1545 2891; x_wconf 82' lang='lat' dir='ltr'><strong>poneret:</strong></span> <span class='ocrx_word' id='word_1_213' title='bbox 1598 2821 1654 2875; x_wconf 92' lang='lat' dir='ltr'><strong>In</strong></span> <span class='ocrx_word' id='word_1_214' title='bbox 1702 2822 1803 2876; x_wconf 92' lang='lat' dir='ltr'><strong>hoc</strong></span> <span class='ocrx_word' id='word_1_215' title='bbox 1831 2829 1884 2876; x_wconf 85' lang='lat' dir='ltr'><strong>et</strong></span> <span class='ocrx_word' id='word_1_216' title='bbox 1917 2837 2001 2875; x_wconf 90' lang='lat' dir='ltr'><strong>me</strong></span> <span class='ocrx_word' id='word_1_217' title='bbox 2037 2831 2091 2877; x_wconf 91' lang='lat' dir='ltr'><strong>et</strong></span> 
     </span>
    </p>
   </div>
   <div class='ocr_carea' id='block_1_28' title="bbox 500 2913 2092 2981">
    <p class='ocr_par' dir='ltr' id='par_1_28' title="bbox 500 2913 2092 2981">
     <span class='ocr_line' id='line_1_28' title="bbox 500 2913 2092 2981; baseline 0.003 -17"><span class='ocrx_word' id='word_1_218' title='bbox 500 2925 689 2965; x_wconf 78' lang='lat' dir='ltr'><strong>onrnes</strong></span> <span class='ocrx_word' id='word_1_219' title='bbox 725 2913 993 2980; x_wconf 85' lang='lat' dir='ltr'><strong>humanos</strong></span> <span class='ocrx_word' id='word_1_220' title='bbox 1030 2913 1230 2980; x_wconf 86' lang='lat' dir='ltr'><strong>vincis,</strong></span> <span class='ocrx_word' id='word_1_221' title='bbox 1261 2914 1385 2980; x_wconf 88' lang='lat' dir='ltr'><strong>quia</strong></span> <span class='ocrx_word' id='word_1_222' title='bbox 1418 2923 1474 2966; x_wconf 89' lang='lat' dir='ltr'><strong>ttt</strong></span> <span class='ocrx_word' id='word_1_223' title='bbox 1513 2927 1728 2981; x_wconf 80' lang='lat' dir='ltr'><strong>semper</strong></span> <span class='ocrx_word' id='word_1_224' title='bbox 1754 2913 2010 2967; x_wconf 88' lang='lat' dir='ltr'><strong>immunis</strong></span> <span class='ocrx_word' id='word_1_225' title='bbox 2033 2929 2092 2969; x_wconf 90' lang='lat' dir='ltr'><strong>es</strong></span> 
     </span>
    </p>
   </div>
   <div class='ocr_carea' id='block_1_29' title="bbox 499 3005 2091 3073">
    <p class='ocr_par' dir='ltr' id='par_1_29' title="bbox 499 3005 2091 3073">
     <span class='ocr_line' id='line_1_29' title="bbox 499 3005 2091 3073; baseline 0.003 -17"><span class='ocrx_word' id='word_1_226' title='bbox 499 3018 531 3056; x_wconf 90' lang='lat' dir='ltr'><strong>a</strong></span> <span class='ocrx_word' id='word_1_227' title='bbox 563 3013 816 3072; x_wconf 71' lang='lat' dir='ltr'><strong>peccato,</strong></span> <span class='ocrx_word' id='word_1_228' title='bbox 850 3018 949 3073; x_wconf 88' lang='lat' dir='ltr'><strong>ego</strong></span> <span class='ocrx_word' id='word_1_229' title='bbox 977 3021 1104 3060; x_wconf 87' lang='lat' dir='ltr'><strong>vero</strong></span> <span class='ocrx_word' id='word_1_230' title='bbox 1137 3015 1192 3060; x_wconf 90' lang='lat' dir='ltr'><strong>et</strong></span> <span class='ocrx_word' id='word_1_231' title='bbox 1223 3021 1410 3059; x_wconf 87' lang='lat' dir='ltr'><strong>onmes</strong></span> <span class='ocrx_word' id='word_1_232' title='bbox 1438 3005 1698 3070; x_wconf 88' lang='lat' dir='ltr'><strong>humani,</strong></span> <span class='ocrx_word' id='word_1_233' title='bbox 1727 3014 1781 3059; x_wconf 93' lang='lat' dir='ltr'><strong>ct</strong></span> <span class='ocrx_word' id='word_1_234' title='bbox 1810 3016 1938 3061; x_wconf 89' lang='lat' dir='ltr'><strong>aute</strong></span> <span class='ocrx_word' id='word_1_235' title='bbox 1961 3021 2091 3061; x_wconf 88' lang='lat' dir='ltr'><strong>con-</strong></span> 
     </span>
    </p>
   </div>
   <div class='ocr_carea' id='block_1_30' title="bbox 501 3098 2095 3172">
    <p class='ocr_par' dir='ltr' id='par_1_30' title="bbox 501 3098 2095 3172">
     <span class='ocr_line' id='line_1_30' title="bbox 501 3098 2095 3172; baseline 0.003 -20"><span class='ocrx_word' id='word_1_236' title='bbox 501 3098 809 3166; x_wconf 89' lang='lat' dir='ltr'><strong>ceptionem</strong></span> <span class='ocrx_word' id='word_1_237' title='bbox 831 3140 844 3160; x_wconf 88' lang='lat'><strong>,</strong></span> <span class='ocrx_word' id='word_1_238' title='bbox 881 3109 934 3154; x_wconf 91' lang='lat' dir='ltr'><strong>et</strong></span> <span class='ocrx_word' id='word_1_239' title='bbox 966 3100 1017 3154; x_wconf 94' lang='lat' dir='ltr'><strong>in</strong></span> <span class='ocrx_word' id='word_1_240' title='bbox 1049 3100 1162 3170; x_wconf 87' lang='lat' dir='ltr'><strong>ipsa</strong></span> <span class='ocrx_word' id='word_1_241' title='bbox 1207 3101 1562 3170; x_wconf 90' lang='lat' dir='ltr'><strong>conceptione</strong></span> <span class='ocrx_word' id='word_1_242' title='bbox 1593 3101 1953 3172; x_wconf 81' lang='lat' dir='ltr'><strong>iniquitatibus</strong></span> <span class='ocrx_word' id='word_1_243' title='bbox 1983 3103 2095 3157; x_wconf 87' lang='lat' dir='ltr'><strong>ori-</strong></span> 
     </span>
    </p>
   </div>
   <div class='ocr_carea' id='block_1_31' title="bbox 501 3173 2164 3263">
    <p class='ocr_par' dir='ltr' id='par_1_31' title="bbox 501 3173 2164 3263">
     <span class='ocr_line' id='line_1_31' title="bbox 501 3173 2164 3263; baseline 0.005 -22"><span class='ocrx_word' id='word_1_244' title='bbox 501 3189 768 3260; x_wconf 88' lang='lat' dir='ltr'><strong>ginalibus</strong></span> <span class='ocrx_word' id='word_1_245' title='bbox 792 3207 1173 3262; x_wconf 82' lang='lat' dir='ltr'><strong>aggravamur.</strong></span> <span class='ocrx_word' id='word_1_246' title='bbox 1199 3193 1342 3249; x_wconf 81' lang='lat' dir='ltr'><strong>Bene</strong></span> <span class='ocrx_word' id='word_1_247' title='bbox 1361 3193 1579 3263; x_wconf 88' lang='lat' dir='ltr'><strong>quidem</strong></span> <span class='ocrx_word' id='word_1_248' title='bbox 1604 3193 1755 3263; x_wconf 88' lang='lat' dir='ltr'><strong>ponit</strong></span> <span class='ocrx_word' id='word_1_249' title='bbox 1779 3193 2090 3263; x_wconf 89' lang='lat' dir='ltr'><strong>iniquitates</strong></span> <span class='ocrx_word' id='word_1_250' title='bbox 2119 3173 2164 3234; x_wconf 61' lang='grc' dir='ltr'><strong>(δ</strong></span> 
     </span>
    </p>
   </div>
   <div class='ocr_carea' id='block_1_32' title="bbox 501 3278 2095 3352">
    <p class='ocr_par' dir='ltr' id='par_1_32' title="bbox 501 3278 2095 3352">
     <span class='ocr_line' id='line_1_32' title="bbox 501 3278 2095 3352; baseline 0.005 -23"><span class='ocrx_word' id='word_1_251' title='bbox 501 3278 804 3348; x_wconf 82' lang='lat' dir='ltr'><strong>pluraliter.</strong></span> <span class='ocrx_word' id='word_1_252' title='bbox 835 3280 1206 3350; x_wconf 71' lang='lat' dir='ltr'><strong>Multipliciter</strong></span> <span class='ocrx_word' id='word_1_253' title='bbox 1234 3282 1380 3337; x_wconf 90' lang='lat' dir='ltr'><strong>enim</strong></span> <span class='ocrx_word' id='word_1_254' title='bbox 1408 3283 1580 3336; x_wconf 87' lang='lat' dir='ltr'><strong>Adam</strong></span> <span class='ocrx_word' id='word_1_255' title='bbox 1630 3283 1912 3352; x_wconf 82' lang='lat' dir='ltr'><strong>peccavit,</strong></span> <span class='ocrx_word' id='word_1_256' title='bbox 1947 3283 2095 3339; x_wconf 91' lang='lat' dir='ltr'><strong>scili-</strong></span> 
     </span>
    </p>
   </div>
   <div class='ocr_carea' id='block_1_33' title="bbox 502 3370 2092 3444">
    <p class='ocr_par' dir='ltr' id='par_1_33' title="bbox 502 3370 2092 3444">
     <span class='ocr_line' id='line_1_33' title="bbox 502 3370 2092 3444; baseline 0.003 -21"><span class='ocrx_word' id='word_1_257' title='bbox 502 3377 590 3425; x_wconf 87' lang='lat' dir='ltr'><strong>cet</strong></span> <span class='ocrx_word' id='word_1_258' title='bbox 640 3370 1038 3438; x_wconf 82' lang='lat' dir='ltr'><strong>delectatione,</strong></span> <span class='ocrx_word' id='word_1_259' title='bbox 1089 3381 1144 3427; x_wconf 94' lang='lat' dir='ltr'><strong>ct</strong></span> <span class='ocrx_word' id='word_1_260' title='bbox 1190 3380 1346 3437; x_wconf 89' lang='lat' dir='ltr'><strong>actu,</strong></span> <span class='ocrx_word' id='word_1_261' title='bbox 1395 3382 1451 3429; x_wconf 88' lang='lat' dir='ltr'><strong>et</strong></span> <span class='ocrx_word' id='word_1_262' title='bbox 1494 3373 1799 3444; x_wconf 80' lang='lat' dir='ltr'><strong>exemplum</strong></span> <span class='ocrx_word' id='word_1_263' title='bbox 1832 3373 2092 3443; x_wconf 76' lang='lat' dir='ltr'><strong>peccandi</strong></span> 
     </span>
    </p>
   </div>
   <div class='ocr_carea' id='block_1_34' title="bbox 502 3461 2090 3532">
    <p class='ocr_par' dir='ltr' id='par_1_34' title="bbox 502 3461 2090 3532">
     <span class='ocr_line' id='line_1_34' title="bbox 502 3461 2090 3532; baseline 0.003 -19"><span class='ocrx_word' id='word_1_264' title='bbox 502 3461 624 3515; x_wconf 87' lang='lat' dir='ltr'><strong>aliis</strong></span> <span class='ocrx_word' id='word_1_265' title='bbox 651 3462 1090 3532; x_wconf 88' lang='lat' dir='ltr'><strong>derelinqucndo.</strong></span> <span class='ocrx_word' id='word_1_266' title='bbox 1123 3463 1190 3517; x_wconf 86' lang='lat' dir='ltr'><strong>Et</strong></span> <span class='ocrx_word' id='word_1_267' title='bbox 1215 3479 1341 3518; x_wconf 89' lang='lat' dir='ltr'><strong>vere</strong></span> <span class='ocrx_word' id='word_1_268' title='bbox 1385 3463 1563 3518; x_wconf 88' lang='lat' dir='ltr'><strong>vincis</strong></span> <span class='ocrx_word' id='word_1_269' title='bbox 1591 3478 1780 3518; x_wconf 87' lang='lat' dir='ltr'><strong>omnes</strong></span> <span class='ocrx_word' id='word_1_270' title='bbox 1825 3464 2090 3518; x_wconf 83' lang='lat' dir='ltr'><strong>bonitate.</strong></span> 
     </span>
    </p>
   </div>
   <div class='ocr_carea' id='block_1_35' title="bbox 507 3551 2093 3626">
    <p class='ocr_par' dir='ltr' id='par_1_35' title="bbox 507 3551 2093 3626">
     <span class='ocr_line' id='line_1_35' title="bbox 507 3551 2093 3626; baseline 0.003 -21"><span class='ocrx_word' id='word_1_271' title='bbox 507 3551 642 3606; x_wconf 83' lang='lat' dir='ltr'><strong>Ecce</strong></span> <span class='ocrx_word' id='word_1_272' title='bbox 667 3553 809 3606; x_wconf 90' lang='lat' dir='ltr'><strong>enim</strong></span> <span class='ocrx_word' id='word_1_273' title='bbox 841 3554 894 3607; x_wconf 93' lang='lat' dir='ltr'><strong>in</strong></span> <span class='ocrx_word' id='word_1_274' title='bbox 938 3555 1187 3624; x_wconf 63' lang='lat' dir='ltr'><strong>praesenti</strong></span> <span class='ocrx_word' id='word_1_275' title='bbox 1217 3565 1301 3610; x_wconf 88' lang='lat' dir='ltr'><strong>est</strong></span> <span class='ocrx_word' id='word_1_276' title='bbox 1350 3555 1494 3610; x_wconf 89' lang='lat' dir='ltr'><strong>unde</strong></span> <span class='ocrx_word' id='word_1_277' title='bbox 1541 3555 1644 3610; x_wconf 90' lang='lat' dir='ltr'><strong>hoc</strong></span> <span class='ocrx_word' id='word_1_278' title='bbox 1682 3557 1853 3626; x_wconf 87' lang='lat' dir='ltr'><strong>possit</strong></span> <span class='ocrx_word' id='word_1_279' title='bbox 1885 3556 2093 3624; x_wconf 87' lang='lat' dir='ltr'><strong>videri,</strong></span> 
     </span>
    </p>
   </div>
   <div class='ocr_carea' id='block_1_36' title="bbox 504 3643 1670 3712">
    <p class='ocr_par' dir='ltr' id='par_1_36' title="bbox 504 3643 1670 3712">
     <span class='ocr_line' id='line_1_36' title="bbox 504 3643 1670 3712; baseline 0.004 -19"><span class='ocrx_word' id='word_1_280' title='bbox 504 3643 648 3712; x_wconf 87' lang='lat' dir='ltr'><strong>quod</strong></span> <span class='ocrx_word' id='word_1_281' title='bbox 679 3643 952 3708; x_wconf 90' lang='lat' dir='ltr'><strong>bonitate,</strong></span> <span class='ocrx_word' id='word_1_282' title='bbox 983 3653 1039 3698; x_wconf 89' lang='lat' dir='ltr'><strong>et</strong></span> <span class='ocrx_word' id='word_1_283' title='bbox 1069 3660 1155 3699; x_wconf 86' lang='lat' dir='ltr'><strong>tne</strong></span> <span class='ocrx_word' id='word_1_284' title='bbox 1179 3653 1232 3700; x_wconf 90' lang='lat' dir='ltr'><strong>et</strong></span> <span class='ocrx_word' id='word_1_285' title='bbox 1261 3661 1450 3701; x_wconf 89' lang='lat' dir='ltr'><strong>omnes</strong></span> <span class='ocrx_word' id='word_1_286' title='bbox 1477 3645 1670 3700; x_wconf 89' lang='lat' dir='ltr'><strong>vineis.</strong></span> 
     </span>
    </p>
   </div>
   <div class='ocr_carea' id='block_1_37' title="bbox 577 3732 2098 3806">
    <p class='ocr_par' dir='ltr' id='par_1_37' title="bbox 577 3732 2098 3806">
     <span class='ocr_line' id='line_1_37' title="bbox 577 3732 2098 3806; baseline 0.002 -20"><span class='ocrx_word' id='word_1_287' title='bbox 577 3732 714 3787; x_wconf 87' lang='lat' dir='ltr'><strong>Nam</strong></span> <span class='ocrx_word' id='word_1_288' title='bbox 744 3743 797 3788; x_wconf 91' lang='lat' dir='ltr'><strong>tu</strong></span> <span class='ocrx_word' id='word_1_289' title='bbox 827 3735 1053 3790; x_wconf 76' lang='lat' dir='ltr'><strong>dilexisti</strong></span> <span class='ocrx_word' id='word_1_290' title='bbox 1085 3738 1382 3804; x_wconf 81' lang='lat' dir='ltr'><strong>veritatem,</strong></span> <span class='ocrx_word' id='word_1_291' title='bbox 1412 3738 1462 3792; x_wconf 93' lang='lat' dir='ltr'><strong>id</strong></span> <span class='ocrx_word' id='word_1_292' title='bbox 1497 3746 1582 3792; x_wconf 89' lang='lat' dir='ltr'><strong>est</strong></span> <span class='ocrx_word' id='word_1_293' title='bbox 1611 3753 1794 3791; x_wconf 83' lang='lat' dir='ltr'><strong>veram</strong></span> <span class='ocrx_word' id='word_1_294' title='bbox 1830 3746 2098 3806; x_wconf 76' lang='lat' dir='ltr'><strong>pmuttcu-</strong></span> 
     </span>
    </p>
   </div>
   <div class='ocr_carea' id='block_1_38' title="bbox 507 3827 2099 3898">
    <p class='ocr_par' dir='ltr' id='par_1_38' title="bbox 507 3827 2099 3898">
     <span class='ocr_line' id='line_1_38' title="bbox 507 3827 2099 3898; baseline 0.003 -19"><span class='ocrx_word' id='word_1_295' title='bbox 507 3827 640 3880; x_wconf 88' lang='lat' dir='ltr'><strong>tiam</strong></span> <span class='ocrx_word' id='word_1_296' title='bbox 670 3837 727 3881; x_wconf 90' lang='lat' dir='ltr'><strong>et</strong></span> <span class='ocrx_word' id='word_1_297' title='bbox 765 3828 1130 3898; x_wconf 79' lang='lat' dir='ltr'><strong>cognitionem</strong></span> <span class='ocrx_word' id='word_1_298' title='bbox 1164 3845 1339 3884; x_wconf 86' lang='lat' dir='ltr'><strong>meam</strong></span> <span class='ocrx_word' id='word_1_299' title='bbox 1364 3831 1431 3884; x_wconf 91' lang='lat' dir='ltr'><strong>de</strong></span> <span class='ocrx_word' id='word_1_300' title='bbox 1463 3840 1706 3898; x_wconf 88' lang='lat' dir='ltr'><strong>peccato.</strong></span> <span class='ocrx_word' id='word_1_301' title='bbox 1740 3829 1892 3898; x_wconf 83' lang='lat' dir='ltr'><strong>Quod</strong></span> <span class='ocrx_word' id='word_1_302' title='bbox 1914 3837 1997 3884; x_wconf 90' lang='lat' dir='ltr'><strong>est</strong></span> <span class='ocrx_word' id='word_1_303' title='bbox 2021 3828 2099 3883; x_wconf 88' lang='lat' dir='ltr'><strong>di-</strong></span> 
     </span>
    </p>
   </div>
   <div class='ocr_carea' id='block_1_39' title="bbox 506 3917 2096 3990">
    <p class='ocr_par' dir='ltr' id='par_1_39' title="bbox 506 3917 2096 3990">
     <span class='ocr_line' id='line_1_39' title="bbox 506 3917 2096 3990; baseline 0 -18"><span class='ocrx_word' id='word_1_304' title='bbox 506 3931 633 3972; x_wconf 86' lang='lat' dir='ltr'><strong>cere</strong></span> <span class='ocrx_word' id='word_1_305' title='bbox 665 3934 677 3970; x_wconf 94' lang='lat'><strong>:</strong></span> <span class='ocrx_word' id='word_1_306' title='bbox 707 3917 838 3971; x_wconf 89' lang='lat' dir='ltr'><strong>Cum</strong></span> <span class='ocrx_word' id='word_1_307' title='bbox 867 3935 966 3990; x_wconf 88' lang='lat' dir='ltr'><strong>ego</strong></span> <span class='ocrx_word' id='word_1_308' title='bbox 995 3920 1334 3990; x_wconf 80' lang='lat' dir='ltr'><strong>negligenter</strong></span> <span class='ocrx_word' id='word_1_309' title='bbox 1363 3935 1449 3975; x_wconf 91' lang='lat' dir='ltr'><strong>me</strong></span> <span class='ocrx_word' id='word_1_310' title='bbox 1498 3920 1703 3973; x_wconf 90' lang='lat' dir='ltr'><strong>habens</strong></span> <span class='ocrx_word' id='word_1_311' title='bbox 1724 3959 1738 3983; x_wconf 89' lang='lat'><strong>,</strong></span> <span class='ocrx_word' id='word_1_312' title='bbox 1767 3919 1832 3972; x_wconf 89' lang='lat' dir='ltr'><strong>de</strong></span> <span class='ocrx_word' id='word_1_313' title='bbox 1870 3927 2096 3988; x_wconf 87' lang='lat' dir='ltr'><strong>peccato</strong></span> 
     </span>
    </p>
   </div>
   <div class='ocr_carea' id='block_1_40' title="bbox 506 4012 2099 4082">
    <p class='ocr_par' dir='ltr' id='par_1_40' title="bbox 506 4012 2099 4082">
     <span class='ocr_line' id='line_1_40' title="bbox 506 4012 2099 4082; baseline 0 -17"><span class='ocrx_word' id='word_1_314' title='bbox 506 4025 630 4065; x_wconf 89' lang='lat' dir='ltr'><strong>meo</strong></span> <span class='ocrx_word' id='word_1_315' title='bbox 674 4013 1048 4082; x_wconf 58' lang='lat' dir='ltr'><strong>paenitentiam</strong></span> <span class='ocrx_word' id='word_1_316' title='bbox 1095 4015 1218 4069; x_wconf 91' lang='lat' dir='ltr'><strong>odio</strong></span> <span class='ocrx_word' id='word_1_317' title='bbox 1260 4013 1546 4079; x_wconf 84' lang='lat' dir='ltr'><strong>haberem,</strong></span> <span class='ocrx_word' id='word_1_318' title='bbox 1598 4024 1652 4066; x_wconf 93' lang='lat' dir='ltr'><strong>tu</strong></span> <span class='ocrx_word' id='word_1_319' title='bbox 1703 4012 1976 4082; x_wconf 91' lang='lat' dir='ltr'><strong>piissimus</strong></span> <span class='ocrx_word' id='word_1_320' title='bbox 2017 4012 2099 4065; x_wconf 89' lang='lat' dir='ltr'><strong>di-</strong></span> 
     </span>
    </p>
   </div>
   <div class='ocr_carea' id='block_1_41' title="bbox 505 4102 2099 4174">
    <p class='ocr_par' dir='ltr' id='par_1_41' title="bbox 505 4102 2099 4174">
     <span class='ocr_line' id='line_1_41' title="bbox 505 4102 2099 4174; baseline 0 -19"><span class='ocrx_word' id='word_1_321' title='bbox 505 4102 682 4172; x_wconf 69' lang='lat' dir='ltr'><strong>lexisti</strong></span> <span class='ocrx_word' id='word_1_322' title='bbox 702 4105 1001 4171; x_wconf 78' lang='lat' dir='ltr'><strong>veritatem,</strong></span> <span class='ocrx_word' id='word_1_323' title='bbox 1035 4105 1087 4159; x_wconf 91' lang='lat' dir='ltr'><strong>id</strong></span> <span class='ocrx_word' id='word_1_324' title='bbox 1119 4116 1202 4159; x_wconf 90' lang='lat' dir='ltr'><strong>est</strong></span> <span class='ocrx_word' id='word_1_325' title='bbox 1233 4113 1291 4158; x_wconf 87' lang='lat' dir='ltr'><strong>ut</strong></span> <span class='ocrx_word' id='word_1_326' title='bbox 1335 4120 1519 4159; x_wconf 87' lang='lat' dir='ltr'><strong>veram</strong></span> <span class='ocrx_word' id='word_1_327' title='bbox 1554 4102 1928 4174; x_wconf 71' lang='lat' dir='ltr'><strong>pmnitentiam</strong></span> <span class='ocrx_word' id='word_1_328' title='bbox 1974 4115 2099 4170; x_wconf 83' lang='lat' dir='ltr'><strong>age-</strong></span> 
     </span>
    </p>
   </div>
   <div class='ocr_carea' id='block_1_42' title="bbox 507 4193 2100 4266">
    <p class='ocr_par' dir='ltr' id='par_1_42' title="bbox 507 4193 2100 4266">
     <span class='ocr_line' id='line_1_42' title="bbox 507 4193 2100 4266; baseline -0.002 -16"><span class='ocrx_word' id='word_1_329' title='bbox 507 4210 660 4262; x_wconf 86' lang='lat' dir='ltr'><strong>rem,</strong></span> <span class='ocrx_word' id='word_1_330' title='bbox 709 4205 763 4251; x_wconf 71' lang='grc' dir='ltr'><strong>(ιι</strong></span> <span class='ocrx_word' id='word_1_331' title='bbox 803 4197 870 4250; x_wconf 89' lang='lat' dir='ltr'><strong>ad</strong></span> <span class='ocrx_word' id='word_1_332' title='bbox 907 4198 1048 4252; x_wconf 83' lang='lat' dir='ltr'><strong>hanc</strong></span> <span class='ocrx_word' id='word_1_333' title='bbox 1085 4213 1171 4251; x_wconf 90' lang='lat' dir='ltr'><strong>me</strong></span> <span class='ocrx_word' id='word_1_334' title='bbox 1217 4212 1315 4266; x_wconf 87' lang='lat' dir='ltr'><strong>per</strong></span> <span class='ocrx_word' id='word_1_335' title='bbox 1360 4196 1676 4266; x_wconf 86' lang='lat' dir='ltr'><strong>prOphetam</strong></span> <span class='ocrx_word' id='word_1_336' title='bbox 1709 4193 1920 4248; x_wconf 78' lang='lat' dir='ltr'><strong>Nathan</strong></span> <span class='ocrx_word' id='word_1_337' title='bbox 1951 4209 2100 4248; x_wconf 91' lang='lat' dir='ltr'><strong>com-</strong></span> 
     </span>
    </p>
   </div>
   <div class='ocr_carea' id='block_1_43' title="bbox 507 4287 2096 4359">
    <p class='ocr_par' dir='ltr' id='par_1_43' title="bbox 507 4287 2096 4359">
     <span class='ocr_line' id='line_1_43' title="bbox 507 4287 2096 4359; baseline 0.001 -18"><span class='ocrx_word' id='word_1_338' title='bbox 507 4287 746 4344; x_wconf 82' lang='lat' dir='ltr'><strong>movisti.</strong></span> <span class='ocrx_word' id='word_1_339' title='bbox 773 4289 876 4343; x_wconf 88' lang='lat' dir='ltr'><strong>Pcr</strong></span> <span class='ocrx_word' id='word_1_340' title='bbox 901 4289 1043 4359; x_wconf 89' lang='lat' dir='ltr'><strong>quod</strong></span> <span class='ocrx_word' id='word_1_341' title='bbox 1073 4297 1300 4359; x_wconf 84' lang='lat' dir='ltr'><strong>apparet</strong></span> <span class='ocrx_word' id='word_1_342' title='bbox 1345 4289 1488 4356; x_wconf 89' lang='lat' dir='ltr'><strong>quod</strong></span> <span class='ocrx_word' id='word_1_343' title='bbox 1533 4305 1618 4343; x_wconf 91' lang='lat' dir='ltr'><strong>me</strong></span> <span class='ocrx_word' id='word_1_344' title='bbox 1647 4289 1890 4345; x_wconf 88' lang='lat' dir='ltr'><strong>bonitate</strong></span> <span class='ocrx_word' id='word_1_345' title='bbox 1914 4289 2096 4343; x_wconf 77' lang='lat' dir='ltr'><strong>vincis.</strong></span> 
     </span>
    </p>
   </div>
   <div class='ocr_carea' id='block_1_44' title="bbox 507 4374 2100 4449">
    <p class='ocr_par' dir='ltr' id='par_1_44' title="bbox 507 4374 2100 4449">
     <span class='ocr_line' id='line_1_44' title="bbox 507 4374 2100 4449; baseline 0.001 -19"><span class='ocrx_word' id='word_1_346' title='bbox 507 4374 643 4430; x_wconf 87' lang='lat' dir='ltr'><strong>Nam</strong></span> <span class='ocrx_word' id='word_1_347' title='bbox 673 4394 798 4434; x_wconf 88' lang='lat' dir='ltr'><strong>cum</strong></span> <span class='ocrx_word' id='word_1_348' title='bbox 830 4393 932 4447; x_wconf 85' lang='lat' dir='ltr'><strong>ego</strong></span> <span class='ocrx_word' id='word_1_349' title='bbox 964 4387 1156 4433; x_wconf 89' lang='lat' dir='ltr'><strong>contra</strong></span> <span class='ocrx_word' id='word_1_350' title='bbox 1184 4379 1560 4446; x_wconf 89' lang='lat' dir='ltr'><strong>memetipsum</strong></span> <span class='ocrx_word' id='word_1_351' title='bbox 1595 4379 1792 4449; x_wconf 89' lang='lat' dir='ltr'><strong>impius</strong></span> <span class='ocrx_word' id='word_1_352' title='bbox 1819 4395 2016 4444; x_wconf 88' lang='lat' dir='ltr'><strong>essem,</strong></span> <span class='ocrx_word' id='word_1_353' title='bbox 2046 4378 2100 4432; x_wconf 91' lang='lat' dir='ltr'><strong>in</strong></span> 
     </span>
    </p>
   </div>
   <div class='ocr_carea' id='block_1_45' title="bbox 507 4467 2098 4541">
    <p class='ocr_par' dir='ltr' id='par_1_45' title="bbox 507 4467 2098 4541">
     <span class='ocr_line' id='line_1_45' title="bbox 507 4467 2098 4541; baseline 0.001 -21"><span class='ocrx_word' id='word_1_354' title='bbox 507 4467 815 4538; x_wconf 67' lang='lat' dir='ltr'><strong>inijuitatis</strong></span> <span class='ocrx_word' id='word_1_355' title='bbox 855 4485 988 4524; x_wconf 73' lang='lat' dir='ltr'><strong>mete</strong></span> <span class='ocrx_word' id='word_1_356' title='bbox 1016 4467 1416 4536; x_wconf 88' lang='lat' dir='ltr'><strong>obstinatione,</strong></span> <span class='ocrx_word' id='word_1_357' title='bbox 1471 4479 1524 4523; x_wconf 94' lang='lat' dir='ltr'><strong>tu</strong></span> <span class='ocrx_word' id='word_1_358' title='bbox 1572 4469 1694 4541; x_wconf 89' lang='lat' dir='ltr'><strong>pius</strong></span> <span class='ocrx_word' id='word_1_359' title='bbox 1740 4468 1996 4524; x_wconf 78' lang='lat' dir='ltr'><strong>exstitisti</strong></span> <span class='ocrx_word' id='word_1_360' title='bbox 2045 4473 2098 4522; x_wconf 92' lang='lat' dir='ltr'><strong>in</strong></span> 
     </span>
    </p>
   </div>
   <div class='ocr_carea' id='block_1_46' title="bbox 507 4561 1266 4650">
    <p class='ocr_par' dir='ltr' id='par_1_46' title="bbox 507 4561 1266 4650">
     <span class='ocr_line' id='line_1_46' title="bbox 507 4561 1266 4650; baseline 0.001 -35"><span class='ocrx_word' id='word_1_361' title='bbox 507 4561 843 4650; x_wconf 71' lang='lat' dir='ltr'><strong>poenitentise</strong></span> <span class='ocrx_word' id='word_1_362' title='bbox 874 4561 1266 4617; x_wconf 84' lang='lat' dir='ltr'><strong>admonitione.</strong></span> 
     </span>
    </p>
   </div>
   <div class='ocr_carea' id='block_1_47' title="bbox 581 4655 2093 4728">
    <p class='ocr_par' dir='ltr' id='par_1_47' title="bbox 581 4655 2093 4728">
     <span class='ocr_line' id='line_1_47' title="bbox 581 4655 2093 4728; baseline -0.001 -16"><span class='ocrx_word' id='word_1_363' title='bbox 581 4656 650 4712; x_wconf 86' lang='lat' dir='ltr'><strong>Et</strong></span> <span class='ocrx_word' id='word_1_364' title='bbox 681 4657 732 4709; x_wconf 91' lang='lat' dir='ltr'><strong>in</strong></span> <span class='ocrx_word' id='word_1_365' title='bbox 766 4658 866 4712; x_wconf 92' lang='lat' dir='ltr'><strong>hoc</strong></span> <span class='ocrx_word' id='word_1_366' title='bbox 896 4658 1060 4712; x_wconf 86' lang='lat' dir='ltr'><strong>etiam</strong></span> <span class='ocrx_word' id='word_1_367' title='bbox 1106 4658 1491 4728; x_wconf 86' lang='lat' dir='ltr'><strong>comprobatur</strong></span> <span class='ocrx_word' id='word_1_368' title='bbox 1535 4657 1677 4726; x_wconf 88' lang='lat' dir='ltr'><strong>quod</strong></span> <span class='ocrx_word' id='word_1_369' title='bbox 1727 4656 1904 4711; x_wconf 86' lang='lat' dir='ltr'><strong>vincis</strong></span> <span class='ocrx_word' id='word_1_370' title='bbox 1930 4655 2093 4710; x_wconf 74' lang='lat' dir='ltr'><strong>boni-</strong></span> 
     </span>
    </p>
   </div>
   <div class='ocr_carea' id='block_1_48' title="bbox 511 4746 2096 4817">
    <p class='ocr_par' dir='ltr' id='par_1_48' title="bbox 511 4746 2096 4817">
     <span class='ocr_line' id='line_1_48' title="bbox 511 4746 2096 4817; baseline 0 -17"><span class='ocrx_word' id='word_1_371' title='bbox 511 4755 653 4814; x_wconf 86' lang='lat' dir='ltr'><strong>tate,</strong></span> <span class='ocrx_word' id='word_1_372' title='bbox 702 4747 846 4817; x_wconf 90' lang='lat' dir='ltr'><strong>quod</strong></span> <span class='ocrx_word' id='word_1_373' title='bbox 890 4747 1044 4814; x_wconf 91' lang='lat' dir='ltr'><strong>mihi,</strong></span> <span class='ocrx_word' id='word_1_374' title='bbox 1077 4748 1168 4817; x_wconf 92' lang='lat' dir='ltr'><strong>qui</strong></span> <span class='ocrx_word' id='word_1_375' title='bbox 1218 4763 1323 4802; x_wconf 92' lang='lat' dir='ltr'><strong>non</strong></span> <span class='ocrx_word' id='word_1_376' title='bbox 1361 4761 1813 4816; x_wconf 83' lang='lat' dir='ltr'><strong>promerucram,</strong></span> <span class='ocrx_word' id='word_1_377' title='bbox 1863 4754 1917 4800; x_wconf 90' lang='lat' dir='ltr'><strong>et</strong></span> <span class='ocrx_word' id='word_1_378' title='bbox 1962 4746 2096 4801; x_wconf 88' lang='lat' dir='ltr'><strong>adeo</strong></span> 
     </span>
    </p>
   </div>
   <div class='ocr_carea' id='block_1_49' title="bbox 510 4838 2097 4915">
    <p class='ocr_par' dir='ltr' id='par_1_49' title="bbox 510 4838 2097 4915">
     <span class='ocr_line' id='line_1_49' title="bbox 510 4838 2097 4915; baseline 0.001 -24"><span class='ocrx_word' id='word_1_379' title='bbox 510 4840 749 4915; x_wconf 75' lang='lat' dir='ltr'><strong>graviter</strong></span> <span class='ocrx_word' id='word_1_380' title='bbox 770 4856 998 4895; x_wconf 89' lang='lat' dir='ltr'><strong>casurus</strong></span> <span class='ocrx_word' id='word_1_381' title='bbox 1017 4855 1186 4904; x_wconf 86' lang='lat' dir='ltr'><strong>cram,</strong></span> <span class='ocrx_word' id='word_1_382' title='bbox 1204 4838 1555 4908; x_wconf 80' lang='lat' dir='ltr'><strong>manifestasti</strong></span> <span class='ocrx_word' id='word_1_383' title='bbox 1570 4838 1762 4908; x_wconf 88' lang='lat' dir='ltr'><strong>spiritu</strong></span> <span class='ocrx_word' id='word_1_384' title='bbox 1780 4839 2097 4908; x_wconf 87' lang='lat' dir='ltr'><strong>prophetico</strong></span> 
     </span>
    </p>
   </div>
   <div class='ocr_carea' id='block_1_50' title="bbox 509 4920 2094 5003">
    <p class='ocr_par' dir='ltr' id='par_1_50' title="bbox 509 4920 2094 5003">
     <span class='ocr_line' id='line_1_50' title="bbox 509 4920 2094 5003; baseline -0.003 -15"><span class='ocrx_word' id='word_1_385' title='bbox 509 4931 710 4988; x_wconf 81' lang='lat' dir='ltr'><strong>incerta</strong></span> <span class='ocrx_word' id='word_1_386' title='bbox 734 4942 782 4986; x_wconf 88' lang='lat' dir='ltr'><strong>et</strong></span> <span class='ocrx_word' id='word_1_387' title='bbox 804 4932 1008 4986; x_wconf 81' lang='lat' dir='ltr'><strong>occulta</strong></span> <span class='ocrx_word' id='word_1_388' title='bbox 1040 4932 1297 5003; x_wconf 76' lang='lat' dir='ltr'><strong>mysteria</strong></span> <span class='ocrx_word' id='word_1_389' title='bbox 1331 4920 1602 4999; x_wconf 73' lang='lat' dir='ltr'><strong>sapienticc</strong></span> <span class='ocrx_word' id='word_1_390' title='bbox 1644 4942 1780 4994; x_wconf 58' lang='lat' dir='ltr'><strong>luat,</strong></span> <span class='ocrx_word' id='word_1_391' title='bbox 1813 4932 1866 4986; x_wconf 92' lang='lat' dir='ltr'><strong>id</strong></span> <span class='ocrx_word' id='word_1_392' title='bbox 1898 4942 1979 4986; x_wconf 93' lang='lat' dir='ltr'><strong>est</strong></span> <span class='ocrx_word' id='word_1_393' title='bbox 2010 4931 2094 4985; x_wconf 86' lang='lat' dir='ltr'><strong>Fi-</strong></span> 
     </span>
    </p>
   </div>
   <div class='ocr_carea' id='block_1_51' title="bbox 510 5005 2096 5094">
    <p class='ocr_par' dir='ltr' id='par_1_51' title="bbox 510 5005 2096 5094">
     <span class='ocr_line' id='line_1_51' title="bbox 510 5005 2096 5094; baseline -0.001 -16"><span class='ocrx_word' id='word_1_394' title='bbox 510 5005 568 5078; x_wconf 83' lang='lat' dir='ltr'><strong>lii</strong></span> <span class='ocrx_word' id='word_1_395' title='bbox 624 5023 727 5090; x_wconf 86' lang='lat' dir='ltr'><strong>tui;</strong></span> <span class='ocrx_word' id='word_1_396' title='bbox 785 5024 930 5094; x_wconf 89' lang='lat' dir='ltr'><strong>quod</strong></span> <span class='ocrx_word' id='word_1_397' title='bbox 978 5033 1062 5084; x_wconf 79' lang='lat' dir='ltr'><strong>cst</strong></span> <span class='ocrx_word' id='word_1_398' title='bbox 1113 5024 1294 5078; x_wconf 83' lang='lat' dir='ltr'><strong>dicere</strong></span> <span class='ocrx_word' id='word_1_399' title='bbox 1328 5041 1342 5076; x_wconf 86' lang='lat'><strong>:</strong></span> <span class='ocrx_word' id='word_1_400' title='bbox 1377 5021 1648 5078; x_wconf 85' lang='lat' dir='ltr'><strong>Revelasti</strong></span> <span class='ocrx_word' id='word_1_401' title='bbox 1699 5024 1827 5076; x_wconf 90' lang='lat' dir='ltr'><strong>mihi</strong></span> <span class='ocrx_word' id='word_1_402' title='bbox 1889 5023 2096 5090; x_wconf 90' lang='lat' dir='ltr'><strong>Spiritu</strong></span> 
     </span>
    </p>
   </div>
   <div class='ocr_carea' id='block_1_52' title="bbox 513 5112 2094 5185">
    <p class='ocr_par' dir='ltr' id='par_1_52' title="bbox 513 5112 2094 5185">
     <span class='ocr_line' id='line_1_52' title="bbox 513 5112 2094 5185; baseline -0.002 -19"><span class='ocrx_word' id='word_1_403' title='bbox 513 5123 704 5174; x_wconf 73' lang='lat' dir='ltr'><strong>stricto</strong></span> <span class='ocrx_word' id='word_1_404' title='bbox 731 5114 987 5185; x_wconf 82' lang='lat' dir='ltr'><strong>mysteria</strong></span> <span class='ocrx_word' id='word_1_405' title='bbox 1024 5113 1415 5168; x_wconf 77' lang='lat' dir='ltr'><strong>incarnationis</strong></span> <span class='ocrx_word' id='word_1_406' title='bbox 1447 5124 1501 5167; x_wconf 91' lang='lat' dir='ltr'><strong>ct</strong></span> <span class='ocrx_word' id='word_1_407' title='bbox 1533 5113 1798 5184; x_wconf 77' lang='lat' dir='ltr'><strong>passionis</strong></span> <span class='ocrx_word' id='word_1_408' title='bbox 1829 5112 1950 5165; x_wconf 69' lang='lat' dir='ltr'><strong>Filii</strong></span> <span class='ocrx_word' id='word_1_409' title='bbox 1986 5113 2094 5177; x_wconf 89' lang='lat' dir='ltr'><strong>tui,</strong></span> 
     </span>
    </p>
   </div>
   <div class='ocr_carea' id='block_1_53' title="bbox 511 5207 2098 5276">
    <p class='ocr_par' dir='ltr' id='par_1_53' title="bbox 511 5207 2098 5276">
     <span class='ocr_line' id='line_1_53' title="bbox 511 5207 2098 5276; baseline -0.004 -14"><span class='ocrx_word' id='word_1_410' title='bbox 511 5208 737 5276; x_wconf 83' lang='lat' dir='ltr'><strong>etquod</strong></span> <span class='ocrx_word' id='word_1_411' title='bbox 770 5207 1029 5261; x_wconf 89' lang='lat' dir='ltr'><strong>mundum</strong></span> <span class='ocrx_word' id='word_1_412' title='bbox 1062 5215 1238 5260; x_wconf 83' lang='lat' dir='ltr'><strong>morte.</strong></span> <span class='ocrx_word' id='word_1_413' title='bbox 1268 5221 1361 5260; x_wconf 89' lang='lat' dir='ltr'><strong>sua</strong></span> <span class='ocrx_word' id='word_1_414' title='bbox 1401 5213 1751 5274; x_wconf 88' lang='lat' dir='ltr'><strong>reparaturus</strong></span> <span class='ocrx_word' id='word_1_415' title='bbox 1777 5210 1952 5268; x_wconf 89' lang='lat' dir='ltr'><strong>esset,</strong></span> <span class='ocrx_word' id='word_1_416' title='bbox 1980 5217 2098 5272; x_wconf 71' lang='lat' dir='ltr'><strong>qnzc</strong></span> 
     </span>
    </p>
   </div>
   <div class='ocr_carea' id='block_1_54' title="bbox 514 5293 2098 5366">
    <p class='ocr_par' dir='ltr' id='par_1_54' title="bbox 514 5293 2098 5366">
     <span class='ocr_line' id='line_1_54' title="bbox 514 5293 2098 5366; baseline -0.005 -14"><span class='ocrx_word' id='word_1_417' title='bbox 514 5297 722 5366; x_wconf 79' lang='lat' dir='ltr'><strong>incerta</strong></span> <span class='ocrx_word' id='word_1_418' title='bbox 768 5297 953 5352; x_wconf 88' lang='lat' dir='ltr'><strong>multis</strong></span> <span class='ocrx_word' id='word_1_419' title='bbox 982 5304 1142 5362; x_wconf 88' lang='lat' dir='ltr'><strong>sunt,</strong></span> <span class='ocrx_word' id='word_1_420' title='bbox 1186 5296 1315 5366; x_wconf 89' lang='lat' dir='ltr'><strong>qui,</strong></span> <span class='ocrx_word' id='word_1_421' title='bbox 1350 5295 1568 5350; x_wconf 77' lang='lat' dir='ltr'><strong>tamezsi</strong></span> <span class='ocrx_word' id='word_1_422' title='bbox 1618 5309 1647 5346; x_wconf 73' lang='grc' dir='ltr'><strong>τι</strong></span> <span class='ocrx_word' id='word_1_423' title='bbox 1691 5293 1974 5364; x_wconf 82' lang='lat' dir='ltr'><strong>prophetis</strong></span> <span class='ocrx_word' id='word_1_424' title='bbox 2002 5309 2098 5344; x_wconf 87' lang='lat' dir='ltr'><strong>au-</strong></span> 
     </span>
    </p>
   </div>
   <div class='ocr_carea' id='block_1_55' title="bbox 515 5385 2096 5457">
    <p class='ocr_par' dir='ltr' id='par_1_55' title="bbox 515 5385 2096 5457">
     <span class='ocr_line' id='line_1_55' title="bbox 515 5385 2096 5457; baseline -0.004 -13"><span class='ocrx_word' id='word_1_425' title='bbox 515 5390 765 5453; x_wconf 83' lang='lat' dir='ltr'><strong>dierunt,</strong></span> <span class='ocrx_word' id='word_1_426' title='bbox 813 5406 920 5443; x_wconf 93' lang='lat' dir='ltr'><strong>non</strong></span> <span class='ocrx_word' id='word_1_427' title='bbox 973 5400 1152 5442; x_wconf 90' lang='lat' dir='ltr'><strong>tamen</strong></span> <span class='ocrx_word' id='word_1_428' title='bbox 1203 5390 1396 5443; x_wconf 84' lang='lat' dir='ltr'><strong>horum</strong></span> <span class='ocrx_word' id='word_1_429' title='bbox 1430 5386 1670 5457; x_wconf 89' lang='lat' dir='ltr'><strong>plcnarie</strong></span> <span class='ocrx_word' id='word_1_430' title='bbox 1707 5402 1804 5456; x_wconf 88' lang='lat' dir='ltr'><strong>per</strong></span> <span class='ocrx_word' id='word_1_431' title='bbox 1835 5385 2096 5454; x_wconf 86' lang='lat' dir='ltr'><strong>Spiritum</strong></span> 
     </span>
    </p>
   </div>
   <div class='ocr_carea' id='block_1_56' title="bbox 515 5475 2105 5548">
    <p class='ocr_par' dir='ltr' id='par_1_56' title="bbox 515 5475 2105 5548">
     <span class='ocr_line' id='line_1_56' title="bbox 515 5475 2105 5548; baseline -0.002 -14"><span class='ocrx_word' id='word_1_432' title='bbox 515 5480 679 5535; x_wconf 59' lang='lat' dir='ltr'><strong>fidem</strong></span> <span class='ocrx_word' id='word_1_433' title='bbox 715 5479 950 5545; x_wconf 85' lang='lat' dir='ltr'><strong>habent,</strong></span> <span class='ocrx_word' id='word_1_434' title='bbox 983 5487 1038 5532; x_wconf 94' lang='lat' dir='ltr'><strong>ct</strong></span> <span class='ocrx_word' id='word_1_435' title='bbox 1066 5477 1276 5534; x_wconf 91' lang='lat' dir='ltr'><strong>occulta</strong></span> <span class='ocrx_word' id='word_1_436' title='bbox 1315 5485 1442 5533; x_wconf 85' lang='lat' dir='ltr'><strong>sunt</strong></span> <span class='ocrx_word' id='word_1_437' title='bbox 1470 5475 1653 5530; x_wconf 72' lang='lat' dir='ltr'><strong>mrdtis</strong></span> <span class='ocrx_word' id='word_1_438' title='bbox 1711 5477 1801 5548; x_wconf 87' lang='lat' dir='ltr'><strong>qui</strong></span> <span class='ocrx_word' id='word_1_439' title='bbox 1848 5476 1980 5531; x_wconf 88' lang='lat' dir='ltr'><strong>nihil</strong></span> <span class='ocrx_word' id='word_1_440' title='bbox 2013 5492 2105 5546; x_wconf 88' lang='lat' dir='ltr'><strong>pe-</strong></span> 
     </span>
    </p>
   </div>
   <div class='ocr_carea' id='block_1_57' title="bbox 516 5572 2102 5643">
    <p class='ocr_par' dir='ltr' id='par_1_57' title="bbox 516 5572 2102 5643">
     <span class='ocr_line' id='line_1_57' title="bbox 516 5572 2102 5643; baseline -0.003 -12"><span class='ocrx_word' id='word_1_441' title='bbox 516 5579 668 5638; x_wconf 85' lang='lat' dir='ltr'><strong>nitus</strong></span> <span class='ocrx_word' id='word_1_442' title='bbox 697 5577 823 5631; x_wconf 91' lang='lat' dir='ltr'><strong>inde</strong></span> <span class='ocrx_word' id='word_1_443' title='bbox 866 5576 1188 5643; x_wconf 86' lang='lat' dir='ltr'><strong>audierunt;</strong></span> <span class='ocrx_word' id='word_1_444' title='bbox 1223 5590 1286 5628; x_wconf 84' lang='lat' dir='ltr'><strong>ac</strong></span> <span class='ocrx_word' id='word_1_445' title='bbox 1335 5573 1382 5628; x_wconf 92' lang='lat' dir='ltr'><strong>si</strong></span> <span class='ocrx_word' id='word_1_446' title='bbox 1412 5573 1622 5628; x_wconf 90' lang='lat' dir='ltr'><strong>diceret</strong></span> <span class='ocrx_word' id='word_1_447' title='bbox 1651 5590 1666 5626; x_wconf 87' lang='lat'><strong>:</strong></span> <span class='ocrx_word' id='word_1_448' title='bbox 1707 5572 1776 5626; x_wconf 85' lang='lat' dir='ltr'><strong>Ut</strong></span> <span class='ocrx_word' id='word_1_449' title='bbox 1821 5587 1915 5642; x_wconf 89' lang='lat' dir='ltr'><strong>per</strong></span> <span class='ocrx_word' id='word_1_450' title='bbox 1943 5572 2102 5627; x_wconf 89' lang='lat' dir='ltr'><strong>ﬁdem</strong></span> 
     </span>
    </p>
   </div>
   <div class='ocr_carea' id='block_1_58' title="bbox 519 5669 2104 5752">
    <p class='ocr_par' dir='ltr' id='par_1_58' title="bbox 519 5669 2104 5752">
     <span class='ocr_line' id='line_1_58' title="bbox 519 5669 2104 5752; baseline -0.003 -24"><span class='ocrx_word' id='word_1_451' title='bbox 519 5673 718 5752; x_wconf 85' lang='lat' dir='ltr'><strong>horum</strong></span> <span class='ocrx_word' id='word_1_452' title='bbox 763 5672 1150 5744; x_wconf 89' lang='lat' dir='ltr'><strong>mysteriorum</strong></span> <span class='ocrx_word' id='word_1_453' title='bbox 1201 5672 1449 5728; x_wconf 88' lang='lat' dir='ltr'><strong>salvarer</strong></span> <span class='ocrx_word' id='word_1_454' title='bbox 1493 5687 1522 5726; x_wconf 90' lang='lat' dir='ltr'><strong>a</strong></span> <span class='ocrx_word' id='word_1_455' title='bbox 1556 5682 1778 5742; x_wconf 89' lang='lat' dir='ltr'><strong>peccato</strong></span> <span class='ocrx_word' id='word_1_456' title='bbox 1821 5669 2104 5741; x_wconf 79' lang='lat' dir='ltr'><strong>originali,</strong></span> 
     </span>
    </p>
   </div>
   <div class='ocr_carea' id='block_1_59' title="bbox 523 5763 2106 5846">
    <p class='ocr_par' dir='ltr' id='par_1_59' title="bbox 523 5763 2106 5846">
     <span class='ocr_line' id='line_1_59' title="bbox 523 5763 2106 5846; baseline 0.003 -32"><span class='ocrx_word' id='word_1_457' title='bbox 523 5765 764 5840; x_wconf 73' lang='lat' dir='ltr'><strong>gratuita</strong></span> <span class='ocrx_word' id='word_1_458' title='bbox 789 5763 992 5834; x_wconf 84' lang='lat' dir='ltr'><strong>pietate</strong></span> <span class='ocrx_word' id='word_1_459' title='bbox 1019 5764 1121 5821; x_wconf 87' lang='lat' dir='ltr'><strong>ista</strong></span> <span class='ocrx_word' id='word_1_460' title='bbox 1149 5764 1281 5820; x_wconf 87' lang='lat' dir='ltr'><strong>mihi</strong></span> <span class='ocrx_word' id='word_1_461' title='bbox 1313 5764 1691 5823; x_wconf 85' lang='lat' dir='ltr'><strong>manifestasli.</strong></span> <span class='ocrx_word' id='word_1_462' title='bbox 1722 5763 1875 5846; x_wconf 80' lang='lat' dir='ltr'><strong>Unde</strong></span> <span class='ocrx_word' id='word_1_463' title='bbox 1897 5772 2106 5821; x_wconf 83' lang='lat' dir='ltr'><strong>constat</strong></span> 
     </span>
    </p>
   </div>
   <div class='ocr_carea' id='block_1_60' title="bbox 1056 309 3157 381">
    <p class='ocr_par' dir='ltr' id='par_1_60' title="bbox 1056 309 3157 381">
     <span class='ocr_line' id='line_1_60' title="bbox 1056 309 3157 381; baseline 0.001 -3"><span class='ocrx_word' id='word_1_464' title='bbox 1056 322 1112 378; x_wconf 94' lang='lat' dir='ltr'><strong>S.</strong></span> <span class='ocrx_word' id='word_1_465' title='bbox 1147 309 2173 378; x_wconf 77' lang='lat' dir='ltr'><strong>BRUNONISCARTHUSIANORUM</strong></span> <span class='ocrx_word' id='word_1_466' title='bbox 2205 318 2687 380; x_wconf 79' lang='lat' dir='ltr'><strong>lNSTITUTORlS</strong></span> <span class='ocrx_word' id='word_1_467' title='bbox 2727 321 2877 380; x_wconf 89' lang='lat' dir='ltr'><strong>OPP.</strong></span> <span class='ocrx_word' id='word_1_468' title='bbox 2907 322 3089 380; x_wconf 73' lang='lat' dir='ltr'><strong>PARS</strong></span> <span class='ocrx_word' id='word_1_469' title='bbox 3119 324 3157 381; x_wconf 85' lang='grc'><strong>1.</strong></span> 
     </span>
    </p>
   </div>
   <div class='ocr_carea' id='block_1_61' title="bbox 487 434 2089 512">
    <p class='ocr_par' dir='ltr' id='par_1_61' title="bbox 487 434 2089 512">
     <span class='ocr_line' id='line_1_61' title="bbox 487 434 2089 512; baseline -0.007 -14"><span class='ocrx_word' id='word_1_470' title='bbox 487 441 751 512; x_wconf 83' lang='lat' dir='ltr'><strong>judicaris</strong></span> <span class='ocrx_word' id='word_1_471' title='bbox 771 481 784 507; x_wconf 92' lang='lat'><strong>,</strong></span> <span class='ocrx_word' id='word_1_472' title='bbox 820 437 873 494; x_wconf 90' lang='lat' dir='ltr'><strong>id</strong></span> <span class='ocrx_word' id='word_1_473' title='bbox 897 445 982 494; x_wconf 89' lang='lat' dir='ltr'><strong>est</strong></span> <span class='ocrx_word' id='word_1_474' title='bbox 1003 446 1064 492; x_wconf 93' lang='lat' dir='ltr'><strong>ut</strong></span> <span class='ocrx_word' id='word_1_475' title='bbox 1089 436 1304 492; x_wconf 87' lang='lat' dir='ltr'><strong>bonitas</strong></span> <span class='ocrx_word' id='word_1_476' title='bbox 1333 445 1421 492; x_wconf 88' lang='lat' dir='ltr'><strong>tua</strong></span> <span class='ocrx_word' id='word_1_477' title='bbox 1453 437 1637 492; x_wconf 90' lang='lat' dir='ltr'><strong>vincat</strong></span> <span class='ocrx_word' id='word_1_478' title='bbox 1663 444 1719 490; x_wconf 90' lang='lat' dir='ltr'><strong>et</strong></span> <span class='ocrx_word' id='word_1_479' title='bbox 1746 434 2089 506; x_wconf 80' lang='lat' dir='ltr'><strong>supercxccl-</strong></span> 
     </span>
    </p>
   </div>
   <div class='ocr_carea' id='block_1_62' title="bbox 3626 337 3707 396">
    <p class='ocr_par' dir='ltr' id='par_1_62' title="bbox 3626 337 3707 396">
     <span class='ocr_line' id='line_1_62' title="bbox 3626 337 3707 396; baseline 0.025 -2"><span class='ocrx_word' id='word_1_480' title='bbox 3626 337 3707 396; x_wconf 67' lang='grc'><strong>864</strong></span> 
     </span>
    </p>
   </div>
   <div class='ocr_carea' id='block_1_63' title="bbox 2120 435 3706 508">
    <p class='ocr_par' dir='ltr' id='par_1_63' title="bbox 2120 435 3706 508">
     <span class='ocr_line' id='line_1_63' title="bbox 2120 435 3706 508; baseline 0.013 -22"><span class='ocrx_word' id='word_1_481' title='bbox 2120 452 2167 508; x_wconf 72' lang='grc' dir='ltr'>Α</span> <span class='ocrx_word' id='word_1_482' title='bbox 2194 435 2319 505; x_wconf 89' lang='lat' dir='ltr'><strong>quia</strong></span> <span class='ocrx_word' id='word_1_483' title='bbox 2345 436 2508 490; x_wconf 82' lang='lat' dir='ltr'><strong>vincis</strong></span> <span class='ocrx_word' id='word_1_484' title='bbox 2526 479 2539 500; x_wconf 91' lang='lat'><strong>,</strong></span> <span class='ocrx_word' id='word_1_485' title='bbox 2574 453 2696 493; x_wconf 89' lang='lat' dir='ltr'><strong>cum</strong></span> <span class='ocrx_word' id='word_1_486' title='bbox 2726 438 2845 494; x_wconf 90' lang='lat' dir='ltr'><strong>sine</strong></span> <span class='ocrx_word' id='word_1_487' title='bbox 2873 440 3067 494; x_wconf 88' lang='lat' dir='ltr'><strong>merito</strong></span> <span class='ocrx_word' id='word_1_488' title='bbox 3094 439 3274 508; x_wconf 88' lang='lat' dir='ltr'><strong>aliquo</strong></span> <span class='ocrx_word' id='word_1_489' title='bbox 3300 439 3412 495; x_wconf 82' lang='lat' dir='ltr'><strong>haec</strong></span> <span class='ocrx_word' id='word_1_490' title='bbox 3439 443 3500 496; x_wconf 80' lang='lat' dir='ltr'><strong>ad</strong></span> <span class='ocrx_word' id='word_1_491' title='bbox 3527 445 3706 508; x_wconf 84' lang='lat' dir='ltr'><strong>salutem</strong></span> 
     </span>
    </p>
   </div>
   <div class='ocr_carea' id='block_1_64' title="bbox 2194 528 3711 610">
    <p class='ocr_par' dir='ltr' id='par_1_64' title="bbox 2194 528 3711 610">
     <span class='ocr_line' id='line_1_64' title="bbox 2194 528 3711 610; baseline 0.009 -30"><span class='ocrx_word' id='word_1_492' title='bbox 2194 541 2378 595; x_wconf 81' lang='lat' dir='ltr'><strong>meam</strong></span> <span class='ocrx_word' id='word_1_493' title='bbox 2405 528 2534 581; x_wconf 89' lang='lat' dir='ltr'><strong>mihi</strong></span> <span class='ocrx_word' id='word_1_494' title='bbox 2574 530 2856 594; x_wconf 84' lang='lat' dir='ltr'><strong>revelasti;</strong></span> <span class='ocrx_word' id='word_1_495' title='bbox 2901 531 3055 600; x_wconf 82' lang='lat'><strong>1&#39;71</strong></span> <span class='ocrx_word' id='word_1_496' title='bbox 3092 540 3146 585; x_wconf 87' lang='lat' dir='ltr'><strong>et</strong></span> <span class='ocrx_word' id='word_1_497' title='bbox 3192 531 3316 585; x_wconf 91' lang='lat' dir='ltr'><strong>inde</strong></span> <span class='ocrx_word' id='word_1_498' title='bbox 3345 533 3509 589; x_wconf 90' lang='lat' dir='ltr'><strong>adhuc</strong></span> <span class='ocrx_word' id='word_1_499' title='bbox 3534 553 3711 610; x_wconf 72' lang='lat' dir='ltr'><strong>apparet</strong></span> 
     </span>
    </p>
   </div>
   <div class='ocr_carea' id='block_1_65' title="bbox 2179 620 3706 703">
    <p class='ocr_par' dir='ltr' id='par_1_65' title="bbox 2179 620 3706 703">
     <span class='ocr_line' id='line_1_65' title="bbox 2179 620 3706 703; baseline 0.012 -31"><span class='ocrx_word' id='word_1_500' title='bbox 2179 620 2322 688; x_wconf 90' lang='lat' dir='ltr'><strong>quod</strong></span> <span class='ocrx_word' id='word_1_501' title='bbox 2351 621 2528 676; x_wconf 88' lang='lat' dir='ltr'><strong>vincis</strong></span> <span class='ocrx_word' id='word_1_502' title='bbox 2557 623 2800 677; x_wconf 87' lang='lat' dir='ltr'><strong>bonitate</strong></span> <span class='ocrx_word' id='word_1_503' title='bbox 2823 665 2837 687; x_wconf 94' lang='lat'><strong>,</strong></span> <span class='ocrx_word' id='word_1_504' title='bbox 2861 625 3118 693; x_wconf 88' lang='lat' dir='ltr'><strong>quoniam</strong></span> <span class='ocrx_word' id='word_1_505' title='bbox 3147 642 3390 694; x_wconf 83' lang='lat' dir='ltr'><strong>aspergcs</strong></span> <span class='ocrx_word' id='word_1_506' title='bbox 3420 645 3492 681; x_wconf 84' lang='lat' dir='ltr'><strong>me</strong></span> <span class='ocrx_word' id='word_1_507' title='bbox 3512 632 3706 703; x_wconf 63' lang='lat' dir='ltr'><strong>byrsam.</strong></span> 
     </span>
    </p>
   </div>
   <div class='ocr_carea' id='block_1_66' title="bbox 2181 710 3710 792">
    <p class='ocr_par' dir='ltr' id='par_1_66' title="bbox 2181 710 3710 792">
     <span class='ocr_line' id='line_1_66' title="bbox 2181 710 3710 792; baseline 0.008 -28"><span class='ocrx_word' id='word_1_508' title='bbox 2181 710 2234 765; x_wconf 92' lang='lat' dir='ltr'><strong>id</strong></span> <span class='ocrx_word' id='word_1_509' title='bbox 2260 721 2344 764; x_wconf 92' lang='lat' dir='ltr'><strong>est</strong></span> <span class='ocrx_word' id='word_1_510' title='bbox 2365 710 2533 766; x_wconf 81' lang='lat' dir='ltr'><strong>facies</strong></span> <span class='ocrx_word' id='word_1_511' title='bbox 2564 729 2648 768; x_wconf 89' lang='lat' dir='ltr'><strong>me</strong></span> <span class='ocrx_word' id='word_1_512' title='bbox 2671 713 2904 768; x_wconf 88' lang='lat' dir='ltr'><strong>similem</strong></span> <span class='ocrx_word' id='word_1_513' title='bbox 2937 715 3011 768; x_wconf 92' lang='lat' dir='ltr'><strong>illi</strong></span> <span class='ocrx_word' id='word_1_514' title='bbox 3039 715 3129 784; x_wconf 88' lang='lat' dir='ltr'><strong>qui</strong></span> <span class='ocrx_word' id='word_1_515' title='bbox 3161 718 3468 786; x_wconf 84' lang='lat' dir='ltr'><strong>aspergitur</strong></span> <span class='ocrx_word' id='word_1_516' title='bbox 3497 720 3710 792; x_wconf 77' lang='lat' dir='ltr'><strong>hyssopo;</strong></span> 
     </span>
    </p>
   </div>
   <div class='ocr_carea' id='block_1_67' title="bbox 2182 800 3714 875">
    <p class='ocr_par' dir='ltr' id='par_1_67' title="bbox 2182 800 3714 875">
     <span class='ocr_line' id='line_1_67' title="bbox 2182 800 3714 875; baseline 0.009 -22"><span class='ocrx_word' id='word_1_517' title='bbox 2182 809 2231 853; x_wconf 87' lang='lat' dir='ltr'><strong>et</strong></span> <span class='ocrx_word' id='word_1_518' title='bbox 2261 800 2342 855; x_wconf 90' lang='lat' dir='ltr'><strong>sie</strong></span> <span class='ocrx_word' id='word_1_519' title='bbox 2390 801 2556 856; x_wconf 77' lang='lat' dir='ltr'><strong>facies</strong></span> <span class='ocrx_word' id='word_1_520' title='bbox 2590 819 2678 858; x_wconf 91' lang='lat' dir='ltr'><strong>me</strong></span> <span class='ocrx_word' id='word_1_521' title='bbox 2709 803 2942 858; x_wconf 88' lang='lat' dir='ltr'><strong>similem</strong></span> <span class='ocrx_word' id='word_1_522' title='bbox 2974 805 3117 875; x_wconf 91' lang='lat' dir='ltr'><strong>quod</strong></span> <span class='ocrx_word' id='word_1_523' title='bbox 3158 806 3468 859; x_wconf 79' lang='lat' dir='ltr'><strong>tumulabor.</strong></span> <span class='ocrx_word' id='word_1_524' title='bbox 3495 808 3622 875; x_wconf 83' lang='lat' dir='ltr'><strong>Quod</strong></span> <span class='ocrx_word' id='word_1_525' title='bbox 3650 827 3714 870; x_wconf 69' lang='lat' dir='ltr'><strong>est</strong></span> 
     </span>
    </p>
   </div>
   <div class='ocr_carea' id='block_1_68' title="bbox 2181 891 3715 970">
    <p class='ocr_par' dir='ltr' id='par_1_68' title="bbox 2181 891 3715 970">
     <span class='ocr_line' id='line_1_68' title="bbox 2181 891 3715 970; baseline 0.01 -25"><span class='ocrx_word' id='word_1_526' title='bbox 2181 891 2365 947; x_wconf 86' lang='lat' dir='ltr'><strong>dicere</strong></span> <span class='ocrx_word' id='word_1_527' title='bbox 2399 911 2411 946; x_wconf 89' lang='lat'><strong>:</strong></span> <span class='ocrx_word' id='word_1_528' title='bbox 2451 894 2740 948; x_wconf 88' lang='lat' dir='ltr'><strong>tnundabis</strong></span> <span class='ocrx_word' id='word_1_529' title='bbox 2791 910 2876 950; x_wconf 89' lang='lat' dir='ltr'><strong>me</strong></span> <span class='ocrx_word' id='word_1_530' title='bbox 2921 910 3018 965; x_wconf 87' lang='lat' dir='ltr'><strong>per</strong></span> <span class='ocrx_word' id='word_1_531' title='bbox 3069 896 3443 968; x_wconf 85' lang='lat' dir='ltr'><strong>aspersionem</strong></span> <span class='ocrx_word' id='word_1_532' title='bbox 3489 905 3715 970; x_wconf 83' lang='lat' dir='ltr'><strong>s:mguiuis</strong></span> 
     </span>
    </p>
   </div>
   <div class='ocr_carea' id='block_1_69' title="bbox 2180 981 3715 1056">
    <p class='ocr_par' dir='ltr' id='par_1_69' title="bbox 2180 981 3715 1056">
     <span class='ocr_line' id='line_1_69' title="bbox 2180 981 3715 1056; baseline 0.008 -20"><span class='ocrx_word' id='word_1_533' title='bbox 2180 981 2382 1037; x_wconf 87' lang='lat' dir='ltr'><strong>Christi</strong></span> <span class='ocrx_word' id='word_1_534' title='bbox 2407 1024 2420 1046; x_wconf 91' lang='lat'><strong>,</strong></span> <span class='ocrx_word' id='word_1_535' title='bbox 2452 983 2544 1052; x_wconf 88' lang='lat' dir='ltr'><strong>qui</strong></span> <span class='ocrx_word' id='word_1_536' title='bbox 2571 985 2676 1037; x_wconf 90' lang='lat' dir='ltr'><strong>erit</strong></span> <span class='ocrx_word' id='word_1_537' title='bbox 2705 999 2928 1054; x_wconf 88' lang='lat' dir='ltr'><strong>sparsus</strong></span> <span class='ocrx_word' id='word_1_538' title='bbox 2959 988 3194 1056; x_wconf 86' lang='lat' dir='ltr'><strong>hyssopo</strong></span> <span class='ocrx_word' id='word_1_539' title='bbox 3215 1027 3229 1052; x_wconf 89' lang='lat'><strong>,</strong></span> <span class='ocrx_word' id='word_1_540' title='bbox 3262 986 3315 1040; x_wconf 91' lang='lat' dir='ltr'><strong>id</strong></span> <span class='ocrx_word' id='word_1_541' title='bbox 3345 997 3428 1040; x_wconf 89' lang='lat' dir='ltr'><strong>est</strong></span> <span class='ocrx_word' id='word_1_542' title='bbox 3458 988 3505 1041; x_wconf 95' lang='lat' dir='ltr'><strong>in</strong></span> <span class='ocrx_word' id='word_1_543' title='bbox 3545 992 3715 1049; x_wconf 84' lang='lat' dir='ltr'><strong>humili-</strong></span> 
     </span>
    </p>
   </div>
   <div class='ocr_carea' id='block_1_70' title="bbox 2184 1075 3716 1148">
    <p class='ocr_par' dir='ltr' id='par_1_70' title="bbox 2184 1075 3716 1148">
     <span class='ocr_line' id='line_1_70' title="bbox 2184 1075 3716 1148; baseline 0.008 -20"><span class='ocrx_word' id='word_1_544' title='bbox 2184 1083 2312 1129; x_wconf 84' lang='lat' dir='ltr'><strong>tate.</strong></span> <span class='ocrx_word' id='word_1_545' title='bbox 2346 1075 2502 1142; x_wconf 91' lang='lat' dir='ltr'><strong>Quod</strong></span> <span class='ocrx_word' id='word_1_546' title='bbox 2527 1075 2579 1129; x_wconf 92' lang='lat' dir='ltr'><strong>in</strong></span> <span class='ocrx_word' id='word_1_547' title='bbox 2607 1078 2781 1130; x_wconf 88' lang='lat' dir='ltr'><strong>veteri</strong></span> <span class='ocrx_word' id='word_1_548' title='bbox 2811 1076 2929 1147; x_wconf 83' lang='lat' dir='ltr'><strong>lege</strong></span> <span class='ocrx_word' id='word_1_549' title='bbox 2954 1078 3430 1148; x_wconf 70' lang='lat' dir='ltr'><strong>praeﬁgurabatur.</strong></span> <span class='ocrx_word' id='word_1_550' title='bbox 3463 1079 3580 1134; x_wconf 88' lang='lat' dir='ltr'><strong>Cum</strong></span> <span class='ocrx_word' id='word_1_551' title='bbox 3605 1087 3716 1141; x_wconf 86' lang='lat' dir='ltr'><strong>enim</strong></span> 
     </span>
    </p>
   </div>
   <div class='ocr_carea' id='block_1_71' title="bbox 2181 1165 3718 1241">
    <p class='ocr_par' dir='ltr' id='par_1_71' title="bbox 2181 1165 3718 1241">
     <span class='ocr_line' id='line_1_71' title="bbox 2181 1165 3718 1241; baseline 0.009 -21"><span class='ocrx_word' id='word_1_552' title='bbox 2181 1165 2431 1236; x_wconf 86' lang='lat' dir='ltr'><strong>lcprosus</strong></span> <span class='ocrx_word' id='word_1_553' title='bbox 2459 1184 2583 1223; x_wconf 89' lang='lat' dir='ltr'><strong>cum</strong></span> <span class='ocrx_word' id='word_1_554' title='bbox 2626 1167 2888 1224; x_wconf 77' lang='lat' dir='ltr'><strong>fasciculo</strong></span> <span class='ocrx_word' id='word_1_555' title='bbox 2936 1171 3152 1241; x_wconf 87' lang='lat' dir='ltr'><strong>hyssopi</strong></span> <span class='ocrx_word' id='word_1_556' title='bbox 3204 1171 3469 1240; x_wconf 80' lang='lat' dir='ltr'><strong>sanguine</strong></span> <span class='ocrx_word' id='word_1_557' title='bbox 3516 1178 3718 1236; x_wconf 79' lang='lat' dir='ltr'><strong>sacriﬁcii</strong></span> 
     </span>
    </p>
   </div>
   <div class='ocr_carea' id='block_1_72' title="bbox 2183 1261 3717 1340">
    <p class='ocr_par' dir='ltr' id='par_1_72' title="bbox 2183 1261 3717 1340">
     <span class='ocr_line' id='line_1_72' title="bbox 2183 1261 3717 1340; baseline 0.007 -28"><span class='ocrx_word' id='word_1_558' title='bbox 2183 1261 2594 1330; x_wconf 85' lang='lat' dir='ltr'><strong>aspergebatur,</strong></span> <span class='ocrx_word' id='word_1_559' title='bbox 2644 1277 2673 1316; x_wconf 89' lang='lat' dir='ltr'><strong>a</strong></span> <span class='ocrx_word' id='word_1_560' title='bbox 2709 1262 2856 1332; x_wconf 88' lang='lat' dir='ltr'><strong>lepra</strong></span> <span class='ocrx_word' id='word_1_561' title='bbox 2903 1263 3272 1317; x_wconf 86' lang='lat' dir='ltr'><strong>mundabatur</strong></span> <span class='ocrx_word' id='word_1_562' title='bbox 3318 1262 3504 1333; x_wconf 82' lang='lat' dir='ltr'><strong>(Lerit.</strong></span> <span class='ocrx_word' id='word_1_563' title='bbox 3548 1271 3717 1340; x_wconf 74' lang='lat' dir='ltr'><strong>stv,6).</strong></span> 
     </span>
    </p>
   </div>
   <div class='ocr_carea' id='block_1_73' title="bbox 2184 1352 3717 1426">
    <p class='ocr_par' dir='ltr' id='par_1_73' title="bbox 2184 1352 3717 1426">
     <span class='ocr_line' id='line_1_73' title="bbox 2184 1352 3717 1426; baseline 0.003 -18"><span class='ocrx_word' id='word_1_564' title='bbox 2184 1352 2288 1408; x_wconf 91' lang='lat' dir='ltr'><strong>Per</strong></span> <span class='ocrx_word' id='word_1_565' title='bbox 2314 1354 2604 1425; x_wconf 80' lang='lat' dir='ltr'><strong>hyssopum</strong></span> <span class='ocrx_word' id='word_1_566' title='bbox 2636 1366 2818 1410; x_wconf 90' lang='lat' dir='ltr'><strong>autem</strong></span> <span class='ocrx_word' id='word_1_567' title='bbox 2856 1372 2977 1426; x_wconf 71' lang='lat' dir='ltr'><strong>qua:</strong></span> <span class='ocrx_word' id='word_1_568' title='bbox 3024 1355 3250 1410; x_wconf 89' lang='lat' dir='ltr'><strong>humilis</strong></span> <span class='ocrx_word' id='word_1_569' title='bbox 3280 1365 3365 1410; x_wconf 89' lang='lat' dir='ltr'><strong>est</strong></span> <span class='ocrx_word' id='word_1_570' title='bbox 3406 1357 3588 1422; x_wconf 88' lang='lat' dir='ltr'><strong>herba,</strong></span> <span class='ocrx_word' id='word_1_571' title='bbox 3609 1372 3650 1416; x_wconf 89' lang='lat' dir='ltr'><strong>et</strong></span> <span class='ocrx_word' id='word_1_572' title='bbox 3679 1364 3717 1418; x_wconf 83' lang='lat' dir='ltr'><strong>in</strong></span> 
     </span>
    </p>
   </div>
   <div class='ocr_carea' id='block_1_74' title="bbox 2183 1446 3721 1518">
    <p class='ocr_par' dir='ltr' id='par_1_74' title="bbox 2183 1446 3721 1518">
     <span class='ocr_line' id='line_1_74' title="bbox 2183 1446 3721 1518; baseline 0.005 -18"><span class='ocrx_word' id='word_1_573' title='bbox 2183 1447 2422 1515; x_wconf 86' lang='lat' dir='ltr'><strong>petrosis</strong></span> <span class='ocrx_word' id='word_1_574' title='bbox 2450 1446 2585 1502; x_wconf 88' lang='lat' dir='ltr'><strong>locis</strong></span> <span class='ocrx_word' id='word_1_575' title='bbox 2615 1448 2860 1503; x_wconf 81' lang='lat' dir='ltr'><strong>existens</strong></span> <span class='ocrx_word' id='word_1_576' title='bbox 2879 1489 2893 1512; x_wconf 91' lang='lat'><strong>,</strong></span> <span class='ocrx_word' id='word_1_577' title='bbox 2921 1459 2976 1518; x_wconf 84' lang='lat' dir='ltr'><strong>ct</strong></span> <span class='ocrx_word' id='word_1_578' title='bbox 3003 1447 3070 1502; x_wconf 90' lang='lat' dir='ltr'><strong>ad</strong></span> <span class='ocrx_word' id='word_1_579' title='bbox 3114 1448 3389 1518; x_wconf 88' lang='lat' dir='ltr'><strong>pulmonis</strong></span> <span class='ocrx_word' id='word_1_580' title='bbox 3421 1457 3633 1506; x_wconf 86' lang='lat' dir='ltr'><strong>tumores</strong></span> <span class='ocrx_word' id='word_1_581' title='bbox 3653 1455 3721 1509; x_wconf 87' lang='lat' dir='ltr'><strong>de-</strong></span> 
     </span>
    </p>
   </div>
   <div class='ocr_carea' id='block_1_75' title="bbox 2187 1537 3720 1610">
    <p class='ocr_par' dir='ltr' id='par_1_75' title="bbox 2187 1537 3720 1610">
     <span class='ocr_line' id='line_1_75' title="bbox 2187 1537 3720 1610; baseline 0.007 -24"><span class='ocrx_word' id='word_1_582' title='bbox 2187 1537 2499 1606; x_wconf 89' lang='lat' dir='ltr'><strong>primendos</strong></span> <span class='ocrx_word' id='word_1_583' title='bbox 2546 1537 2768 1602; x_wconf 87' lang='lat' dir='ltr'><strong>valens,</strong></span> <span class='ocrx_word' id='word_1_584' title='bbox 2839 1538 3117 1593; x_wconf 80' lang='lat' dir='ltr'><strong>humilitas</strong></span> <span class='ocrx_word' id='word_1_585' title='bbox 3163 1537 3410 1606; x_wconf 88' lang='lat' dir='ltr'><strong>Christi,</strong></span> <span class='ocrx_word' id='word_1_586' title='bbox 3474 1540 3558 1609; x_wconf 89' lang='lat' dir='ltr'><strong>qui</strong></span> <span class='ocrx_word' id='word_1_587' title='bbox 3603 1552 3720 1610; x_wconf 82' lang='lat' dir='ltr'><strong>petra</strong></span> 
     </span>
    </p>
   </div>
   <div class='ocr_carea' id='block_1_76' title="bbox 2187 1629 3724 1700">
    <p class='ocr_par' dir='ltr' id='par_1_76' title="bbox 2187 1629 3724 1700">
     <span class='ocr_line' id='line_1_76' title="bbox 2187 1629 3724 1700; baseline 0.003 -16"><span class='ocrx_word' id='word_1_588' title='bbox 2187 1629 2341 1684; x_wconf 87' lang='lat' dir='ltr'><strong>ﬁrma</strong></span> <span class='ocrx_word' id='word_1_589' title='bbox 2368 1637 2450 1684; x_wconf 89' lang='lat' dir='ltr'><strong>est</strong></span> <span class='ocrx_word' id='word_1_590' title='bbox 2472 1630 2931 1700; x_wconf 74' lang='lat' dir='ltr'><strong>prmsignahatur;</strong></span> <span class='ocrx_word' id='word_1_591' title='bbox 2971 1631 3061 1700; x_wconf 89' lang='lat' dir='ltr'><strong>qui</strong></span> <span class='ocrx_word' id='word_1_592' title='bbox 3100 1630 3383 1686; x_wconf 73' lang='lat' dir='ltr'><strong>diabolica:</strong></span> <span class='ocrx_word' id='word_1_593' title='bbox 3411 1634 3634 1700; x_wconf 68' lang='lat' dir='ltr'><strong>potentia:</strong></span> <span class='ocrx_word' id='word_1_594' title='bbox 3661 1644 3724 1688; x_wconf 81' lang='lat' dir='ltr'><strong>tn-</strong></span> 
     </span>
    </p>
   </div>
   <div class='ocr_carea' id='block_1_77' title="bbox 2185 1722 3722 1793">
    <p class='ocr_par' dir='ltr' id='par_1_77' title="bbox 2185 1722 3722 1793">
     <span class='ocr_line' id='line_1_77' title="bbox 2185 1722 3722 1793; baseline 0.005 -19"><span class='ocrx_word' id='word_1_595' title='bbox 2185 1736 2410 1784; x_wconf 85' lang='lat' dir='ltr'><strong>morem,</strong></span> <span class='ocrx_word' id='word_1_596' title='bbox 2437 1736 2533 1791; x_wconf 87' lang='lat' dir='ltr'><strong>per</strong></span> <span class='ocrx_word' id='word_1_597' title='bbox 2555 1723 2636 1776; x_wconf 91' lang='lat' dir='ltr'><strong>sui</strong></span> <span class='ocrx_word' id='word_1_598' title='bbox 2670 1723 2809 1776; x_wconf 85' lang='lat' dir='ltr'><strong>sacri</strong></span> <span class='ocrx_word' id='word_1_599' title='bbox 2835 1722 3117 1793; x_wconf 82' lang='lat' dir='ltr'><strong>sanguinis</strong></span> <span class='ocrx_word' id='word_1_600' title='bbox 3140 1723 3458 1778; x_wconf 72' lang='lat' dir='ltr'><strong>effusionem</strong></span> <span class='ocrx_word' id='word_1_601' title='bbox 3487 1724 3722 1793; x_wconf 83' lang='lat' dir='ltr'><strong>depressit,</strong></span> 
     </span>
    </p>
   </div>
   <div class='ocr_carea' id='block_1_78' title="bbox 2117 1815 3666 1884">
    <p class='ocr_par' dir='ltr' id='par_1_78' title="bbox 2117 1815 3666 1884">
     <span class='ocr_line' id='line_1_78' title="bbox 2117 1815 3666 1884; baseline 0.002 -19"><span class='ocrx_word' id='word_1_602' title='bbox 2117 1823 2158 1881; x_wconf 73' lang='grc' dir='ltr'>Β</span> <span class='ocrx_word' id='word_1_603' title='bbox 2187 1824 2240 1866; x_wconf 89' lang='lat' dir='ltr'><strong>et</strong></span> <span class='ocrx_word' id='word_1_604' title='bbox 2269 1821 2614 1882; x_wconf 86' lang='lat' dir='ltr'><strong>peccatorum</strong></span> <span class='ocrx_word' id='word_1_605' title='bbox 2650 1815 2868 1884; x_wconf 84' lang='lat' dir='ltr'><strong>generis</strong></span> <span class='ocrx_word' id='word_1_606' title='bbox 2892 1815 3113 1869; x_wconf 85' lang='lat' dir='ltr'><strong>immani</strong></span> <span class='ocrx_word' id='word_1_607' title='bbox 3148 1815 3354 1884; x_wconf 83' lang='lat' dir='ltr'><strong>lepram</strong></span> <span class='ocrx_word' id='word_1_608' title='bbox 3387 1816 3666 1870; x_wconf 79' lang='lat' dir='ltr'><strong>exiuauivit.</strong></span> 
     </span>
    </p>
   </div>
   <div class='ocr_carea' id='block_1_79' title="bbox 2256 1904 3723 1982">
    <p class='ocr_par' dir='ltr' id='par_1_79' title="bbox 2256 1904 3723 1982">
     <span class='ocr_line' id='line_1_79' title="bbox 2256 1904 3723 1982; baseline 0.003 -23"><span class='ocrx_word' id='word_1_609' title='bbox 2256 1904 2360 1959; x_wconf 89' lang='lat' dir='ltr'><strong>Per</strong></span> <span class='ocrx_word' id='word_1_610' title='bbox 2387 1904 2540 1974; x_wconf 86' lang='lat' dir='ltr'><strong>cujus</strong></span> <span class='ocrx_word' id='word_1_611' title='bbox 2563 1907 2886 1982; x_wconf 82' lang='lat' dir='ltr'><strong>humilitatis</strong></span> <span class='ocrx_word' id='word_1_612' title='bbox 2917 1907 3098 1973; x_wconf 91' lang='lat' dir='ltr'><strong>ﬁdem,</strong></span> <span class='ocrx_word' id='word_1_613' title='bbox 3140 1907 3413 1974; x_wconf 88' lang='lat' dir='ltr'><strong>promittit</strong></span> <span class='ocrx_word' id='word_1_614' title='bbox 3437 1923 3494 1962; x_wconf 84' lang='lat' dir='ltr'><strong>se</strong></span> <span class='ocrx_word' id='word_1_615' title='bbox 3545 1909 3723 1964; x_wconf 71' lang='lat' dir='ltr'><strong>David:</strong></span> 
     </span>
    </p>
   </div>
   <div class='ocr_carea' id='block_1_80' title="bbox 2187 1999 3725 2070">
    <p class='ocr_par' dir='ltr' id='par_1_80' title="bbox 2187 1999 3725 2070">
     <span class='ocr_line' id='line_1_80' title="bbox 2187 1999 3725 2070; baseline 0.002 -20"><span class='ocrx_word' id='word_1_616' title='bbox 2187 2007 2409 2067; x_wconf 88' lang='lat' dir='ltr'><strong>peccato</strong></span> <span class='ocrx_word' id='word_1_617' title='bbox 2437 2013 2533 2052; x_wconf 93' lang='lat' dir='ltr'><strong>suo</strong></span> <span class='ocrx_word' id='word_1_618' title='bbox 2557 1999 2829 2063; x_wconf 87' lang='lat' dir='ltr'><strong>mundari,</strong></span> <span class='ocrx_word' id='word_1_619' title='bbox 2874 2014 2994 2053; x_wconf 86' lang='lat' dir='ltr'><strong>eum</strong></span> <span class='ocrx_word' id='word_1_620' title='bbox 3020 1999 3152 2054; x_wconf 88' lang='lat' dir='ltr'><strong>dicit</strong></span> <span class='ocrx_word' id='word_1_621' title='bbox 3182 2017 3194 2052; x_wconf 94' lang='lat'>:</span> <span class='ocrx_word' id='word_1_622' title='bbox 3243 2000 3496 2069; x_wconf 81' lang='lat' dir='ltr'><strong>Asperges</strong></span> <span class='ocrx_word' id='word_1_623' title='bbox 3528 2016 3597 2053; x_wconf 83' lang='lat' dir='ltr'><strong>me</strong></span> <span class='ocrx_word' id='word_1_624' title='bbox 3632 2001 3725 2070; x_wconf 76' lang='lat' dir='ltr'><strong>hys-</strong></span> 
     </span>
    </p>
   </div>
   <div class='ocr_carea' id='block_1_81' title="bbox 2185 2090 3726 2161">
    <p class='ocr_par' dir='ltr' id='par_1_81' title="bbox 2185 2090 3726 2161">
     <span class='ocr_line' id='line_1_81' title="bbox 2185 2090 3726 2161; baseline 0.003 -19"><span class='ocrx_word' id='word_1_625' title='bbox 2185 2105 2331 2158; x_wconf 85' lang='lat' dir='ltr'><strong>sopo,</strong></span> <span class='ocrx_word' id='word_1_626' title='bbox 2367 2090 2418 2144; x_wconf 90' lang='lat' dir='ltr'><strong>id</strong></span> <span class='ocrx_word' id='word_1_627' title='bbox 2446 2100 2531 2145; x_wconf 86' lang='lat' dir='ltr'><strong>est</strong></span> <span class='ocrx_word' id='word_1_628' title='bbox 2561 2105 2646 2145; x_wconf 90' lang='lat' dir='ltr'><strong>me</strong></span> <span class='ocrx_word' id='word_1_629' title='bbox 2679 2090 2910 2144; x_wconf 89' lang='lat' dir='ltr'><strong>similem</strong></span> <span class='ocrx_word' id='word_1_630' title='bbox 2937 2091 3104 2146; x_wconf 81' lang='lat' dir='ltr'><strong>facies</strong></span> <span class='ocrx_word' id='word_1_631' title='bbox 3130 2092 3370 2160; x_wconf 87' lang='lat' dir='ltr'><strong>lcproso,</strong></span> <span class='ocrx_word' id='word_1_632' title='bbox 3399 2093 3487 2160; x_wconf 91' lang='lat' dir='ltr'><strong>qui</strong></span> <span class='ocrx_word' id='word_1_633' title='bbox 3515 2093 3726 2161; x_wconf 80' lang='lat' dir='ltr'><strong>sanguine</strong></span> 
     </span>
    </p>
   </div>
   <div class='ocr_carea' id='block_1_82' title="bbox 2187 2182 3728 2253">
    <p class='ocr_par' dir='ltr' id='par_1_82' title="bbox 2187 2182 3728 2253">
     <span class='ocr_line' id='line_1_82' title="bbox 2187 2182 3728 2253; baseline 0.001 -17"><span class='ocrx_word' id='word_1_634' title='bbox 2187 2182 2494 2251; x_wconf 85' lang='lat' dir='ltr'><strong>aspergitur</strong></span> <span class='ocrx_word' id='word_1_635' title='bbox 2525 2198 2623 2253; x_wconf 87' lang='lat' dir='ltr'><strong>per</strong></span> <span class='ocrx_word' id='word_1_636' title='bbox 2673 2183 2988 2253; x_wconf 84' lang='lat' dir='ltr'><strong>hyssopum.</strong></span> <span class='ocrx_word' id='word_1_637' title='bbox 3041 2184 3105 2237; x_wconf 85' lang='lat' dir='ltr'><strong>Et</strong></span> <span class='ocrx_word' id='word_1_638' title='bbox 3143 2184 3369 2252; x_wconf 80' lang='lat' dir='ltr'><strong>exponit</strong></span> <span class='ocrx_word' id='word_1_639' title='bbox 3407 2185 3647 2252; x_wconf 88' lang='lat' dir='ltr'><strong>quomodo</strong></span> <span class='ocrx_word' id='word_1_640' title='bbox 3671 2185 3728 2238; x_wconf 82' lang='lat' dir='ltr'><strong>fa-</strong></span> 
     </span>
    </p>
   </div>
   <div class='ocr_carea' id='block_1_83' title="bbox 2188 2273 3764 2342">
    <p class='ocr_par' dir='ltr' id='par_1_83' title="bbox 2188 2273 3764 2342">
     <span class='ocr_line' id='line_1_83' title="bbox 2188 2273 3764 2342; baseline 0 -14"><span class='ocrx_word' id='word_1_641' title='bbox 2188 2273 2294 2328; x_wconf 85' lang='lat' dir='ltr'><strong>ciet</strong></span> <span class='ocrx_word' id='word_1_642' title='bbox 2321 2274 2575 2340; x_wconf 89' lang='lat' dir='ltr'><strong>similem,</strong></span> <span class='ocrx_word' id='word_1_643' title='bbox 2606 2291 2727 2329; x_wconf 89' lang='lat' dir='ltr'><strong>cum</strong></span> <span class='ocrx_word' id='word_1_644' title='bbox 2759 2276 2908 2331; x_wconf 86' lang='lat' dir='ltr'><strong>addit</strong></span> <span class='ocrx_word' id='word_1_645' title='bbox 2930 2285 3001 2340; x_wconf 84' lang='lat' dir='ltr'><strong>et,</strong></span> <span class='ocrx_word' id='word_1_646' title='bbox 3025 2277 3078 2330; x_wconf 89' lang='lat' dir='ltr'><strong>id</strong></span> <span class='ocrx_word' id='word_1_647' title='bbox 3107 2284 3189 2331; x_wconf 88' lang='lat' dir='ltr'><strong>est</strong></span> <span class='ocrx_word' id='word_1_648' title='bbox 3211 2276 3442 2342; x_wconf 86' lang='lat' dir='ltr'><strong>scilicet,</strong></span> <span class='ocrx_word' id='word_1_649' title='bbox 3467 2276 3727 2341; x_wconf 73' lang='lat' dir='ltr'><strong>mandabat,</strong></span> <span class='ocrx_word' id='word_1_650' title='bbox 3761 2281 3764 2290; x_wconf 95' lang='lat'>&#39;</span> 
     </span>
    </p>
   </div>
   <div class='ocr_carea' id='block_1_84' title="bbox 2190 2365 3728 2437">
    <p class='ocr_par' dir='ltr' id='par_1_84' title="bbox 2190 2365 3728 2437">
     <span class='ocr_line' id='line_1_84' title="bbox 2190 2365 3728 2437; baseline 0.002 -18"><span class='ocrx_word' id='word_1_651' title='bbox 2190 2365 2242 2419; x_wconf 92' lang='lat' dir='ltr'><strong>id</strong></span> <span class='ocrx_word' id='word_1_652' title='bbox 2273 2376 2355 2420; x_wconf 90' lang='lat' dir='ltr'><strong>est</strong></span> <span class='ocrx_word' id='word_1_653' title='bbox 2386 2367 2438 2420; x_wconf 89' lang='lat' dir='ltr'><strong>in</strong></span> <span class='ocrx_word' id='word_1_654' title='bbox 2492 2367 2596 2420; x_wconf 86' lang='lat' dir='ltr'><strong>hoc</strong></span> <span class='ocrx_word' id='word_1_655' title='bbox 2629 2367 2798 2422; x_wconf 81' lang='lat' dir='ltr'><strong>facies</strong></span> <span class='ocrx_word' id='word_1_656' title='bbox 2842 2367 3074 2422; x_wconf 90' lang='lat' dir='ltr'><strong>similem</strong></span> <span class='ocrx_word' id='word_1_657' title='bbox 3108 2384 3122 2420; x_wconf 90' lang='lat'><strong>:</strong></span> <span class='ocrx_word' id='word_1_658' title='bbox 3156 2367 3302 2437; x_wconf 91' lang='lat' dir='ltr'><strong>quod</strong></span> <span class='ocrx_word' id='word_1_659' title='bbox 3356 2367 3496 2422; x_wconf 88' lang='lat' dir='ltr'><strong>sicut</strong></span> <span class='ocrx_word' id='word_1_660' title='bbox 3537 2367 3728 2436; x_wconf 77' lang='lat' dir='ltr'><strong>leprosos</strong></span> 
     </span>
    </p>
   </div>
   <div class='ocr_carea' id='block_1_85' title="bbox 2190 2457 3728 2529">
    <p class='ocr_par' dir='ltr' id='par_1_85' title="bbox 2190 2457 3728 2529">
     <span class='ocr_line' id='line_1_85' title="bbox 2190 2457 3728 2529; baseline -0.001 -18"><span class='ocrx_word' id='word_1_661' title='bbox 2190 2457 2282 2512; x_wconf 91' lang='lat' dir='ltr'><strong>ille</strong></span> <span class='ocrx_word' id='word_1_662' title='bbox 2316 2459 2366 2511; x_wconf 95' lang='lat' dir='ltr'><strong>in</strong></span> <span class='ocrx_word' id='word_1_663' title='bbox 2396 2474 2625 2527; x_wconf 89' lang='lat' dir='ltr'><strong>corpore</strong></span> <span class='ocrx_word' id='word_1_664' title='bbox 2646 2459 2960 2522; x_wconf 88' lang='lat' dir='ltr'><strong>mundatur,</strong></span> <span class='ocrx_word' id='word_1_665' title='bbox 2986 2459 3066 2513; x_wconf 88' lang='lat' dir='ltr'><strong>sic</strong></span> <span class='ocrx_word' id='word_1_666' title='bbox 3089 2469 3142 2512; x_wconf 90' lang='lat' dir='ltr'><strong>et</strong></span> <span class='ocrx_word' id='word_1_667' title='bbox 3170 2473 3272 2528; x_wconf 88' lang='lat' dir='ltr'><strong>ego</strong></span> <span class='ocrx_word' id='word_1_668' title='bbox 3299 2475 3397 2527; x_wconf 86' lang='lat' dir='ltr'><strong>per</strong></span> <span class='ocrx_word' id='word_1_669' title='bbox 3422 2459 3570 2513; x_wconf 89' lang='lat' dir='ltr'><strong>ﬁdem</strong></span> <span class='ocrx_word' id='word_1_670' title='bbox 3587 2474 3728 2529; x_wconf 80' lang='lat' dir='ltr'><strong>asper-</strong></span> 
     </span>
    </p>
   </div>
   <div class='ocr_carea' id='block_1_86' title="bbox 2189 2550 3727 2620">
    <p class='ocr_par' dir='ltr' id='par_1_86' title="bbox 2189 2550 3727 2620">
     <span class='ocr_line' id='line_1_86' title="bbox 2189 2550 3727 2620; baseline -0.001 -14"><span class='ocrx_word' id='word_1_671' title='bbox 2189 2550 2359 2606; x_wconf 80' lang='lat' dir='ltr'><strong>sionis</strong></span> <span class='ocrx_word' id='word_1_672' title='bbox 2384 2551 2663 2620; x_wconf 80' lang='lat' dir='ltr'><strong>sanguinis</strong></span> <span class='ocrx_word' id='word_1_673' title='bbox 2694 2551 2898 2606; x_wconf 87' lang='lat' dir='ltr'><strong>Christi</strong></span> <span class='ocrx_word' id='word_1_674' title='bbox 2921 2552 2975 2606; x_wconf 88' lang='lat' dir='ltr'><strong>in</strong></span> <span class='ocrx_word' id='word_1_675' title='bbox 3003 2551 3317 2607; x_wconf 86' lang='lat' dir='ltr'><strong>humilitate</strong></span> <span class='ocrx_word' id='word_1_676' title='bbox 3336 2568 3365 2604; x_wconf 87' lang='lat' dir='ltr'><strong>a</strong></span> <span class='ocrx_word' id='word_1_677' title='bbox 3408 2561 3614 2619; x_wconf 81' lang='lat' dir='ltr'><strong>peccato</strong></span> <span class='ocrx_word' id='word_1_678' title='bbox 3635 2565 3727 2605; x_wconf 80' lang='lat' dir='ltr'><strong>meo</strong></span> 
     </span>
    </p>
   </div>
   <div class='ocr_carea' id='block_1_87' title="bbox 2191 2639 3730 2710">
    <p class='ocr_par' dir='ltr' id='par_1_87' title="bbox 2191 2639 3730 2710">
     <span class='ocr_line' id='line_1_87' title="bbox 2191 2639 3730 2710; baseline -0.001 -14"><span class='ocrx_word' id='word_1_679' title='bbox 2191 2641 2244 2696; x_wconf 92' lang='lat' dir='ltr'><strong>in</strong></span> <span class='ocrx_word' id='word_1_680' title='bbox 2267 2641 2447 2696; x_wconf 86' lang='lat' dir='ltr'><strong>anima</strong></span> <span class='ocrx_word' id='word_1_681' title='bbox 2483 2643 2806 2706; x_wconf 88' lang='lat' dir='ltr'><strong>mundabor,</strong></span> <span class='ocrx_word' id='word_1_682' title='bbox 2837 2650 2890 2694; x_wconf 90' lang='lat' dir='ltr'><strong>ct</strong></span> <span class='ocrx_word' id='word_1_683' title='bbox 2922 2657 3027 2696; x_wconf 92' lang='lat' dir='ltr'><strong>non</strong></span> <span class='ocrx_word' id='word_1_684' title='bbox 3068 2641 3243 2696; x_wconf 87' lang='lat' dir='ltr'><strong>solum</strong></span> <span class='ocrx_word' id='word_1_685' title='bbox 3274 2658 3372 2710; x_wconf 88' lang='lat' dir='ltr'><strong>per</strong></span> <span class='ocrx_word' id='word_1_686' title='bbox 3394 2639 3541 2694; x_wconf 88' lang='lat' dir='ltr'><strong>ﬁdem</strong></span> <span class='ocrx_word' id='word_1_687' title='bbox 3567 2641 3730 2710; x_wconf 85' lang='lat' dir='ltr'><strong>passio-</strong></span> 
     </span>
    </p>
   </div>
   <div class='ocr_carea' id='block_1_88' title="bbox 2189 2730 3729 2796">
    <p class='ocr_par' dir='ltr' id='par_1_88' title="bbox 2189 2730 3729 2796">
     <span class='ocr_line' id='line_1_88' title="bbox 2189 2730 3729 2796; baseline -0.001 -12"><span class='ocrx_word' id='word_1_688' title='bbox 2189 2730 2275 2785; x_wconf 89' lang='lat' dir='ltr'><strong>nis</strong></span> <span class='ocrx_word' id='word_1_689' title='bbox 2304 2730 2505 2786; x_wconf 83' lang='lat' dir='ltr'><strong>Christi</strong></span> <span class='ocrx_word' id='word_1_690' title='bbox 2539 2730 2861 2796; x_wconf 85' lang='lat' dir='ltr'><strong>tuttndabor,</strong></span> <span class='ocrx_word' id='word_1_691' title='bbox 2913 2731 3007 2786; x_wconf 90' lang='lat' dir='ltr'><strong>sed</strong></span> <span class='ocrx_word' id='word_1_692' title='bbox 3030 2731 3196 2786; x_wconf 88' lang='lat' dir='ltr'><strong>etiam</strong></span> <span class='ocrx_word' id='word_1_693' title='bbox 3227 2731 3428 2784; x_wconf 81' lang='lat' dir='ltr'><strong>(orabis</strong></span> <span class='ocrx_word' id='word_1_694' title='bbox 3478 2745 3570 2794; x_wconf 85' lang='lat' dir='ltr'><strong>me,</strong></span> <span class='ocrx_word' id='word_1_695' title='bbox 3597 2731 3638 2783; x_wconf 89' lang='lat' dir='ltr'><strong>id</strong></span> <span class='ocrx_word' id='word_1_696' title='bbox 3669 2740 3729 2784; x_wconf 79' lang='lat' dir='ltr'><strong>est</strong></span> 
     </span>
    </p>
   </div>
   <div class='ocr_carea' id='block_1_89' title="bbox 2191 2822 3730 2893">
    <p class='ocr_par' dir='ltr' id='par_1_89' title="bbox 2191 2822 3730 2893">
     <span class='ocr_line' id='line_1_89' title="bbox 2191 2822 3730 2893; baseline 0.001 -17"><span class='ocrx_word' id='word_1_697' title='bbox 2191 2822 2480 2876; x_wconf 88' lang='lat' dir='ltr'><strong>mundabis</strong></span> <span class='ocrx_word' id='word_1_698' title='bbox 2515 2837 2599 2876; x_wconf 88' lang='lat' dir='ltr'><strong>me</strong></span> <span class='ocrx_word' id='word_1_699' title='bbox 2631 2822 2698 2876; x_wconf 87' lang='lat' dir='ltr'><strong>ab</strong></span> <span class='ocrx_word' id='word_1_700' title='bbox 2731 2823 2845 2892; x_wconf 87' lang='lat' dir='ltr'><strong>ipso</strong></span> <span class='ocrx_word' id='word_1_701' title='bbox 2888 2833 3129 2892; x_wconf 83' lang='lat' dir='ltr'><strong>peccato,</strong></span> <span class='ocrx_word' id='word_1_702' title='bbox 3193 2823 3244 2877; x_wconf 93' lang='lat' dir='ltr'><strong>in</strong></span> <span class='ocrx_word' id='word_1_703' title='bbox 3293 2823 3401 2884; x_wconf 88' lang='lat' dir='ltr'><strong>ﬁde</strong></span> <span class='ocrx_word' id='word_1_704' title='bbox 3447 2823 3730 2893; x_wconf 61' lang='lat' dir='ltr'><strong>baptismats</strong></span> 
     </span>
    </p>
   </div>
   <div class='ocr_carea' id='block_1_90' title="bbox 2191 2913 3731 2986">
    <p class='ocr_par' dir='ltr' id='par_1_90' title="bbox 2191 2913 3731 2986">
     <span class='ocr_line' id='line_1_90' title="bbox 2191 2913 3731 2986; baseline -0.003 -15"><span class='ocrx_word' id='word_1_705' title='bbox 2191 2915 2410 2971; x_wconf 89' lang='lat' dir='ltr'><strong>Christo</strong></span> <span class='ocrx_word' id='word_1_706' title='bbox 2440 2915 2823 2970; x_wconf 88' lang='lat' dir='ltr'><strong>dedicandmn.</strong></span> <span class='ocrx_word' id='word_1_707' title='bbox 2857 2916 2924 2970; x_wconf 86' lang='lat' dir='ltr'><strong>Et</strong></span> <span class='ocrx_word' id='word_1_708' title='bbox 2951 2931 3051 2986; x_wconf 87' lang='lat' dir='ltr'><strong>ego</strong></span> <span class='ocrx_word' id='word_1_709' title='bbox 3076 2915 3221 2969; x_wconf 88' lang='lat' dir='ltr'><strong>lotus</strong></span> <span class='ocrx_word' id='word_1_710' title='bbox 3252 2915 3308 2969; x_wconf 92' lang='lat' dir='ltr'><strong>in</strong></span> <span class='ocrx_word' id='word_1_711' title='bbox 3341 2913 3446 2968; x_wconf 88' lang='lat' dir='ltr'><strong>ﬁde</strong></span> <span class='ocrx_word' id='word_1_712' title='bbox 3477 2913 3731 2984; x_wconf 52' lang='lat' dir='ltr'><strong>baptisma</strong></span> 
     </span>
    </p>
   </div>
   <div class='ocr_carea' id='block_1_91' title="bbox 2195 3003 3728 3076">
    <p class='ocr_par' dir='ltr' id='par_1_91' title="bbox 2195 3003 3728 3076">
     <span class='ocr_line' id='line_1_91' title="bbox 2195 3003 3728 3076; baseline -0.005 -14"><span class='ocrx_word' id='word_1_713' title='bbox 2195 3007 2284 3072; x_wconf 93' lang='lat' dir='ltr'><strong>tis,</strong></span> <span class='ocrx_word' id='word_1_714' title='bbox 2309 3005 2596 3059; x_wconf 85' lang='lat' dir='ltr'><strong>dealbabor</strong></span> <span class='ocrx_word' id='word_1_715' title='bbox 2625 3005 2678 3060; x_wconf 92' lang='lat' dir='ltr'><strong>in</strong></span> <span class='ocrx_word' id='word_1_716' title='bbox 2706 3006 2888 3060; x_wconf 89' lang='lat' dir='ltr'><strong>anima</strong></span> <span class='ocrx_word' id='word_1_717' title='bbox 2918 3005 3280 3076; x_wconf 84' lang='lat' dir='ltr'><strong>supernivem.</strong></span> <span class='ocrx_word' id='word_1_718' title='bbox 3311 3003 3463 3071; x_wconf 85' lang='lat' dir='ltr'><strong>Quod</strong></span> <span class='ocrx_word' id='word_1_719' title='bbox 3481 3004 3728 3059; x_wconf 82' lang='lat' dir='ltr'><strong>estdicere:</strong></span> 
     </span>
    </p>
   </div>
   <div class='ocr_carea' id='block_1_92' title="bbox 2194 3096 3731 3170">
    <p class='ocr_par' dir='ltr' id='par_1_92' title="bbox 2194 3096 3731 3170">
     <span class='ocr_line' id='line_1_92' title="bbox 2194 3096 3731 3170; baseline -0.003 -16"><span class='ocrx_word' id='word_1_720' title='bbox 2194 3099 2448 3170; x_wconf 87' lang='lat' dir='ltr'><strong>Majorem</strong></span> <span class='ocrx_word' id='word_1_721' title='bbox 2481 3097 2772 3153; x_wconf 90' lang='lat' dir='ltr'><strong>candorem</strong></span> <span class='ocrx_word' id='word_1_722' title='bbox 2800 3099 3061 3152; x_wconf 87' lang='lat' dir='ltr'><strong>virtutum</strong></span> <span class='ocrx_word' id='word_1_723' title='bbox 3089 3098 3140 3151; x_wconf 91' lang='lat' dir='ltr'><strong>in</strong></span> <span class='ocrx_word' id='word_1_724' title='bbox 3166 3098 3344 3151; x_wconf 88' lang='lat' dir='ltr'><strong>anima</strong></span> <span class='ocrx_word' id='word_1_725' title='bbox 3374 3096 3588 3160; x_wconf 85' lang='lat' dir='ltr'><strong>habebo,</strong></span> <span class='ocrx_word' id='word_1_726' title='bbox 3609 3113 3731 3165; x_wconf 78' lang='lat' dir='ltr'><strong>quam</strong></span> 
     </span>
    </p>
   </div>
   <div class='ocr_carea' id='block_1_93' title="bbox 2197 3187 3731 3257">
    <p class='ocr_par' dir='ltr' id='par_1_93' title="bbox 2197 3187 3731 3257">
     <span class='ocr_line' id='line_1_93' title="bbox 2197 3187 3731 3257; baseline -0.003 -12"><span class='ocrx_word' id='word_1_727' title='bbox 2197 3190 2267 3246; x_wconf 85' lang='lat' dir='ltr'><strong>sit</strong></span> <span class='ocrx_word' id='word_1_728' title='bbox 2296 3189 2500 3244; x_wconf 90' lang='lat' dir='ltr'><strong>candor</strong></span> <span class='ocrx_word' id='word_1_729' title='bbox 2527 3188 2666 3244; x_wconf 88' lang='lat' dir='ltr'><strong>nivis</strong></span> <span class='ocrx_word' id='word_1_730' title='bbox 2691 3205 2790 3243; x_wconf 90' lang='lat' dir='ltr'><strong>suo</strong></span> <span class='ocrx_word' id='word_1_731' title='bbox 2811 3189 2990 3244; x_wconf 91' lang='lat' dir='ltr'><strong>modo.</strong></span> <span class='ocrx_word' id='word_1_732' title='bbox 3019 3188 3153 3256; x_wconf 91' lang='lat' dir='ltr'><strong>Quia</strong></span> <span class='ocrx_word' id='word_1_733' title='bbox 3185 3187 3449 3257; x_wconf 87' lang='lat' dir='ltr'><strong>majorem</strong></span> <span class='ocrx_word' id='word_1_734' title='bbox 3491 3190 3731 3244; x_wconf 76' lang='lat' dir='ltr'><strong>candorem</strong></span> 
     </span>
    </p>
   </div>
   <div class='ocr_carea' id='block_1_94' title="bbox 2197 3282 3733 3353">
    <p class='ocr_par' dir='ltr' id='par_1_94' title="bbox 2197 3282 3733 3353">
     <span class='ocr_line' id='line_1_94' title="bbox 2197 3282 3733 3353; baseline -0.003 -15"><span class='ocrx_word' id='word_1_735' title='bbox 2197 3283 2249 3338; x_wconf 90' lang='lat' dir='ltr'><strong>in</strong></span> <span class='ocrx_word' id='word_1_736' title='bbox 2276 3282 2594 3353; x_wconf 91' lang='lat' dir='ltr'><strong>corporibus</strong></span> <span class='ocrx_word' id='word_1_737' title='bbox 2618 3282 2864 3338; x_wconf 89' lang='lat' dir='ltr'><strong>invenire</strong></span> <span class='ocrx_word' id='word_1_738' title='bbox 2897 3298 3002 3336; x_wconf 92' lang='lat' dir='ltr'><strong>non</strong></span> <span class='ocrx_word' id='word_1_739' title='bbox 3030 3283 3223 3352; x_wconf 90' lang='lat' dir='ltr'><strong>potuit,</strong></span> <span class='ocrx_word' id='word_1_740' title='bbox 3255 3282 3324 3337; x_wconf 90' lang='lat' dir='ltr'><strong>de</strong></span> <span class='ocrx_word' id='word_1_741' title='bbox 3373 3283 3510 3337; x_wconf 88' lang='lat' dir='ltr'><strong>nivis</strong></span> <span class='ocrx_word' id='word_1_742' title='bbox 3547 3282 3733 3336; x_wconf 85' lang='lat' dir='ltr'><strong>candore</strong></span> 
     </span>
    </p>
   </div>
   <div class='ocr_carea' id='block_1_95' title="bbox 2196 3371 3732 3442">
    <p class='ocr_par' dir='ltr' id='par_1_95' title="bbox 2196 3371 3732 3442">
     <span class='ocr_line' id='line_1_95' title="bbox 2196 3371 3732 3442; baseline -0.003 -13"><span class='ocrx_word' id='word_1_743' title='bbox 2196 3373 2660 3442; x_wconf 89' lang='lat' dir='ltr'><strong>comparationem</strong></span> <span class='ocrx_word' id='word_1_744' title='bbox 2688 3371 2836 3428; x_wconf 76' lang='lat' dir='ltr'><strong>fecit.</strong></span> <span class='ocrx_word' id='word_1_745' title='bbox 2871 3373 2935 3428; x_wconf 84' lang='lat' dir='ltr'><strong>Et</strong></span> <span class='ocrx_word' id='word_1_746' title='bbox 2967 3372 3092 3428; x_wconf 88' lang='lat' dir='ltr'><strong>inde</strong></span> <span class='ocrx_word' id='word_1_747' title='bbox 3134 3373 3300 3427; x_wconf 88' lang='lat' dir='ltr'><strong>etiam</strong></span> <span class='ocrx_word' id='word_1_748' title='bbox 3347 3383 3581 3442; x_wconf 87' lang='lat' dir='ltr'><strong>apparet,</strong></span> <span class='ocrx_word' id='word_1_749' title='bbox 3621 3371 3732 3440; x_wconf 82' lang='lat' dir='ltr'><strong>quod</strong></span> 
     </span>
    </p>
   </div>
   <div class='ocr_carea' id='block_1_96' title="bbox 2196 3465 3736 3535">
    <p class='ocr_par' dir='ltr' id='par_1_96' title="bbox 2196 3465 3736 3535">
     <span class='ocr_line' id='line_1_96' title="bbox 2196 3465 3736 3535; baseline -0.003 -16"><span class='ocrx_word' id='word_1_750' title='bbox 2196 3465 2440 3520; x_wconf 88' lang='lat' dir='ltr'><strong>bonitate</strong></span> <span class='ocrx_word' id='word_1_751' title='bbox 2470 3465 2662 3531; x_wconf 85' lang='lat' dir='ltr'><strong>vincis,</strong></span> <span class='ocrx_word' id='word_1_752' title='bbox 2716 3465 2842 3535; x_wconf 89' lang='lat' dir='ltr'><strong>quia</strong></span> <span class='ocrx_word' id='word_1_753' title='bbox 2876 3465 3083 3518; x_wconf 78' lang='lat' dir='ltr'><strong>auditui</strong></span> <span class='ocrx_word' id='word_1_754' title='bbox 3120 3481 3232 3519; x_wconf 87' lang='lat' dir='ltr'><strong>meo</strong></span> <span class='ocrx_word' id='word_1_755' title='bbox 3283 3465 3545 3528; x_wconf 90' lang='lat' dir='ltr'><strong>interiori,</strong></span> <span class='ocrx_word' id='word_1_756' title='bbox 3588 3465 3631 3518; x_wconf 87' lang='lat' dir='ltr'><strong>id</strong></span> <span class='ocrx_word' id='word_1_757' title='bbox 3671 3471 3736 3516; x_wconf 87' lang='lat' dir='ltr'><strong>est</strong></span> 
     </span>
    </p>
   </div>
   <div class='ocr_carea' id='block_1_97' title="bbox 2197 3553 3734 3625">
    <p class='ocr_par' dir='ltr' id='par_1_97' title="bbox 2197 3553 3734 3625">
     <span class='ocr_line' id='line_1_97' title="bbox 2197 3553 3734 3625; baseline -0.005 -12"><span class='ocrx_word' id='word_1_758' title='bbox 2197 3557 2496 3613; x_wconf 89' lang='lat' dir='ltr'><strong>intellectui</strong></span> <span class='ocrx_word' id='word_1_759' title='bbox 2525 3571 2649 3611; x_wconf 92' lang='lat' dir='ltr'><strong>meo</strong></span> <span class='ocrx_word' id='word_1_760' title='bbox 2693 3556 2842 3610; x_wconf 82' lang='lat' dir='ltr'><strong>dabis</strong></span> <span class='ocrx_word' id='word_1_761' title='bbox 2889 3556 3142 3625; x_wconf 80' lang='lat' dir='ltr'><strong>gaudium</strong></span> <span class='ocrx_word' id='word_1_762' title='bbox 3191 3556 3522 3611; x_wconf 84' lang='lat' dir='ltr'><strong>remissionis</strong></span> <span class='ocrx_word' id='word_1_763' title='bbox 3570 3553 3734 3623; x_wconf 83' lang='lat' dir='ltr'><strong>peccati</strong></span> 
     </span>
    </p>
   </div>
   <div class='ocr_carea' id='block_1_98' title="bbox 2199 3645 3737 3718">
    <p class='ocr_par' dir='ltr' id='par_1_98' title="bbox 2199 3645 3737 3718">
     <span class='ocr_line' id='line_1_98' title="bbox 2199 3645 3737 3718; baseline -0.003 -14"><span class='ocrx_word' id='word_1_764' title='bbox 2199 3649 2328 3705; x_wconf 89' lang='lat' dir='ltr'><strong>mei.</strong></span> <span class='ocrx_word' id='word_1_765' title='bbox 2356 3649 2510 3718; x_wconf 88' lang='lat' dir='ltr'><strong>Quod</strong></span> <span class='ocrx_word' id='word_1_766' title='bbox 2555 3657 2640 3704; x_wconf 91' lang='lat' dir='ltr'><strong>est</strong></span> <span class='ocrx_word' id='word_1_767' title='bbox 2672 3649 2894 3704; x_wconf 85' lang='lat' dir='ltr'><strong>dicere:</strong></span> <span class='ocrx_word' id='word_1_768' title='bbox 2929 3664 3073 3702; x_wconf 90' lang='lat' dir='ltr'><strong>nunc</strong></span> <span class='ocrx_word' id='word_1_769' title='bbox 3112 3649 3333 3717; x_wconf 90' lang='lat' dir='ltr'><strong>quidem</strong></span> <span class='ocrx_word' id='word_1_770' title='bbox 3388 3648 3654 3704; x_wconf 89' lang='lat' dir='ltr'><strong>contristor</strong></span> <span class='ocrx_word' id='word_1_771' title='bbox 3687 3645 3737 3700; x_wconf 84' lang='lat' dir='ltr'><strong>de</strong></span> 
     </span>
    </p>
   </div>
   <div class='ocr_carea' id='block_1_99' title="bbox 2195 3739 3734 3816">
    <p class='ocr_par' dir='ltr' id='par_1_99' title="bbox 2195 3739 3734 3816">
     <span class='ocr_line' id='line_1_99' title="bbox 2195 3739 3734 3816; baseline -0.006 -18"><span class='ocrx_word' id='word_1_772' title='bbox 2195 3745 2405 3816; x_wconf 86' lang='lat' dir='ltr'><strong>peccati</strong></span> <span class='ocrx_word' id='word_1_773' title='bbox 2434 3744 2536 3798; x_wconf 90' lang='lat' dir='ltr'><strong>mei</strong></span> <span class='ocrx_word' id='word_1_774' title='bbox 2567 3743 2940 3813; x_wconf 90' lang='lat' dir='ltr'><strong>oppressione,</strong></span> <span class='ocrx_word' id='word_1_775' title='bbox 2988 3743 3094 3796; x_wconf 85' lang='lat' dir='ltr'><strong>erit</strong></span> <span class='ocrx_word' id='word_1_776' title='bbox 3123 3752 3306 3797; x_wconf 88' lang='lat' dir='ltr'><strong>autem</strong></span> <span class='ocrx_word' id='word_1_777' title='bbox 3339 3743 3551 3812; x_wconf 88' lang='lat' dir='ltr'><strong>quando</strong></span> <span class='ocrx_word' id='word_1_778' title='bbox 3580 3739 3734 3794; x_wconf 87' lang='lat' dir='ltr'><strong>intelli-</strong></span> 
     </span>
    </p>
   </div>
   <div class='ocr_carea' id='block_1_100' title="bbox 2198 3830 3736 3907">
    <p class='ocr_par' dir='ltr' id='par_1_100' title="bbox 2198 3830 3736 3907">
     <span class='ocr_line' id='line_1_100' title="bbox 2198 3830 3736 3907; baseline -0.005 -18"><span class='ocrx_word' id='word_1_779' title='bbox 2198 3851 2319 3907; x_wconf 83' lang='lat' dir='ltr'><strong>gam</strong></span> <span class='ocrx_word' id='word_1_780' title='bbox 2349 3835 2723 3890; x_wconf 89' lang='lat' dir='ltr'><strong>misericordia</strong></span> <span class='ocrx_word' id='word_1_781' title='bbox 2750 3841 2838 3887; x_wconf 88' lang='lat' dir='ltr'><strong>tua</strong></span> <span class='ocrx_word' id='word_1_782' title='bbox 2864 3833 3098 3888; x_wconf 87' lang='lat' dir='ltr'><strong>deletum</strong></span> <span class='ocrx_word' id='word_1_783' title='bbox 3140 3846 3283 3900; x_wconf 91' lang='lat' dir='ltr'><strong>esse,</strong></span> <span class='ocrx_word' id='word_1_784' title='bbox 3319 3834 3370 3887; x_wconf 91' lang='lat' dir='ltr'><strong>id</strong></span> <span class='ocrx_word' id='word_1_785' title='bbox 3396 3842 3476 3887; x_wconf 89' lang='lat' dir='ltr'><strong>est</strong></span> <span class='ocrx_word' id='word_1_786' title='bbox 3497 3847 3582 3902; x_wconf 87' lang='lat' dir='ltr'><strong>per</strong></span> <span class='ocrx_word' id='word_1_787' title='bbox 3601 3830 3736 3900; x_wconf 67' lang='lat' dir='ltr'><strong>pinni—</strong></span> 
     </span>
    </p>
   </div>
   <div class='ocr_carea' id='block_1_101' title="bbox 2201 3918 3736 3994">
    <p class='ocr_par' dir='ltr' id='par_1_101' title="bbox 2201 3918 3736 3994">
     <span class='ocr_line' id='line_1_101' title="bbox 2201 3918 3736 3994; baseline -0.005 -15"><span class='ocrx_word' id='word_1_788' title='bbox 2201 3925 2437 3980; x_wconf 71' lang='lat' dir='ltr'><strong>tentiam-</strong></span> <span class='ocrx_word' id='word_1_789' title='bbox 2461 3940 2623 3994; x_wconf 86' lang='lat' dir='ltr'><strong>quam</strong></span> <span class='ocrx_word' id='word_1_790' title='bbox 2656 3940 2777 3994; x_wconf 89' lang='lat' dir='ltr'><strong>ago,</strong></span> <span class='ocrx_word' id='word_1_791' title='bbox 2829 3934 2884 3977; x_wconf 92' lang='lat' dir='ltr'><strong>et</strong></span> <span class='ocrx_word' id='word_1_792' title='bbox 2913 3923 2991 3979; x_wconf 90' lang='lat' dir='ltr'><strong>sic</strong></span> <span class='ocrx_word' id='word_1_793' title='bbox 3043 3923 3298 3994; x_wconf 83' lang='lat' dir='ltr'><strong>gaudium</strong></span> <span class='ocrx_word' id='word_1_794' title='bbox 3335 3922 3464 3976; x_wconf 82' lang='lat' dir='ltr'><strong>mihi</strong></span> <span class='ocrx_word' id='word_1_795' title='bbox 3519 3921 3650 3974; x_wconf 85' lang='lat' dir='ltr'><strong>dabis</strong></span> <span class='ocrx_word' id='word_1_796' title='bbox 3687 3918 3736 3972; x_wconf 86' lang='lat' dir='ltr'><strong>dc</strong></span> 
     </span>
    </p>
   </div>
   <div class='ocr_carea' id='block_1_102' title="bbox 2199 4011 3738 4086">
    <p class='ocr_par' dir='ltr' id='par_1_102' title="bbox 2199 4011 3738 4086">
     <span class='ocr_line' id='line_1_102' title="bbox 2199 4011 3738 4086; baseline -0.007 -15"><span class='ocrx_word' id='word_1_797' title='bbox 2199 4015 2438 4086; x_wconf 89' lang='lat' dir='ltr'><strong>ejusdem</strong></span> <span class='ocrx_word' id='word_1_798' title='bbox 2461 4017 2668 4086; x_wconf 90' lang='lat' dir='ltr'><strong>peccati</strong></span> <span class='ocrx_word' id='word_1_799' title='bbox 2695 4015 3040 4080; x_wconf 89' lang='lat' dir='ltr'><strong>remissione,</strong></span> <span class='ocrx_word' id='word_1_800' title='bbox 3094 4013 3178 4070; x_wconf 89' lang='lat' dir='ltr'><strong>vel</strong></span> <span class='ocrx_word' id='word_1_801' title='bbox 3211 4015 3369 4071; x_wconf 87' lang='lat' dir='ltr'><strong>dabis</strong></span> <span class='ocrx_word' id='word_1_802' title='bbox 3399 4012 3631 4084; x_wconf 82' lang='lat' dir='ltr'><strong>gaudium</strong></span> <span class='ocrx_word' id='word_1_803' title='bbox 3676 4011 3738 4062; x_wconf 84' lang='lat' dir='ltr'><strong>iu-</strong></span> 
     </span>
    </p>
   </div>
   <div class='ocr_carea' id='block_1_103' title="bbox 2201 4107 3739 4177">
    <p class='ocr_par' dir='ltr' id='par_1_103' title="bbox 2201 4107 3739 4177">
     <span class='ocr_line' id='line_1_103' title="bbox 2201 4107 3739 4177; baseline -0.008 -12"><span class='ocrx_word' id='word_1_804' title='bbox 2201 4111 2386 4165; x_wconf 88' lang='lat' dir='ltr'><strong>teriori</strong></span> <span class='ocrx_word' id='word_1_805' title='bbox 2411 4109 2639 4174; x_wconf 88' lang='lat' dir='ltr'><strong>auditui,</strong></span> <span class='ocrx_word' id='word_1_806' title='bbox 2669 4109 2736 4163; x_wconf 88' lang='lat' dir='ltr'><strong>de</strong></span> <span class='ocrx_word' id='word_1_807' title='bbox 2762 4109 2861 4163; x_wconf 89' lang='lat' dir='ltr'><strong>hoc</strong></span> <span class='ocrx_word' id='word_1_808' title='bbox 2893 4109 3037 4177; x_wconf 89' lang='lat' dir='ltr'><strong>quod</strong></span> <span class='ocrx_word' id='word_1_809' title='bbox 3068 4123 3193 4175; x_wconf 80' lang='lat' dir='ltr'><strong>ego,</strong></span> <span class='ocrx_word' id='word_1_810' title='bbox 3226 4107 3319 4176; x_wconf 87' lang='lat' dir='ltr'><strong>qui</strong></span> <span class='ocrx_word' id='word_1_811' title='bbox 3369 4109 3525 4161; x_wconf 90' lang='lat' dir='ltr'><strong>modo</strong></span> <span class='ocrx_word' id='word_1_812' title='bbox 3562 4113 3739 4174; x_wconf 78' lang='lat' dir='ltr'><strong>propter</strong></span> 
     </span>
    </p>
   </div>
   <div class='ocr_carea' id='block_1_104' title="bbox 2201 4197 3739 4275">
    <p class='ocr_par' dir='ltr' id='par_1_104' title="bbox 2201 4197 3739 4275">
     <span class='ocr_line' id='line_1_104' title="bbox 2201 4197 3739 4275; baseline -0.007 -20"><span class='ocrx_word' id='word_1_813' title='bbox 2201 4213 2420 4275; x_wconf 78' lang='lat' dir='ltr'><strong>peccata</strong></span> <span class='ocrx_word' id='word_1_814' title='bbox 2467 4217 2668 4256; x_wconf 83' lang='lat' dir='ltr'><strong>arcana</strong></span> <span class='ocrx_word' id='word_1_815' title='bbox 2718 4211 2804 4256; x_wconf 91' lang='lat' dir='ltr'><strong>tua</strong></span> <span class='ocrx_word' id='word_1_816' title='bbox 2855 4201 3144 4270; x_wconf 89' lang='lat' dir='ltr'><strong>concipere</strong></span> <span class='ocrx_word' id='word_1_817' title='bbox 3179 4215 3430 4269; x_wconf 91' lang='lat' dir='ltr'><strong>nequeo,</strong></span> <span class='ocrx_word' id='word_1_818' title='bbox 3473 4197 3739 4268; x_wconf 71' lang='lat' dir='ltr'><strong>quandoque</strong></span> 
     </span>
    </p>
   </div>
   <div class='ocr_carea' id='block_1_105' title="bbox 2202 4289 3739 4364">
    <p class='ocr_par' dir='ltr' id='par_1_105' title="bbox 2202 4289 3739 4364">
     <span class='ocr_line' id='line_1_105' title="bbox 2202 4289 3739 4364; baseline -0.008 -16"><span class='ocrx_word' id='word_1_819' title='bbox 2202 4295 2522 4350; x_wconf 80' lang='lat' dir='ltr'><strong>remissronc</strong></span> <span class='ocrx_word' id='word_1_820' title='bbox 2549 4303 2822 4364; x_wconf 84' lang='lat' dir='ltr'><strong>percepta,</strong></span> <span class='ocrx_word' id='word_1_821' title='bbox 2855 4291 2906 4345; x_wconf 90' lang='lat' dir='ltr'><strong>id</strong></span> <span class='ocrx_word' id='word_1_822' title='bbox 2926 4303 3007 4346; x_wconf 89' lang='lat' dir='ltr'><strong>est</strong></span> <span class='ocrx_word' id='word_1_823' title='bbox 3033 4291 3296 4361; x_wconf 85' lang='lat' dir='ltr'><strong>plcnarie,</strong></span> <span class='ocrx_word' id='word_1_824' title='bbox 3331 4307 3524 4346; x_wconf 88' lang='lat' dir='ltr'><strong>arcana</strong></span> <span class='ocrx_word' id='word_1_825' title='bbox 3549 4289 3621 4342; x_wconf 86' lang='lat' dir='ltr'><strong>illa</strong></span> <span class='ocrx_word' id='word_1_826' title='bbox 3645 4302 3739 4340; x_wconf 84' lang='lat' dir='ltr'><strong>con-</strong></span> 
     </span>
    </p>
   </div>
   <div class='ocr_carea' id='block_1_106' title="bbox 2203 4382 3738 4456">
    <p class='ocr_par' dir='ltr' id='par_1_106' title="bbox 2203 4382 3738 4456">
     <span class='ocr_line' id='line_1_106' title="bbox 2203 4382 3738 4456; baseline -0.007 -15"><span class='ocrx_word' id='word_1_827' title='bbox 2203 4386 2417 4456; x_wconf 85' lang='lat' dir='ltr'><strong>cipiam.</strong></span> <span class='ocrx_word' id='word_1_828' title='bbox 2455 4385 2524 4439; x_wconf 83' lang='lat' dir='ltr'><strong>Et</strong></span> <span class='ocrx_word' id='word_1_829' title='bbox 2559 4385 2610 4440; x_wconf 91' lang='lat' dir='ltr'><strong>in</strong></span> <span class='ocrx_word' id='word_1_830' title='bbox 2672 4384 2852 4440; x_wconf 82' lang='lat' dir='ltr'><strong>futuro</strong></span> <span class='ocrx_word' id='word_1_831' title='bbox 2908 4385 3060 4440; x_wconf 87' lang='lat' dir='ltr'><strong>dabis</strong></span> <span class='ocrx_word' id='word_1_832' title='bbox 3110 4383 3348 4437; x_wconf 60' lang='lat' dir='ltr'><strong>la’titiam</strong></span> <span class='ocrx_word' id='word_1_833' title='bbox 3391 4382 3606 4454; x_wconf 70' lang='lat' dir='ltr'><strong>prtiauii,</strong></span> <span class='ocrx_word' id='word_1_834' title='bbox 3647 4395 3738 4434; x_wconf 86' lang='lat' dir='ltr'><strong>cum</strong></span> 
     </span>
    </p>
   </div>
   <div class='ocr_carea' id='block_1_107' title="bbox 2205 4475 3834 4548">
    <p class='ocr_par' dir='ltr' id='par_1_107' title="bbox 2205 4475 3834 4548">
     <span class='ocr_line' id='line_1_107' title="bbox 2205 4475 3834 4548; baseline -0.005 -16"><span class='ocrx_word' id='word_1_835' title='bbox 2205 4479 2362 4542; x_wconf 89' lang='lat' dir='ltr'><strong>mihi,</strong></span> <span class='ocrx_word' id='word_1_836' title='bbox 2386 4493 2486 4548; x_wconf 86' lang='lat' dir='ltr'><strong>per</strong></span> <span class='ocrx_word' id='word_1_837' title='bbox 2508 4477 2739 4547; x_wconf 89' lang='lat' dir='ltr'><strong>gratiam</strong></span> <span class='ocrx_word' id='word_1_838' title='bbox 2756 4476 3086 4548; x_wconf 86' lang='lat' dir='ltr'><strong>justiﬁcato,</strong></span> <span class='ocrx_word' id='word_1_839' title='bbox 3105 4477 3227 4530; x_wconf 80' lang='lat' dir='ltr'><strong>vita:</strong></span> <span class='ocrx_word' id='word_1_840' title='bbox 3243 4487 3462 4530; x_wconf 67' lang='lat' dir='ltr'><strong>(eterna:</strong></span> <span class='ocrx_word' id='word_1_841' title='bbox 3485 4475 3651 4528; x_wconf 85' lang='lat' dir='ltr'><strong>reddes</strong></span> <span class='ocrx_word' id='word_1_842' title='bbox 3677 4487 3737 4524; x_wconf 72' lang='grc' dir='ltr'><strong>ιν-</strong></span> <span class='ocrx_word' id='word_1_843' title='bbox 3817 4493 3834 4506; x_wconf 76' lang='grc' dir='ltr'><strong>ο</strong></span> 
     </span>
    </p>
   </div>
   <div class='ocr_carea' id='block_1_108' title="bbox 2128 4537 3741 4639">
    <p class='ocr_par' dir='ltr' id='par_1_108' title="bbox 2128 4537 3741 4639">
     <span class='ocr_line' id='line_1_108' title="bbox 2128 4537 3741 4639; baseline -0.005 -14"><span class='ocrx_word' id='word_1_844' title='bbox 2128 4537 2180 4598; x_wconf 79' lang='lat' dir='ltr'><strong>D</strong></span> <span class='ocrx_word' id='word_1_845' title='bbox 2208 4537 2576 4625; x_wconf 77' lang='lat' dir='ltr'><strong>tributionem.</strong></span> <span class='ocrx_word' id='word_1_846' title='bbox 2609 4569 2675 4623; x_wconf 85' lang='lat' dir='ltr'><strong>Et</strong></span> <span class='ocrx_word' id='word_1_847' title='bbox 2703 4585 2798 4639; x_wconf 87' lang='lat' dir='ltr'><strong>per</strong></span> <span class='ocrx_word' id='word_1_848' title='bbox 2822 4545 2926 4623; x_wconf 84' lang='lat' dir='ltr'><strong>hoc</strong></span> <span class='ocrx_word' id='word_1_849' title='bbox 2949 4569 3113 4622; x_wconf 89' lang='lat' dir='ltr'><strong>etiam</strong></span> <span class='ocrx_word' id='word_1_850' title='bbox 3139 4568 3312 4622; x_wconf 81' lang='lat' dir='ltr'><strong>vincis</strong></span> <span class='ocrx_word' id='word_1_851' title='bbox 3361 4567 3610 4631; x_wconf 82' lang='lat' dir='ltr'><strong>bonitate,</strong></span> <span class='ocrx_word' id='word_1_852' title='bbox 3631 4563 3741 4632; x_wconf 78' lang='lat' dir='ltr'><strong>quod</strong></span> 
     </span>
    </p>
   </div>
   <div class='ocr_carea' id='block_1_109' title="bbox 2199 4657 3741 4722">
    <p class='ocr_par' dir='ltr' id='par_1_109' title="bbox 2199 4657 3741 4722">
     <span class='ocr_line' id='line_1_109' title="bbox 2199 4657 3741 4722; baseline -0.007 -7"><span class='ocrx_word' id='word_1_853' title='bbox 2199 4659 2534 4715; x_wconf 73' lang='lat' dir='ltr'><strong>exsultabant</strong></span> <span class='ocrx_word' id='word_1_854' title='bbox 2577 4677 2696 4715; x_wconf 81' lang='lat' dir='ltr'><strong>ossa</strong></span> <span class='ocrx_word' id='word_1_855' title='bbox 2731 4677 2848 4715; x_wconf 88' lang='lat' dir='ltr'><strong>mea</strong></span> <span class='ocrx_word' id='word_1_856' title='bbox 2896 4659 3196 4722; x_wconf 83' lang='lat' dir='ltr'><strong>humiliata,</strong></span> <span class='ocrx_word' id='word_1_857' title='bbox 3249 4659 3302 4712; x_wconf 89' lang='lat' dir='ltr'><strong>id</strong></span> <span class='ocrx_word' id='word_1_858' title='bbox 3354 4667 3440 4712; x_wconf 89' lang='lat' dir='ltr'><strong>est</strong></span> <span class='ocrx_word' id='word_1_859' title='bbox 3488 4657 3636 4711; x_wconf 79' lang='lat' dir='ltr'><strong>facies</strong></span> <span class='ocrx_word' id='word_1_860' title='bbox 3677 4668 3741 4706; x_wconf 85' lang='lat' dir='ltr'><strong>me</strong></span> 
     </span>
    </p>
   </div>
   <div class='ocr_carea' id='block_1_110' title="bbox 2201 4747 3741 4814">
    <p class='ocr_par' dir='ltr' id='par_1_110' title="bbox 2201 4747 3741 4814">
     <span class='ocr_line' id='line_1_110' title="bbox 2201 4747 3741 4814; baseline -0.005 -6"><span class='ocrx_word' id='word_1_861' title='bbox 2201 4753 2472 4808; x_wconf 80' lang='lat' dir='ltr'><strong>exsultare</strong></span> <span class='ocrx_word' id='word_1_862' title='bbox 2487 4751 2554 4807; x_wconf 90' lang='lat' dir='ltr'><strong>de</strong></span> <span class='ocrx_word' id='word_1_863' title='bbox 2570 4753 2782 4806; x_wconf 87' lang='lat' dir='ltr'><strong>ossibus</strong></span> <span class='ocrx_word' id='word_1_864' title='bbox 2805 4753 2959 4814; x_wconf 89' lang='lat' dir='ltr'><strong>meis,</strong></span> <span class='ocrx_word' id='word_1_865' title='bbox 2983 4754 3049 4806; x_wconf 90' lang='lat' dir='ltr'><strong>de</strong></span> <span class='ocrx_word' id='word_1_866' title='bbox 3069 4751 3280 4805; x_wconf 89' lang='lat' dir='ltr'><strong>ratione</strong></span> <span class='ocrx_word' id='word_1_867' title='bbox 3296 4751 3527 4814; x_wconf 89' lang='lat' dir='ltr'><strong>scilicet,</strong></span> <span class='ocrx_word' id='word_1_868' title='bbox 3549 4758 3597 4804; x_wconf 89' lang='lat' dir='ltr'><strong>et</strong></span> <span class='ocrx_word' id='word_1_869' title='bbox 3613 4747 3741 4802; x_wconf 83' lang='lat' dir='ltr'><strong>libero</strong></span> 
     </span>
    </p>
   </div>
   <div class='ocr_carea' id='block_1_111' title="bbox 2202 4842 3742 4911">
    <p class='ocr_par' dir='ltr' id='par_1_111' title="bbox 2202 4842 3742 4911">
     <span class='ocr_line' id='line_1_111' title="bbox 2202 4842 3742 4911; baseline -0.006 -12"><span class='ocrx_word' id='word_1_870' title='bbox 2202 4844 2449 4909; x_wconf 90' lang='lat' dir='ltr'><strong>arbitrio,</strong></span> <span class='ocrx_word' id='word_1_871' title='bbox 2480 4853 2533 4900; x_wconf 92' lang='lat' dir='ltr'><strong>et</strong></span> <span class='ocrx_word' id='word_1_872' title='bbox 2556 4843 3010 4911; x_wconf 75' lang='lat' dir='ltr'><strong>virtutibus;qua3</strong></span> <span class='ocrx_word' id='word_1_873' title='bbox 3041 4858 3161 4896; x_wconf 91' lang='lat' dir='ltr'><strong>cum</strong></span> <span class='ocrx_word' id='word_1_874' title='bbox 3188 4843 3349 4896; x_wconf 86' lang='lat' dir='ltr'><strong>modo</strong></span> <span class='ocrx_word' id='word_1_875' title='bbox 3375 4842 3742 4910; x_wconf 75' lang='lat' dir='ltr'><strong>sintpcrpecczt-</strong></span> 
     </span>
    </p>
   </div>
   <div class='ocr_carea' id='block_1_112' title="bbox 2209 4926 3742 5003">
    <p class='ocr_par' dir='ltr' id='par_1_112' title="bbox 2209 4926 3742 5003">
     <span class='ocr_line' id='line_1_112' title="bbox 2209 4926 3742 5003; baseline -0.008 -13"><span class='ocrx_word' id='word_1_876' title='bbox 2209 4945 2321 4990; x_wconf 91' lang='lat' dir='ltr'><strong>tum</strong></span> <span class='ocrx_word' id='word_1_877' title='bbox 2361 4935 2679 4996; x_wconf 63' lang='lat' dir='ltr'><strong>humiliatus,</strong></span> <span class='ocrx_word' id='word_1_878' title='bbox 2708 4933 3035 5003; x_wconf 90' lang='lat' dir='ltr'><strong>quandoque</strong></span> <span class='ocrx_word' id='word_1_879' title='bbox 3061 4947 3248 4986; x_wconf 89' lang='lat' dir='ltr'><strong>rursus</strong></span> <span class='ocrx_word' id='word_1_880' title='bbox 3274 4941 3436 4987; x_wconf 86' lang='lat' dir='ltr'><strong>erunt</strong></span> <span class='ocrx_word' id='word_1_881' title='bbox 3470 4947 3558 5001; x_wconf 88' lang='lat' dir='ltr'><strong>per</strong></span> <span class='ocrx_word' id='word_1_882' title='bbox 3579 4926 3742 5000; x_wconf 79' lang='lat' dir='ltr'><strong>peccati</strong></span> 
     </span>
    </p>
   </div>
   <div class='ocr_carea' id='block_1_113' title="bbox 2208 5023 3740 5094">
    <p class='ocr_par' dir='ltr' id='par_1_113' title="bbox 2208 5023 3740 5094">
     <span class='ocr_line' id='line_1_113' title="bbox 2208 5023 3740 5094; baseline -0.008 -11"><span class='ocrx_word' id='word_1_883' title='bbox 2208 5028 2583 5086; x_wconf 90' lang='lat' dir='ltr'><strong>remissionem</strong></span> <span class='ocrx_word' id='word_1_884' title='bbox 2611 5025 2908 5094; x_wconf 71' lang='lat' dir='ltr'><strong>etjustitia:</strong></span> <span class='ocrx_word' id='word_1_885' title='bbox 2937 5041 3068 5080; x_wconf 76' lang='lat' dir='ltr'><strong>mea:</strong></span> <span class='ocrx_word' id='word_1_886' title='bbox 3096 5024 3494 5078; x_wconf 85' lang='lat' dir='ltr'><strong>restitutionem</strong></span> <span class='ocrx_word' id='word_1_887' title='bbox 3523 5023 3740 5077; x_wconf 63' lang='lat' dir='ltr'><strong>exausta.</strong></span> 
     </span>
    </p>
   </div>
   <div class='ocr_carea' id='block_1_114' title="bbox 2275 5111 3743 5186">
    <p class='ocr_par' dir='ltr' id='par_1_114' title="bbox 2275 5111 3743 5186">
     <span class='ocr_line' id='line_1_114' title="bbox 2275 5111 3743 5186; baseline -0.009 -13"><span class='ocrx_word' id='word_1_888' title='bbox 2275 5118 2657 5173; x_wconf 86' lang='lat' dir='ltr'><strong>Benevolentia</strong></span> <span class='ocrx_word' id='word_1_889' title='bbox 2689 5117 2781 5172; x_wconf 92' lang='lat' dir='ltr'><strong>Dei</strong></span> <span class='ocrx_word' id='word_1_890' title='bbox 2807 5125 3019 5186; x_wconf 88' lang='lat' dir='ltr'><strong>captata</strong></span> <span class='ocrx_word' id='word_1_891' title='bbox 3074 5130 3170 5184; x_wconf 89' lang='lat' dir='ltr'><strong>per</strong></span> <span class='ocrx_word' id='word_1_892' title='bbox 3199 5113 3461 5167; x_wconf 89' lang='lat' dir='ltr'><strong>bonitatis</strong></span> <span class='ocrx_word' id='word_1_893' title='bbox 3489 5111 3595 5180; x_wconf 87' lang='lat' dir='ltr'><strong>ejus</strong></span> <span class='ocrx_word' id='word_1_894' title='bbox 3631 5122 3743 5163; x_wconf 88' lang='lat' dir='ltr'><strong>com-</strong></span> 
     </span>
    </p>
   </div>
   <div class='ocr_carea' id='block_1_115' title="bbox 2207 5197 3740 5272">
    <p class='ocr_par' dir='ltr' id='par_1_115' title="bbox 2207 5197 3740 5272">
     <span class='ocr_line' id='line_1_115' title="bbox 2207 5197 3740 5272; baseline -0.011 -9"><span class='ocrx_word' id='word_1_895' title='bbox 2207 5209 2632 5268; x_wconf 80' lang='lat' dir='ltr'><strong>mendationem,</strong></span> <span class='ocrx_word' id='word_1_896' title='bbox 2654 5208 2720 5260; x_wconf 90' lang='lat' dir='ltr'><strong>ad</strong></span> <span class='ocrx_word' id='word_1_897' title='bbox 2738 5206 3037 5260; x_wconf 79' lang='lat' dir='ltr'><strong>orationem</strong></span> <span class='ocrx_word' id='word_1_898' title='bbox 3065 5219 3216 5257; x_wconf 87' lang='lat' dir='ltr'><strong>suam</strong></span> <span class='ocrx_word' id='word_1_899' title='bbox 3241 5217 3480 5272; x_wconf 85' lang='lat' dir='ltr'><strong>congrue</strong></span> <span class='ocrx_word' id='word_1_900' title='bbox 3502 5200 3638 5262; x_wconf 87' lang='lat' dir='ltr'><strong>redit,</strong></span> <span class='ocrx_word' id='word_1_901' title='bbox 3657 5197 3740 5250; x_wconf 86' lang='lat' dir='ltr'><strong>sic:</strong></span> 
     </span>
    </p>
   </div>
   <div class='ocr_carea' id='block_1_116' title="bbox 2205 5287 3743 5365">
    <p class='ocr_par' dir='ltr' id='par_1_116' title="bbox 2205 5287 3743 5365">
     <span class='ocr_line' id='line_1_116' title="bbox 2205 5287 3743 5365; baseline -0.013 -11"><span class='ocrx_word' id='word_1_902' title='bbox 2205 5300 2427 5354; x_wconf 87' lang='lat' dir='ltr'><strong>Ostendi</strong></span> <span class='ocrx_word' id='word_1_903' title='bbox 2463 5297 2778 5352; x_wconf 75' lang='lat' dir='ltr'><strong>multimodo</strong></span> <span class='ocrx_word' id='word_1_904' title='bbox 2814 5298 2958 5365; x_wconf 87' lang='lat' dir='ltr'><strong>quod</strong></span> <span class='ocrx_word' id='word_1_905' title='bbox 3002 5296 3245 5349; x_wconf 87' lang='lat' dir='ltr'><strong>bonitate</strong></span> <span class='ocrx_word' id='word_1_906' title='bbox 3285 5293 3478 5348; x_wconf 84' lang='lat' dir='ltr'><strong>vincis.</strong></span> <span class='ocrx_word' id='word_1_907' title='bbox 3530 5287 3743 5357; x_wconf 85' lang='lat' dir='ltr'><strong>Quoniam</strong></span> 
     </span>
    </p>
   </div>
   <div class='ocr_carea' id='block_1_117' title="bbox 2207 5380 3745 5464">
    <p class='ocr_par' dir='ltr' id='par_1_117' title="bbox 2207 5380 3745 5464">
     <span class='ocr_line' id='line_1_117' title="bbox 2207 5380 3745 5464; baseline -0.012 -18"><span class='ocrx_word' id='word_1_908' title='bbox 2207 5393 2372 5464; x_wconf 81' lang='lat' dir='ltr'><strong>igitur</strong></span> <span class='ocrx_word' id='word_1_909' title='bbox 2394 5392 2530 5445; x_wconf 88' lang='lat' dir='ltr'><strong>adeo</strong></span> <span class='ocrx_word' id='word_1_910' title='bbox 2560 5392 2733 5445; x_wconf 87' lang='lat' dir='ltr'><strong>bonus</strong></span> <span class='ocrx_word' id='word_1_911' title='bbox 2761 5405 2837 5452; x_wconf 91' lang='lat' dir='ltr'><strong>cs,</strong></span> <span class='ocrx_word' id='word_1_912' title='bbox 2875 5399 3044 5441; x_wconf 76' lang='lat' dir='ltr'><strong>averte</strong></span> <span class='ocrx_word' id='word_1_913' title='bbox 3069 5387 3280 5458; x_wconf 75' lang='lat' dir='ltr'><strong>faciem,</strong></span> <span class='ocrx_word' id='word_1_914' title='bbox 3309 5386 3360 5441; x_wconf 92' lang='lat' dir='ltr'><strong>id</strong></span> <span class='ocrx_word' id='word_1_915' title='bbox 3390 5395 3470 5440; x_wconf 89' lang='lat' dir='ltr'><strong>est</strong></span> <span class='ocrx_word' id='word_1_916' title='bbox 3491 5380 3745 5438; x_wconf 76' lang='lat' dir='ltr'><strong>considera-</strong></span> 
     </span>
    </p>
   </div>
   <div class='ocr_carea' id='block_1_118' title="bbox 2211 5473 3746 5550">
    <p class='ocr_par' dir='ltr' id='par_1_118' title="bbox 2211 5473 3746 5550">
     <span class='ocr_line' id='line_1_118' title="bbox 2211 5473 3746 5550; baseline -0.014 -12"><span class='ocrx_word' id='word_1_917' title='bbox 2211 5485 2414 5538; x_wconf 90' lang='lat' dir='ltr'><strong>tionem</strong></span> <span class='ocrx_word' id='word_1_918' title='bbox 2447 5491 2614 5546; x_wconf 87' lang='lat' dir='ltr'><strong>luam,</strong></span> <span class='ocrx_word' id='word_1_919' title='bbox 2642 5498 2673 5534; x_wconf 89' lang='lat' dir='ltr'><strong>a</strong></span> <span class='ocrx_word' id='word_1_920' title='bbox 2695 5479 2917 5550; x_wconf 81' lang='lat' dir='ltr'><strong>peccatis</strong></span> <span class='ocrx_word' id='word_1_921' title='bbox 2938 5481 3085 5540; x_wconf 79' lang='lat' dir='ltr'><strong>meis,</strong></span> <span class='ocrx_word' id='word_1_922' title='bbox 3107 5493 3227 5540; x_wconf 64' lang='lat' dir='ltr'><strong>(iure</strong></span> <span class='ocrx_word' id='word_1_923' title='bbox 3257 5494 3352 5546; x_wconf 88' lang='lat' dir='ltr'><strong>per</strong></span> <span class='ocrx_word' id='word_1_924' title='bbox 3375 5473 3746 5529; x_wconf 68' lang='lat' dir='ltr'><strong>Bersabeeromv</strong></span> 
     </span>
    </p>
   </div>
   <div class='ocr_carea' id='block_1_119' title="bbox 2212 5556 3745 5635">
    <p class='ocr_par' dir='ltr' id='par_1_119' title="bbox 2212 5556 3745 5635">
     <span class='ocr_line' id='line_1_119' title="bbox 2212 5556 3745 5635; baseline -0.017 -5"><span class='ocrx_word' id='word_1_925' title='bbox 2212 5575 2356 5630; x_wconf 89' lang='lat' dir='ltr'><strong>misi.</strong></span> <span class='ocrx_word' id='word_1_926' title='bbox 2393 5573 2508 5626; x_wconf 87' lang='lat' dir='ltr'><strong>Non</strong></span> <span class='ocrx_word' id='word_1_927' title='bbox 2539 5573 2618 5627; x_wconf 88' lang='lat' dir='ltr'><strong>sic</strong></span> <span class='ocrx_word' id='word_1_928' title='bbox 2648 5571 2770 5626; x_wconf 90' lang='lat' dir='ltr'><strong>dico</strong></span> <span class='ocrx_word' id='word_1_929' title='bbox 2796 5581 2986 5635; x_wconf 75' lang='lat' dir='ltr'><strong>averte,</strong></span> <span class='ocrx_word' id='word_1_930' title='bbox 3022 5579 3079 5623; x_wconf 89' lang='lat' dir='ltr'><strong>ut</strong></span> <span class='ocrx_word' id='word_1_931' title='bbox 3109 5585 3215 5622; x_wconf 91' lang='lat' dir='ltr'><strong>non</strong></span> <span class='ocrx_word' id='word_1_932' title='bbox 3259 5567 3465 5630; x_wconf 84' lang='lat' dir='ltr'><strong>videas,</strong></span> <span class='ocrx_word' id='word_1_933' title='bbox 3506 5560 3632 5633; x_wconf 90' lang='lat' dir='ltr'><strong>quod</strong></span> <span class='ocrx_word' id='word_1_934' title='bbox 3665 5556 3745 5610; x_wconf 81' lang='lat' dir='ltr'><strong>im-</strong></span> 
     </span>
    </p>
   </div>
   <div class='ocr_carea' id='block_1_120' title="bbox 2212 5653 3748 5738">
    <p class='ocr_par' dir='ltr' id='par_1_120' title="bbox 2212 5653 3748 5738">
     <span class='ocr_line' id='line_1_120' title="bbox 2212 5653 3748 5738; baseline -0.013 -18"><span class='ocrx_word' id='word_1_935' title='bbox 2212 5666 2468 5738; x_wconf 89' lang='lat' dir='ltr'><strong>possibile</strong></span> <span class='ocrx_word' id='word_1_936' title='bbox 2494 5674 2605 5731; x_wconf 89' lang='lat' dir='ltr'><strong>est;</strong></span> <span class='ocrx_word' id='word_1_937' title='bbox 2645 5664 2741 5718; x_wconf 89' lang='lat' dir='ltr'><strong>sed</strong></span> <span class='ocrx_word' id='word_1_938' title='bbox 2793 5664 2872 5718; x_wconf 88' lang='lat' dir='ltr'><strong>sic</strong></span> <span class='ocrx_word' id='word_1_939' title='bbox 2925 5671 3116 5726; x_wconf 69' lang='grc' dir='ltr'><strong>(πει-ιε,</strong></span> <span class='ocrx_word' id='word_1_940' title='bbox 3163 5675 3231 5714; x_wconf 92' lang='lat' dir='ltr'><strong>ne</strong></span> <span class='ocrx_word' id='word_1_941' title='bbox 3273 5659 3488 5728; x_wconf 88' lang='lat' dir='ltr'><strong>punias.</strong></span> <span class='ocrx_word' id='word_1_942' title='bbox 3533 5653 3748 5708; x_wconf 78' lang='lat' dir='ltr'><strong>Avertere</strong></span> 
     </span>
    </p>
   </div>
   <div class='ocr_carea' id='block_1_121' title="bbox 2212 5742 3747 5836">
    <p class='ocr_par' dir='ltr' id='par_1_121' title="bbox 2212 5742 3747 5836">
     <span class='ocr_line' id='line_1_121' title="bbox 2212 5742 3747 5836; baseline -0.005 -21"><span class='ocrx_word' id='word_1_943' title='bbox 2212 5760 2402 5832; x_wconf 80' lang='lat' dir='ltr'><strong>faciem</strong></span> <span class='ocrx_word' id='word_1_944' title='bbox 2427 5775 2457 5812; x_wconf 90' lang='lat' dir='ltr'><strong>a</strong></span> <span class='ocrx_word' id='word_1_945' title='bbox 2484 5758 2708 5830; x_wconf 80' lang='lat' dir='ltr'><strong>peccatis</strong></span> <span class='ocrx_word' id='word_1_946' title='bbox 2738 5755 2998 5836; x_wconf 69' lang='lat' dir='ltr'><strong>dimissis,</strong></span> <span class='ocrx_word' id='word_1_947' title='bbox 3030 5753 3082 5811; x_wconf 89' lang='lat' dir='ltr'><strong>id</strong></span> <span class='ocrx_word' id='word_1_948' title='bbox 3126 5761 3209 5810; x_wconf 89' lang='lat' dir='ltr'><strong>cst</strong></span> <span class='ocrx_word' id='word_1_949' title='bbox 3243 5767 3352 5808; x_wconf 91' lang='lat' dir='ltr'><strong>non</strong></span> <span class='ocrx_word' id='word_1_950' title='bbox 3407 5748 3483 5806; x_wconf 88' lang='lat' dir='ltr'><strong>sic</strong></span> <span class='ocrx_word' id='word_1_951' title='bbox 3525 5744 3679 5808; x_wconf 65' lang='lat' dir='ltr'><strong>\‘idcic</strong></span> <span class='ocrx_word' id='word_1_952' title='bbox 3704 5742 3747 5794; x_wconf 63' lang='lat' dir='ltr'><strong>Ui</strong></span> 
     </span>
    </p>
   </div>
  </div>
