3846 6334
115 353 201 407 sss
687 327 690 330 ’
1058 343 1435 401 ‘EXPOSITIO
1463 345 1530 400 1N
1573 344 1699 400 csa

1803 343 1907 398 OS.
1949 373 2020 382 —
2049 340 2242 397 PSAL.
2276 342 2336 396 L.

3255 349 3360 406 856

115 468 385 542 puniantur
418 485 428 518 :
458 467 740 521 advertere
765 479 896 520 vero
925 463 1111 533 faciem
1137 463 1397 534 peccatis,
1439 463 1518 518 sic
1553 479 1684 517 eon-
1713 470 1758 527 Α
1789 461 1978 516 ultimo
1994 476 2207 530 quoque
2235 461 2299 513 de
2325 460 2485 514 Patre
2510 476 2630 515 cum
2659 460 2964 532 sul-jungit:
2995 463 3194 534 Spiritu
3213 469 3362 536 prin-

117 561 332 617 sitierarc
359 567 413 613 ut
452 557 766 628 puniantur.
800 556 1065 623 Quoniam
1104 565 1282 610 autem
1327 557 1378 610 in
1434 556 1573 610 facie
1603 557 1684 610 vi-

117 668 192 708 sus
220 660 313 710 est,
345 650 515 720 facies
543 663 641 718 pro
675 649 1113 702 consideratione
1143 648 1387 716 ponitur.
1442 630 1557 700 Non
1589 664 1678 701 so-

115 743 367 797 lummodo
399 757 578 795 veroa
605 741 829 810 peccatis
885 755 978 808 per
1028 740 1295 795 Bersabee
1349 739 1677 806 commissis,

115 849 212 895 oro,
243 832 432 886 faciem
464 841 701 890 avertas.
757 830 1118 884 sedetomncs
1169 831 1466 901 iniquitates
1515 845 1680 893 meas,

118 939 449 994 quascunque
479 922 747 990 commisi,
779 921 1018 988 dele,_s.ie
1044 930 1099 974 ut
1127 935 1233 975 non
1277 920 1492 990 punias.
1554 917 1682 985 Qni-

115 1017 198 1071 bus
215 1014 424 1076 deletis,
462 1030 553 1066 cor
580 1009 830 1066 mundum
857 1028 975 1066 crea
1014 1013 1068 1065 in
1124 1029 1226 1077 me,
1278 1011 1440 1077 Deus,
1503 1010 1555 1066 id
1599 1019 1683 1065 est

117 1107 204 1160 tale
227 1120 318 1159 cor
341 1105 487 1174 quod
521 1106 670 1158 omni
711 1118 899 1159 errore
944 1103 1202 1158 mundum
1261 1104 1350 1168 sit,
1410 1118 1507 1174 per
1540 1103 1682 1172 quod

117 1207 188 1249 tua
218 1195 472 1265 mysteria
505 1192 711 1247 valeam
741 1193 882 1246 intra
904 1208 991 1247 me
1033 1191 1411 1264 contemplari.
1455 1194 1520 1246 tL't
1578 1194 1686 1262 spi-

117 1291 248 1341 ritum
272 1297 495 1349 rectum,
533 1285 584 1339 id
610 1285 918 1360 estFilium
952 1294 1126 1350 tuum,
1173 1300 1274 1355 per
1319 1299 1478 1354 quem
1524 1300 1685 1340 omne

116 1381 236 1450 quod
265 1389 478 1434 rectum
509 1389 592 1433 est
621 1377 870 1442 efﬁcitur,
904 1379 1092 1432 innova
1115 1420 1129 1441 ,
1167 1378 1216 1432 id
1243 1386 1346 1443 est,
1373 1377 1684 1431 uoviterin-

116 1472 338 1526 habitare
384 1471 470 1526 fac
501 1472 553 1523 in
584 1469 864 1524 visceribus
913 1470 1061 1525 meis.
1115 1469 1268 1537 Quod
1321 1477 1404 1526 est
1452 1470 1682 1524 dicere:

117 1564 370 1634 Sapientia
399 1573 511 1629 Illa,
539 1564 592 1618 id
615 1572 697 1618 est
727 1562 896 1617 Filius
917 1572 1048 1618 tuus
1079 1572 1238 1618 antea
1270 1578 1429 1633 quam
1459 1563 1538 1617 sic
1565 1577 1688 1633 gra-

113 1655 231 1707 viter
279 1667 594 1723 peccarem,
644 1653 944 1707 secundum
999 1654 1186 1723 gratiae
1233 1653 1600 1724 operationem
1634 1651 1685 1705 in

115 1745 267 1799 anima
291 1759 416 1800 mea
448 1743 776 1798 inhabitavit
801 1785 814 1806 ,
854 1760 1016 1814 quam
1047 1761 1077 1798 a
1110 1759 1194 1800 tne
1220 1744 1496 1813 peccando
1529 1744 1687 1814 172

1735 559 1746 571 '
1783 554 1960 623 cipali,
1995 563 2101 608 etc.
2133 554 2189 607 Si
2213 553 2356 607 enim
2383 553 2448 608 de
2482 553 2642 608 Patre
2673 555 2822 623 prius
2850 568 3120 625 ageretur,
3169 559 3235 613 ab
3263 561 3362 615 ali-

1783 661 1890 714 quo
1912 645 2385 700 forsitanerroneo
2415 645 2577 700 Pater
2606 646 2872 700 excellere
2894 646 3084 702 Filium
3109 663 3160 704 et
3191 650 3362 722 Spiri-

1785 747 1894 791 tum
1949 737 2596 808 dignitatecrederetur,
2657 754 2778 793 cum
2842 739 3001 793 Pater
3055 743 3364 811 principalis

1783 829 2014 883 dicatur.
2067 828 2218 884 Nunc
2248 839 2427 883 autem
2475 831 2602 900 quia
2647 830 2714 883 de
2763 831 2951 885 eodem
3002 832 3066 884 ad
3118 832 3364 888 ultimum

1785 918 1980 986 agitur,
2006 934 2127 972 cum
2161 919 2423 974 minorem
2459 936 2564 974 noa
2601 935 2722 974 esse
2751 931 2984 988 constet,
3035 923 3363 991 parilitatem

1783 1011 2028 1066 obtinere
2057 1027 2396 1082 nequaquam
2429 1012 2738 1083 ambigitur.
2765 1011 3066 1082 Notandum
3089 1030 3238 1082 sane,
3261 1031 3368 1070 non

1787 1101 2226 1158 inconvenienter
2256 1103 2472 1158 Patrem
2521 1113 2573 1158 et
2619 1103 2832 1171 Filium,
2861 1105 3120 1174 Spiritum
3163 1123 3369 1161 nuncu-

1786 1193 1924 1262 pari.
1959 1193 2146 1248 Omnis
2205 1210 2440 1264 namque
2487 1194 2788 1249 substantia
2838 1197 3171 1266 incorparea,
3225 1208 3370 1254 recte

1788 1283 2022 1354 Spiritus
2041 1286 2356 1355 appellatur.
2384 1285 2544 1340 Pater
2567 1299 2747 1342 autem
2771 1297 2826 1341 et
2854 1287 2952 1341 Fili
2995 1305 3040 1354 s,
3069 1290 3370 1344 substantia

1787 1375 2102 1446 incorporea
2135 1389 2279 1431 sunt.
2964 1371 2966 1374 ’

1859 1471 2150 1542 Postquam
2179 1473 2417 1528 os:cn:lit
2440 1473 2605 1543 quod,
2634 1489 2729 1542 per
2762 1473 3187 1528 nti-ericordiam
3209 1484 3262 1529 et
3288 1491 3372 1542 po-

1790 1563 2012 1618 tentiam
2040 1573 2093 1618 et
2139 1563 2434 1618 bonitatem
2473 1564 2589 1630 Dei,
2619 1566 2815 1620 debent
2853 1565 2969 1635 ejus
3021 1574 3238 1634 peccata
3292 1582 3361 1619 re-

1791 1655 1930 1708 mitti
1959 1663 2016 1709 nt
2047 1655 2256 1709 veniam
2280 1656 2442 1709 citius
2467 1656 2737 1726 impetret,
2769 1658 2918 1724 quod
2934 1657 3278 1710 commodum
3305 1671 3373 1709 ex

1791 1744 1873 1798 sai
1902 1745 2054 1798 venia
2085 1755 2398 1800 secuturum
2431 1746 2522 1810 sit,
2545 1753 2630 1799 Osl
2667 1746 2782 1799 ndit
2806 1746 2884 1800 sic
2911 1763 2923 1799 :
2951 1745 3112 1800 Oravi
3138 1745 3375 1799 miserere

116 1839 282 1910 repuli.
309 1838 488 1905 Quam
514 1853 612 1892 oro
645 1847 702 1891 ut
731 1853 920 1892 rursus
973 1837 1025 1891 in
1060 1850 1144 1890 me
1197 1837 1362 1890 facias
1416 1835 1682 1890 habitare.
1718 1827 1760 1884 Β
1790 1844 1845 1887 et
1868 1835 2168 1904 iniquitates
2195 1835 2328 1904 dele,
2361 1846 2412 1890 et
2434 1853 2524 1890 cor
2557 1838 2805 1889 mundum
2840 1853 2957 1889 crca
2988 1837 3040 1890 iu
3070 1853 3167 1899 me,
3200 1845 3252 1889 et
3273 1835 3377 1890 alia

116 1932 267 1988 lunuit
299 1940 532 2002 propter
561 1930 689 2000 quid
718 1937 942 1996 orat,‘ut
964 1930 1273 1994 innovetur,
1315 1929 1366 1983 id
1393 1941 1477 1984 est
1500 1928 1688 1982 redda-

116 2035 187 2078 tur
205 2023 300 2078 sibi
331 2024 582 2094 spiritus,
609 2021 661 2076 id
689 2019 978 2086 estFilius,
1006 2019 1440 2089 cuminterponit
1473 2028 1688 2074 rectum.

116 2117 255 2182 Quasi
286 2117 526 2180 diceret,
563 2120 786 2184 propter
814 2113 916 2167 hoc
947 2110 1155 2166 scilicet
1188 2119 1246 2164 ut
1269 2125 1390 2164 cum
1439 2110 1554 2178 ipse
1582 2107 1693 2178 spi-

118 2208 229 2260 ritus
273 2215 463 2260 rectus
491 2205 582 2268 sit,
622 2217 708 2257 me
758 2216 974 2273 quoque
1026 2209 1230 2256 rectum
1274 2201 1328 2254 in
1378 2198 1696 2270 operatione

118 2298 276 2363 iaciat,
308 2299 407 2368 qui
446 2312 531 2351 me
557 2311 586 2350 a
608 2295 930 2350 rectitudine
951 2293 1235 2363 peccando
1262 2292 1504 2346 distorsi.
1535 2291 1696 2346 Inno-

118 2407 224 2447 rare
246 2392 405 2456 dicit,
441 2405 548 2444 non
566 2396 826 2458 quantum
855 2386 922 2440 ad
958 2379 1208 2442 essentia:
1264 2385 1490 2456 spiritus
1537 2399 1696 2440 reno—

119 2486 368 2540 rationem
398 2524 416 2548 ,
473 2497 596 2538 cum
647 2467 1000 2534 immutabilis
1048 2478 1276 2534 sitzsed
1321 2486 1580 2548 quantum
1628 2476 1698 2530 ad

119 2579 361 2633 bonorum
391 2589 622 2646 operum
648 2572 1076 2643 reparationem,
1133 2584 1254 2640 qua:
1289 2569 1342 2623 in
1375 2584 1440 2624 eo
1486 2567 1698 2623 defece-

118 2682 258 2725 rant:
291 2669 457 2740 quasi
481 2668 720 2722 diceret:
744 2663 919 2718 Redde
942 2661 1070 2716 mihi
1097 2664 1339 2732 spiritum
1370 2671 1586 2724 rectum,
1605 2677 1699 2731 per

119 2761 250 2829 cujus
299 2759 704 2814 inhabitantem
751 2755 982 2826 gratiam
1035 2760 1363 2808 renoventur
1413 2752 1464 2806 in
1520 2751 1698 2814 anima

121 2851 421 2906 affectiones
451 2850 630 2914 home,
653 2861 773 2916 quae
803 2843 1142 2908 defecerunt,
1174 2843 1370 2913 quibus
1397 2835 1701 2897 affectioni-

120 2942 202 2998 bus
225 2959 390 3014 opera
429 2943 569 2995 bona
596 2951 878 2994 exerceam
899 2979 914 3003 ,
939 2937 1145 2991 viscera
1176 2951 1274 3004 pro
1297 2935 1477 2989 anima
1505 2935 1654 3006 ponit
1683 2952 1696 2988 :

121 3035 224 3105 quia
251 3036 403 3090 circa
436 3033 645 3087 viscera
674 3029 1019 3100 potissimum
1047 3027 1230 3081 anima
1260 3037 1474 3098 regnat.

177 3126 234 3181 Et
257 3136 552 3196 postquam
581 3123 832 3193 spiritum
867 3129 1076 3175 rectum
1109 3119 1243 3174 mihi
1273 3119 1596 3198 reddideris,
1639 3134 1702 3173 ne

122 3221 348 3290 projicias
383 3234 468 3271 me
490 3235 522 3270 a
546 3216 682 3286 facie
707 3224 819 3278 tua,
852 3213 906 3267 id
948 3222 1031 3266 est
1062 3229 1130 3267 ne
1183 3213 1468 3282 permittas
1513 3220 1572 3266 ut
1601 3227 1700 3281 ego

124 3326 202 3379 per
225 3316 511 3381 peccatum
559 3307 754 3360 iterum
781 3318 868 3358 me
892 3295 1175 3373 projiciam
1214 3318 1244 3357 a
1275 3301 1595 3357 rectitudine
1618 3299 1698 3354 fa-

124 3404 206 3458 ciei
233 3413 356 3468 tute,
393 3401 448 3454 id
475 3406 562 3454 est
605 3395 749 3460 Filii,
795 3394 888 3464 qui
935 3393 1102 3448 facies
1147 3393 1326 3448 Patris
1375 3392 1592 3456 dicitur,
1641 3407 1704 3446 co

125 3495 245 3563 quod
273 3509 373 3564 per
409 3491 528 3560 ejus
551 3488 925 3545 obedientiam
973 3501 1073 3540 nos
1102 3485 1284 3540 Patris
1329 3485 1705 3540 misericordia

125 3586 527 3641 utsalvaremur
557 3583 805 3652 aspexit;
836 3580 977 3635 sicut
1000 3594 1097 3649 per
1150 3579 1328 3634 visum
1370 3579 1462 3648 qui
1517 3589 1599 3634 est
1650 3579 1704 3633 in

127 3674 267 3740 facie,
290 3674 493 3742 aliquis
521 3671 740 3740 aspicit.
785 3669 856 3724 Et
885 3687 946 3724 ne
975 3669 1186 3738 auferas
1216 3685 1248 3722 a
1271 3683 1371 3734 me,
1429 3670 1482 3725 id
1512 3677 1594 3725 est
1639 3684 1707 3724 ne

127 3768 395 3836 permittas
423 3763 656 3835 amplius
685 3761 887 3817 auferri
918 3777 948 3816 a
971 3776 1054 3816 me
1083 3776 1178 3831 per
1207 3769 1511 3830 peccatum,
1536 3761 1709 3830 Spiri-

127 3873 222 3914 tum
245 3871 486 3915 sanctum
517 3869 688 3924 tuum,
709 3857 773 3912 ‘id
800 3864 884 3910 est
907 3855 1302 3909 inhabitantem
1331 3870 1430 3930 per
1478 3855 1706 3922 gratiam

127 3952 347 4024 Spiritus
377 3953 477 4016 tui,
513 3959 570 4005 et
623 3949 764 4004 illius
815 3947 1023 4003 scilicet
1069 3963 1334 4017 personae,
1385 3963 1504 4018 quae
1551 3951 1710 4020 vulgo

129 4044 346 4114 Spiritus
369 4043 594 4107 dicitur,
610 4056 730 4112 quin
755 4039 917 4095 etiam
947 4055 976 4092 a
1007 4039 1165 4094 Patre
1188 4048 1242 4093 et
1272 4037 1408 4094 Filio
1435 4031 1706 4110 procedit;

130 4135 266 4203 Quod
297 4148 383 4194 est
414 4154 478 4193 ac
508 4137 555 4190 si
586 4135 764 4190 dicat:
795 4131 904 4187 Fac
933 4132 986 4186 in
1015 4147 1101 4187 me
1123 4129 1442 4188 constanter
1491 4131 1709 4188 inhabi-

133 4241 232 4287 tare
259 4235 492 4305 gratiam
521 4231 757 4302 Spiritus
785 4226 1066 4298 paracleti.
1113 4225 1178 4281 Et
1209 4227 1328 4282 sic:
1359 4226 1538 4282 Redde
1583 4227 1712 4282 nti/ti

133 4322 354 4380 latitinm
384 4325 643 4380 salutaris
666 4322 764 4385 tui,
793 4320 844 4374 id
866 4329 949 4374 est
976 4318 1098 4374 Filii
1137 4317 1211 4372 tui
1234 4319 1325 4387 qui
1379 4318 1564 4373 mundi
1589 4318 1711 4372 Sal-

135 4427 272 4471 vator
295 4418 424 4482 erit;
463 4430 528 4469 ac
557 4413 600 4468 si
629 4412 836 4466 diceret
865 4427 878 4464 :
909 4408 1138 4479 Propter
1185 4409 1395 4479 peccati
1425 4407 1530 4463 mei
1587 4401 1712 4479 gra-

136 4509 358 4572 vitatem.
418 4505 719 4563 Salvatoris
767 4503 889 4559 Filii
949 4503 1024 4557 tui
1067 4502 1221 4558 amisi
1274 4502 1536 4556 lmtitiam.
1587 4501 1714 4556 Scio

135 4617 354 4672 namque
381 4601 510 4671 quia
544 4599 598 4654 in‘
654 4597 772 4668 ejus
815 4595 1104 4650 adventum
1153 4592 1288 4647 nihil
1332 4592 1582 4646 utilitatis
1613 4592 1709 4645 ha-

135 4694 278 4758 bebo,
321 4695 423 4749 nisi
454 4693 546 4748 hic
581 4689 788 4762 peccati
820 4686 1194 4742 remissionem
1219 4699 1314 4755 per
1335 4685 1708 4756 paenitentiam

140 4785 350 4856 adeptus
370 4784 558 4849 fuero;
590 4781 752 4846 unde,
784 4793 1001 4849 precor,
1033 4775 1270 4845 indulge,
1300 4784 1354 4830 et
1376 4775 1708 4830 siclaetitiam

141 4877 421 4934 Salvatoris
445 4871 661 4930 venturi
688 4871 818 4926 mihi
849 4868 1015 4924 redde
1040 4884 1064 4921 :'
1086 4868 1152 4923 Et
1183 4867 1236 4920 in
1270 4865 1356 4920 illa
1383 4867 1567 4922 laztitia
1589 4883 1714 4920 catt-

141 4971 282 5040 ﬁrma
308 4985 409 5035 me,
445 4967 499 5023 id
527 4975 612 5021 est
637 4974 982 5034 perseverare
1025 4974 1112 5014 me
1166 4961 1272 5024 fac,
1327 4973 1395 5014 ne
1437 4957 1712 5028 peccando

143 5061 484 5116 criminaliter
511 5071 702 5112 rursus
729 5069 791 5108 ea
819 5067 1057 5107 caream.
1082 5049 1214 5106 Dico
1251 5069 1263 5103 :
1287 5049 1344 5103 ln
1381 5064 1446 5104 ea
1477 5065 1561 5104 me
1585 5065 1711 5102 con—

144 5158 311 5223 ﬁrma,
335 5166 388 5211 et
417 5156 524 5208 hoc
551 5149 751 5220 Spiritu
781 5143 1078 5217 principali,
1111 5143 1162 5197 id
1185 5151 1267 5198 est
1298 5156 1396 5212 per
1419 5151 1471 5196 te
1496 5141 1710 5196 Patrem

145 5247 192 5301 in
222 5265 305 5302 me
327 5245 641 5318 specialiter
667 5239 1020 5295 habitantem.
1054 5235 1218 5290 Pater
1256 5243 1435 5288 autem
1478 5232 1713 5304 Spiritus

147 5339 444 5410 principalis
473 5337 692 5399 dicitur,
718 5348 821 5387 non
853 5331 994 5402 quod
1031 5328 1167 5383 Filio
1195 5336 1249 5381 et
1276 5325 1498 5396 Spiritui
1524 5339 1713 5380 sancto

148 5429 481 5499 principetur,
520 5436 577 5482 et
611 5425 694 5479 eis
731 5421 905 5490 major
945 5420 1172 5500 existat;
1219 5419 1313 5473 sed
1358 5416 1614 5487 quoniam
1648 5416 1716 5472 ab

151 5534 209 5573 eo
231 5519 564 5575 ineliahiliter
595 5515 835 5587 gignitur
860 5511 1050 5577 Filius,
1075 5510 1430 5581 proceditque
1458 5507 1715 5577 Spiritus.

1791 1925 1954 1979 etiam
1995 1925 2159 1978 multa
2205 1929 2409 1996 rogavi,
2455 1941 2575 1995 qute
2630 1927 2674 1979 si
2727 1928 2776 1979 in
2835 1943 2920 1981 nte
2976 1926 3330 1996 compleveris
3360 1969 3375 1992 ,

1791 2013 2038 2084 exemplo
2069 2031 2186 2070 meo
2213 2016 2404 2068 docebo
2435 2017 2659 2084 iniquos,
2696 2017 2746 2068 iii
2773 2025 2858 2070 est
2885 2016 3020 2069 alios
3073 2015 3379 2069 erizninali-

1796 2113 1879 2160 ter
1907 2115 2199 2176 peccantes
2227 2107 2336 2160 vias
2381 2116 2521 2173 tuas,
2574 2107 2624 2160 id
2678 2115 2761 2160 cst
2809 2105 3238 2161 miscritordiam
3287 2121 3380 2174 per

1794 2213 1956 2268 quam
1987 2209 2207 2268 peccata
2237 2199 2366 2254 mihi
2389 2200 2679 2255 indulseris
2705 2217 2716 2253 :
2743 2209 2792 2254 et
2812 2199 3081 2269 justitiam
3107 2217 3202 2270 per
3219 2217 3381 2270 qnam

1795 2290 2008 2360 mejam
2031 2289 2385 2359 justificatum
2417 2292 2588 2362 magis
2610 2291 3020 2360 justilicaveris,
3075 2308 3196 2361 quae
3220 2293 3382 2347 misc-

1798 2382 2028 2437 ricordia
2057 2381 2335 2452 etjnstitia
2368 2382 2623 2436 dicuntur
2661 2383 2756 2437 rice
2800 2393 2923 2449 tute,
2980 2397 3045 2437 eo
3091 2383 3232 2452 quod
3292 2397 3384 2452 [er

1798 2474 1942 2544 ipsas
1972 2475 2038 2529 ad
2066 2483 2119 2528 te
2139 2475 2376 2540 venitur,
2410 2474 2665 2543 quodest
2698 2473 2882 2528 dicere
2912 2492 2925 2527 :
2964 2471 3021 2525 Si
3046 2488 3140 2542 per
3169 2471 3384 2526 miscri-

1799 2565 2043 2620 cordiam
2091 2565 2218 2618 mihi
2255 2563 2568 2631 indulseris,
2619 2572 2689 2618 et;
2721 2563 3122 2634 justificaveris,
3173 2572 3385 2638 etpost

1800 2671 1885 2711 me
1907 2654 2264 2723 jusltlicatum
2297 2655 2363 2709 ad
2387 2655 2646 2724 majorem
2671 2654 2944 2722 justitiam
2973 2673 3070 2725 per
3115 2655 3388 2724 justitiam

1781 2755 1947 2801 'lnam
2001 2747 2336 2821 provexeris,
2387 2747 2635 2816 exemplo
2689 2747 3010 2814 innocentia:
3061 2756 3115 2802 et
3161 2748 3392 2818 justitia:

1801 2851 1934 2892 meae
1965 2852 1994 2890 a
2043 2849 2093 2890 te
2135 2837 2296 2901 datre,
2357 2836 2764 2891 misericordem
2815 2851 2935 2892 esse
2987 2847 3036 2891 te
3088 2845 3141 2892 et
3180 2836 3392 2904 justum

1801 2931 2082 2987 ostendam
2107 2931 2226 2985 aliis
2257 2930 2510 2985 similiter
2532 2931 2901 3000 peccantibus.
2931 2928 2998 2983 Et
3031 2931 3198 3000 impii,
3235 2931 3286 2985 id
3309 2937 3390 2984 est

1779 3021 2053 3078 similiter
2078 3022 2219 3076 sicut
2250 3036 2350 3090 ego
2380 3030 2688 3092 peccantes,
2725 3022 2793 3074 ad
2817 3031 2863 3074 te
2891 3031 3274 3086 convertentur,
3293 3037 3392 3091 per

1751 3182 1771 3200 π
1803 3113 2201 3186 pcenitentiam,
2235 3111 2487 3184 exemplo
2515 3101 2631 3166 nico
2661 3112 2902 3168 adducti.
2965 3111 3032 3168 Ut
3063 3125 3243 3168 autem
3288 3116 3394 3170 hoc

1807 3206 1876 3258 sit
1907 3205 2050 3273 quod
2082 3203 2231 3273 impii
2278 3202 2527 3273 exemplo
2569 3217 2689 3256 meo
2736 3203 2801 3255 ad
2838 3212 2886 3257 te
2932 3214 3336 3272 convertantur",
3361 3222 3395 3261 o

1805 3294 1967 3359 Deus,
1991 3293 2040 3348 id
2066 3303 2150 3349 est
2175 3294 2400 3350 Creator
2422 3309 2575 3349 meus
2597 3304 2652 3349 et
2684 3294 2840 3365 173
2873 3295 3014 3350 Deus
3035 3296 3218 3351 salutis
3243 3315 3395 3365 metr,

1806 3385 1857 3440 id
1885 3394 1969 3440 est
1993 3385 2222 3441 Creator
2255 3384 2575 3440 salvationis
2629 3401 2778 3443 tneae.
2832 3401 2952 3455 qua:
2982 3387 3111 3440 mihi
3162 3389 3392 3444 salutem

1805 3479 2080 3542 restitues,
2114 3493 2275 3546 quam
2298 3477 2570 3546 peccando
2600 3477 2798 3532 amisi:
2827 3477 3012 3532 Libera
3063 3496 3142 3534 me
3170 3481 3234 3536 de
3265 3499 3400 3536 sai:-

1806 3572 2074 3642 guinibus,
2103 3572 2156 3626 id
2182 3581 2264 3626 est
2295 3571 2360 3626 de
2393 3571 2631 3640 peccatis
2662 3571 2817 3638 meis,
2871 3571 3142 3628 adulterio
3187 3575 3394 3629 scilicet

1806 3677 1860 3722 et
1891 3667 2202 3733 homicidio,
2243 3683 2338 3737 per
2363 3667 2631 3724 BerSahee
2666 3667 2980 3734 commisso,
3013 3684 3132 3738 qua:
3175 3670 3403 3740 sangui--

1809 3776 1905 3816 nes
1933 3760 2206 3825 dicuntur,
2253 3775 2318 3814 eo
2349 3760 2492 3829 quod
2529 3774 2594 3813 ex
2621 3757 2786 3816 nimio
2834 3762 3115 3831 sanguinis
3171 3762 3397 3817 hutnore

1785 3859 2189 3922 processerunt
2220 3847 2302 3902 νει
2333 3851 2396 3902 de
2433 3851 2796 3920 sanguiuibns,
2847 3851 2895 3905 id
2950 3861 3034 3907 est
3091 3853 3156 3908 de
3214 3854 3411 3910 multis-

1811 3941 2080 3997 mortibus
2128 3955 2264 4011 quas
2295 3950 2551 4010 operatus
2598 3957 2738 3996 sum.
2797 3942 3047 4020 lntcrfcci
3080 3937 3313 4018 natatiuc
3343 3945 3399 4000 in

1785 4033 2036 4104 corpore
2069 4032 2252 4090 Uriam
2297 4034 2658 4089 innocentem.
2715 4033 2966 4089 lntcrfcci
3008 4035 3169 4089 etiam
3214 4050 3300 4091 me
3344 4037 3397 4090 in

1812 4128 1992 4182 anima
2025 4166 2039 4189 .
2095 4125 2420 4180 adulterium
2476 4115 2802 4194 exercendo.
2863 4124 3113 4182 lntcrfcci
3185 4141 3412 4196 (μωρία

1812 4219 2100 4284 Bersabee,
2125 4233 2245 4274 eam
2270 4219 2336 4273 ad
2378 4219 2627 4274 adulterii
2679 4234 3003 4274 consensum
3056 4219 3400 4289 impellendo.

1793 4313 1891 4368 'De
1921 4314 2118 4382 quibus
2147 4311 2399 4367 omnibus
2421 4311 2682 4365 mortibus
2733 4327 2812 4364 me
2841 4309 3026 4376 libera,
3077 4310 3400 4382 indulgendo

1815 4405 2132 4469 clementer,
2163 4421 2228 4458 ne
2257 4417 2467 4472 pereas
2489 4402 2555 4455 ad
2585 4410 2814 4456 mortem
2845 4401 3051 4468 trahar,
3078 4402 3416 4457 cruciaudus

1816 4495 2148 4565 perenniter.
2180 4492 2414 4559 Sanguis
2441 4491 2655 4562 quidem
2685 4505 2781 4560 pro
2829 4500 3002 4544 morte
3048 4493 3284 4560 liOllillll‘,
3333 4508 3400 4546 eo

1816 4589 1959 4658 quod
1996 4589 2048 4641 in
2105 4585 2479 4641 interfectione
2514 4583 2683 4638 soleat
2717 4597 2858 4652 smpe
2905 4583 3124 4653 sanguis
3177 4581 3405 4638 eii‘undi.

1787 4671 1972 4734 'Unde
2009 4677 2266 4748 propheta
2303 4695 2317 4730 :
2357 4693 2374 4725 ι
2407 4673 2461 4728 Si
2504 4688 2608 4728 non
2637 4673 3044 4727 annuntiaveris
3080 4671 3264 4741 iniquo
3296 4673 3402 4726 ini-

1791 4771 2076 4842 quitatem
2108 4783 2284 4830 suam,
2333 4767 2648 4836 sanguinem
2699 4766 2836 4836 ejus,
2867 4785 2886 4817 ι
2944 4763 2996 4819 id
3039 4773 3410 4830 cstmortcm,.

1825 4881 1843 4912 ‹
1883 4861 1949 4934 de
1977 4875 2135 4913 manu
2166 4868 2252 4912 tua
2287 4858 2556 4926 requiram
2605 4855 2822 4926 (Ezeclt.
2847 4871 2930 4919 ιιι,
2957 4855 3067 4926 15).
3109 4874 3127 4907 ι
3164 4855 3227 4908 Ει
3250 4854 3297 4910 si
3320 4870 3419 4910 tne‘

1820 4952 1883 5005 de
1901 4949 2243 5019 sanguinibus
2275 4946 2612 5008 liberareris,
2639 4961 2742 5001 non
2783 4945 2955 5000 solum
2987 4944 3232 5014 exemplo
3286 4961 3406 4999 meo

1823 5042 2030 5111 iniquos
2059 5039 2274 5102 docebo,
2300 5039 2393 5092 sed
2419 5047 2465 5090 et
2492 5035 2671 5106 lingua
2701 5053 2814 5090 utea
2839 5036 3116 5090 exsuitabit
3137 5035 3408 5104 justitiam-

1797 5137 1987 5198 'luam,
2017 5133 2067 5190 id
2099 5143 2182 5188 est
2204 5133 2543 5188 exsultanter
2570 5133 2906 5186 annttntiabit
2936 5140 2986 5184 te
3017 5146 3137 5185 esse
3171 5127 3414 5197 justum:

1821 5225 1910 5296 qui
1947 5223 2470 5292 mejnstiticaveris;
2507 5223 2590 5278 vel
2626 5223 2727 5288 sic,
2759 5222 3090 5276 annuntiabit
3135 5221 3256 5298 aliis
3305 5221 3438 5276 ini-.

1823 5321 1942 5391 quis
1962 5319 2224 5389 justitiam
2251 5330 2417 5381 tuam,
2455 5333 2614 5388 quam
2648 5316 2776 5370 mihi
2800 5315 3034 5377 dederis,
3087 5323 3153 5394 ut
3203 5323 3257 5368 et
3305 5313 3402 5382 ipsi

1801 5412 1890 5468 ‘ad
1925 5422 1976 5466 te
2004 5411 2249 5467 conversi
2274 5410 2662 5480 justitieentur.
2690 5408 2963 5460 Promittit
2993 5421 3118 5459 vero
3139 5406 3240 5459 hoc
3262 5400 3422 5472 quoi

1797 5495 2020 5570 "oravit,
2053 5520 2110 5559 se
2137 5503 2357 5572 adipisci
2384 5518 2450 5557 ex
2481 5502 2673 5556 divina:
2700 5497 3086 5552 miscricordize
3128 5493 3418 5550 confiden-o-

153 5607 291 5664 Bene
317 5611 528 5680 quidem
559 5585 620 5662 in
644 5585 834 5677 primis
857 5604 970 5675 agit
999 5601 1066 5657 de
1101 5602 1254 5667 Filio,
1282 5601 1372 5656 ubi
1403 5600 1531 5656 dicit
1559 5619 1570 5653 :
1603 5597 1719 5670 Spi-
1795 5599 1804 5613 '
1828 5600 1920 5665 tia,
1945 5607 1997 5651 et
2023 5597 2075 5652 in
2108 5598 2209 5650 hoc
2239 5610 2454 5665 quoque
2485 5593 2696 5646 veniam
2725 5597 2965 5643 meretur
2989 5603 3007 5640 :
3036 5588 3176 5657 quod
3205 5591 3312 5640 non
3339 5585 3405 5639 de

157 5701 309 5754 ritum
337 5711 523 5756 rectum
549 5702 761 5765 innova,
812 5706 915 5752 etc.
979 5695 1174 5750 Postea
1216 5709 1348 5749 vero
1396 5693 1462 5747 de
1515 5691 1720 5760 Spiritu
1796 5687 1800 5694 ’
1828 5689 1920 5744 Dei
1944 5687 2229 5744 clementia
2255 5686 2467 5750 diflidit,
2498 5683 2590 5739 sed
2615 5680 2957 5736 conﬁdentia:
2990 5680 3092 5734 sibi
3143 5693 3292 5748 spem
3325 5684 3406 5730 at-

160 5798 500 5856 sancta,cum
529 5790 683 5860 ponit
711 5807 724 5846 :
751 5787 1006 5858 Spiritum
1027 5793 1263 5842 sanctum
1300 5793 1468 5850 tuum,
1518 5790 1622 5839 etc.
1663 5779 1720 5834 In
1829 5780 2036 5836 tribuit.
2073 5778 2189 5833 Dixi
2220 5775 2360 5848 quod
2388 5775 2434 5833 si
2477 5773 2811 5840 liberaveris,
2870 5772 3012 5841 quod
3058 5771 3236 5842 lingua
3287 5780 3414 5822 mea-
