3846 6334
476 254 593 309 867-

1030 249 1089 305 S.
1129 248 1475 305 BRUNONIS
1508 243 2155 305 CARTHUSIANORUM
2190 242 2679 301 INSTITUTORlS
2718 242 2867 298 OPP.
2912 242 3090 297 PARS
3118 242 3157 296 l.

3639 250 3732 305 368

472 367 738 440 justitiam
768 372 910 419 tuam
943 364 1305 427 annuntiabit,
1332 373 1388 419 et
1421 364 1561 418 sicut
1584 376 1649 416 ex
1692 359 2063 415 misericordia
2096 359 2139 415 A
2168 355 2294 420 lem,
2330 357 2381 409 id
2413 365 2496 410 est
2526 356 2576 410 in
2631 355 2872 410 Ecclesia
2921 371 2984 407 ex
3026 364 3257 423 utroque
3315 356 3506 424 populo
3549 362 3737 415 consti-

478 470 567 514 tua
594 473 713 513 esse
736 456 973 521 conﬁdo,
1005 456 1147 526 quod
1180 470 1265 510 me
1296 456 1572 517 liberabis,
1606 466 1661 509 et
1707 468 1805 524 per
1850 454 1953 507 moi
1992 454 2057 506 li-

476 550 838 614 berationem,
863 548 1108 613 Domine,
1135 547 1274 600 labia
1296 564 1409 601 mea
1440 548 1659 616 aperias,
1693 547 1843 600 idest
1868 546 2059 601 idonea

476 642 643 697 facies
667 641 733 695 ad
767 640 1093 694 laudandum
1128 637 1398 707 justitiam
1429 648 1606 702 tuam;
1655 652 1720 692 ac
1745 638 1789 692 si
1821 637 2057 691 diceret:

477 734 610 787 Dum
646 749 753 787 non
785 730 1073 786 mundatus
1097 746 1124 784 a
1156 730 1396 800 peccatis
1416 729 1699 794 exslitcro,
1738 729 1963 782 idoneus
1993 725 2060 782 ad

478 833 528 878 te
559 820 883 876 laudandum
912 819 1217 874 nullatenus
1238 834 1353 885 ero,
1386 828 1442 874 et
1468 818 1686 887 sicjure
1714 815 1854 870 labia
1880 815 2058 870 clausa

472 912 706 967 habebo.
737 929 754 962 ι
779 909 895 963 Non
919 909 1062 964 enim
1086 916 1169 962 est
1195 908 1436 977 speciosa
1463 905 1578 959 laus
1606 905 1658 959 in
1689 920 1783 959 ore
1814 911 2063 973 peccato.

475 1005 553 1059 ris
584 1001 774 1076 (Eccli.
809 1016 901 1066 xv,
932 1000 1011 1069 9).
1045 1018 1064 1051 ι
1109 999 1207 1054 Ast
1249 999 1338 1054 ubi
1370 1013 1457 1053 me
1492 1012 1521 1051 a
1549 996 1788 1068 peccatis
1839 995 2065 1050 munda-

474 1096 642 1162 veris,
669 1110 793 1150 mox
817 1094 1067 1149 idoneum
1090 1093 1157 1146 ad
1182 1090 1510 1145 laudandum
1538 1099 1608 1151 te,
1633 1104 1720 1143 me
1738 1088 2060 1151 constitues,

476 1195 530 1238 et
562 1187 640 1240 sic
674 1184 815 1239 labia
854 1199 967 1237 mea
996 1182 1220 1251 aperies,
1255 1180 1309 1235 id
1340 1189 1424 1235 est
1453 1178 1545 1248 jus
1575 1188 1627 1234 te
1652 1178 1904 1233 laudandi
1931 1174 2063 1231 mihi

476 1274 799 1329 concedens.
850 1271 917 1325 Et
942 1279 1227 1342 postquam
1259 1270 1539 1340 aperueris
1583 1270 1744 1336 labia,
1795 1286 1851 1323 os
1893 1284 2063 1322 meum

476 1365 807 1418 annuntiabit
836 1365 1044 1417 laudem
1074 1374 1239 1431 tuam,
1276 1366 1329 1419 id
1360 1376 1443 1420 est
1472 1365 1718 1419 laudabit
1765 1364 2065 1418 miscricor-

476 1456 620 1509 diam
649 1456 992 1526 etjustitiam
1026 1466 1195 1510 tuam.
1250 1455 1518 1522 Quoniam
1565 1457 1698 1511 adeo
1730 1456 2066 1525 ingemuerat

477 1548 542 1603 de
568 1558 789 1617 peccato
821 1556 875 1602 ct
899 1556 1150 1601 oraverat
1174 1562 1271 1615 pro
1297 1562 1381 1613 eo,
1408 1555 1589 1617 posset
1618 1547 1812 1614 aliquis
1845 1547 2023 1599 dicere
2050 1559 2064 1597 :

477 1638 657 1704 Quare
684 1639 737 1691 in
773 1646 978 1692 tantum
998 1637 1201 1708 gemis?
1232 1637 1347 1691 Noli
1375 1616 1610 1708 gemei'e,
1654 1637 1747 1691 sed
1796 1636 2062 1691 sacriﬁcia

2165 447 2359 501 tuenda
2385 486 2401 512 ,
2452 463 2573 517 qure
2604 447 2936 501 Hierusalem
2968 448 3072 500 erit
3100 487 3113 510 ,
3150 446 3202 500 id
3237 455 3320 502 est
3353 450 3529 503 uidens
3570 468 3734 519 pacem

2162 546 2421 592 aeternam
2455 554 2568 607 spe,
2603 537 2686 592 vel
2719 538 2905 592 videns
2933 553 3119 606 pacem
3146 538 3198 590 in
3224 554 3307 601 se,
3334 554 3439 593 non
3467 540 3737 599 inimicans

2163 629 2273 684 Deo
2299 630 2436 685 male
2469 630 2700 701 agendo,
2739 630 2835 685 sed
2867 645 2989 684 cum
3023 643 3088 684 eo
3117 645 3308 699 pacem
3339 630 3565 696 habens,
3614 635 3739 689 bene

2161 723 2411 779 vivendo.
2446 725 2611 794 Ergo,
2645 723 2893 787 Domine,
2951 723 3079 794 quia
3110 723 3212 777 hoc
3241 724 3565 779 sacriﬁcium
3612 724 3738 780 futu-

2164 829 2282 867 rum
2308 823 2391 869 est
2427 815 2480 868 in
2515 814 2645 869 Sion
2673 822 2728 868 et
2756 814 2809 868 in
2834 813 3200 879 Hierusalem,
3241 814 3457 885 benigne
3485 815 3570 884 [ac
3598 815 3736 881 Sion,

2164 904 2216 958 id
2244 913 2327 959 est
2356 904 2502 975 large
2527 904 2790 960 beneﬁcia
2812 904 2860 959 ei
2886 904 3155 973 impende,
3186 904 3533 960 sublimando
3557 920 3669 961 eam
3692 908 3737 960 in

2165 998 2469 1053 innocentia
2501 1006 2555 1053 et
2578 998 2886 1063 sanctitate,
2926 1005 2981 1052 et
3006 1012 3109 1052 non
3145 1005 3368 1067 propter
3415 998 3605 1052 merita
3632 1015 3735 1063 sua,

2164 1109 2283 1164 qua:
2305 1090 2450 1149 nulla
2479 1101 2605 1150 sunt
2635 1111 2649 1147 :
2678 1092 2774 1148 sed
2795 1095 2850 1147 in
2874 1092 3007 1147 bona
3034 1091 3303 1146 voluntate
3328 1100 3446 1157 tua,
3479 1092 3532 1145 id
3558 1100 3640 1146 est
3658 1108 3739 1161 prr

2164 1183 2452 1254 gratuitam
2479 1182 2815 1236 voluntatem
2849 1190 3021 1247 tuam,
3059 1196 3179 1250 quas
3212 1196 3279 1236 ex
3307 1181 3555 1237 bonitate
3597 1183 3738 1237 mise-

2164 1274 2413 1329 ricordiae
2444 1283 2547 1328 tute
2573 1274 2867 1343 procedet:
2897 1282 2951 1327 ut
2980 1274 3309 1341 aediﬁcentur
3333 1274 3401 1328 ab
3430 1273 3544 1343 ipsa
3571 1273 3740 1327 volun-

2168 1372 2275 1418 tate
2310 1371 2397 1417 tua
2432 1364 2570 1415 muri
2602 1362 2959 1425 Hierusalem,
2994 1365 3088 1431 qui
3123 1364 3385 1419 destructi
3438 1364 3655 1418 fuerunt
3692 1368 3735 1419 in

2165 1456 2359 1519 Adam,
2394 1456 2625 1509 virtutes
2660 1455 2914 1508 videlicet.
2943 1464 2999 1509 et
3051 1455 3386 1523 innocentia,
3434 1457 3631 1525 quibus
3681 1458 3738 1512 ad

2168 1548 2386 1602 modum
2418 1562 2699 1600 murorum
2723 1546 3060 1600 Hierusalem
3094 1546 3392 1601 munietur.
3425 1547 3607 1603 Muros
3629 1548 3738 1604 llic-

2170 1638 2404 1691 rusalcm
2430 1638 2558 1693 dicit
2584 1652 2682 1707 per
2706 1636 3138 1699 similitudinem,
3171 1639 3327 1705 quasi
3375 1636 3584 1692 diceret
3633 1639 3742 1694 Hie-

473 1730 669 1799 legalia
703 1730 811 1783 Deo
838 1730 973 1783 olfer
1002 1744 1099 1798 pro
1126 1728 1387 1797 peccatis,
1414 1736 1466 1783 et
1495 1728 1573 1783 sic
1600 1727 1940 1782 liberaberis.
1980 1727 2060 1781 Ad
2098 1710 2140 1771 Β
2171 1730 2401 1783 rusalem
2450 1746 2573 1800 quae
2604 1729 2897 1785 constituta
2930 1726 3034 1782 fuit
3079 1742 3147 1782 ex
3204 1727 3415 1797 angelis
3441 1740 3497 1782 et
3527 1729 3741 1783 homini-

476 1825 619 1893 quod
650 1822 1039 1878 excludendum
1074 1822 1153 1877 sic
1177 1821 1325 1875 addit
1358 1841 1370 1873 :
1404 1820 1635 1876 Necesse
1665 1830 1748 1876 est
1770 1828 1827 1873 nt
1853 1833 2063 1888 gemam

474 1926 533 1970 et
559 1929 707 1969 orem
740 1931 753 1967 :
781 1927 881 1968 nec
926 1913 1058 1968 utile
1088 1913 1302 1983 quidem
1337 1922 1418 1968 est
1448 1921 1508 1966 ut
1552 1911 1821 1966 sacriﬁcia
1878 1910 2066 1982 legalia

474 2008 737 2076 offeram,
791 2023 909 2078 quae
960 2023 1061 2079 ego
1101 2023 1208 2063 non
1262 2007 1505 2063 offeram.
1568 2007 1831 2074 Quoniam
1872 2008 1918 2062 si
1973 2024 2065 2062 vo-

477 2104 662 2159 luisses
719 2105 1072 2174 sacriﬁcium,
1136 2106 1181 2161 si
1238 2106 1625 2161 intellexisscm
1690 2114 1741 2161 te
1790 2106 1926 2161 velle
1980 2120 2067 2161 me

479 2196 676 2252 oﬁ‘crre
742 2197 912 2267 legale
971 2197 1332 2262 sacriﬁcium,
1379 2198 1636 2251 dedissem
1687 2198 1799 2266 jam
1855 2198 2065 2267 utique,

479 2289 532 2343 id
561 2296 645 2343 est
671 2298 851 2353 certe;
889 2299 945 2341 tu
986 2306 1090 2342 non
1130 2288 1465 2342 delectabcris
1514 2287 1853 2353 holocaustis,
1886 2288 1940 2341 id
1986 2297 2070 2343 est

478 2381 762 2436 sacriﬁciis
811 2381 1088 2452 legalibus.
1151 2378 1456 2437 Notandum
1508 2391 1714 2448 autem,
1750 2384 1914 2438 Deum
1967 2384 2068 2438 ho-

478 2470 738 2528 locaustis
764 2474 1162 2543 quodammodo
1193 2474 1517 2530 delectatum
1568 2475 1733 2531 fuisse
1778 2477 1831 2531 in
1886 2477 2065 2531 Veteri

479 2560 846 2618 Testamento.
872 2564 1122 2634 Alioquin
1157 2565 1303 2619 enim
1356 2565 1507 2619 irrite
1560 2566 1672 2621 ﬁeri
1706 2582 1801 2636 per
1849 2568 2067 2639 Moysen

478 2653 845 2721 praecepisset.
880 2653 1263 2708 Delectabatur
1292 2670 1423 2711 vero
1480 2656 1831 2724 holocaustis,
1892 2667 1949 2713 ut
1978 2675 2068 2713 sa-

477 2744 811 2800 criﬁciorum
841 2746 893 2800 in
947 2763 1085 2803 nova
1121 2747 1240 2819 lege
1288 2747 1592 2804 futurorum
1640 2750 1792 2820 signa
1838 2760 2066 2808 essent:

478 2843 536 2887 et
564 2837 704 2905 quod
737 2836 1093 2907 spiritualiter
1121 2837 1519 2894 intellectorum
1566 2840 1822 2895 debilium
1874 2842 2071 2897 intelli-

478 2924 658 2993 gentia
689 2940 884 2997 capere
914 2942 1020 2982 non
1048 2936 1283 2999 poterat,
1320 2944 1419 2999 per
1464 2930 1719 3003 legalium
1775 2934 2071 2989 sacriﬁcio-

479 3026 600 3067 rum
628 3013 915 3086 imaginem
957 3024 1235 3088 ulcunque
1282 3026 1519 3088 notaret,
1577 3036 1646 3077 ne
1675 3036 1707 3077 a
1732 3021 1839 3079 ﬁde
1885 3023 2073 3092 gratia:

478 3100 678 3161 futurae
717 3104 892 3162 aliena
923 3108 1138 3178 penitus
1189 3110 1473 3167 existeret.
1522 3111 1640 3168 Non
1698 3113 2074 3171 delectabatur

478 3201 663 3248 autem
694 3194 1045 3264 holocaustis,
1073 3208 1134 3252 ut
1155 3212 1256 3267 per
1282 3214 1345 3254 ea
1375 3210 1597 3272 peccata
1648 3204 2001 3272 condonaret,
2027 3206 2073 3263 si

477 3285 870 3344 sacriﬁciorum
895 3290 962 3345 ab
985 3289 1065 3345 eis
1080 3290 1503 3361 signiﬁcatorum
1520 3295 1653 3351 ﬁdes
1667 3296 1900 3354 abesset.
1923 3299 2075 3357 Ideo-

478 3390 585 3446 que
614 3378 745 3431 dicit
766 3395 870 3433 non
894 3380 1229 3435 delectaberis
1258 3382 1579 3438 holocaustis
1598 3425 1613 3450 ,
1664 3386 1743 3442 sic
1774 3388 1982 3444 scilicet
2016 3400 2076 3445 ut

476 3482 576 3536 per
629 3482 692 3522 ea
742 3480 965 3538 peccata
1009 3471 1306 3528 condones.
1364 3473 1671 3529 Notandum
1717 3492 1865 3542 sane,
1905 3480 2074 3536 Darid

479 3573 602 3611 cum
633 3559 732 3612 sub
756 3559 874 3629 lege
901 3560 1071 3615 veteri
1096 3570 1258 3627 esset,
1292 3563 1345 3616 in
1375 3580 1483 3634 qua
1514 3565 1828 3623 holocausta
1876 3573 2073 3640 prreci-

479 3646 772 3713 piebantur
800 3646 1006 3714 offerri,
1035 3664 1097 3704 ea
1126 3665 1231 3705 non
1260 3652 1541 3721 obtulisse,
1602 3665 1657 3710 et
1703 3656 1804 3713 hoc
1850 3674 1955 3713 non
2007 3676 2073 3715 cx

481 3736 830 3807 negligentia,
856 3739 951 3795 sed
977 3740 1044 3795 ad
1074 3740 1486 3800 instructionem
1519 3745 1755 3803 ﬁdelium
1803 3752 1902 3806 sub
1939 3751 2074 3806 Novi

483 3824 814 3896 Testamenti
842 3831 1018 3901 gratia
1048 3830 1355 3889 futurorum
1383 3835 1692 3895 dimisisse:
1725 3848 1785 3896 ut
1813 3858 1933 3898 eum
1959 3844 2072 3913 jam

486 3915 598 3971 ﬁde
632 3918 713 3971 vir
731 3918 864 3974 Novi
890 3920 1222 3978 Tcstamenti
1251 3934 1416 3993 esset,
1457 3926 1703 3985 ﬁdelibus
1730 3931 1783 3986 in
1808 3931 1940 3987 Novi
1973 3932 2076 3989 Te-

483 4008 740 4063 stamenti
770 4018 1011 4081 tempore
1052 4012 1250 4070 futuris
1284 4016 1553 4084 innueret,
1610 4022 1675 4076 ab
1728 4022 1836 4078 illis
1888 4023 2077 4093 hujus-

482 4099 629 4154 modi
652 4101 923 4157 sacriﬁcia
946 4117 1068 4159 esse
1092 4105 1398 4162 nullatenus
1420 4106 1723 4176 oﬁ‘erenda;
1766 4128 1887 4181 quae
1913 4115 2078 4170 advea

483 4189 762 4245 nientibus
789 4206 976 4247 eorum
1004 4194 1251 4264 signatis,
1284 4204 1445 4251 erant
1476 4199 1692 4267 penitus
1737 4204 2070 4258 evacuanda.

483 4279 618 4336 Post
652 4283 756 4338 hoc
779 4286 1069 4341 ostendere
1099 4286 1328 4342 intendit
1356 4327 1371 4354 ,
1437 4291 1579 4359 quod
1633 4293 1958 4349 sacriﬁcium
2007 4297 2074 4351 ad

482 4384 708 4442 peccata
737 4377 1061 4432 remittenda
1088 4378 1342 4435 idoneum
1367 4383 1587 4437 existat.
1615 4383 1705 4439 Sic
1743 4385 1878 4454 dixi,
1930 4390 2072 4458 quod

486 4465 805 4522 holocaustis
833 4486 934 4524 non
961 4471 1325 4538 delectaberis,
1355 4488 1387 4527 0
1411 4473 1573 4541 Deus,
1617 4477 1712 4531 sed
1752 4479 2076 4547 sacriﬁcium

486 4554 585 4608 tibi
621 4555 725 4609 Deo
752 4568 1031 4629 acceptum
1056 4575 1156 4631 pro
1190 4563 1426 4631 peccatis
1460 4572 1541 4618 est
1568 4565 1783 4633 spiritus
1812 4569 2079 4622 contriba-

488 4643 648 4711 latus,
681 4647 732 4701 id
763 4660 847 4703 eSt
880 4650 1061 4704 anima
1111 4651 1384 4708 doloribus
1432 4662 1485 4708 et
1516 4655 1802 4724 gemitibus
1859 4656 2075 4724 amicta,

493 4736 655 4809 174
686 4748 741 4792 et
776 4754 880 4794 non
908 4755 1100 4811 parum
1132 4744 1516 4812 contribulata,
1568 4761 1600 4801 ο
1630 4746 1790 4802 Deus.
1845 4746 1950 4803 Sed
1972 4765 2077 4802 non

488 4831 762 4899 despicies,
790 4832 843 4886 id
878 4842 961 4889 est
996 4837 1325 4905 acceptabile
1353 4838 1578 4894 habebis
1606 4857 1697 4893 cor
1725 4842 2004 4895 contritum
2027 4853 2074 4896 et

490 4920 847 4988 humiliatum,
895 4924 948 4979 id
974 4934 1058 4980 est
1112 4924 1347 4983 animam
1379 4930 1534 4984 valde
1566 4932 1875 4997 contritam,
1918 4941 1973 4988 et
2006 4949 2073 4989 ex

491 5021 604 5067 toto
630 5012 907 5079 afﬂictam,
941 5016 992 5069 in
1022 5018 1330 5073 omnimoda
1363 5021 1752 5077 satisfactione.
1780 5023 2075 5080 Providcns

491 5114 672 5160 autem
708 5106 975 5177 Propheta
1000 5108 1301 5180 hujusmodi
1339 5112 1665 5167 sacriﬁcium
1728 5115 1780 5169 in
1834 5115 2075 5170 Ecclesia

492 5198 783 5267 primitiva,
814 5211 867 5256 et
896 5202 949 5257 in
977 5201 1219 5259 Ecclesia
1250 5219 1313 5258 ex
1338 5200 1557 5272 Judaeis,
1590 5214 1642 5261 et
1669 5206 1918 5275 gentibus
1948 5221 2078 5263 con-

490 5291 789 5357 stituenda,
815 5294 1031 5363 penitus
1056 5309 1178 5351 esse
1223 5294 1485 5363 futurum,
1533 5311 1633 5367 pro
1663 5305 1893 5367 utraque
1936 5306 2076 5352 orat.

2105 4438 2154 4500 ο

2168 1818 2291 1885 bus,
2315 1828 2370 1873 et
2398 1829 2584 1888 postea
2616 1834 2713 1888 per
2732 1818 2903 1873 Adam
2935 1826 3199 1886 quantum
3244 1817 3311 1871 ad
3368 1816 3617 1873 homines
3658 1819 3741 1873 de-

2170 1920 2397 1976 structa,
2415 1920 2678 1981 quantum
2710 1911 2776 1964 ad
2809 1909 3030 1981 angelos
3047 1917 3227 1964 autem
3245 1922 3465 1978 semper
3485 1909 3740 1975 inviola'a,

2168 2003 2510 2069 restituetur,
2537 2003 2753 2074 quando
2782 2001 3033 2058 homines
3063 2001 3183 2072 ejus
3210 2002 3738 2078 restituentuLCives.

2168 2096 2213 2149 Α
2240 2095 2600 2150 similitudine
2630 2095 2889 2159 civitatis,
2915 2092 3068 2162 cujus
3098 2079 3236 2147 muri
3271 2093 3324 2147 in
3361 2102 3522 2162 parte
3551 2093 3739 2148 destru-

2169 2188 2240 2242 cti
2274 2188 2695 2243 reatdiﬁeantur.
2728 2186 2892 2252 Tunc,
2923 2184 2975 2239 id
2997 2193 3079 2239 est
3099 2194 3383 2254 postquam
3406 2184 3740 2239 azdiﬁcaveris

2173 2278 2301 2334 Sion
2336 2289 2389 2333 et
2418 2278 2787 2344 Hierusalem,
2842 2276 3157 2346 acceptabis,
3208 2275 3258 2329 id
3308 2283 3394 2329 est
3429 2274 3742 2344 acceptabilc

2170 2371 2430 2437 habebis,
2490 2370 2809 2438 sacriﬁcium
2854 2368 3083 2438 justitite
3145 2366 3513 2437 signiﬁcatum
3560 2366 3741 2421 scilicet

2171 2480 2277 2519 non
2309 2464 2642 2535 signiﬁcans,
2671 2463 2814 2532 quod
2848 2462 2943 2515 tibi
2974 2459 3232 2515 offeretur
3263 2474 3294 2513 a
3324 2458 3458 2515 Sion
3495 2467 3549 2515 et
3576 2458 3742 2513 Hieru—

2171 2555 2359 2610 salem.
2385 2553 2717 2623 Sacriﬁcium
2748 2552 2869 2607 dico
2901 2553 3142 2607 existens
3167 2566 3379 2617 revera,
3415 2568 3525 2607 non
3553 2549 3738 2621 signiﬁ-

2172 2649 2349 2704 cative
2379 2648 2667 2702 oblationes
2698 2657 2743 2700 et
2776 2644 3107 2709 holocausta,
3162 2643 3215 2697 id
3244 2652 3329 2698 est
3357 2646 3506 2713 quod
3558 2640 3738 2697 sacriﬁ-

2172 2739 2315 2795 cium
2338 2738 2697 2809 signiﬁcatum
2718 2752 2815 2807 per
2838 2736 3124 2789 oblationes
3146 2746 3193 2788 et
3220 2734 3530 2789 holocausta
3547 2734 3735 2805 legalis.

2173 2829 2383 2885 Revera
2413 2825 2697 2882 dicendum
2719 2832 2804 2878 est
2825 2821 3029 2876 oblatio
3057 2830 3115 2875 et
3143 2819 3545 2875 holocaustum.
3595 2817 3737 2873 Obla-

2174 2922 2349 2975 tiones
2369 2933 2498 2974 vero
2519 2926 2574 2973 et
2593 2916 2905 2972 holocausta
2930 2912 3143 2985 legalia,
3170 2912 3292 2968 ideo
3311 2912 3388 2968 sic
3404 2913 3737 2976 vocabantur,

2177 3018 2304 3085 quia
2326 3015 2442 3068 haec
2471 3011 2625 3083 signa
2647 3018 2807 3066 erant.
2836 3023 3093 3064 verarum
3133 3007 3501 3075 oblationum,
3529 3015 3583 3063 et
3614 3005 3740 3061 holo-

2177 3113 2489 3162 eaustorum
2520 3104 2846 3160 futurorum.
2876 3101 3112 3173 Exponit
3139 3110 3321 3156 autem
3355 3100 3530 3170 ipsum
3561 3098 3741 3166 sacriﬁc

2177 3199 2315 3252 cium
2332 3197 2582 3267 justitite,
2613 3196 2692 3251 sic
2726 3213 2741 3250 :
2768 3195 2899 3250 Dico
2927 3194 3069 3265 quod
3102 3192 3396 3262 acceptabis
3444 3192 3736 3261 sacriﬁcium

2168 3290 2420 3360 justitiaz,
2468 3288 2611 3359 quod
2638 3284 2898 3342 oﬂ'eretur
2951 3286 3107 3342 tibia
3137 3285 3267 3340 Sion
3318 3294 3373 3341 et
3402 3284 3736 3341 Hierusalem.

2178 3383 2243 3436 Et
2278 3396 2404 3435 vere
2437 3379 2755 3448 sacri/icium
2774 3378 3002 3448 justitia:
3038 3377 3132 3432 tibi
3158 3376 3412 3445 offerent,
3448 3377 3499 3432 id
3540 3386 3617 3431 est
3652 3374 3739 3428 tale

2178 3474 2530 3537 sacriﬁcium,
2555 3472 2696 3540 quod
2723 3471 2926 3540 justum
2961 3469 3033 3524 sit
3054 3484 3152 3538 pro
3184 3468 3521 3539 indulgentia
3573 3482 3740 3539 pecca-

2177 3574 2352 3621 torum
2380 3562 2583 3618 offerri.
2617 3561 2751 3615 Nam
2775 3572 2896 3615 tunc
2926 3561 3212 3630 imponent,
3258 3560 3311 3614 id
3342 3569 3429 3615 est
3456 3560 3671 3616 oll'erent
3692 3574 3740 3611 se

2177 3654 2387 3719 vitulos,
2415 3654 2465 3709 id
2494 3662 2573 3708 cst
2602 3667 2660 3707 se
2695 3650 2961 3708 sacriﬁcia
2986 3666 3123 3705 nova
3150 3666 3245 3720 per
3277 3652 3603 3722 baptismum
3636 3669 3647 3703 :
3680 3650 3739 3703 si-

2177 3755 2267 3802 cut
2292 3744 2441 3799 vituli
2466 3742 2691 3812 juvenes
2716 3751 2767 3797 et
2799 3741 2925 3796 novi
2978 3749 3104 3796 sunt
3134 3756 3149 3794 :
3178 3749 3233 3795 et
3259 3742 3363 3796 hoc
3389 3742 3589 3798 facient
3609 3755 3740 3807 super

2177 3835 2346 3889 altare
2372 3845 2540 3899 tuum,
2566 3832 2620 3886 id
2648 3840 2732 3888 est
2758 3845 2921 3900 super
2966 3829 3128 3887 ﬁdem
3163 3829 3392 3897 fundati,
3431 3849 3551 3903 quae
3596 3830 3739 3885 altare

2177 3926 2396 3991 dicitur,
2429 3939 2493 3979 eo
2518 3922 2661 3993 quod
2691 3937 2857 3992 super
2885 3935 3006 3977 eam
3035 3923 3216 3977 omnia
3243 3924 3517 3980 sacriﬁcia
3540 3924 3639 3980 Deo
3662 3937 3736 3977 ac-

2178 4015 2464 4087 ccptabilia
2490 4012 2815 4069 olferuntur.

2681 4100 2750 4155 IN
2786 4100 3118 4157 PSALMUM
3156 4101 3239 4158 Ll.

2250 4197 2459 4253 Titulus
2483 4196 2915 4269 quinquagesimi
2944 4197 3104 4266 primi
3135 4211 3149 4249 :
3178 4198 3241 4250 In
3266 4196 3425 4266 ﬁnem
3478 4198 3738 4253 intellectus

2182 4289 2372 4355 David,
2404 4306 2520 4343 cum
2548 4288 2765 4341 venisset
2791 4286 2966 4340 Doech
2992 4286 3287 4353 ldumwus,
3337 4300 3386 4342 et
3440 4291 3738 4344 annuntiarit

2182 4382 2334 4447 Saul,
2366 4392 2411 4436 et
2436 4382 2567 4434 dixit
2598 4381 2645 4433 ei
2677 4394 2696 4433 :
2742 4375 2885 4431 Venit
2926 4377 3097 4432 David
3126 4380 3180 4431 in
3209 4380 3420 4433 domum
3454 4380 3734 4435 Abfmelech.

2184 4476 2240 4529 lu
2274 4476 2374 4529 hoc
2406 4475 2561 4529 titulo
2604 4476 2670 4530 ad
2704 4476 2932 4546 ﬁguram
2978 4480 3368 4549 dcsignandam
3412 4479 3736 4537 introducitur

2186 4568 2433 4634 historia,
2465 4583 2585 4637 qua:
2608 4568 2731 4623 talis
2760 4579 2839 4624 est
2871 4586 2885 4624 :
2923 4572 3092 4626 David
3125 4571 3300 4626 Saulis
3333 4573 3735 4644 persecutionem

2185 4657 2393 4729 fugiens
2422 4659 2653 4727 quadam
2681 4660 2768 4715 die
2800 4661 2851 4714 in
2884 4660 3194 4717 Abimelech
3220 4666 3519 4719 sacerdotis
3546 4664 3732 4718 domum

2183 4751 2351 4814 venit,
2376 4749 2556 4818 ibique
2582 4764 2752 4821 panes
2795 4752 3225 4820 propositionum
3271 4756 3509 4808 comedit
3552 4753 3598 4826 (I
3627 4751 3732 4820 Reg.

2185 4844 2323 4907 xxr).
2360 4839 2556 4895 Videns
2578 4850 2758 4895 autem
2793 4842 2894 4897 hoc
2923 4843 3142 4912 quidam
3168 4842 3347 4898 Doech
3372 4845 3641 4905 Iduimeus,
3656 4838 3732 4909 qui

2181 4941 2363 4986 custos
2387 4940 2506 4986 erat
2533 4930 2801 4985 mulorum
2845 4931 3044 5000 Saulis,
3072 4932 3248 4987 eidem
3299 4932 3448 4989 Sauli
3502 4929 3735 4988 nuntiavit

2182 5025 2368 5080 dicens
2402 5040 2416 5077 :
2457 5022 2600 5077 Venit
2628 5024 2799 5077 David
2828 5024 2881 5078 in
2903 5024 3114 5078 domum
3162 5026 3476 5080 Abimelech.
3508 5025 3599 5091 Qui
3627 5019 3731 5075 Saul

2183 5121 2237 5175 in
2264 5118 2579 5173 Abimelech
2604 5117 2684 5170 ira
2710 5127 3032 5181 commotus,
3065 5119 3192 5187 quia
3222 5118 3474 5175 videlicet
3520 5119 3665 5173 David
3689 5118 3730 5170 in

2183 5214 2400 5267 domum
2432 5225 2584 5265 suam
2632 5216 2969 5280 susceperat,
3025 5225 3147 5263 eum
3195 5226 3319 5265 cum
3374 5211 3517 5267 omni
3559 5209 3729 5264 familia

2183 5302 2434 5375 peremit.
2483 5300 2683 5371 Figura
2711 5301 2929 5367 quidem
2988 5298 3148 5368 hujus
3183 5301 3426 5357 historia)
3468 5303 3581 5356 talis
3623 5304 3728 5353 est:

2183 5409 2280 5464 per
2310 5392 2486 5447 Doech
2517 5391 2833 5456 ldumzcum,
2860 5390 2952 5460 qui
2980 5400 3150 5444 motus
3193 5402 3429 5447 terrenus
3475 5393 3548 5446 re!
3587 5400 3729 5444 motus

2184 5487 2501 5555 sanguineus
2527 5484 2937 5554 interpretatur,
2963 5483 3333 5540 Antichristus
3362 5486 3611 5557 signatur,
3652 5476 3729 5547 qui

2183 5578 2320 5633 bene
2351 5587 2525 5631 motus
2558 5585 2807 5630 terrenus
2833 5577 2913 5630 vel
2946 5577 3275 5647 sanguineus
3321 5594 3419 5648 per
3466 5572 3725 5644 emphasim

2184 5670 2401 5737 dicitur,
2442 5685 2504 5727 co
2546 5669 2690 5739 quod
2740 5684 2954 5727 omnem
3009 5679 3207 5723 terram
3238 5685 3268 5723 a
3294 5670 3389 5726 Dei
3421 5669 3551 5726 cultu
3578 5666 3633 5719 ad
3658 5660 3722 5715 sui

493 5380 619 5438 Sic:
649 5384 761 5437 Dixi
793 5388 934 5455 quod
957 5390 1284 5445 sacriﬁcium
1317 5390 1650 5458 acceptabile
1681 5392 1789 5446 Deo
1831 5401 1934 5457 est,
1975 5393 2080 5463 spi-

497 5479 628 5530 ritus
654 5478 1057 5547 contribulatus,
1088 5481 1228 5551 quod
1257 5479 1582 5535 sacriﬁcium
1616 5482 1729 5537 scio
1765 5492 1818 5538 ct
1841 5484 1894 5537 in
1926 5482 2078 5553 Sion,

496 5571 549 5626 id
578 5579 661 5626 est
694 5570 745 5624 in
776 5571 1017 5628 Ecclesia
1045 5576 1317 5645 primitiva
1343 5575 1606 5643 futurum,
1649 5592 1789 5646 quas,
1850 5579 2081 5633 terrenis

501 5661 789 5731 neglectis,
824 5665 1064 5719 coelestia
1095 5666 1549 5722 contemplabitur
1582 5686 1593 5722 :
1625 5676 1679 5724 et
1724 5669 1775 5723 in
1822 5667 2080 5725 Hierusa-
