3846 6334
164 372 242 430 850

1037 347 1401 407 EXPOSITIO
1429 346 1497 402 IN
1528 340 1870 404 PSALMOS.
1907 370 1978 380 —-
2014 337 2207 395 PSAL.
2248 336 2332 391 Ll.

3264 337 3368 393 870

164 490 325 549 cultum
347 491 553 537 movere
575 472 813 529 intendet
837 483 936 540 per
964 466 1363 521 tribulationem
1395 504 1410 527 ,
1460 475 1515 517 et
1557 476 1685 515 san-
1719 464 1761 521 Α
1793 455 1896 509 ﬁne
1927 452 2110 507 mundi
2143 451 2381 505 futurum
2401 490 2415 513 ,
2445 458 2499 504 et
2522 449 2707 505 ﬁdeles
2730 460 3136 520 persecuturum
3166 494 3179 505 .
3211 465 3375 521 quem

166 581 305 656 guinis
321 574 413 631 sibi
433 569 647 625 credere
671 563 967 620 nolentium
991 560 1327 615 effusionem.
1353 556 1459 610 Per
1484 556 1694 609 Abimc—

167 644 258 731 lech
284 675 467 727 autem,
498 659 585 728 qui
616 670 828 725 regnum
854 651 1019 722 patris
1044 652 1144 703 mei
1192 655 1376 710 sonat,
1442 644 1695 699 collectio

168 767 367 835 signatur
390 752 619 808 ﬁdelium
651 751 703 803 in
737 756 978 815 tempore
1008 743 1329 799 Antichristi
1364 741 1692 835 futurorum,

166 829 237 926 ῳῘὶ
258 847 424 909 David,
458 843 509 897 id
531 848 612 895 est
631 837 907 893 Christum
930 834 982 888 in
1005 833 1221 886 domum
1240 846 1392 886 suam
1410 829 1697 898 recipient,

170 920 297 1000 idest
318 940 441 992 inse
482 932 571 1002 qui
614 929 805 984 domus
848 924 963 993 ejus
1020 931 1199 985 erunt,
1237 936 1344 975 non
1372 920 1701 990 abnegantes

169 1048 263 1091 eum
301 1029 478 1083 timore
500 1034 692 1092 ptente.
738 1015 894 1086 175
946 1013 1092 1081 Quos
1124 1026 1248 1067 cum
1296 1009 1492 1064 viderit
1549 1006 1701 1062 Anti-

170 1121 365 1179 christus
384 1111 651 1181 recepisse
682 1108 875 1171 David,
925 1119 1028 1160 nec
1067 1101 1207 1158 velle
1237 1100 1535 1165 dimittere,
1574 1097 1705 1155 dicit

171 1213 286 1271 Sauli
313 1218 365 1264 ut
390 1208 532 1278 ipsos
571 1201 882 1265 interﬁciat,
922 1200 976 1254 id
1005 1206 1090 1253 est
1113 1196 1416 1268 praecipiet,
1441 1209 1546 1248 non
1574 1206 1705 1246 voce

170 1308 242 1375 sed
266 1302 553 1365 affectione,
582 1295 767 1359 morti,
786 1305 846 1349 ut
868 1290 1159 1348 interﬁciat
1181 1287 1519 1349 Abimelech,
1545 1286 1597 1340 id
1622 1294 1707 1340 est

173 1398 285 1453 illam
304 1392 663 1451 collectionem
694 1387 954 1451 fidelium,
997 1398 1118 1454 quze
1165 1380 1336 1437 David
1390 1379 1704 1449 receperit,

172 1489 287 1560 quod
312 1496 388 1542 est
414 1485 595 1540 dicere
625 1499 638 1536 :
669 1478 965 1535 Interflciet
989 1491 1182 1531 omnes
1227 1474 1347 1528 illos
1401 1471 1495 1542 qui
1548 1480 1709 1526 erunt

173 1577 463 1639 Ahimelech,
495 1574 550 1628 id
576 1580 666 1628 est
691 1584 917 1640 regnum
947 1568 1119 1639 patris
1149 1566 1320 1635 ipsius
1343 1562 1534 1628 David,
1560 1562 1708 1618 scili—

175 1678 241 1724 cet
258 1669 302 1722 in
326 1666 512 1736 quibus
541 1660 796 1730 regnabit
824 1659 967 1713 Deus
995 1657 1160 1712 Pater
1187 1655 1409 1710 Christi.
1440 1653 1543 1708 Per
1572 1650 1710 1707 Sau-

175 1759 255 1813 lem
279 1772 415 1821 vero,
442 1754 531 1823 qui
568 1752 966 1821 interpretatur
992 1747 1259 1817 appetitio,
1283 1746 1423 1800 bene
1441 1759 1587 1799 mors
1616 1742 1707 1797 de-

177 1851 393 1919 signatur,
425 1860 543 1916 qua:
591 1842 906 1913 frequenter
945 1840 1012 1895 ab
1061 1837 1367 1894 inﬁdelibus
1418 1852 1516 1907 per
1570 1835 1710 1891 mala

177 1954 306 2010 opera
330 1936 614 2007 appetitur.
702 1932 705 1937 ’

230 2032 342 2088 Cum
391 2038 570 2084 autem
605 2043 711 2083 non
767 2026 831 2081 de
858 2022 1120 2089 historia,
1160 2022 1253 2077 sed
1297 2020 1364 2076 de
1410 2020 1714 2091 signiﬁcato

177 2124 375 2181 historia:
395 2121 663 2192 Propheta
688 2119 760 2174 sit
785 2118 838 2172 in
866 2117 969 2171 hoc
999 2115 1208 2186 psalmo
1239 2118 1494 2168 acturus!
1531 2112 1716 2167 titulus

179 2228 321 2273 tamen
361 2216 511 2287 juxta
567 2211 807 2268 historiae
860 2208 1300 2270 similitudinem,
1364 2220 1473 2260 non
1532 2213 1592 2259 ut
1651 2206 1716 2259 de

179 2310 350 2374 futuro,
394 2308 485 2364 sed
530 2304 687 2376 quasi
743 2303 811 2357 de
852 2300 1128 2371 prteterito
1172 2298 1422 2369 ponitur,
1475 2312 1599 2353 cum
1653 2300 1718 2353 de

180 2403 324 2458 futuro
369 2399 736 2470 intelligatur;
787 2395 878 2466 qui
913 2393 994 2449 sic
1038 2390 1371 2461 exponitur:
1417 2388 1718 2444 Intellectus

178 2497 307 2566 hujus
330 2493 553 2565 psalmi,
612 2492 664 2547 id
702 2498 786 2546 est
837 2486 1144 2544 intellectus
1179 2483 1272 2555 qui
1317 2483 1618 2553 concipitur
1665 2484 1718 2539 in

180 2589 259 2643 hoc
301 2594 523 2642 tractatu
543 2625 558 2647 ,
595 2581 970 2638 attribuendus
998 2586 1081 2634 est
1102 2577 1272 2631 David
1296 2576 1574 2646 prophetae
1594 2618 1608 2641 ,
1636 2591 1722 2630 re-

180 2679 388 2748 spicienti
439 2677 490 2731 in
539 2676 700 2745 ﬁnem
729 2673 951 2728 mundi:
985 2671 1203 2727 habitus
1250 2669 1353 2725 iste
1396 2668 1721 2734 intellectus,

180 2788 272 2825 cum
302 2770 503 2825 venisset
543 2767 724 2821 Doech
761 2765 1057 2830 Idumaeas,
1107 2763 1161 2818 id
1207 2770 1290 2818 est
1322 2777 1445 2817 cum
1475 2760 1727 2816 conside-

181 2874 319 2919 rasset
344 2863 478 2933 quod
505 2860 691 2916 veniet
713 2857 1113 2919 Antichristus,
1166 2856 1218 2910 id
1259 2861 1342 2908 est
1371 2852 1649 2921 regnabit,
1677 2863 1722 2904 et

182 2955 465 3009 annuntiavit
489 2951 658 3018 Saul,
690 2958 746 3006 et
767 2950 900 3006 dixit
925 2949 973 3005 ei
1007 2967 1020 3002 :
1051 2946 1201 3002 Venit
1235 2945 1403 2999 David
1428 2945 1481 2997 in
1514 2944 1724 2997 domum

184 3048 451 3102 Abimelech.
481 3046 602 3101 Non
625 3046 757 3101 dicit
785 3043 1127 3099 annuntiavit
1166 3049 1221 3096 et
1260 3038 1399 3094 dixit
1442 3038 1586 3107 quod
1629 3035 1728 3090 ali-

183 3140 284 3210 quid
301 3140 500 3196 sitcum
526 3144 704 3192 morte
727 3135 1043 3191 locuturus:
1073 3148 1196 3189 cum
1218 3131 1331 3204 ipsa
1356 3144 1502 3187 mors
1526 3136 1622 3183 aut
1640 3142 1728 3183 res

184 3229 461 3299 incorporea
488 3229 566 3285 sit
587 3234 683 3282 aut
712 3226 893 3297 potius
915 3224 1082 3291 nihil;
1113 3224 1207 3280 sed
1228 3223 1293 3278 ad
1316 3220 1727 3280 similitudinem

184 3320 390 3378 historiae
411 3321 578 3387 dicit;
621 3319 697 3375 ita
730 3316 1015 3374 suscitahit
1040 3324 1269 3371 mortem
1301 3314 1563 3369 adversus
1592 3311 1728 3367 tide-

184 3411 268 3478 les;
292 3414 408 3485 quia
436 3411 743 3483 suscipient
775 3408 976 3475 David,
1026 3406 1082 3463 id
1121 3416 1207 3463 est
1259 3404 1537 3461 Christum
1585 3402 1639 3459 in
1672 3417 1730 3459 se

187 3505 368 3559 domum
395 3503 510 3574 ejus
536 3503 839 3559 existentes
866 3540 882 3567 ,
915 3499 1057 3556 sicut
1088 3497 1264 3553 Doech
1289 3495 1553 3551 ldumaeus
1579 3509 1731 3550 com-

185 3598 325 3651 movit
348 3596 561 3653 Saulem
604 3595 863 3650 adversus
888 3590 1232 3655 Ahimelech,
1259 3597 1319 3642 ut
1354 3602 1475 3642 eum
1526 3586 1733 3642 interﬁ-

187 3695 334 3749 ceret,
363 3702 481 3741 cum
507 3685 746 3740 venisset
774 3683 841 3737 ad
868 3682 1040 3753 ipsum
1069 3680 1200 3736 Saul
1224 3722 1239 3746 ,
1268 3689 1322 3734 et
1354 3680 1730 3744 annuntiavit,

188 3786 231 3831 et
252 3779 372 3832 dixit
403 3780 450 3833 ei
502 3777 635 3846 quia
664 3775 814 3830 venit
848 3774 1017 3830 David
1051 3773 1105 3827 in
1136 3773 1353 3828 domum
1385 3770 1696 3827 Abimelech
1717 3811 1731 3836 ,

190 3880 232 3923 ct
264 3880 495 3940 receptus
543 3877 628 3924 est
682 3869 749 3923 ab
801 3883 888 3923 eo.
952 3866 1084 3921 Dico
1124 3865 1468 3919 annuntiavit
1502 3862 1634 3919 Saul
1681 3870 1737 3917 et

188 3958 298 4014 dixit
343 3963 388 4016 ei
415 4002 430 4026 ,
485 3959 542 4015 id
581 3967 665 4013 est
718 3970 903 4013 secum
957 3956 1010 4011 in
1037 3955 1366 4025 cogitatione
1404 3968 1499 4009 sua
1528 3967 1737 4007 annun-

193 4052 321 4105 tiabit
343 4062 393 4107 et
419 4053 566 4108 dicet
599 4050 756 4105 morti
780 4059 839 4104 ut
866 4048 1156 4105 interﬁciat
1186 4047 1407 4110 ﬁdeles,
1447 4045 1567 4101 ideo
1593 4043 1738 4114 quod

190 4142 356 4212 David,
392 4146 440 4201 id
464 4155 552 4201 est
581 4144 831 4199 Christus
853 4143 1033 4198 veniet
1056 4143 1108 4197 in
1132 4142 1349 4197 domum
1380 4139 1694 4195 Ahimelech
1722 4180 1737 4207 ,

193 4234 233 4289 id
257 4246 329 4292 est
350 4238 641 4308 recipietur
665 4236 735 4291 ab
754 4234 1093 4298 Abimelech,
1125 4235 1215 4303 qui
1246 4236 1351 4289 erit
1380 4235 1572 4288 domus
1600 4232 1738 4303 ejus,

192 4324 235 4379 id
272 4337 347 4382 est
386 4344 413 4381 a
439 4327 759 4383 collectione
796 4325 1071 4391 ﬁdelium,
1106 4325 1191 4380 vel
1234 4324 1343 4389 sic,
1392 4324 1573 4379 Doech
1616 4324 1738 4379 ldu-

195 4431 362 4485 mtcus,
392 4419 443 4473 id
472 4426 559 4473 est
580 4417 945 4472 Antichristus
971 4416 1179 4480 veniet,
1214 4416 1266 4471 id
1296 4424 1379 4471 est
1414 4415 1663 4486 regnabit
1689 4424 1743 4470 et

195 4511 499 4565 annuntiabit
527 4508 709 4574 Sauli,
759 4508 811 4562 id
854 4517 937 4562 est
988 4508 1426 4563 interfectoribus
1474 4507 1741 4562 ministris

197 4598 287 4651 suis
310 4616 322 4652 :
346 4609 397 4654 et
416 4600 621 4654 scilicet
642 4598 773 4653 dicit
798 4598 877 4654 eis
900 4616 914 4653 :
940 4596 1090 4652 Venit
1116 4598 1285 4652 David
1313 4599 1366 4652 in
1390 4598 1601 4651 domum
1619 4597 1743 4650 Abi-

196 4686 382 4755 meleclt,
406 4689 457 4744 id
484 4699 567 4744 est
596 4697 843 4759 receptus
868 4697 952 4743 est
981 4687 1231 4744 Christus
1257 4704 1285 4742 a
1312 4688 1557 4743 ﬁdelibus
1596 4688 1707 4742 suis
1726 4728 1741 4753 ,

199 4776 273 4842 qui
296 4779 479 4834 domus
520 4778 635 4847 ejus
660 4778 784 4833 facti
810 4786 956 4833 sunt.
991 4778 1221 4847 ldcoque
1271 4779 1559 4835 interﬁcite
1598 4779 1743 4849 ipsos

201 4862 376 4924 ﬁdeles.
400 4870 542 4924 Bene
555 4871 773 4941 quidem
786 4871 1018 4926 ministri
1037 4871 1204 4941 ipsius
1219 4872 1468 4925 dicuntur
1487 4872 1638 4938 Saul,
1662 4873 1744 4927 vel

198 4955 323 5023 juxta
344 4963 766 5029 similitudinem,
784 4964 868 5018 vel
890 4964 1044 5035 juxta
1070 4966 1240 5035 ipsius
1257 4964 1403 5019 vocis
1422 4966 1743 5033 interpreta-

204 5049 394 5105 tionem.
407 5051 565 5107 Juxta
580 5054 986 5108 similitudinem
1002 5055 1219 5124 quidem
1233 5069 1297 5109 eo
1310 5054 1452 5124 quod
1468 5054 1609 5108 sicut
1623 5053 1753 5108 Saul

202 5140 480 5199 Ahimelcch
501 5146 838 5201 innocentem
852 5147 1142 5214 interfecit,
1160 5148 1284 5217 quia
1302 5146 1468 5201 David
1481 5148 1754 5202 Christum

208 5231 541 5303 Dominijuste
554 5248 848 5307 receperat;
865 5240 1005 5296 sicet
1019 5240 1117 5311 ipsi
1137 5239 1369 5295 ministri
1383 5240 1434 5294 in
1452 5239 1560 5294 ﬁne
1573 5239 1751 5294 mundi

208 5326 1045 5396 ﬁdelesinnocentesinterﬁcient,
1071 5348 1136 5388 eo
1161 5333 1304 5402 quod
1313 5330 1459 5399 juste
1475 5332 1749 5387 Christum

208 5412 390 5475 Domini
411 5419 793 5487 PatrisJesum,
816 5423 987 5477 inﬁde
1005 5424 1284 5492 recipient.
1299 5424 1610 5480 Secundum
1624 5441 1752 5482 vero

207 5508 856 5582 vocisiuterpretationem,
873 5514 1000 5584 quia
1017 5514 1640 5586 Saulappetitusdicitur,
1655 5519 1754 5588 ipsi

210 5610 319 5653 vero
346 5605 571 5659 ministri
604 5607 670 5661 ah
697 5605 1037 5663 Antichristo
1069 5608 1320 5663 omnibus
1371 5610 1545 5665 modis
1597 5624 1754 5680 appe-

211 5694 390 5754 tentur,
443 5694 507 5748 ad
554 5694 788 5750 ﬁdelium
827 5696 1143 5766 perniciem.
1190 5698 1283 5753 Est
1323 5709 1506 5756 autem
1557 5702 1608 5755 in
1654 5702 1753 5756 hoc

211 5781 391 5847 psalmo
423 5799 522 5842 vox
550 5787 830 5859 Propheta:
886 5790 1235 5861 intelligentis
1278 5794 1667 5851 Antichristum
1699 5798 1752 5851 in

1796 542 1862 599 de
1893 543 2095 597 malitia
2129 556 2226 595 sua
2256 541 2527 611 increpat,
2569 542 2856 594 ostendens
2882 542 3025 609 quod
3065 542 3251 596 eadem
3281 541 3382 611 ipsi
3472 602 3479 611 η

1797 636 1903 690 erit
1940 648 2105 689 causa
2128 630 2876 695 omnimodmdestructionis,
2920 640 2981 685 ut
3018 632 3162 700 ipsos
3198 631 3382 686 fideles

1800 726 1855 780 in
1882 736 2120 794 tempore
2146 721 2260 790 ejus
2299 721 2538 785 futuros,
2570 735 2705 788 quos
2744 720 2857 788 ipse
2883 728 3237 789 persequetur
3262 736 3382 775 cor-

1799 818 2021 872 roboret
2050 815 2101 868 in
2130 814 2472 876 constantia,
2506 818 2562 865 et
2584 825 2679 865 eos
2718 809 2785 865 ab
2813 809 2955 864 illius
3001 810 3385 865 conformitate

1802 905 2064 961 retrahat.
2098 902 2243 969 Quos
2284 902 2450 957 etiam
2484 900 2692 965 fideles,
2720 901 2785 953 ad
2815 899 3051 967 ipsorum
3084 899 3335 954 Stllﬂliﬂm
3369 940 3386 965 ,

1800 993 2044 1066 praedicit
2070 1008 2196 1062 erga
2232 991 2396 1045 Deum
2424 990 2673 1045 timorem
2703 988 3017 1055 habituros,
3042 996 3097 1042 et
3130 1004 3253 1043 cum
3281 990 3391 1043 lau-

1805 1087 2060 1149 daturos,
2092 1081 2436 1152 przevidendo
2459 1088 2687 1135 mortem
2724 1078 2893 1149 ipsius
2922 1079 3275 1143 Antichristi,
3300 1095 3389 1145 ne,

1805 1173 1851 1229 si
1889 1171 2187 1228 defecerint
2215 1186 2243 1223 a
2272 1170 2467 1224 timore
2495 1177 2552 1225 et
2581 1168 2736 1224 laude
2767 1167 2892 1234 Dei,
2927 1168 3006 1222 sic
3028 1177 3083 1222 et
3119 1168 3221 1238 ipsi
3250 1170 3394 1224 sicut

1805 1264 2173 1320 Antichristus
2228 1270 2480 1332 pereant,
2541 1266 2598 1315 et
2652 1260 2705 1314 in
2747 1258 2940 1329 judicii
2988 1260 3075 1314 die
3127 1260 3398 1331 promittit

1808 1357 1941 1427 ipsis
1961 1355 2227 1421 ﬁdelibus,
2258 1354 2323 1406 ad
2350 1367 2538 1406 eorum
2566 1350 2995 1407 consolationem
3046 1352 3189 1405 quod
3220 1352 3394 1421 ipsum

1810 1446 2201 1501 Antichrislum
2229 1443 2569 1498 deridebunt.

1883 1538 2022 1604 Quid
2049 1536 2295 1606 g'oriaris
2327 1534 2380 1587 in
2410 1534 2650 1598 malitia,
2698 1534 2748 1588 id
2790 1541 2903 1597 est,
2958 1540 3182 1602 propter
3230 1547 3392 1600 quam

1811 1630 2099 1686 utilitatem
2128 1626 2374 1696 gloriaris
2396 1664 2411 1691 ,
2444 1625 2495 1678 id
2526 1634 2641 1689 est,
2665 1625 2864 1679 laetaris
2890 1626 2943 1676 in
2976 1624 3179 1677 malitia
3206 1624 3401 1678 verbo-

1813 1738 1965 1785 rum,
1995 1728 2048 1776 et
2079 1720 2465 1789 cogitationum
2494 1728 2547 1774 et
2577 1729 2827 1782 actuum,
2860 1728 3050 1773 contra
3087 1719 3270 1772 fideles
3298 1758 3312 1783 ,
3344 1728 3401 1771 tu

1744 1824 1786 1877 Β
1812 1812 2174 1872 Antichristc,
2225 1812 2315 1880 qui
2343 1823 2524 1881 potens
2555 1829 2608 1865 es
2637 1813 2690 1865 in
2722 1812 3027 1881 iniquitate,
3078 1810 3127 1864 id
3160 1819 3271 1873 est,
3313 1809 3400 1862 cui

1815 1903 2154 1973 permittitur
2183 1918 2211 1956 a
2248 1903 2357 1957 Deo
2385 1912 2626 1972 potestas
2668 1903 2965 1973 iniquitatis
3010 1902 3321 1956 exercenda:
3352 1901 3404 1954 in

1814 1994 1960 2064 ipsos
2011 1993 2229 2057 ﬁdeles,
2287 2001 2510 2063 propter
2561 1992 2764 2046 nullam
2817 1992 3102 2046 utilitatem
3159 1991 3408 2046 scilicet?

1816 2085 1983 2152 Quasi
2007 2084 2211 2139 diceret
2240 2104 2252 2138 :
2291 2084 2365 2138 ita
2394 2084 2643 2154 gloriaris
2682 2085 2735 2138 in
2766 2084 2968 2137 malitia
2992 2120 3027 2147 ,.
3054 2084 3204 2152 quasi
3262 2090 3409 2137 esset

1817 2191 1903 2231 res
1927 2177 2185 2241 honesta,
2218 2176 2303 2229 vel
2337 2176 2491 2244 quasi
2547 2174 2800 2244 qumlibet
2845 2174 3051 2229 utilitas
3088 2174 3214 2228 inde
3263 2182 3411 2228 esset

1824 2276 2079 2322 secutura
2103 2308 2117 2332 ,
2148 2265 2241 2321 sed
2274 2280 2447 2335 neque
2472 2266 2673 2320 malitia
2710 2280 2798 2320 res
2832 2268 3052 2319 honesta
3078 2273 3191 2331 est,
3235 2278 3413 2333 neque

1824 2356 1948 2410 inde
1970 2355 2245 2425 continget
2266 2354 2491 2420 utilitas,
2523 2356 2617 2409 sed
2640 2353 2932 2409 damnatio.
2967 2353 3200 2423 Exponit
3226 2362 3410 2407 autem

1822 2447 1994 2516 ipsam
2041 2445 2303 2501 malitiam
2350 2460 2447 2515 per
2496 2454 2709 2515 partes,
2762 2453 2823 2498 ut
2878 2452 3136 2514 appareat
3168 2458 3288 2499 esse
3327 2458 3415 2498 res

1823 2538 2129 2593 inhonesta.
2163 2537 2320 2592 Dixi:
2363 2536 2501 2602 Quid
2534 2537 2778 2607 gloriaris
2819 2537 2871 2590 in
2922 2536 3157 2603 malitia,
3195 2545 3251 2590 et
3289 2549 3416 2589 vere

1822 2629 2070 2699 gloriaris
2100 2630 2152 2683 in
2176 2645 2258 2686 ea.
2292 2628 2425 2683 Nam
2456 2638 2563 2682 tota
2593 2630 2696 2693 die,
2730 2629 2781 2683 id
2805 2636 2920 2694 est,
2961 2626 3166 2698 jugiter
3190 2669 3205 2694 ,
3236 2626 3418 2696 lingua

1821 2730 1913 2773 tua
1938 2720 2192 2783 interior,
2238 2719 2289 2773 id
2334 2728 2450 2783 est,
2517 2718 2795 2773 meditatio
2827 2719 3005 2773 cordis
3032 2716 3105 2771 tui
3154 2715 3416 2785 cogitauit,

1822 2812 2168 2880 injustitiam,
2203 2810 2253 2863 id
2283 2819 2400 2874 est,
2452 2810 2680 2879 injustas
2716 2809 3099 2879 cogitationes,
3151 2808 3419 2876 quomodo

1828 2903 2038 2958 scilicet
2064 2902 2250 2957 ﬁdeles
2278 2917 2306 2955 a
2330 2901 2444 2971 lege
2473 2901 2563 2954 Dci
2592 2914 2897 2956 revocares.
2938 2900 3204 2967 Quoniam
3237 2907 3417 2952 autem

1825 2992 2008 3047 cordis
2034 2992 2212 3060 loqui,
2238 2990 2374 3044 nihil
2402 2989 2547 3044 aliud
2582 2999 2664 3045 est
2709 3005 2872 3060 quam
2918 2988 3204 3052 meditari,
3246 2987 3418 3041 medi-

1828 3083 1958 3140 tatio
1989 3097 2087 3153 pro
2109 3082 2289 3154 lingua
2317 3080 2544 3147 dicitur,
2591 3090 2648 3135 et
2681 3079 2842 3151 176
2885 3093 2991 3133 non
3039 3076 3215 3132 solum
3268 3076 3420 3146 cogia

1758 3196 1803 3255 ρ
1835 3173 1955 3229 tasti
1976 3213 1993 3241 ,
2016 3172 2110 3229 sed
2132 3171 2293 3226 etiam
2330 3171 2502 3241 fecisti
2544 3171 2755 3237 dolum,
2809 3171 2862 3227 id
2889 3178 2972 3226 est
3005 3168 3190 3225 dolosa
3222 3167 3419 3234 verba,

1832 3266 2023 3322 dicens
2049 3273 2102 3319 te
2136 3264 2306 3319 Deum
2340 3277 2491 3329 esse,
2525 3277 2647 3318 cum
2678 3262 3016 3317 solummodo
3034 3270 3085 3315 te
3104 3274 3225 3315 esse
3240 3258 3424 3313 homi-

1840 3371 1966 3411 nem
2000 3353 2348 3424 intelligeres.
2392 3352 2471 3407 Tu
2527 3352 2650 3407 dico
2696 3351 2938 3408 existens
2980 3352 3116 3406 sicut
3169 3347 3424 3405 novacula

1833 3456 2018 3514 acuta,
2051 3447 2103 3502 id
2130 3455 2211 3502 est
2236 3445 2619 3516 comparabilis
2652 3444 2926 3501 novacula:
2957 3453 3162 3509 acutaz,
3215 3443 3293 3498 sic
3319 3442 3423 3497 sci-

1834 3539 1960 3594 licet
1987 3546 2269 3608 promptus
2300 3538 2364 3592 ad
2390 3536 2649 3591 malitiam
2679 3537 3073 3608 peragendam,
3107 3536 3239 3588 sicut
3266 3550 3427 3586 nova-

1836 3631 1954 3683 cula
1997 3640 2153 3682 acuta
2185 3630 2251 3683 ad
2283 3626 2515 3683 ofﬁcium
2541 3644 2695 3683 suum
2728 3627 3151 3697 exsequendum.
3186 3623 3283 3678 Vel
3309 3624 3423 3677 sic:

1836 3718 2216 3787 comparabilis
2243 3718 2548 3781 novaculae,
2605 3719 2773 3773 utsic
2812 3718 2913 3771 Sub
2974 3716 3152 3785 Specie
3203 3714 3429 3768 rectituq

1837 3813 1980 3867 dinis
2009 3812 2273 3882 quosdam
2300 3811 2529 3865 latenter
2562 3810 2613 3862 in
2648 3809 2750 3863 ﬁde
2775 3822 3091 3876 corrumpas
3131 3814 3185 3859 et
3223 3804 3385 3858 laedas
3411 3843 3426 3868 ,

1839 3904 1979 3958 sicut
2005 3904 2291 3973 aliquando
2325 3902 2586 3957 novacula
2607 3942 2619 3964 ,
2658 3915 2780 3954 cum
2810 3899 2947 3969 pilos
2984 3898 3173 3952 radere
3201 3896 3385 3951 debeat
3412 3934 3429 3961 ,

1841 4006 2019 4050 cutem
2054 3996 2321 4050 vulnerat.
2361 3994 2455 4050 Vel
2486 3994 2564 4049 sic
2596 4011 2610 4047 :
2645 3993 2836 4047 similis
2862 3990 3159 4054 novacula,
3185 3997 3266 4054 ut,
3294 3988 3436 4042 sicut

1844 4087 2101 4142 novacula
2133 4086 2401 4158 superflua
2430 4085 2660 4156 pilorum
2686 4084 2981 4139 auferendo
3007 4092 3187 4136 cutem
3216 4088 3431 4149 purgat,

1844 4187 1897 4231 et
1919 4177 2226 4231 nitidiorem
2255 4177 2437 4244 efﬁcit,
2470 4178 2548 4233 sic
2568 4185 2618 4231 et
2646 4185 2724 4241 tu,
2755 4176 2877 4229 licet
2907 4190 3011 4229 non
3040 4173 3105 4225 ad
3131 4172 3232 4225 hoc
3258 4171 3436 4225 inten-

1844 4267 1941 4320 das
1963 4306 1978 4331 ,
2005 4267 2472 4335 persecutionibus
2498 4265 2604 4320 tuis
2619 4264 2803 4319 ﬁdeles
2827 4282 2853 4317 a
2879 4269 3226 4331 peccatorum
3250 4273 3439 4328 supcr-

1845 4358 1970 4410 tluis
2019 4357 2267 4411 sordibus
2306 4357 2617 4419 mundahis,
2675 4365 2730 4409 et
2788 4354 2986 4408 nitidos
3046 4352 3096 4405 in
3149 4351 3438 4405 sanctitate

1845 4446 2012 4501 facies
2039 4464 2051 4499 :
2086 4448 2225 4515 quod
2251 4456 2335 4501 est
2358 4448 2539 4502 dicere
2568 4465 2579 4500 :
2613 4446 2787 4501 Causa
2819 4446 2928 4499 eris
2949 4459 3115 4513 quare
3139 4442 3237 4511 ipsi
3270 4456 3433 4494 mun-

1846 4537 1899 4590 di
1932 4537 2062 4593 ﬁaut
2090 4547 2145 4592 et
2164 4538 2338 4591 nitidi.
2362 4538 2489 4593 υἱοί»
2512 4538 2655 4606 quod
2680 4537 2845 4605 fecisti
2876 4545 2930 4590 et
2958 4532 3204 4604 cogitasti
3232 4532 3435 4595 dolum,

1852 4622 2040 4676 ethoc
2086 4639 2190 4679 non
2239 4622 2470 4686 invitus,
2516 4623 2658 4691 quod
2712 4620 3045 4676 tolerabilius
3108 4626 3293 4684 esset;
3343 4617 3439 4672 sed

1851 4712 2081 4766 dilexisti
2139 4713 2426 4777 malitiam,
2482 4712 2653 4768 malas
2711 4722 2766 4768 et
2818 4727 3041 4783 asperas
3084 4710 3440 4780 cogitationes

1850 4818 2006 4871 super
2030 4802 2393 4870 benignitatem
2421 4843 2436 4868 ,
2463 4812 2517 4858 et
2547 4805 2717 4858 bonas
2741 4804 3093 4873 cogitationes
3125 4817 3263 4867 non;
3297 4816 3359 4855 ac
3395 4799 3439 4853 si

1851 4895 2095 4949 diceret:
2131 4893 2185 4946 Si
2216 4894 2352 4947 ratio
2389 4904 2476 4948 tua
2519 4904 2569 4948 te
2601 4904 2843 4950 moueret
2881 4894 3170 4964 aliquando
3206 4901 3265 4947 ut
3300 4892 3440 4945 bene

1856 4986 2147 5057 cogitares,
2179 5000 2299 5039 cum
2320 4986 2497 5039 nullus
2520 4988 2651 5041 adeo
2674 4989 2741 5040 sit
2766 4988 2980 5057 iniquus
3010 5002 3167 5056 quem
3197 4985 3443 5053 aliquan-

1858 5076 1927 5132 do
1958 5078 2098 5131 ratio
2144 5092 2240 5132 sua
2291 5077 2356 5131 ad
2394 5079 2735 5149 cogitandum
2768 5062 2925 5135 bene,
2946 5095 3049 5133 non
3082 5076 3402 5131 adhortetur
3423 5115 3441 5140 ,

1858 5176 2168 5239 contempta
2208 5169 2346 5222 bona
2382 5168 2737 5237 cogitatione,
2789 5168 3029 5239 cogitasti
3067 5164 3347 5220 malitiam.
3386 5165 3442 5217 ln

1858 5257 1964 5312 hoc
1994 5267 2173 5311 autem
2215 5272 2339 5314 eum
2381 5258 2727 5312 damnatione
2769 5256 3142 5324 dignissimum
3174 5254 3441 5317 ostendit,

1858 5365 1981 5404 cum
2019 5351 2218 5404 malum
2240 5350 2381 5404 bono
2409 5350 2647 5405 scienter
2673 5347 2957 5419 prmferat,
2994 5354 3050 5401 et
3074 5345 3308 5400 dilexisti
3338 5346 3442 5400 ini-

1855 5439 2137 5509 quitatem,
2173 5440 2225 5493 id
2253 5440 2539 5510 estiniqna
2563 5451 2618 5493 et
2649 5437 2960 5507 hlasphema
2986 5437 3147 5492 verba
3173 5445 3230 5492 et
3252 5452 3443 5506 aspera

1858 5529 2006 5599 loqui
2040 5539 2227 5585 contra
2254 5532 2437 5587 ﬁdeles
2457 5571 2471 5596 ,
2512 5540 2571 5585 ut
2600 5545 2694 5585 eos
2726 5531 2817 5585 tibi
2849 5531 3248 5595 conformares,
3276 5532 3444 5601 mang

1860 5637 2018 5691 quam
2046 5621 2184 5691 loqui
2210 5622 2529 5693 a’quitatem,
2581 5622 2633 5677 id
2660 5630 2740 5677 est
2768 5638 2919 5692 (equa
2947 5624 3116 5678 verba
3152 5632 3206 5676 ct
3258 5624 3399 5678 bona
3427 5665 3441 5686 ,

1862 5713 2007 5781 quod
2061 5719 2143 5767 est
2193 5713 2374 5767 dicere
2404 5729 2417 5765 :
2467 5713 2672 5784 Aspera
2712 5722 2767 5768 et
2798 5714 2980 5785 iniqua
3012 5714 3178 5768 verba
3212 5714 3443 5768 dilexisti

1860 5802 2037 5873 loqui,
2070 5817 2176 5858 non
2195 5812 2371 5858 autem
2390 5818 2541 5874 aequa
2565 5822 2575 5858 :
2604 5821 2723 5861 cum
2752 5805 2881 5861 dicit
2906 5805 3068 5877 magis
3094 5822 3250 5875 quam
3284 5821 3444 5875 avla.-
