3846 6334
111 362 183 421 Βῖὃ

962 351 1322 410 EXPOSITIO
1359 352 1426 406 ΙΝ
1465 347 1781 407 PSALMOS
1807 381 1872 389 —
1905 348 2097 405 PSAL
2140 350 2245 404 ιιι.

3192 360 3297 413 871

112 472 216 530 delos
256 469 398 539 digne
439 466 687 524 dicuntur
729 466 1094 536 parturientes
1146 476 1200 521 et
1250 466 1518 529 dolentes,
1549 478 1614 520 eo
1642 464 1786 529 Aad
1838 461 2110 518 Romanos
2165 469 2446 533 posuerat,
2510 478 2617 519 uno
2657 477 2815 520 versu
2878 467 3089 523 modico
3138 470 3297 539 hujus

110 563 214 634 quod
233 562 308 617 hic
331 574 532 630 semper
559 558 702 613 maia
728 572 894 629 Opera
921 558 989 613 ad
1014 572 1205 628 ptenas
1232 567 1466 614 aeternas
1496 571 1617 627 par-

111 653 265 708 turiunt
286 652 345 706 de
372 649 562 721 quibus
588 650 643 703 in
676 649 857 704 futuro
898 651 1017 705 sine
1058 648 1165 706 ﬁne
1206 648 1484 704 doicbunt.
1511 647 1617 702 Per

110 757 280 798 uxorem
311 741 466 796 David
516 750 571 796 et
618 741 755 796 ﬁlios
805 740 922 809 ejus
965 741 1033 795 ab
1072 740 1329 795 Amalech
1370 750 1613 809 ereptos,

110 836 331 891 denotatur
354 832 584 889 Ecclesia
613 832 881 903 primitiva
905 831 1366 903 specialis‘Christi
1397 845 1614 900 sponsa,

108 936 146 982 et
169 927 236 980 alii
266 924 434 979 ﬁdeles
467 940 566 996 per
598 926 768 994 ipsius
804 924 1059 980 Ecclesia:
1086 924 1522 995 praedicationem
1562 928 1619 976 et

108 1016 344 1087 exentplum
372 1016 462 1071 ﬁlii
498 1016 700 1073 Christi
733 1016 890 1081 facti,
921 1016 1012 1086 qui
1039 1016 1092 1070 in
1126 1015 1306 1071 lnturo
1328 1016 1396 1070 ab
1425 1014 1618 1069 inﬁde-

107 1110 198 1162 lium
218 1116 458 1177 potestate
477 1108 692 1177 penitus
706 1107 1007 1177 eripientur
1025 1146 1039 1171 ,
1075 1121 1199 1161 cum
1215 1114 1417 1160 aeterna
1443 1103 1616 1176 gloria

107 1200 368 1255 dilabuntur.
392 1198 495 1270 ipsi
522 1214 653 1255 vero
685 1199 929 1255 inﬁdeles
958 1197 1013 1253 in
1044 1207 1361 1269 perpetuum
1394 1198 1618 1252 damna-

107 1292 272 1346 bantur.
322 1290 477 1346 Tituli
537 1307 667 1347 vero
701 1292 863 1363 178
912 1291 1080 1346 verba
1116 1290 1194 1345 sic
1228 1297 1612 1359 exponuntur:

107 1381 345 1436 intellectus
371 1379 609 1441 Davidiu
630 1382 787 1450 ﬁnem
819 1381 1141 1451 respicrentis
1165 1421 1180 1445 ,
1203 1368 1411 1434 habitus
1431 1389 1505 1434 est
1519 1395 1614 1450 pro

106 1471 322 1535 Amalech;
349 1472 494 1541 quod
523 1480 609 1524 est
650 1471 869 1526 dicere:
907 1468 1213 1525 Intellectus
1243 1484 1404 1541 quem
1428 1469 1617 1525 habuit

107 1560 228 1615 David
253 1562 298 1616 in
324 1562 694 1633 componendo
719 1562 986 1632 psalmum
1015 1562 1204 1628 istum,
1267 1561 1485 1617 habitus
1531 1568 1617 1616 est

104 1670 168 1721 pro
181 1654 423 1722 Amalech,
454 1655 507 1709 id
535 1663 619 1710 est
665 1656 952 1715 occasione
977 1654 1255 1711 Amalech.
1283 1653 1455 1709 Dauid
1493 1654 1616 1710 dico

106 1746 354 1812 respicientis
416 1748 471 1801 in
525 1745 714 1816 ﬁnem.
766 1747 821 1802 id
867 1755 954 1803 est
1003 1747 1056 1802 in
1110 1746 1428 1815 Christum,
1466 1760 1531 1800 ac
1567 1745 1612 1800 si

1714 552 1908 624 psalmi
1944 554 2069 609 istis
2096 555 2323 621 addito,
2361 565 2584 625 propter
2610 554 2851 626 Apostoii
2873 560 3250 616 auctoritatem
3274 604 3294 631 ,

1712 644 1770 698 in
1808 644 1950 700 hunc
1979 643 2241 713 psalmum
2284 645 2642 715 perhibentur
2670 645 2838 702 fuisse
2862 649 3089 718 recepti.
3136 650 3299 709 Ponit

1714 740 1856 793 enim
1885 740 1964 794 sic
1993 740 2303 809 Apostolus.
2337 760 2356 792 ς
2395 740 2548 797 Sicut
2576 743 2837 814 scriptum
2873 754 2994 799 est:
3027 744 3164 811 Quia
3189 766 3297 806 non

1714 831 1987 900 estjustus
2016 834 2301 904 quisquam
2328 876 2343 899 ,
2399 851 2505 890 non
2545 845 2629 892 est
2671 838 3011 909 intelligens,
3059 860 3163 898 non
3214 858 3300 902 est

1714 922 1997 992 requirens
2043 924 2243 989 Deum,
2296 940 2486 981 omnes
2530 926 2937 983 declinaverunt
2990 928 3167 1000 (Rom.
3215 950 3297 1003 Ill,

1715 1012 1937 1083 iO-IZ),
1971 1032 1988 1065 ι
2032 1023 2136 1071 etc.
2170 1014 2247 1069 illi
2279 1031 2407 1072 vero
2438 1026 2546 1072 tres
2566 1032 2755 1074 versus
2805 1020 2860 1074 hi
2907 1031 3051 1078 sunt.
3104 1024 3299 1095 Sepul-

1713 1119 1860 1156 crum
1887 1144 1902 1170 ,
1928 1114 2037 1160 etc.
2068 1105 2305 1171 Quorum
2332 1125 2409 1175 os,
2441 1120 2571 1177 ctc.,
2597 1114 2862 1179 contritio,
2893 1126 3000 1173 etc.
3030 1119 3301 1187 Quoniam

1713 1208 1844 1249 vero
1871 1194 2109 1265 psalmus
2139 1197 2241 1252 iste
2281 1201 2530 1268 superius
2564 1204 2780 1272 ample,
2829 1216 2887 1260 et
2927 1220 3090 1277 prout
3140 1213 3300 1268 nobis

1713 1285 1970 1356 possibile
1997 1285 2127 1353 fuit,
2160 1289 2449 1358 diligenter
2474 1295 2752 1362 expositus
2806 1306 2907 1353 est.
2958 1298 3094 1356 Cum
3133 1303 3300 1358 etiam

1715 1380 1803 1436 hic
1837 1379 1951 1436 fere
1973 1382 2161 1437 eadem
2195 1382 2373 1438 littera
2421 1384 2492 1438 sit
2549 1395 2605 1441 et
2651 1390 2948 1454 sententia,
2992 1391 3059 1447 de
3109 1396 3301 1451 eodem

1714 1472 1911 1528 iterum
1940 1474 2111 1544 'agere
2154 1476 2363 1545 prolixe
2411 1478 2741 1545 superﬂuum
2786 1496 2907 1537 esse
2950 1483 3298 1553 judicantes,

1715 1560 1956 1617 breviter
1979 1578 2101 1618 eum
2126 1565 2391 1636 attingere
2419 1566 2665 1623 videmus
2690 1583 2812 1625 esse
2838 1571 3089 1627 idoneum
3112 1614 3127 1640 ,
3161 1583 3215 1628 ut
3254 1576 3298 1630 si

1715 1653 1984 1724 quidlibet
2009 1654 2341 1727 incognitum
2361 1701 2376 1723 ,
2406 1662 2557 1730 cujus
2586 1662 2824 1718 nondum
2849 1670 2975 1719 tunc
3013 1665 3300 1722 scientiam

1716 1748 2067 1818 attigeramus
2088 1792 2101 1816 ,
2130 1751 2184 1805 in
2211 1757 2473 1824 superiori
2506 1764 2739 1813 tractatu
2764 1772 2868 1813 non
2899 1760 3177 1829 posuimus
3200 1804 3215 1829 ,
3246 1764 3302 1817 in

103 1837 285 1892 diceret:
311 1839 565 1895 Amalech
605 1840 851 1895 devictus
894 1853 926 1893 a
959 1838 1128 1894 David
1153 1837 1464 1909 signiﬁcans
1492 1837 1612 1892 inﬁ-
1644 1829 1684 1885 Β
1715 1841 1815 1895 hoc
1841 1840 2032 1896 saltem
2065 1844 2432 1913 suppleanius.
2467 1847 2592 1903 Sive
2623 1849 2788 1903 etiam
2814 1850 2859 1904 si
2888 1850 2977 1906 hic
3022 1867 3149 1922 pars
3197 1854 3302 1908 aii--

104 1929 244 1984 delium
263 1930 660 1997 collectionem,
692 1944 722 1986 a
750 1932 947 2000 quibus
996 1932 1135 1986 Deus
1186 1945 1313 1987 suos
1354 1938 1507 1986 eruet
1556 1930 1610 1985 in

102 2018 257 2086 laturo,
280 2036 431 2077 causa
462 2020 568 2077 luit
596 2035 765 2092 qurere
797 2020 966 2075 David
1013 2019 1347 2075 intellectum
1393 2022 1614 2075 haberet

102 2110 185 2165 linis
202 2152 215 2177 ,
238 2112 282 2167 id
306 2121 385 2168 est
410 2113 619 2169 Christi
645 2152 661 2180 ,
690 2112 1035 2184 respiciendo
1077 2112 1130 2167 in
1179 2113 1357 2183 ipsum
1383 2112 1568 2169 -ﬁncm
1595 2155 1611 2181 ,

103 2200 218 2257 idest
240 2203 505 2260 Christum
530 2246 545 2270 ,
581 2214 639 2261 et
663 2214 887 2275 propter
915 2204 1061 2260 hunc
1088 2203 1426 2260 intellectum
1453 2207 1612 2261 istum

100 2294 298 2360 psalmum
328 2304 681 2367 componeret
704 2298 773 2351 ad
796 2297 1057 2352 honorem
1095 2296 1264 2366 ipsius
1296 2296 1416 2351 ﬁnis
1438 2337 1452 2361 ,
1484 2311 1615 2351 con-

101 2385 323 2443 siderando
348 2388 494 2460 quod
520 2390 635 2459 ipse
654 2388 777 2443 ﬁnis
799 2412 815 2456 δ
845 2402 973 2443 suos
995 2388 1159 2443 etiam
1199 2398 1487 2460 erepturus
1513 2430 1528 2455 ,
1560 2399 1614 2447 et

103 2476 282 2534 inﬁdeles
301 2481 672 2536 damnaturus.
711 2479 1009 2536 introducit
1037 2488 1218 2535 autem
1250 2480 1303 2535 in
1345 2480 1447 2535 hoc
1475 2466 1617 2552 psal-

99 2568 404 2642 aoPropheta
433 2573 613 2644 ipsum
653 2582 815 2642 caput
838 2570 1151 2637 Christum,
1208 2573 1275 2627 de
1328 2574 1531 2629 inﬁdeli
1560 2582 1618 2630 et

100 2660 306 2731 insipienti
327 2665 529 2737 populo
566 2680 694 2721 suos
724 2673 1085 2736 persequente
1119 2672 1371 2736 agentem
1394 2706 1409 2731 ,
1441 2667 1532 2736 qui
1562 2666 1614 2722 in

98 2758 404 2819 persecutione
432 2757 677 2813 ﬁdelium
724 2756 893 2813 Deum
920 2755 1151 2812 ultorem
1180 2770 1302 2813 esse
1327 2772 1434 2812 non
1457 2771 1618 2828 repu-

100 2852 180 2900 tant
199 2887 211 2912 ,
232 2864 353 2919 quos
370 2859 661 2921 corruptos
701 2850 756 2904 in
784 2849 1029 2905 moribus
1050 2889 1065 2914 ,
1104 2857 1159 2905 et
1188 2848 1300 2905 Deo
1337 2848 1618 2905 abomina-

98 2935 192 2993 biles
228 2954 335 2997 esse
378 2943 555 3009 dicit,
618 2949 846 3013 propter
897 2939 1213 3011 iniquitates
1258 2955 1423 2996 suas:
1481 2956 1618 3012 quos

97 3033 213 3088 etiam
232 3036 616 3094 inexcusabiles
640 3050 761 3094 esse
788 3036 1055 3104 ostendit,
1090 3052 1213 3093 cum
1256 3036 1487 3092 salutem
1513 3034 1618 3091 sibi

98 3121 217 3180 abeo
235 3131 559 3199 propositam
586 3136 966 3197 contemnant,
1018 3142 1137 3185 sese
1165 3128 1417 3184 videlicet
1454 3125 1613 3182 Chri-

1712 1945 1816 1999 qua
1869 1930 2082 1987 diversa
2123 1934 2296 2003 posita
2344 1935 2418 1991 sit
2463 1936 2820 2006 litteraturae,
2864 1941 3035 2010 ipsam
3084 1958 3300 2014 quoque

1715 2024 1950 2076 nitamur
2008 2037 2108 2093 pro
2158 2039 2318 2094 posse
2364 2038 2551 2084 nostro
2602 2039 2876 2101 utcunque
2913 2046 3204 2104 exponere.
3244 2036 3301 2090 in

1712 2112 1903 2181 primis
1952 2122 2130 2168 autem
2177 2115 2465 2172 dicendum
2522 2129 2641 2187 est,
2698 2122 2842 2190 quod
2875 2137 2999 2177 cum
3053 2127 3305 2195 superius

1713 2203 2040 2261 dixissemus
2063 2206 2237 2277 ipsum
2262 2216 2427 2279 caput
2447 2210 2499 2265 in
2522 2212 2625 2266 hoc
2646 2212 2855 2283 psalmo
2881 2214 3096 2272 Judaeos
3108 2231 3307 2288 expro-

1713 2299 1904 2364 brare,
1939 2299 2221 2355 sciendum
2251 2315 2373 2356 esse
2404 2317 2510 2357 non
2560 2303 2736 2359 solum
2794 2308 2861 2361 de
2919 2306 3150 2373 Iudaeis,
3210 2311 3305 2365 sed

1715 2389 2042 2461 generaliter
2070 2392 2136 2448 de
2161 2392 2411 2448 omnibus
2439 2394 2521 2449 sui
2547 2396 3023 2469 membrorumque
3050 2413 3308 2469 persecu-

1719 2480 1932 2538 toribus
1962 2481 2015 2537 in
2047 2482 2151 2538 hoc
2181 2482 2395 2554 psalmo
2418 2485 2503 2556 agi
2530 2500 2709 2555 posse.

1784 2571 1937 2635 Dixit
1966 2573 2212 2644 insipiens
2240 2573 2495 2632 Iudaicus
2531 2577 2760 2647 populus
2806 2588 2861 2634 et
2898 2579 3149 2650 gentilis,
3193 2583 3301 2637 mei

1715 2679 2070 2736 meorumque
2090 2675 2437 2737 prosecutor,
2466 2669 2520 2723 in
2559 2671 2712 2725 corde
2733 2684 2865 2725 suo:
2903 2670 3027 2725 Non
3058 2683 3132 2727 est
3158 2672 3301 2728 Deus

1718 2756 1819 2811 iste
1847 2754 2125 2820 Christus,
2155 2766 2214 2811 ut
2239 2758 2412 2826 possit
2439 2773 2499 2815 se
2516 2759 2702 2815 ulcisci
2728 2770 2783 2816 et
2808 2776 2956 2816 suos.
2987 2761 3124 2817 Vere
3151 2771 3303 2819 uter-

1715 2860 1821 2916 que
1845 2846 2074 2917 populus
2104 2847 2355 2915 insipiens
2386 2863 2509 2903 cum
2547 2863 2633 2904 me
2670 2850 2862 2906 saltem
2898 2867 2995 2922 per
3037 2868 3201 2924 opera
3249 2864 3304 2910 et

1716 2939 1978 2994 miracula
2004 2953 2122 2995 mea
2150 2954 2537 3011 meorumque,
2571 2943 2742 2999 Deum
2797 2959 2921 3001 esse
2962 2962 3067 3001 non
3108 2961 3307 3018 cogno-

1717 3042 1855 3088 scat.
1885 3031 2152 3099 Quoniam
2193 3046 2320 3087 vero
2346 3034 2641 3089 dixerunt:
2672 3035 2796 3091 Non
2817 3047 2892 3091 est
2935 3038 3095 3105 Deus,
3124 3055 3306 3093 corru-

1715 3124 1790 3194 pti
1815 3133 1964 3188 sunt,
1993 3122 2047 3177 id
2076 3131 2158 3178 est
2183 3123 2355 3194 magis
2383 3131 2459 3179 et-
2484 3124 2655 3195 magis
2706 3138 3125 3198 corrumpentur
3172 3128 3307 3183 inte-

96 3224 197 3272 stum
221 3234 246 3273 a
271 3197 423 3277 Patre
452 3237 558 3294 pro
609 3221 794 3277 mundi
822 3220 1249 3294 redemptionem
1281 3222 1504 3277 missum
1532 3264 1546 3290 ,
1584 3233 1615 3274 a
1643 3197 1688 3259 Ο
1721 3216 1833 3271 rius
1857 3231 1953 3287 per
1974 3215 2416 3283 excaecationem,
2442 3217 2752 3286 etcorrupti
2775 3197 3151 3273 abominabiles
3172 3221 3306 3290 facti

98 3319 172 3374 quo
189 3311 477 3367 omnimodo
512 3309 804 3366 declinant.

142 3399 449 3459 Demonstrat
473 3417 689 3474 quoque
717 3402 958 3474 ipsorum
982 3400 1283 3457 inﬁdelium
1310 3440 1325 3467 ,
1357 3413 1413 3456 et
1447 3402 1537 3457 hic
1565 3410 1621 3459 et

99 3491 299 3551 ialaturo
334 3496 780 3563 danmationem,
838 3504 896 3553 et
934 3495 1173 3552 ﬁdelium
1230 3503 1285 3551 et
1331 3494 1420 3551 hic
1469 3504 1527 3551 et
1566 3498 1618 3552 in

96 3586 229 3643 talitro
253 3590 623 3646 salvationem.

144 3675 408 3738 Notandum
437 3696 576 3738 sane
602 3680 745 3752 quod
774 3694 898 3736 eum
938 3679 1178 3750 psalmus
1226 3680 1331 3737 iste
1371 3683 1620 3752 superius

94 3770 131 3823 in
151 3775 410 3830 tredecimo
440 3774 567 3829 loco
593 3773 922 3844 sitpositus,
975 3786 1083 3827 non
1109 3773 1316 3843 absque
1359 3774 1570 3830 ratione
1604 3814 1618 3840 ,

96 3860 247 3917 eisdem
279 3864 388 3920 fere
416 3864 608 3921 verbis
637 3864 726 3919 hic
754 3872 837 3919 est
864 3862 1147 3933 repetitus.
1186 3862 1322 3918 Cum
1354 3873 1535 3919 autem
1565 3864 1619 3920 in

94 3956 301 4022 superiori
328 3956 449 4013 loco
480 3954 669 4010 titulus
705 3963 812 4010 iste
838 3955 895 4009 in
922 3968 1031 4024 quo
1073 3954 1349 4009 inducitur
1394 3955 1619 4012 historia

97 4043 141 4095 de
167 4045 395 4105 Amalech
426 4063 538 4103 non
576 4055 948 4118 praeponatur,
987 4045 1084 4101 sed
1120 4045 1455 4103 solummodo
1481 4048 1623 4118 psal-

93 4147 179 4189 mus
199 4136 348 4193 David
366 4178 381 4206 ,
423 4138 588 4194 nobis
619 4137 863 4192 inuuitur
890 4138 1125 4193 nondum
1152 4137 1435 4193 victoriam
1461 4138 1624 4195 Anta-

94 4219 319 4283 iecitarum
356 4229 659 4295 accidisse,
688 4244 813 4285 cum
847 4242 876 4283 a
907 4228 1178 4299 Propheta
1206 4228 1450 4299 psalmus
1468 4244 1621 4287 com-

92 4316 250 4379 positus
275 4319 460 4377 fuerit.
496 4320 555 4375 Si
587 4321 728 4376 enim
760 4320 1069 4387 accidisset,
1105 4320 1291 4375 titulus
1320 4321 1389 4376 ibi
1412 4337 1622 4393 praepo-

94 4403 195 4461 situs
214 4422 365 4465 esset.
411 4410 611 4467 Postea
638 4425 768 4467 vero
794 4410 1046 4466 Amalech
1087 4411 1330 4478 devicto,
1374 4421 1428 4468 et
1447 4412 1623 4470 uxore

95 4490 216 4552 David
242 4508 291 4556 et
322 4501 448 4558 ﬁliis
476 4502 708 4572 ereptis,
763 4502 952 4557 videns
974 4502 1088 4569 ipse
1122 4501 1418 4573 Propheta,
1454 4519 1620 4574 nego-

92 4585 190 4641 tium
211 4580 628 4663 victoritehujus
660 4593 788 4648 illud
816 4593 956 4663 quod
986 4593 1041 4647 in
1074 4593 1281 4662 psalmo
1319 4594 1383 4649 de
1406 4592 1623 4652 Christo

92 4681 364 4743 prtetlircrat
417 4684 656 4756 ﬁgurare
692 4725 708 4749 ,
764 4684 1030 4755 psalmum
1096 4683 1351 4740 eumdem
1412 4687 1627 4755 repetiit

93 4775 327 4831 ocmsione
343 4778 510 4847 hujus
540 4778 806 4840 historiae,
843 4787 899 4831 ut
930 4777 1181 4832 innueret
1212 4777 1351 4833 hanc
1392 4778 1621 4832 liliorum

92 4869 131 4914 et
162 4868 325 4923 uxoris
374 4871 747 4938 emptionem,
796 4867 1092 4935 ereptionis
1131 4867 1333 4923 Christi
1389 4868 1622 4925 ﬁliorum

93 4950 245 5012 lutum
272 4960 440 5016 fuisse
490 4961 740 5030 figuram.
796 4958 951 5015 Sicut
991 4968 1173 5014 autem
1222 4959 1443 5015 instruit
1486 4962 1623 5017 hanc

92 5048 379 5115 emptionem
416 5049 696 5124 negotium
730 5052 999 5121 qnmldam
1035 5051 1171 5122 legis
1212 5067 1364 5107 nova:
1406 5061 1626 5123 porten-

92 5136 230 5208 disse,
256 5143 435 5200 innuit
469 5159 688 5215 quoque
717 5152 910 5200 cuncta
942 5144 1077 5214 legis
1106 5145 1308 5200 veteris
1355 5154 1476 5201 acta
1500 5187 1515 5212 ,
1558 5148 1624 5202 ad

94 5221 194 5295 legis
231 5248 376 5289 novre
415 5237 626 5305 negetia
662 5234 995 5304 designanda
1038 5236 1381 5306 prtccessisse
1404 5277 1419 5301 ,
1460 5236 1627 5291 Paulo

91 5324 289 5385 apostolo
309 5326 391 5381 sic
413 5336 704 5384 atteslante
734 5346 748 5383 :
776 5327 974 5382 Omnia
997 5327 1049 5380 in
1062 5327 1238 5399 ﬁgura
1261 5328 1626 5397 contingebant

93 5407 171 5463 illis
204 5414 248 5483 (I
294 5416 419 5473 Cor.
458 5435 487 5473 x
516 5459 531 5484 ,
569 5419 682 5488 ii).
738 5420 864 5476 illos
920 5428 1098 5474 autem
1138 5428 1247 5475 tres
1294 5434 1484 5476 versus
1536 5421 1627 5488 qui

91 5504 295 5568 superius
343 5508 398 5561 in
449 5509 548 5566 hoc
579 5510 790 5581 psalmo
846 5510 1150 5582 leguntur:
1206 5512 1260 5565 in
1308 5510 1629 5581 repetitione

91 5603 191 5650 vero
217 5614 310 5655 nec
358 5601 462 5672 ipsi
512 5615 612 5657 nec
658 5601 839 5672 aliqua
875 5602 1039 5657 verba
1076 5601 1183 5657 illis
1226 5601 1630 5673 aequipolientia

92 5680 434 5759 inveniuntur,
481 5708 728 5752 asserunt
756 5695 981 5766 quidam
1020 5695 1344 5766 Prophetam
1394 5710 1501 5752 non
1534 5711 1632 5767 po-

92 5779 251 5837 suisse.
285 5786 552 5843 titeterum
596 5788 719 5854 quia
770 5788 967 5847 Paulus
1019 5789 1117 5855 hos
1159 5797 1269 5846 tres
1298 5788 1349 5844 in
1388 5788 1629 5859 Epistola

293 5880 563 5951 Pnth.
600 5881 776 5945 CLII.

1657 4567 1701 4621 Ι)

1718 3315 1840 3361 sunt
1863 3346 1879 3373 ,
1917 3306 1970 3361 id
2001 3315 2084 3361 est
2125 3305 2486 3361 exsecrabiies
2532 3305 2815 3373 ﬁentDeo,
2843 3308 2901 3361 in
2937 3308 3303 3379 iniquitatibus

1720 3400 1827 3455 suis
1849 3399 2213 3470 perdurando;
2232 3414 2295 3454 ac
2309 3399 2352 3453 si
2372 3399 2546 3454 dicat:
2564 3398 2678 3454 Non
2696 3398 2868 3455 solum
2887 3408 3306 3471 corrumpentur

1720 3499 1777 3548 et
1816 3488 2204 3546 abominabiles
2245 3485 2355 3544 Deo
2402 3499 2589 3556 erunt,
2637 3490 2756 3545 ideo
2809 3491 2951 3560 quod
3008 3491 3303 3547 dixerunt:

1723 3582 1847 3637 Non
1874 3592 1948 3637 est
1981 3581 2151 3647 Deus,
2185 3581 2280 3637 sed
2304 3581 2473 3637 etiam
2508 3589 2729 3654 propter
2756 3582 2941 3653 iniqua
2976 3596 3144 3654 opera
3170 3597 3305 3648 sua,

1721 3684 1775 3731 et
1806 3675 1942 3731 adeo
1968 3683 2385 3745 corrumpentur
2409 3693 2423 3729 :
2457 3675 2599 3745 quod
2630 3685 2852 3743 nonest,
2880 3676 2934 3731 id
2955 3684 3040 3731 est
3064 3691 3173 3730 non
3199 3676 3309 3732 erit

1726 3769 1886 3840 179
1922 3770 2066 3824 inter
2089 3783 2185 3825 eos
2216 3770 2307 3839 qui
2344 3769 2507 3839 faciat
2537 3769 2729 3824 bonum
2754 3784 2907 3840 opus.
2944 3770 3127 3826 Potest
3166 3786 3300 3840 quo—

1722 3877 1828 3931 que
1856 3877 2043 3918 versus
2077 3862 2180 3918 iste
2210 3861 2312 3933 legi
2344 3863 2643 3934 praeterito,
2674 3862 2755 3917 sic
2784 3879 2798 3915 :
2835 3861 2946 3917 Hoc
2973 3863 3116 3931 quod
3152 3860 3306 3916 dixe-

1723 3972 1887 4017 runt:
1910 3960 2033 4016 Non
2061 3971 2133 4015 est
2165 3960 2327 4027 Deus,
2352 3960 2477 4016 inde
2501 3960 2728 4032 contigit
2751 3960 2876 4030 quia
2899 3962 3132 4032 corrupti
3162 3972 3304 4027 sunt,

1723 4054 1777 4109 id
1806 4062 1909 4118 est,
1937 4052 2192 4108 excaecati
2223 4061 2279 4107 et
2307 4052 2440 4107 adeo
2471 4052 2738 4123 corrupti,
2765 4052 2910 4123 quod
2932 4052 3308 4107 abominabiles

1720 4144 1851 4214 facti
1878 4153 1997 4199 sunt
2026 4143 2159 4198 Deo.
2192 4143 2259 4198 Et
2282 4143 2335 4198 in
2381 4142 2483 4198 hoc
2513 4152 2739 4214 apparet
2757 4157 2851 4199 eos
2881 4157 3002 4198 esse
3029 4151 3313 4212 corruptos

1723 4241 1779 4288 et
1806 4233 2217 4300 abominabiles,
2244 4232 2386 4303 quod
2418 4249 2522 4286 non
2543 4243 2617 4286 est
2646 4247 2836 4287 eorum
2874 4232 3068 4301 aliquis
3108 4232 3195 4301 qui
3223 4232 3312 4301 fa-

1721 4325 1826 4379 ciat
1863 4325 2053 4379 bonum
2091 4339 2245 4393 opus.
2276 4322 2484 4377 Bonum
2508 4322 2724 4392 quidem
2758 4320 2940 4377 multis
2974 4322 3146 4376 modis
3177 4322 3313 4377 dici-

1728 4424 1833 4471 tur.
1858 4413 2025 4468 Deum
2049 4414 2194 4467 enim
2219 4412 2448 4467 dicimus
2469 4411 2681 4477 bonum,
2706 4425 2891 4465 verum
2922 4418 2978 4466 et
3006 4426 3308 4477 summum;

1728 4509 1917 4559 bonum
1948 4504 2112 4559 etiam
2145 4502 2403 4558 dicuntur
2427 4502 2657 4556 virtutes
2686 4509 2739 4557 et
2763 4516 2928 4572 Opera
2953 4517 3073 4572 quae
3096 4516 3193 4572 per
3218 4518 3312 4558 eas

1728 4606 2051 4655 exercentur
2085 4614 2099 4664 ;
2136 4598 2324 4651 bonum
2355 4610 2574 4667 quoque
2603 4596 2857 4651 dicuntur
2880 4610 3070 4652 omnes
3098 4607 3313 4653 creatu-

1728 4704 1820 4753 rae,
1847 4686 2141 4743 secundum
2166 4686 2310 4758 quod
2332 4702 2362 4741 a
2392 4685 2502 4741 Deo
2521 4697 2716 4742 creatae
2745 4694 2891 4751 sunt,
2920 4687 3063 4741 unde
3088 4685 3310 4758 legitur:

1728 4780 2073 4849 Qumcunque
2101 4788 2322 4833 auctore
2364 4778 2506 4833 bono
2552 4777 2767 4833 condita
2798 4786 2946 4843 sunt,
2991 4778 3133 4833 bona
3165 4790 3310 4835 sunt.

1729 4871 1937 4926 Bonum
1983 4869 2204 4939 insuper
2234 4868 2492 4935 diximus,
2547 4867 2835 4934 beneﬁcia,
2878 4884 2910 4924 a
2952 4869 3316 4940 qualicunque

1730 4963 1995 5030 impensa,
2022 4967 2075 5013 et
2102 4958 2148 5014 si
2172 4973 2277 5014 non
2308 4958 2414 5013 sint
2447 4959 2663 5015 virtutis
2692 4957 2921 5027 alicujus
2950 4960 3214 5016 exercitio
3238 4959 3316 5015 fa-

1726 5065 1834 5112 cta.
1887 5052 2146 5121 Quamvis
2171 5060 2350 5106 autem
2378 5052 2695 5122 insipientes
2713 5052 2949 5121 corrupti
2974 5052 3081 5107 sint
3111 5061 3165 5105 et
3190 5052 3315 5104 abo-

1724 5145 2018 5208 minabiles,
2048 5152 2101 5197 et
2123 5143 2301 5198 dicant
2328 5161 2342 5199 :
2368 5142 2493 5199 Non
2517 5154 2588 5198 est
2612 5143 2777 5210 Deus,
2806 5142 3198 5198 inexcusabiles
3231 5150 3315 5197 ta-

1728 5250 1850 5292 men
1893 5241 2020 5289 sunt
2056 5232 2123 5289 de
2168 5233 2269 5287 hac
2314 5233 2644 5304 insipientia.
2704 5232 2841 5288 Deus
2886 5232 3027 5285 enim
3075 5231 3315 5286 Trinitas

1727 5328 1989 5399 prospexit
2020 5325 2444 5382 misericorditer
2471 5327 2534 5381 tle
2568 5326 2716 5390 ctelo,
2764 5324 2815 5377 itt
2841 5331 2924 5378 est
2968 5321 3035 5375 de
3081 5334 3167 5375 tne
3217 5323 3317 5376 hu-

1733 5436 1891 5475 mana
1921 5428 2112 5474 natura
2138 5435 2295 5489 super
2340 5420 2477 5488 ﬁlios
2515 5419 2783 5474 hominum
2827 5414 3230 5478 universaliter,
3263 5413 3318 5467 id

1732 5522 1818 5568 cst
1866 5524 2030 5582 super
2058 5525 2247 5565 omnes
2272 5510 2542 5574 homines,
2593 5517 2649 5563 ut
2678 5507 2867 5572 uideat,
2913 5505 2967 5560 id
3003 5513 3089 5560 est
3132 5503 3318 5558 videre

1732 5603 1919 5669 faciat,
1950 5604 1996 5657 si
2020 5612 2095 5657 est
2121 5602 2320 5673 aliquis
2347 5601 2660 5671 intelligens,
2694 5608 2785 5653 aut
2827 5596 3091 5667 requirens
3125 5593 3315 5657 Deum,

1714 5676 1879 5767 'quod
1902 5694 2187 5752 estdicere
2212 5712 2225 5749 :
2263 5692 2329 5748 Ut
2358 5694 2411 5749 in
2434 5705 2622 5763 aperto
2651 5699 2817 5762 ponat
2845 5689 2934 5760 qui
2967 5696 3093 5745 sunt
3120 5685 3318 5743 intelli»

1737 5797 1922 5861 gentes
1952 5794 2009 5844 et
2048 5787 2404 5859 requirentes,
2451 5794 2506 5841 et
2550 5784 2642 5857 qui
2674 5799 2800 5839 non.
2846 5781 2951 5853 ipsi
2981 5794 3111 5867 vero
3144 5793 3316 5837 onum

2793 5876 2873 5939 28
