3846 6334
491 349 595 404 875

1039 341 1104 397 S.
1146 335 1493 395 BRUNOMS
1527 325 2180 393 CARTIIUSIANORUM
2220 316 2707 381 INSTITUTORIS
2745 314 2894 374 OPP.
2938 310 3119 370 PARS
3157 311 3201 367 Ι.

3652 309 3752 366 876

491 453 1228 531 iiisipientes’declinarerunt
1257 466 1315 507 se
1341 451 1408 507 ab
1434 448 1525 505 illo
1543 454 1855 520 prospectu,
1886 444 1936 499 id
1967 450 2071 507 est,
2105 445 2150 505 Α
2178 446 2234 495 ει
2261 438 2518 501 minores,
2553 449 2669 505 cum
2700 432 2846 487 Deus
2873 428 3117 484 Trinitas
3141 425 3379 483 averterit
3418 424 3752 495 captivitatem

494 566 603 607 non
633 554 964 607 curaverunt
998 551 1346 617 prospectum
1389 539 1797 602 misericordiae,
1839 544 1894 590 et
1920 532 2077 589 simul

492 660 618 701 cum
649 640 1014 705 declinatione
1057 637 1271 693 inutiles
1303 636 1429 705 facti
1473 644 1593 689 sunt
1639 640 1694 687 et
1721 630 1823 685 sibi
1852 640 1907 685 et
1934 626 2075 682 aliis.

493 737 562 793 Et
593 734 831 792 ostendit
857 730 1127 803 quomodo
1154 728 1363 784 inutiles
1388 725 1510 783 sibi.
1540 724 1661 777 Non
1702 731 1777 775 est
1813 719 1956 773 enim
1981 717 2081 772 ali—

493 828 617 899 quis
643 826 732 897 qui
764 825 930 895 faciat
970 823 1182 888 bonum,
1236 836 1337 874 non
1372 827 1444 872 est
1480 814 1572 886 qui
1619 830 1777 884 usque
1806 813 1874 866 ad
1918 826 2079 864 unum

500 919 608 975 ﬁde
635 916 937 989 perveniat,
973 914 1024 969 id
1058 920 1141 968 est
1181 910 1247 965 ad
1290 923 1375 963 me
1401 907 1490 977 qui
1518 922 1635 960 sum
1668 918 1831 957 unum
1858 912 1912 956 et
1934 916 2081 955 sum-

495 1028 645 1071 mum
670 1007 1067 1075 bonum,juxta
1096 1003 1225 1059 illud
1253 1018 1267 1055 :
1311 1022 1324 1053 ι
1367 1001 1475 1071 Ego
1512 1010 1567 1054 et
1612 998 1769 1053 Pater
1793 1010 1958 1048 unum
1989 1008 2079 1047 su-

497 1123 620 1165 mus
642 1104 830 1178 (Joun.
864 1118 918 1158 Χ.
950 1099 1067 1166 50),
1115 1116 1135 1150 ι
1166 1095 1253 1150 vel
1279 1101 1457 1165 potest
1486 1091 1612 1162 legi,
1660 1089 1798 1143 Deus
1825 1086 1888 1142 de
1931 1086 2077 1151 caelo,

497 1206 605 1255 etc.
642 1175 755 1258 Sic,
789 1205 856 1246 ne
886 1194 1208 1261 putarentur
1228 1196 1419 1239 omnes
1454 1180 1700 1235 homines
1721 1176 1973 1246 corrupti,
2003 1175 2081 1230 sic

499 1289 669 1346 dicit:
714 1285 860 1350 Dixi,
906 1281 1223 1351 insipientes
1271 1290 1391 1332 esse
1438 1280 1741 1342 corruptos.
1793 1269 1910 1324 Filii
1952 1282 2083 1322 vero

499 1377 779 1436 hominum
810 1390 916 1428 non
948 1381 1073 1427 sunt
1101 1368 1340 1438 corrupti
1368 1384 1383 1433 ;
1419 1381 1541 1420 nam
1570 1364 1709 1417 Deus
1737 1361 1995 1432 prospexit
2019 1360 2083 1414 de

497 1467 648 1531 cwlo,
681 1465 731 1520 id
759 1472 843 1519 est
867 1477 964 1533 per
997 1459 1298 1516 doctrinam
1330 1454 1720 1526 apostolorum,
1765 1467 1921 1521 super
1944 1450 2082 1517 ﬁlios

498 1557 789 1621 hominum,
845 1554 895 1607 id
940 1561 1025 1606 est
1072 1564 1236 1619 super
1284 1548 1473 1603 ﬁdeles
1518 1561 1639 1600 sese
1687 1542 2084 1598 rationabiliter

498 1651 786 1715 habentes,
835 1657 889 1700 ut
930 1646 1096 1700 videat
1126 1645 1171 1697 si
1202 1653 1276 1696 est
1324 1640 1637 1710 intelligens,
1679 1647 1769 1690 aut
1819 1634 2083 1706 requirens

499 1741 690 1804 Deum,
721 1738 775 1793 id
827 1745 912 1793 est
958 1744 1017 1791 ut
1062 1735 1113 1788 in
1148 1732 1386 1788 evidenti
1432 1738 1595 1801 ponat
1622 1728 1745 1799 quis
1774 1741 1960 1781 eorum
2001 1732 2084 1779 est

500 1840 649 1888 recte
680 1827 971 1898 intelligens
995 1834 1084 1879 aut
1120 1824 1385 1894 requirens
1417 1792 1606 1884 Deum,
1638 1792 1728 1888 qui
1757 1816 1927 1886 possit
1953 1814 2088 1869 alios
2120 1792 2163 1847 Β

502 1922 570 1975 ad
600 1921 704 1975 hoc
732 1918 1027 1973 instruere.
1054 1913 1201 1967 Multi
1226 1926 1457 1980 namque
1480 1920 1604 1964 sunt
1634 1906 1838 1974 fideles,
1866 1905 1957 1975 qni
1982 1920 2088 1959 non

500 2012 635 2069 adeo
665 2018 792 2066 sunt
821 2008 1180 2078 intelligentes
1206 2045 1221 2072 ,
1254 2012 1312 2059 ut
1342 2004 1570 2057 aliorum
1616 2007 1818 2069 queant
1854 2012 1975 2053 esse
2009 1996 2091 2051 in-

500 2112 819 2163 structores.
855 2102 976 2158 Dixi
1015 2099 1156 2172 quod
1178 2115 1334 2169 super
1362 2096 1503 2166 ﬁlios
1533 2096 1804 2150 hominum
1825 2090 2089 2162 prospexit

502 2205 562 2251 ιιι
606 2206 662 2254 ει
689 2210 787 2267 per
830 2195 977 2265 ipsos
1020 2191 1110 2247 alii
1158 2188 1542 2259 intelligerent.
1584 2185 1907 2254 lnsipientes
1960 2196 2091 2236 vero

502 2288 749 2344 nolentes
776 2302 871 2357 per
892 2300 985 2357 eos
1009 2282 1332 2353 intelligere,
1380 2294 1558 2335 omnes
1589 2279 1657 2333 ab
1685 2274 1966 2331 intellectu
2001 2272 2089 2327 de-

501 2382 844 2443 clinaverunt,
872 2386 981 2437 etc.

576 2470 721 2537 Dixi,
751 2468 894 2539 quod
941 2468 1130 2523 dicunt
1172 2464 1316 2535 quod
1345 2477 1446 2534 ego
1476 2475 1581 2517 non
1612 2474 1733 2515 sum
1781 2457 1947 2521 Dens,
1997 2455 2093 2513 sed

503 2577 675 2617 nonne
709 2568 1015 2632 cognoscent
1044 2560 1096 2613 in
1127 2558 1307 2611 futuro
1345 2570 1521 2609 omnes
1548 2553 1638 2623 qui
1678 2561 1960 2620 operantur
1992 2547 2093 2601 ini-

501 2655 775 2725 quitatem,
819 2651 873 2707 id
910 2658 994 2707 est
1047 2649 1254 2705 faciunt
1286 2648 1468 2717 iniqua
1497 2660 1680 2715 opera,
1730 2644 1820 2713 qui
1846 2644 2092 2696 devorant

504 2741 953 2799 tribulationibus
981 2739 1180 2811 plebem
1204 2753 1393 2802 meum,
1425 2746 1478 2789 ut
1512 2737 1682 2789 cibum
1709 2733 1882 2803 panis,
1914 2731 1966 2785 id
2010 2740 2096 2786 est

507 2833 767 2890 assidue:
802 2831 947 2903 quod
995 2844 1094 2901 ego
1124 2844 1241 2885 sum
1282 2827 1424 2882 Dens
1473 2839 1632 2895 quem
1683 2822 1844 2877 modo
1873 2827 2092 2891 negant,

504 2942 636 2985 vere
664 2923 1037 2997 cognoscent?
1068 2922 1182 2977 lloc
1202 2936 1382 2975 autem
1411 2916 1797 2987 interrogative
1825 2913 1995 2983 ponit,
2038 2919 2097 2967 ut

514 3021 596 3075 sic
637 3032 730 3074 eos
771 3013 1100 3087 increpando
1141 3028 1170 3067 a
1213 3011 1305 3066 tali
1342 3024 1530 3066 errore
1569 3008 1831 3062 retrahat.
1870 3005 1938 3059 Et
1977 3004 2097 3079 ideo

2181 529 2342 599 plebis
2367 543 2477 582 sua:
2505 523 2672 579 Jacob
2708 531 2763 577 et
2800 519 2963 577 Israel
2989 560 3005 586 ,
3051 519 3105 574 id
3153 525 3235 573 est
3284 514 3669 572 mortalitatem
3706 525 3756 569 et

2182 615 2619 689 passibilitatem.

2677 719 2743 776 IN
2778 717 3110 775 PSALMUM
3138 716 3270 773 LIII.

2254 835 2464 892 Titulus
2492 830 2923 905 quinquagesimi
2965 828 3131 884 tertii.
3158 827 3225 882 In
3245 826 3403 896 linem
3428 825 3484 880 in
3516 824 3756 879 camini-

2184 930 2276 983 bus
2298 926 2584 981 intellectus
2612 923 2798 987 David,
2813 937 2929 975 cum
2952 920 3204 975 venissent
3227 918 3428 988 Ziplnri
3449 926 3497 971 et
3518 918 3759 970 dixissent

2183 1020 2251 1074 ad
2280 1016 2451 1073 Saul:
2485 1014 2673 1070 Nonne
2717 1012 2888 1067 David
2933 1010 3268 1065 absconditus
3317 1017 3393 1064 est
3439 1006 3583 1077 apud
3635 1006 3761 1060 nos.’

2183 1110 2283 1166 IIic
2313 1110 2477 1165 etiam
2512 1105 2698 1163 titulus
2727 1105 2880 1175 juxta
2927 1103 3212 1157 historiam
3242 1101 3453 1171 positus
3475 1114 3599 1154 esse
3624 1098 3762 1152 vide-

2185 1210 2272 1256 tur
2301 1216 2421 1271 quae
2449 1198 2572 1254 talis
2590 1206 2715 1253 est:
2743 1196 2879 1252 Cum
2913 1208 2944 1249 a
2989 1192 3153 1248 Saule
3183 1192 3350 1247 David
3380 1190 3679 1261 fugaretur,
3701 1187 3761 1242 ad

2184 1293 2363 1348 vicum
2394 1292 2527 1360 Ziph
2562 1287 2801 1352 nomine,
2830 1285 2920 1339 ubi
2952 1283 3035 1339 sui
3062 1281 3397 1338 contribules
3426 1279 3760 1342 habitabant,

2185 1383 2494 1454 confugium
2546 1380 2778 1443 faciens,
2825 1376 2897 1430 ibi
2937 1389 2995 1429 se
3037 1372 3338 1429 abscondit.
3389 1368 3601 1440 Zipbaﬁ
3646 1382 3764 1422 vero

2186 1475 2277 1547 qui
2313 1489 2435 1529 cum
2482 1471 2601 1541 ejus
2642 1477 2827 1525 essent
2866 1465 3277 1535 consanguinei,
3323 1476 3450 1517 eum
3499 1459 3766 1537 occultare

2187 1565 2521 1627 debuissent,
2577 1560 2796 1616 Saulem
2855 1557 3118 1611 adeuntes
3172 1555 3427 1610 dixerunt
3472 1549 3764 1617 ei:Qesre

2187 1668 2293 1708 non
2328 1650 2590 1706 interlieis
2618 1647 2803 1710 David,
2851 1661 2974 1701 cum
3001 1660 3125 1700 eum
3171 1658 3316 1698 nunc
3344 1641 3551 1696 habeas
3579 1637 3767 1695 interti-

2187 1741 2363 1797 ciendi
2387 1737 2715 1810 potentiam?
2745 1735 2938 1789 Nonne
2962 1735 3108 1789 enim
3153 1731 3503 1788 absconditus
3528 1736 3615 1784 est
3641 1726 3767 1796 apud

2193 1847 2313 1898 nos,
2335 1832 2425 1886 ubi
2457 1845 2581 1886 eum
2611 1837 2765 1899 potes
2805 1825 3093 1880 invenire?
3121 1822 3235 1878 Hoc
3279 1822 3428 1876 dicto
3471 1834 3603 1875 eum
3634 1816 3767 1871 Sauli

2190 1922 2549 1993 prodiderunt
2574 1918 2623 1990 (ι
2659 1917 2789 1987 Reg.
2822 1913 3018 1983 mn).
3047 1915 3243 1987 Figura
3264 1927 3396 1968 vero
3418 1911 3665 1967 historia:
3687 1908 3772 1963 bu-

2187 2015 2276 2085 jus
2306 2014 2420 2068 hmo
2443 2020 2567 2067 est:
2617 2008 2721 2064 Per
2757 2006 3007 2075 Ziphteos
3040 2004 3209 2058 David
3258 2002 3410 2058 Sauli
3455 2000 3763 2072 prodentes,

2192 2105 2283 2174 qui
2314 2105 2559 2173 ﬂorentes
2592 2100 3038 2170 interpretantur,
3061 2094 3231 2152 Judaei
3263 2092 3645 2164 signabantur,
3688 2086 3769 2157 qui

2191 2212 2315 2252 cum
2350 2197 2403 2251 in
2430 2196 2660 2250 terrenis
2688 2192 2968 2258 ﬂorerent,
3013 2190 3096 2248 sui
3124 2189 3275 2244 ﬂoris
3305 2184 3624 2257 arrogantia
3642 2197 3772 2238 eom-

2192 2288 2347 2351 moti,
2376 2284 2649 2339 Christum
2678 2282 2770 2353 qui
2798 2296 2984 2337 revera
3015 2290 3098 2335 est
3122 2278 3324 2340 David,
3356 2276 3509 2331 Sauli
3540 2272 3772 2345 prodide-

2194 2388 2343 2443 runt,
2377 2377 2428 2431 id
2481 2386 2565 2431 est
2625 2374 2822 2437 morti,
2866 2380 3170 2427 metuentes
3211 2369 3467 2424 amittere
3492 2365 3689 2433 locum
3724 2372 3797 2433 et.

2196 2476 2431 2539 gentem.
2467 2464 2567 2533 Qui
2599 2464 2852 2519 Christus
2889 2461 3187 2517 secundum
3228 2457 3487 2514 deitatem
3519 2453 3663 2524 apud
3690 2466 3773 2507 eos

2196 2560 2418 2623 latebat,
2445 2558 2497 2612 id
2521 2565 2607 2612 est
2647 2556 2699 2611 in
2730 2569 2895 2610 carne
2924 2567 3089 2624 quam
3115 2553 3182 2607 de
3207 2565 3396 2606 eorum
3418 2546 3684 2617 sanguine
3725 2545 3773 2597 in

2202 2652 2418 2722 Virgine
2441 2654 2769 2715 sumpserat,
2799 2643 3148 2718 absconditus
3169 2651 3307 2696 erat.
3332 2639 3516 2706 Quare
3539 2651 3668 2691 vero
3689 2648 3773 2704 per

2198 2743 2414 2799 Satllem
2444 2756 2592 2796 mors
2617 2742 2898 2809 figuretur,
2935 2747 3077 2806 sape
3109 2733 3216 2802 iam
3243 2730 3447 2786 dictum
3471 2737 3580 2782 est.
3617 2724 3773 2780 \‘erba

2198 2836 2414 2907 quidem
2452 2832 2614 2897 tituli,
2642 2832 2721 2885 sic
2743 2827 3083 2900 explananda
3106 2833 3257 2880 sunt.
3291 2820 3598 2876 Intellectus
3623 2816 3772 2872 Dauid

2198 2927 2481 2998 Propheta:
2514 2939 2676 2993 quem
2724 2920 2911 2976 habuit
2950 2919 3005 2974 in
3053 2914 3429 2987 componendo
3467 2912 3616 2966 hunc
3657 2924 3775 2981 p81.-

2197 3033 2346 3074 mnm
2378 3035 2391 3071 :
2427 3016 2597 3071 David
2642 3014 2764 3071 dico
2795 3008 3135 3082 respicientis
3180 3009 3235 3061 in
3284 3006 3466 3074 ﬁnem,
3512 3002 3566 3057 id
3615 3000 3775 3056 estin

510 3111 590 3205 ξῖο
611 3107 871 3205 “CW-cali
893 3114 1041 3172 5m“:
1065 3113 1124 3159 υι
1145 3110 1439 3205 αβθιξξδηὲυτ
1466 3098 1980 3205 ίιιῖίιιιίιειιειιιελιυη
2012 3107 2097 3196 ηιξ)
2125 3142 2171 3205 C
2200 3110 2479 3167 Christum
2510 3125 2526 3173 ;
2578 3108 2631 3162 in
2662 3104 3016 3173 carminibus,
3044 3101 3100 3157 id
3124 3108 3209 3155 est
3256 3099 3311 3153 in
3344 3094 3617 3160 laudibus,
3647 3091 3776 3163 quod

509 3202 674 3257 Deum
694 3217 796 3255 non
825 3200 1189 3254 invocaverunt
1213 3194 1539 3263 adjutorem,
1569 3199 1626 3246 et
1653 3188 1779 3259 quia
1811 3185 1920 3240 illic
1941 3185 2098 3256 trepi-

508 3292 761 3346 daverunt
785 3288 990 3353 timore,
1015 3285 1104 3339 ubi
1126 3300 1231 3339 non
1252 3292 1365 3338 erat
1395 3282 1553 3335 timor
1576 3276 1879 3335 habendus.
1925 3273 2099 3330 Judaei

509 3381 719 3439 scilicet
767 3380 1068 3435 timuerunt
1097 3374 1344 3431 carnales
1386 3370 1759 3427 observantias
1786 3366 2098 3431 dimittere;

510 3470 743 3544 gentiles
786 3482 917 3524 vero
947 3465 1088 3521 idola
1119 3478 1215 3519 sua
1246 3477 1352 3518 non
1389 3460 1589 3524 colere,
1619 3473 1738 3529 qua:
1775 3465 2007 3525 utraque
2038 3454 2102 3509 ti-

511 3560 708 3617 menda
751 3572 861 3614 non
891 3563 1094 3612 essent.
1120 3554 1254 3609 Cum
1291 3560 1471 3607 autem
1504 3548 1769 3621 posuerit,
1810 3545 2103 3615 trepidare-

512 3658 661 3714 runt,
690 3634 798 3703 non
825 3644 1098 3716 superﬂuo
1124 3642 1274 3699 addit
1300 3643 1526 3705 timore;
1552 3638 1705 3694 multi
1734 3652 1967 3707 namque
1996 3645 2106 3692 trc-

513 3742 702 3813 pidant
733 3755 838 3795 non
869 3753 1032 3794 causa
1062 3736 1290 3801 timoris,
1336 3734 1433 3791 sed
1474 3749 1573 3805 pro
1599 3733 1770 3801 febre,
1801 3732 1885 3787 vel
1917 3731 2102 3802 aliqua

515 3847 577 3888 re
605 3830 716 3886 tali.
760 3829 884 3885 Ideo
932 3836 1112 3883 autem
1164 3826 1243 3881 sic
1276 3824 1531 3881 exctecati
1562 3830 1709 3889 sunt,
1750 3820 1895 3892 quod
1937 3820 2107 3877 Deum

513 3938 619 3976 non
659 3922 1047 3987 invocaverunt,
1071 3918 1319 3990 quoniam
1360 3916 1503 3971 Deus
1550 3914 1791 3971 Trinitas
1836 3915 2107 3984 dissipavit

515 4030 637 4069 ossa
668 4028 870 4078 eorum,
901 4011 991 4083 qui
1021 4010 1317 4065 hominibus
1341 4006 1566 4080 placent.
1595 4008 1749 4076 Quod
1776 4017 1860 4064 est
1882 4008 2065 4064 dicere
2090 4025 2111 4067 ξ

516 4105 660 4162 Deus
705 4102 1005 4160 debilitavit
1032 4102 1100 4157 ad
1128 4099 1346 4156 modum
1380 4101 1457 4155 rei
1512 4100 1812 4169 dissipatae,
1860 4114 1981 4170 quae
2010 4100 2103 4155 de-

516 4198 641 4253 bilis
669 4195 921 4261 elIicitur,
947 4194 1177 4249 liberum
1200 4191 1486 4247 arbitrium
1513 4200 1568 4246 et
1600 4191 1865 4246 rationem
1896 4205 2105 4256 eorum,

516 4304 587 4345 ne
618 4304 742 4346 cum
772 4289 1027 4343 invocare
1056 4286 1274 4350 vellent,
1325 4292 1381 4339 et
1421 4299 1525 4339 non
1573 4282 1770 4353 injuste
1812 4282 2107 4352 dissipavit,

519 4388 616 4444 sed
660 4388 782 4443 ideo
809 4386 934 4457 quia
977 4383 1193 4455 placent
1233 4380 1601 4437 homininibus
1642 4381 1695 4434 in
1727 4379 2111 4450 persecutione

2202 3214 2284 3262 est
2314 3205 2491 3260 dicere
2516 3219 2531 3257 :
2569 3200 2931 3270 Respicientis
2956 3197 3034 3252 sic.
3063 3196 3116 3249 in
3156 3193 3343 3255 finein,
3368 3199 3427 3243 ut
3457 3187 3641 3243 laudet
3667 3200 3777 3241 eum

2203 3296 2575 3368 componendo
2602 3294 2871 3358 carmina,
2897 3291 3035 3354 lucc,
3064 3288 3118 3343 id
3146 3295 3230 3342 cst
3256 3284 3401 3340 hunc
3428 3280 3697 3351 psalmum
3720 3275 3777 3329 ad

2203 3386 2416 3443 Iaudem
2444 3384 2582 3453 ejus.
2607 3381 2832 3437 llabitus
2860 3392 2945 3436 est
2977 3382 3077 3435 iste
3100 3374 3392 3431 intellectus
3417 3372 3485 3426 ab
3515 3371 3634 3441 ipso
3665 3368 3779 3421 Pro-

2204 3478 2388 3549 pheta,
2412 3491 2529 3529 cum
2563 3474 2665 3530 hoc
2694 3471 2857 3527 fuerit
2880 3471 3024 3541 quod
3047 3468 3297 3524 venissent
3321 3462 3525 3535 Zipltrri
3548 3474 3597 3517 et
3623 3462 3778 3515 dixis-

2203 3580 2319 3625 sent
2344 3570 2412 3623 ad
2437 3566 2567 3623 Saul
2589 3578 2608 3617 :
2642 3564 2831 3620 Nonne
2866 3562 3037 3617 David
3065 3558 3404 3615 absconditus
3417 3569 3489 3611 est
3512 3556 3653 3625 apud
3675 3569 3779 3613 nos,

2205 3663 2296 3718 ubi
2329 3671 2483 3733 potes
2511 3676 2634 3717 eum
2663 3656 3001 3716 interficere?
3031 3655 3099 3711 Et
3119 3662 3241 3726 post
3269 3667 3395 3708 eum
3435 3649 3585 3705 Sauli
3612 3647 3780 3719 prodi-

2207 3755 2424 3821 derunt,
2466 3753 2610 3824 quod
2638 3760 2724 3808 est
2751 3750 2933 3806 dicere
2967 3763 2983 3803 :
3018 3745 3282 3815 Propheta
3308 3741 3662 3798 considerans
3700 3736 3778 3789 Zi-

2207 3846 2391 3919 plnnos
2430 3844 2763 3901 contribules
2790 3857 2938 3908 suos,
2963 3840 3053 3910 qui
3087 3853 3211 3893 eum
3260 3835 3544 3891 occultare
3576 3833 3776 3887 debuis-

2208 3935 2429 4002 sent,ad
2458 3934 2587 3991 Saul
2610 3934 2821 3990 venisse
2844 3941 2901 3987 et
2921 3930 3188 4000 ei,dixisse
3216 3945 3230 3980 :
3265 3924 3456 3980 Nonne
3486 3922 3654 3977 David
3676 3921 3781 3974 abs-

2209 4028 2447 4082 conditus
2481 4035 2555 4081 est
2599 4026 2739 4096 apud
2772 4024 2902 4079 nos?
2934 4031 2990 4078 et
3024 4030 3211 4093 postea
3253 4034 3375 4074 eum
3425 4016 3575 4072 Sauli
3619 4012 3783 4083 prodi-

2211 4118 2377 4185 disse,
2407 4128 2463 4173 et
2491 4132 2588 4188 per
2609 4118 2710 4172 hoc
2739 4114 3012 4188 negotium
3046 4114 3097 4166 in
3127 4127 3185 4167 se
3212 4107 3566 4179 completum,
3595 4102 3782 4159 intelli-

2210 4226 2345 4282 gens
2376 4219 2565 4267 sancto
2597 4208 2802 4280 Spiritu
2830 4205 3035 4263 Christi
3062 4202 3431 4273 proditionem
3460 4198 3529 4252 ad
3569 4202 3781 4251 mortem

2212 4318 2242 4358 a
2264 4301 2465 4358 Judazis
2488 4301 2792 4357 faciendam
2819 4294 3153 4368 prarligurari
3181 4290 3522 4361 respiciendo
3548 4289 3600 4343 in
3624 4288 3782 4356 ipsum

2212 4395 2514 4459 Christum,
2546 4393 2692 4447 hunc
2716 4389 2981 4460 psalmum
3006 4389 3058 4442 in
3086 4385 3204 4455 ejus
3232 4384 3447 4438 laudem
3477 4378 3781 4451 composuit.

521 4480 782 4545 ﬁd‘qiumt
831 4479 884 4535 id
915 4486 1001 4535 εει
1040 4476 1161 4532 ideo
1190 4482 1591 4546 Ρθτδθίιυυηίυτ
1619 4487 1715 4529 eos
1767 4480 1825 4527 ut
1864 4472 2112 4543 p'aceam
2146 4494 2189 4549 D
2214 4491 2271 4548 In
2306 4505 2414 4561 quo
2440 4504 2563 4546 eum
2597 4485 2895 4542 introducit
2938 4481 3237 4539 secundum
3276 4477 3685 4539 humanitatem,
3712 4471 3784 4526 di-

525 4573 628 4627 sibi
656 4573 890 4628 invicem
912 4571 1003 4643 qui
1026 4569 1347 4643 simpliciter
1367 4568 1619 4624 homines
1645 4575 1794 4632 sunt,
1820 4580 1927 4623 non
1948 4566 2112 4620 etiam

526 4661 622 4719 Dei
648 4664 699 4717 in
717 4677 907 4719 eorum
932 4663 1305 4732 persecutione
1332 4680 1344 4715 :
1376 4660 1529 4729 Quod
1556 4670 1641 4716 est
1666 4660 1847 4716 dicere
1871 4676 1885 4711 :
1914 4657 1984 4714 Ut
2006 4658 2113 4729 glo-

527 4756 738 4811 rientur
786 4753 854 4808 ad
903 4753 1155 4809 invicem.
1194 4755 1260 4810 Et
1316 4753 1416 4826 ipsi
1452 4753 1566 4824 jam
1612 4750 1861 4821 dissipati
1908 4750 2114 4819 confusi

527 4844 737 4912 sunt,id
761 4852 846 4899 est
873 4843 1271 4899 conl’undentur
1298 4845 1547 4909 omnino,
1568 4842 1657 4897 hic
1684 4842 1896 4913 scilicet
1916 4848 1975 4894 ut
1994 4840 2115 4911 plus

530 4942 873 5003 excaacentur
904 4934 957 4987 in
980 4932 1161 4989 futuro
1189 4944 1248 4990 ut
1276 4936 1396 4992 sine
1421 4936 1525 4992 llne
1547 4935 1865 5005 perdantur,
1888 4931 2118 5002 ideoque

529 5026 947 5095 conl'undentur,
989 5026 1234 5096 quoniam
1275 5026 1414 5080 Deus
1460 5030 1648 5096 sprevit
1694 5043 1782 5082 eos
1830 5041 1932 5097 pro
1959 5024 2129 5081 malis

531 5121 743 5180 meritis
783 5134 994 5177 eorum.
1026 5117 1180 5173 Facit
1216 5132 1394 5173 autem
1423 5119 1775 5188 quaestionem
1806 5129 1867 5175 ut
1894 5124 2121 5191 ipsemet

532 5214 730 5279 solvat,
780 5213 900 5269 sic:
939 5211 1068 5267 Dico
1114 5210 1257 5280 quod
1310 5209 1451 5265 Deus
1496 5210 1697 5280 sprevit
1743 5225 1857 5266 eos.
1908 5210 1975 5265 Et
2000 5214 2118 5283 quis

532 5307 709 5369 Deus?
738 5306 995 5377 Sequitur
1018 5302 1237 5359 solutio.
1258 5301 1352 5355 Ille
1373 5301 1466 5371 qui
1486 5317 1551 5355 ex
1576 5300 1703 5356 Sion
1726 5317 1956 5357 nascens
1976 5304 2119 5358 dabit

534 5400 591 5457 in
622 5400 724 5456 hoc
756 5400 955 5454 mundo
977 5396 1210 5452 salutare
1255 5391 1445 5458 Israel,
1482 5392 1536 5446 id
1564 5400 1649 5447 est
1677 5392 1828 5448 dabit
1867 5393 2122 5449 salvatio—

536 5505 665 5547 nem
694 5491 940 5547 fidelibus
977 5503 1046 5544 ne
1072 5494 1415 5545 excaecentur
1438 5495 1626 5543 contra
1654 5491 1816 5562 180
1855 5490 1957 5544 hoc
1980 5488 2121 5558 quod

538 5581 822 5651 dissipavit
849 5581 938 5637 hic
966 5595 1090 5637 ossa
1123 5578 1513 5651 insipientium,
1540 5589 1595 5635 et
1629 5593 1816 5638 contra
1850 5585 1952 5639 hoc
1982 5583 2123 5653 quod

541 5673 599 5729 in
630 5672 809 5728 l'uturo
836 5673 1130 5731 confundet
1157 5675 1320 5744 ipsos.
1362 5673 1417 5730 In
1451 5676 1629 5732 futuro
1654 5674 1932 5731 exsultabit
1960 5676 2124 5730 Jacob

543 5781 590 5819 ει
614 5764 876 5819 (celabitur
901 5764 1089 5832 Israel,
1106 5765 1158 5821 id
1183 5774 1266 5823 est
1285 5766 1591 5839 gaudebunt
1616 5766 1799 5822 fideles
1820 5775 1873 5821 et
1896 5766 2128 5836 majores

2215 4584 2396 4638 vinam
2427 4580 2752 4635 Trinitatem
2776 4584 3047 4641 orantem,
3077 4584 3138 4628 ut
3163 4587 3288 4629 eum
3315 4572 3367 4626 in
3396 4569 3643 4640 passione
3666 4578 3783 4619 cono

2217 4682 2450 4731 stantem
2482 4670 2670 4736 faciat,
2697 4684 2764 4725 ne
2787 4670 2983 4723 timore
3008 4666 3165 4722 cedat
3191 4678 3316 4720 cum
3341 4661 3546 4732 Ziphaei
3569 4656 3781 4731 prodent

2216 4779 2341 4821 eum
2365 4762 2534 4819 Sauli.
2568 4759 2702 4817 Orat
2730 4774 2950 4831 quoque
2976 4757 3043 4813 de
3063 4753 3467 4812 resurrectione
3485 4760 3541 4807 et
3569 4763 3661 4821 pro
3690 4745 3782 4800 ini-

2218 4857 2395 4922 micis,
2446 4865 2503 4911 et
2549 4854 2787 4911 ostendit
2830 4851 3139 4923 passionem
3184 4861 3377 4913 suam,
3422 4859 3524 4916 pro
3549 4857 3648 4912 qua
3674 4853 3783 4894 eum

2219 4956 2468 5019 oporteat
2494 4960 2676 5011 orare,
2702 4952 2758 5000 et
2789 4942 3058 5014 promittit
3080 4938 3432 5009 semetipsum
3459 4948 3580 4990 esse
3612 4931 3784 4985 volun-

2222 5040 2359 5096 tarie
2391 5039 2441 5093 in
2472 5052 2637 5094 cruce
2684 5034 3041 5098 offerendum,
3079 5031 3324 5087 contuitu
3372 5021 3783 5083 resurrectionis,

2221 5132 2366 5202 quod
2392 5129 2720 5187 sacrificium
2750 5140 2914 5182 causa
2943 5136 3061 5189 est,
3110 5138 3280 5193 quare
3311 5121 3454 5176 Deus
3496 5133 3616 5175 eum
3642 5128 3784 5170 oran-

2224 5233 2332 5280 tem
2362 5221 2559 5278 debeat
2583 5219 2859 5275 exaudire.
2888 5216 3001 5272 IIoc
3026 5230 3158 5271 vero
3185 5212 3329 5283 quod
3374 5211 3610 5282 positum
3636 5216 3713 5259 est
3739 5206 3782 5254 in

2223 5314 2420 5369 titulo:
2463 5311 2654 5366 Nonne
2690 5310 2880 5374 David,
2912 5307 3045 5363 nihil
3067 5306 3135 5360 ad
3181 5304 3411 5376 ﬁguram
3444 5302 3650 5358 videtur
3676 5310 3787 5365 ope-

2224 5405 2332 5459 rari
2395 5404 2447 5459 in
2502 5401 2693 5473 psalmi
2724 5400 3109 5464 intensionem,
3136 5396 3232 5454 sed
3262 5396 3331 5452 ad
3360 5394 3601 5450 historia:
3626 5399 3785 5445 osten-

2225 5495 2454 5551 sionem.

2297 5584 2440 5640 Deus
2470 5584 2661 5657 Pater,
2706 5581 2908 5637 salvum
2953 5598 3035 5635 me
3072 5579 3182 5651 fac,
3227 5594 3294 5635 ne
3325 5578 3540 5633 cedam.
3572 5574 3653 5629 lle
3683 5572 3785 5628 dico

2228 5677 2283 5731 in
2307 5676 2516 5731 nomine
2553 5684 2665 5738 tuo,
2691 5674 2742 5728 id
2767 5683 2852 5729 est
2890 5673 2943 5727 in
2968 5673 3228 5727 honorem
3260 5671 3500 5726 nominis
3528 5669 3599 5725 lui
3629 5678 3783 5735 persc-

2231 5766 2704 5847 verantem,juxta
2739 5764 2904 5819 illud:
2937 5781 2955 5814 ι
2993 5762 3105 5817 Non
3132 5777 3317 5831 quzero
3355 5760 3581 5830 gloriam
3615 5770 3783 5807 mmn.
