3846 6334
93 371 173 425 8ἲ7

988 355 1353 415 EXPOSITIO
1391 353 1458 411 IN
1491 348 1812 409 PSALMOS
1838 380 1908 389 ——
1945 346 2140 403 PSAL.
2171 346 2305 401 LIV.

3221 346 3323 404 878

93 480 167 537 sed
187 479 298 550 ejus
321 479 414 549 qui
443 476 690 535 misitme
710 474 886 531 Patris
908 473 1092 545 (Joan.
1114 472 1392 543 vnt,50);s
1410 481 1457 525 et
1463 468 1650 541 judico
1678 471 1731 530 Α
1758 461 1914 530 Quod
1943 471 2027 519 est
2064 462 2248 518 dicere
2272 476 2285 514 :
2313 460 2613 531 Despiciam
2637 502 2653 525 .
2684 461 2736 516 id
2763 470 2845 517 est
2873 462 3122 519 deorsum
3155 467 3327 537 aspici

92 586 157 623 ate
180 570 315 624 sicut
340 567 664 637 iudicandus
694 580 835 631 sum,
861 563 1108 619 facieinlo
1135 562 1343 617 scilicet
1364 572 1652 630 resurgere

92 664 135 716 in
153 662 334 715 uirtute
361 669 477 725 tua,
501 658 552 713 id
576 665 659 713 est
698 657 751 712 in
772 656 1011 727 potentia
1035 653 1312 722 tua.Quod
1333 660 1416 708 est
1437 652 1649 707 dicere:

92 751 203 819 Quia
228 759 421 819 potens
444 764 503 804 es
529 748 596 803 ad
622 762 708 802 me
732 745 1184 802 resuscitandum.
1205 743 1453 800 Ostendit
1473 750 1652 797 autem

92 857 137 897 se
166 841 383 909 dignum
410 839 777 904 exauditione,
805 853 925 892 cum
960 852 1066 892 non
1096 835 1268 891 solum
1304 835 1482 891 verbis
1507 875 1521 900 ,
1560 833 1653 889 sed

92 944 133 989 et
154 932 436 987 aﬂ'ectione
460 940 600 997 oret,
628 946 752 986 cum
795 930 945 984 addit
970 946 981 981 :
1008 929 1116 984 Oro
1149 928 1350 984 salvum
1386 944 1466 981 me
1496 926 1581 995 fac
1604 935 1655 980 et

87 1025 247 1093 judico
288 1040 391 1088 me,
434 1032 489 1077 et
525 1024 627 1077 hoc
649 1038 747 1077 oro
778 1030 832 1076 et
860 1020 1146 1076 allectione
1173 1028 1228 1075 et
1255 1018 1457 1074 verbis.
1487 1018 1651 1089 Ergo,

92 1114 237 1177 Deus,
266 1114 462 1167 exaudi
504 1113 792 1167 orationem
830 1128 998 1165 meam
1025 1110 1309 1166 affectione
1354 1109 1573 1177 factam,
1602 1118 1657 1164 et

92 1204 288 1257 auribus
315 1205 543 1274 percipe,
588 1204 642 1259 id
667 1213 771 1269 est,
822 1203 946 1257 audi
981 1203 1133 1257 verba
1162 1204 1269 1257 oris
1317 1204 1439 1268 mei,
1471 1203 1524 1257 id
1548 1212 1648 1268 est,

92 1294 373 1350 orationem
422 1309 584 1364 quam
634 1294 817 1352 verbis
862 1294 1101 1365 profero.
1149 1295 1401 1350 Auribus-
1418 1297 1651 1366 percipe,

94 1386 205 1440 dicit
251 1387 319 1441 ad
359 1387 655 1441 htnnanum
702 1389 938 1442 modum.
978 1385 1212 1443 Necesse
1252 1399 1336 1443 est
1370 1400 1549 1444 autem
1598 1400 1658 1444 ut

92 1490 221 1529 orem
267 1484 342 1541 te,
384 1486 443 1530 ut
474 1491 561 1531 me
599 1475 805 1532 salvum
838 1475 1012 1533 facias
1044 1492 1114 1534 ne
1142 1477 1330 1533 cedam
1362 1496 1376 1546 ;
1408 1480 1657 1550 quoniam

93 1562 254 1627 alieni,
284 1564 339 1619 id
372 1575 455 1620 est
481 1564 650 1620 Judaei
701 1567 790 1637 qui
836 1566 1097 1623 deberent
1142 1584 1263 1624 esse
1305 1570 1495 1633 amici,
1531 1585 1655 1625 cum

92 1656 180 1709 sint
200 1657 535 1713 contribules
557 1658 685 1720 mei,
710 1658 811 1729 ipsi
834 1673 965 1714 vero
995 1667 1123 1714 sunt
1143 1658 1306 1715 alieni
1334 1675 1363 1715 a
1394 1675 1478 1715 me
1507 1660 1655 1726 iacti,

94 1760 169 1815 per
194 1749 507 1818 superbiam
539 1758 595 1804 et
619 1750 874 1805 invidiam
906 1765 1060 1806 suam
1089 1766 1103 1817 ;
1131 1750 1527 1805 insurrexerunt
1555 1751 1657 1805 ad-

94 1853 274 1893 versum
304 1856 408 1906 me,
439 1841 701 1911 capiendo
719 1880 736 1907 ,
762 1842 1102 1896 verberando
1128 1850 1182 1896 et
1210 1840 1653 1913 blasphemando,

97 1928 234 1999 181
265 1939 315 1983 et
350 1931 452 2001 ipsi
490 1931 650 2000 fortes
686 1945 807 1986 esse
832 1930 1096 1997 volentes,
1126 1932 1194 1987 ad
1222 1934 1324 1988 hoc
1360 1942 1419 1988 ut
1448 1949 1535 1990 me
1562 1934 1660 1991 de-

96 2021 284 2073 tineant
310 2020 366 2075 in
398 2030 595 2087 morte,
617 2021 934 2092 quaesierunt
972 2024 1205 2078 animam
1247 2040 1439 2092 meam,
1470 2025 1520 2079 id
1556 2035 1658 2082 est.

95 2119 319 2178 (merent
353 2122 413 2166 ut
440 2110 692 2167 auferant
714 2114 883 2168 vitam
914 2130 1112 2169 tneam.
1144 2114 1210 2170 Et
1235 2131 1357 2171 cum
1402 2117 1664 2175 deberent

93 2204 427 2259 considerare
456 2222 543 2261 me
568 2205 737 2262 Deum
760 2221 902 2274 esse,
933 2217 988 2263 et
1018 2210 1098 2266 sic
1118 2225 1226 2267 non
1257 2215 1530 2287 persequi,
1560 2231 1664 2271 non

95 2306 484 2364 proposuerunt,
512 2297 563 2352 id
595 2307 680 2354 est
727 2314 833 2356 non
858 2312 1159 2373 proponent
1187 2317 1309 2361 ante
1332 2320 1661 2380 conspectum

95 2400 225 2439 suum
254 2388 599 2453 interiorem,
637 2388 805 2445 Deum
839 2394 1087 2464 verbum,
1132 2398 1263 2453 mihi
1308 2401 1667 2471 personaliter

96 2475 305 2545 unitum,
333 2493 460 2534 esse
495 2478 627 2533 mihi
673 2481 1045 2539 auxiliatorem
1071 2525 1085 2550 ,
1128 2488 1274 2558 quod
1318 2499 1402 2545 est
1443 2491 1661 2548 dicere:

98 2564 192 2621 Non
216 2572 648 2630 considerabant
676 2592 763 2631 me
796 2589 917 2631 esse
950 2577 1220 2634 hominem
1261 2590 1316 2635 ct
1357 2578 1544 2638 Deum.
1578 2585 1668 2638 Di-

98 2670 223 2715 ceret
249 2662 489 2732 aliquis:
526 2665 777 2723 Habesne
813 2667 980 2723 Deum
1013 2669 1108 2724 tibi
1151 2673 1507 2741 personaliter
1548 2675 1670 2729 uni-

100 2758 192 2805 tum
234 2754 566 2823 adjutorem.
605 2756 1066 2828 Respondit:lta.
1098 2761 1238 2817 Vere
1281 2763 1447 2818 Deum
1474 2780 1670 2836 propo-

100 2858 208 2898 nere
232 2845 521 2902 deberent.
551 2846 686 2903 Ecce
707 2850 843 2903 enim
867 2849 919 2904 in
950 2854 1202 2920 praesenti
1231 2863 1334 2921 est,
1365 2857 1506 2925 quod
1528 2857 1668 2913 Deus

100 2938 293 3007 adjuvat
349 2959 456 3007 me,
498 2941 705 2999 faciens
735 2954 1102 3025 constantem,
1148 2957 1201 3003 et
1250 2949 1368 3003 ideo
1410 2950 1673 3006 deberent

99 3035 404 3090 constantia:
428 3050 562 3091 mea:
582 3037 850 3101 contuitu,
874 3053 998 3093 eum
1020 3049 1141 3094 ante
1164 3050 1490 3109 conspectum
1517 3058 1669 3095 suum

1690 1810 1731 1867 Β

1753 554 1949 610 faciam
1996 554 2141 624 ipsos
2176 552 2447 618 inimicos,
2479 567 2643 623 super
2667 567 2760 608 eos
2788 568 3072 624 apparens,
3117 568 3327 627 partem

1753 644 1886 699 mihi
1938 642 2306 715 subjugando,
2352 643 2612 700 salvando
2667 642 2915 709 scilicet,
2972 654 3182 714 partem
3233 662 3337 718 pcr

1754 732 2016 787 mundum
2044 732 2425 804 dispergendo.
2450 733 2517 788 Et
2556 733 2657 788 hoc
2682 742 2763 788 est
2788 747 2850 787 ac
2873 732 2917 788 si
2948 732 3154 790 diceret
3178 750 3193 789 :
3224 738 3330 793 De—

1756 825 1854 880 bes
1884 840 1971 880 me
2005 834 2252 881 orantem
2279 826 2558 894 exaudire,
2588 834 2648 880 ut
2674 840 2704 881 a
2735 825 3081 881 tribulatione
3110 828 3332 897 eripias.

1755 913 1891 968 Nam
1916 914 2036 969 ideo
2062 915 2370 984 sacriﬁcabo
2395 915 2506 982 tibi,
2531 915 2655 985 quia
2689 906 2939 971 ﬁduciam
2969 914 3166 980 habeo,
3192 918 3333 985 quod

1754 1021 1837 1061 me
1866 1022 1932 1060 ex
1969 1007 2110 1060 omni
2145 1006 2480 1061 tribulatione
2508 1008 2726 1077 eripies,
2772 1015 2828 1062 et
2874 1014 2997 1077 post
3043 1008 3335 1078 despiciam

1754 1112 1908 1165 super
1932 1096 2167 1150 inimicos
2192 1112 2332 1150 meos
2359 1095 2449 1166 qui
2473 1111 2558 1152 me
2588 1098 2747 1152 modo
2779 1097 2832 1151 in
2862 1096 3166 1153 humilitate
3187 1098 3335 1168 posi-

1759 1196 1869 1242 tum
1906 1188 2228 1259 despiciunt,
2254 1187 2304 1242 id
2330 1197 2414 1243 est
2443 1187 2752 1244 inferiorem
2778 1204 2836 1245 se
2866 1199 3139 1260 reputant.

2244 1281 2311 1336 IN
2362 1281 2690 1338 PSALMUM
2712 1282 2845 1337 LIV.
2940 1308 2945 1315 ο

1828 1372 2028 1429 Psahni
2057 1372 2491 1444 quinquagesimi
2520 1375 2698 1446 quarti
2726 1374 2934 1429 titulus.
2975 1374 3041 1430 In
3076 1362 3257 1445 ﬁnem,
3288 1378 3344 1431 in

1759 1466 2099 1531 carminibus,
2124 1465 2418 1520 intellectus
2450 1466 2545 1536 ipsi
2584 1466 2777 1532 David,
2826 1468 2966 1539 quod
2997 1469 3075 1524 sic
3121 1470 3345 1540 exponi-

1760 1566 1866 1635 tur.
1899 1557 2199 1614 Intellectus
2220 1556 2377 1629 hujus
2396 1561 2586 1631 psalmi
2616 1562 2971 1619 ascrihendus
2996 1572 3079 1620 est
3110 1565 3212 1632 ipsi
3238 1566 3335 1620 Da-

1759 1650 1867 1717 vid,
1919 1650 1971 1705 id
2010 1658 2097 1706 est
2129 1650 2351 1707 Christo
2384 1653 2774 1723 perseveranti,
2824 1654 2878 1709 in
2907 1656 3259 1724 carminibus,
3292 1657 3343 1712 id

1760 1754 1843 1798 est
1866 1743 1921 1798 in
1950 1742 2222 1812 laudibus,
2265 1754 2327 1800 ut
2355 1744 2540 1803 laudet
2565 1746 2736 1805 Deum
2767 1748 3084 1815 intentione,
3127 1763 3261 1805 voce
3290 1761 3348 1805 et

1760 1850 1944 1905 opere,
1973 1851 2078 1892 non
2110 1835 2378 1893 desistens
2410 1838 2655 1916 etiamin
2685 1839 2797 1911 ipsa
2830 1841 3099 1910 passione,
3132 1840 3220 1896 ubi
3246 1855 3342 1911 po-

1763 1926 1870 1983 tius
1900 1926 2042 1984 Deus
2069 1927 2370 1986 laudandus
2396 1940 2497 1986 est.
2531 1928 2598 1986 In
2631 1933 2948 1988 carminibus
2998 1931 3119 1989 dico
3163 1948 3349 2004 porse-

1764 2019 1974 2075 veranti
2012 2034 2184 2091 usque
2220 2022 2276 2076 in
2320 2020 2501 2091 ﬁnem,
2536 2022 2745 2079 scilicet
2789 2023 2934 2093 vitm,
2968 2023 3019 2080 id
3058 2034 3143 2080 est
3177 2024 3349 2081 donec

1765 2110 1874 2165 vita
1903 2111 2021 2183 ejus
2046 2127 2141 2183 per
2170 2122 2400 2169 mortem
2430 2114 2606 2171 crucis
2633 2115 2909 2181 (iniretur,
2941 2115 3025 2172 vel
3056 2116 3136 2171 sic
3165 2130 3352 2187 perse-

1764 2204 1977 2259 veranti
2024 2205 2079 2259 in
2124 2206 2445 2262 carminibus
2475 2221 2646 2277 usque
2674 2207 2729 2260 in
2764 2206 2941 2275 ﬁnem,
2975 2208 3025 2262 id
3060 2216 3145 2263 est
3174 2224 3349 2279 usque

1766 2293 1821 2348 in
1873 2296 2402 2350 consummationem
2444 2294 2783 2349 aeternitatis.
2835 2294 2986 2362 Quod
3029 2303 3113 2352 est
3144 2296 3347 2361 dicere.

1764 2386 2131 2456 perseveranti
2162 2387 2215 2439 in
2244 2386 2587 2450 carminibus,
2614 2386 2665 2441 id
2691 2394 2773 2440 est
2800 2385 2853 2440 in
2885 2386 2977 2442 Dei
3008 2386 3353 2455 laudibus,et

1768 2476 1821 2531 in
1854 2476 2129 2549 prosperis
2156 2488 2210 2533 et
2241 2478 2295 2534 in
2327 2478 2571 2553 adversis
2599 2518 2615 2543 ,
2662 2479 2834 2534 donec
2881 2478 3023 2534 Deus
3066 2479 3352 2537 reduceret

1767 2582 1890 2623 eum
1913 2569 1968 2624 in
1994 2570 2293 2639 perfectam
2319 2581 2373 2626 et
2399 2581 2835 2628 consummatam
2864 2572 3346 2630 immortalitatem.

1770 2658 1871 2716 Ubi
1913 2675 2043 2716 vero
2071 2663 2291 2733 ponitur
2318 2663 2372 2717 in
2401 2665 2743 2731 carminibus,
2790 2664 2927 2721 solet
2975 2667 3171 2738 saepius
3212 2666 3352 2737 psal-

1770 2765 1892 2805 mus
1926 2751 1991 2805 de
2020 2751 2281 2807 Passione
2308 2768 2470 2823 agere
2497 2771 2510 2807 :
2539 2763 2596 2808 et
2624 2754 2870 2810 innuitur
2895 2754 3053 2811 nobis
3077 2756 3219 2827 quod
3246 2756 3353 2811 sic-

1770 2850 1831 2896 ut
1857 2842 2107 2898 Christus
2143 2844 2195 2898 in
2242 2845 2494 2915 passione
2539 2859 2638 2901 sua
2675 2846 2728 2900 in
2767 2844 2927 2901 laude
2963 2846 3056 2903 Dei
3095 2861 3349 2916 perseve-

1772 2935 1936 3001 ravit,
1970 2936 2044 2990 ita
2075 2944 2131 2990 et
2161 2951 2259 2991 nos
2289 2936 2342 2991 in
2370 2935 2811 2992 tribulationibus
2843 2937 3066 2992 minime
3095 2938 3351 2993 debemus

1773 3043 1803 3081 a
1836 3028 1927 3083 Dei
1956 3027 2113 3083 laude
2136 3043 2374 3083 cessare.
2408 3027 2464 3083 In
2496 3029 2598 3084 hoc
2619 3029 2799 3082 autem
2827 3020 3034 3099 pSalmo
3057 3030 3354 3085 introduci-

100 3131 430 3191 proponere:
459 3135 507 3179 et
550 3126 807 3182 Dominus
857 3128 989 3183 mihi
1041 3130 1399 3199 personaliter
1445 3133 1627 3186 unitus
1653 3174 1668 3200 ,

1780 3127 1862 3173 tur
1889 3129 2048 3189 caput
2078 3134 2264 3181 orans,
2296 3133 2365 3173 ne
2396 3119 2448 3174 in
2489 3119 2740 3191 passione
2768 3122 2954 3187 cedat,
2985 3129 3041 3176 et
3071 3129 3131 3176 ut
3176 3136 3357 3176 resur-

98 3222 349 3282 susceptor
390 3223 471 3268 est
517 3216 706 3270 a'nima:
737 3233 886 3283 mete,
919 3217 971 3271 id
1010 3226 1094 3273 est
1136 3221 1393 3290 suscipiet
1438 3222 1671 3275 animum

101 3315 285 3371 meam,
308 3315 373 3359 ut
404 3307 472 3361 ad
504 3322 699 3377 corpus
723 3317 845 3378 post
872 3317 981 3365 tres
1008 3310 1124 3365 dies
1152 3312 1393 3367 reducat.
1419 3311 1676 3382 Sequitur

100 3397 258 3450 oratio
284 3412 390 3467 pro
418 3398 653 3454 inimicis
676 3400 755 3455 sic
780 3418 793 3454 :
819 3399 1078 3468 Quamvis
1097 3402 1381 3474 insurgant
1400 3404 1675 3458 adversum

102 3499 191 3549 me,
211 3496 266 3541 ct
290 3496 545 3557 qua-rant
573 3490 806 3544 animum
836 3507 1028 3559 meam,
1064 3500 1267 3548 tantum
1290 3509 1406 3560 oro,
1433 3496 1674 3562 Domine,

103 3588 259 3631 averte
291 3580 463 3645 mala,
490 3595 610 3649 quae
643 3593 920 3637 merentur
954 3583 1018 3637 ab
1044 3583 1270 3639 inimicis
1296 3588 1443 3641 meis.
1476 3587 1542 3641 Et
1571 3589 1679 3642 dis-

104 3670 244 3732 perde
272 3671 397 3724 illos
426 3673 721 3728 secundum
751 3674 894 3744 quod
920 3674 1043 3730 mali
1075 3685 1226 3743 sunt,
1256 3678 1309 3731 in
1332 3679 1545 3734 veritate
1565 3690 1675 3746 tua,

104 3757 340 3816 faciendo
382 3763 656 3829 existere,
690 3765 744 3820 id
790 3765 958 3820 estin
988 3765 1371 3824 conformitale
1414 3770 1540 3838 mei,
1586 3771 1679 3841 qui

104 3864 209 3905 sum
238 3855 446 3909 veritas
476 3864 586 3922 tua,
612 3856 767 3927 juxta
791 3857 917 3911 illud
942 3874 957 3920 ;
989 3875 1009 3910 ι
1040 3858 1152 3929 Ego
1172 3874 1315 3927 sum,
1344 3861 1451 3927 via,
1483 3861 1683 3918 veritas

103 3946 272 3999 etrita
304 3947 493 4019 (Joan.
526 3964 633 4015 xiv,
666 3948 746 4020 6),
784 3969 802 4003 ι
836 3950 915 4004 vel
940 3959 1117 4021 potest
1140 3966 1261 4006 esse
1295 3954 1574 4009 concessio
1602 3954 1684 4010 di-

106 4034 233 4089 vina
246 4034 505 4105 iustitiae,
528 4039 610 4093 sic
633 4057 645 4092 :
676 4040 803 4096 Dico
823 4043 967 4111 quod
999 4041 1156 4110 fortes
1182 4052 1426 4112 quaerent
1452 4045 1684 4101 animam

104 4139 264 4181 means
286 4128 539 4185 detinere
559 4130 611 4184 in
638 4140 829 4194 morte,
846 4140 900 4186 et
920 4132 1040 4188 ideo
1068 4134 1329 4201 concedo,
1350 4145 1523 4189 averte
1544 4136 1686 4192 mala

106 4214 213 4272 haec
237 4233 268 4272 a
298 4233 394 4274 me
420 4236 488 4275 ne
528 4222 773 4278 detinear
798 4233 853 4278 et
875 4222 1090 4290 cedam,
1120 4234 1177 4281 et
1215 4227 1280 4282 da
1307 4228 1531 4283 mimicis
1559 4228 1685 4283 meis

108 4308 213 4368 haec
227 4314 400 4380 mala,
418 4314 625 4372 scilicet
646 4323 705 4371 ut
732 4315 802 4372 ab
827 4317 1074 4373 hostibus
1096 4318 1354 4375 Romanis
1378 4320 1685 4387 vincantur,

107 4412 157 4455 et
183 4404 237 4457 in
266 4415 538 4461 mternum
582 4408 927 4464 damnentur.
976 4410 1210 4480 Exponit
1246 4420 1427 4467 autem
1477 4422 1686 4482 partem

1775 3218 1887 3281 gat,
1914 3212 2208 3266 ostendens
2233 3211 2538 3282 passionem
2563 3226 2739 3276 suam,
2766 3227 2864 3282 pro
2889 3226 2993 3282 qua
3016 3226 3139 3268 eum
3170 3227 3357 3267 neces-

1776 3317 1835 3358 se
1860 3312 1942 3359 est
1971 3319 2152 3361 orare.
2180 3306 2307 3376 Agit
2332 3306 2496 3362 etiam
2530 3305 2595 3359 de
2625 3304 2933 3375 repulsione
2957 3302 3285 3369 Judaeorum,
3304 3314 3358 3360 et

1777 3397 2132 3453 conversione
2161 3398 2427 3468 gentium,
2456 3398 2519 3452 de
2541 3412 2769 3467 quorum
2796 3396 3102 3453 Iudaeorum
3134 3398 3355 3453 damna-

1779 3488 1926 3543 tione
1956 3488 2092 3543 etin
2130 3502 2357 3560 corpore
2396 3498 2451 3544 et
2504 3489 2556 3543 in
2612 3489 2790 3542 anima
2834 3489 3147 3546 concessive
3204 3490 3354 3561 agit;

1778 3579 2259 3651 praadicitquoque
2283 3595 2341 3636 se
2380 3588 2721 3636 constantem
2770 3579 3033 3650 futurum,
3077 3590 3132 3638 et
3175 3597 3361 3639 resura

1780 3681 2058 3727 recturum
2085 3682 2138 3727 et
2166 3674 2231 3727 ad
2266 3672 2432 3728 cmlos
2453 3687 2829 3739 ascensurum,
2866 3682 2922 3728 et
2951 3674 3055 3730 hoc
3086 3682 3258 3729 totum
3295 3676 3362 3729 azl

1781 3763 2192 3819 instructionem
2232 3766 2389 3836 182
2438 3765 2924 3820 convertendorum
2975 3768 3146 3838 ponit,
3192 3776 3253 3822 ut
3293 3767 3360 3822 de

1782 3856 1955 3913 salute
1980 3872 2076 3913 sua
2107 3857 2274 3914 Deum
2306 3858 2549 3929 diligant,
2581 3866 2638 3914 et
2660 3857 2713 3914 in
2743 3859 3044 3929 perditione
3069 3860 3363 3915 infidelium

1784 3948 1885 4004 sibi
1912 3958 2165 4016 caveant,
2194 3964 2263 4004 ne
2286 3952 2380 4005 sia
2408 3950 2517 4007 Deo
2538 3949 2906 4019 discesserint,
2936 3951 3188 4008 similiter
3216 3950 3367 4008 dam-

1747 4049 1762 4063 '
1784 4048 2002 4097 nentur.
2031 4039 2186 4097 Unde
2219 4041 2348 4098 dicit
2377 4057 2392 4097 :

1857 4130 2094 4199 Exaudi,
2124 4131 2283 4197 Deus,
2316 4133 2603 4190 orationem
2627 4151 2818 4202 meam,
2842 4141 2904 4190 ut
2932 4150 3019 4190 me
3051 4135 3365 4200 resuscites,

1787 4231 1842 4281 et
1867 4225 2224 4281 immortalem
2253 4224 2423 4282 facias
2456 4235 2510 4282 et
2537 4226 2765 4291 exaltes,
2794 4234 2841 4281 et
2864 4241 2925 4281 ne
2951 4227 3245 4296 despexeris
3272 4228 3367 4281 de-

1787 4316 2136 4385 precationem
2162 4332 2353 4379 meam,
2388 4331 2492 4387 qua
2518 4331 2616 4371 oro
2647 4332 2713 4371 ne
2741 4315 3027 4386 permittas
3054 4330 3139 4370 me
3165 4317 3217 4370 in
3243 4332 3372 4386 pas-

1789 4403 1942 4460 sione
1984 4405 2234 4461 delicere.
2277 4404 2445 4461 Orare
2496 4406 2711 4477 proprie
2741 4404 2999 4471 dicimur,
3046 4408 3263 4478 quando
3303 4409 3371 4462 ad

109 4497 399 4564 malorum,
429 4514 551 4555 cum
590 4502 777 4557 addit:
810 4501 877 4555 In
906 4502 1122 4557 veritate
1147 4512 1260 4570 tua,
1291 4504 1341 4559 id
1370 4505 1529 4560 estin
1560 4519 1689 4559 vero
1720 4536 1765 4595 υ
1792 4500 1895 4553 hoc
1929 4512 2219 4567 precamur
2245 4539 2259 4565 ,
2292 4507 2353 4553 ut
2394 4498 2597 4570 aliquid
2635 4514 3050 4569 consequamur,
3090 4502 3372 4573 deprecari

105 4587 306 4655 judicio
338 4604 433 4649 tuo
461 4602 517 4649 et
538 4593 688 4662 justo
712 4596 954 4667 disperde
982 4596 1121 4660 illos.
1160 4597 1212 4652 id
1234 4606 1318 4652 est
1353 4599 1568 4652 destrne
1595 4612 1692 4667 per

112 4679 290 4737 Titum
346 4692 404 4739 et
454 4686 880 4755 Vespasianum,
920 4686 1003 4742 vel
1047 4688 1289 4757 disperde
1327 4689 1693 4743 destructione

111 4776 302 4830 mortis
329 4789 570 4833 ueterum.
607 4778 862 4849 Adjnngit
889 4764 1014 4834 vero
1036 4794 1279 4846 causam,
1309 4794 1477 4849 quare
1504 4780 1695 4835 debeat

111 4879 227 4920 cum
262 4867 410 4923 Deus
438 4870 700 4924 exaudire
730 4870 848 4925 sic:
876 4868 1035 4924 Oravi
1068 4878 1139 4936 te,
1169 4869 1333 4934 Deus,
1371 4884 1427 4925 ut
1458 4886 1544 4925 me
1584 4870 1695 4924 sal-

110 4972 231 5014 vum
260 4960 436 5015 iacias
459 4972 514 5015 et
533 4961 762 5031 judices,
780 4972 835 5017 et
857 4962 1077 5032 dignum
1099 4970 1201 5017 est.
1227 4962 1363 5017 Nam
1384 4965 1695 5029 voluntarie,

114 5047 277 5104 idest
317 5049 550 5104 libenter
594 5064 699 5105 non
742 5050 930 5115 invite,
980 5052 1289 5120 sacriﬁcabo
1336 5052 1428 5107 tibi
1474 5063 1701 5109 memet-

113 5137 287 5206 ipsum
325 5139 380 5194 in
410 5154 596 5195 cruce.
631 5140 698 5194 Et
723 5151 842 5209 post
871 5141 1177 5210 conﬁtebor,
1207 5142 1258 5196 id
1281 5153 1363 5197 est
1384 5158 1541 5198 veros
1572 5160 1700 5197 con-

117 5230 356 5288 lessores
376 5233 584 5303 pariam
612 5233 810 5287 nomini
840 5243 949 5299 tuo,
985 5234 1036 5288 id
1065 5244 1149 5289 est
1192 5234 1261 5289 ad
1299 5235 1558 5291 honorem
1603 5253 1699 5290 no-

114 5329 277 5384 minis
306 5330 411 5394 tui,
438 5330 683 5397 Domine,
720 5334 969 5402 quoniam
1009 5333 1200 5386 bonum
1220 5343 1293 5387 est
1334 5333 1601 5399 conﬁteri,
1650 5335 1700 5388 id

115 5433 193 5477 est
218 5423 430 5479 bonum
461 5434 545 5480 est
566 5434 621 5480 ut
658 5424 996 5480 confessores
1023 5427 1249 5497 pariam.
1291 5426 1359 5481 Et
1382 5427 1503 5482 ideo
1538 5428 1706 5481 sacri-

116 5519 311 5585 ﬁcabo,
337 5520 585 5586 quoniam
610 5525 793 5573 certus
823 5534 940 5573 sum
962 5518 1101 5588 quod
1122 5534 1186 5572 ex
1208 5520 1348 5573 omni
1371 5519 1704 5574 tribulatione

119 5610 219 5663 ista
241 5612 509 5679 eripuisti,
537 5611 588 5665 id
615 5621 698 5665 est
721 5610 921 5680 eripies
940 5626 1038 5674 me,
1060 5610 1304 5666 faciendo
1324 5610 1702 5676 immortalem,

119 5715 162 5758 et
193 5703 392 5758 oculus
422 5719 584 5769 meus,
619 5704 673 5759 id
698 5712 783 5759 est
805 5702 1170 5759 consideratio
1193 5718 1331 5769 mea,
1361 5704 1590 5775 despexit
1617 5721 1709 5758 su-

119 5813 212 5864 per
236 5795 485 5851 inimicos
506 5813 665 5864 meos,
699 5796 790 5866 qui
818 5796 977 5851 modo
1006 5796 1317 5853 inferiorem
1348 5811 1405 5852 se
1427 5805 1702 5867 reputant.

1795 4605 1923 4646 vero
1948 4589 2164 4659 quando
2189 4591 2253 4644 ad
2274 4590 2399 4656 hoc,
2426 4599 2488 4669 (ut
2510 4590 2709 4661 aliquid
2737 4590 3064 4648 incommodi
3092 4609 3252 4664 prece
3273 4611 3373 4651 no-

1795 4694 1906 4739 stra
1928 4699 1955 4738 a
1983 4682 2137 4739 nobis
2162 4683 2510 4753 depellamus.
2533 4683 2748 4739 Intende
2774 4684 2921 4751 mihi,
2946 4685 2998 4741 id
3025 4696 3128 4750 est,
3147 4680 3212 4744 da
3242 4691 3373 4746 mihi

1798 4777 2150 4833 intentionem
2173 4779 2591 4847 perseverantia:
2629 4777 2681 4833 in
2713 4778 3024 4847 virtutibus,
3056 4790 3112 4836 et
3141 4782 3192 4837 in
3234 4783 3377 4840 bono

1797 4869 2074 4940 proposito
2102 4885 2222 4925 meo
2246 4910 2261 4935 ,
2289 4878 2349 4925 ut
2380 4880 2430 4925 te
2452 4870 2661 4926 scilicet
2686 4871 2901 4927 assidue
2925 4872 3157 4930 laudem.
3182 4874 3247 4929 Et
3277 4877 3378 4931 hoc

1798 4963 1982 5029 modo,
2043 4963 2283 5032 inquam,
2336 4965 2527 5017 exaudi
2574 4979 2673 5026 me,
2718 4964 2894 5031 dando
2938 4966 3068 5021 mihi
3123 4967 3380 5023 intentio-

1800 5071 1943 5112 nem.
2015 5054 2125 5112 Hoc
2192 5068 2371 5113 autem
2431 5057 2579 5112 addit
2641 5073 2708 5112 ex
2775 5058 2976 5129 ingenti
3041 5058 3322 5115 aliectione
3360 5101 3375 5124 .

1801 5150 1886 5206 vel
1912 5150 2036 5222 quia
2067 5151 2118 5206 in
2147 5152 2395 5222 passione
2422 5149 2577 5206 labor
2601 5152 2869 5205 maximus
2902 5160 3006 5216 est,
3038 5165 3135 5205 seu
3164 5150 3217 5204 in
3244 5165 3380 5221 qna-

1804 5244 1938 5299 libet
1956 5244 2367 5308 exercitatione,
2391 5244 2610 5314 ponitur
2630 5242 2949 5300 exercitatio
2980 5257 3077 5311 pro
3105 5243 3378 5313 passione,

1804 5334 1926 5392 dico
1958 5337 2171 5389 exaudi.
2204 5334 2272 5389 Et
2299 5335 2517 5407 dignum
2544 5344 2664 5390 est:
2699 5348 2820 5389 nam
2855 5333 2898 5386 si
2932 5332 2984 5384 in
3012 5332 3383 5390 exercitatione

1805 5442 1942 5492 mea,
1972 5427 2025 5481 id
2051 5436 2137 5482 est
2160 5427 2211 5481 in
2238 5428 2491 5496 passione
2519 5427 2853 5481 contristatus
2882 5440 3021 5487 sum,
3066 5424 3116 5477 id
3140 5434 3223 5479 est
3255 5441 3385 5479 con-

1808 5518 2067 5574 tristabor
2108 5533 2204 5587 pro
2248 5515 2474 5582 Iudaeis,
2531 5516 2656 5585 quia
2707 5514 2964 5569 doctrina:
3019 5528 3165 5583 meae
3194 5513 3385 5569 nolunt

1806 5612 2154 5682 acquiescere
2184 5626 2248 5666 ac
2274 5610 2318 5667 si
2346 5610 2516 5665 dicat:
2542 5609 2666 5663 Ideo
2693 5609 2885 5679 dignus
2905 5622 3023 5662 sum
3049 5607 3400 5664 ut'exaudiat'

1809 5706 1937 5777 quia
1967 5719 2065 5776 pro
2096 5712 2146 5760 te
2174 5718 2269 5759 ero
2307 5703 2361 5757 in
2396 5700 2785 5758 exercitatione
2830 5699 3124 5768 passionis,
3154 5709 3222 5780 et
3249 5701 3386 5757 adeo

1810 5799 1957 5870 prius
1985 5811 2101 5867 ero,
2135 5794 2279 5866 quod
2317 5793 2385 5851 de
2423 5791 2766 5849 inimicorum
2813 5790 3174 5847 obstinatione
3207 5791 3384 5850 incre-
