3846 6334
480 356 587 414 879

1037 344 1098 401 S.
1140 335 1489 399 BRUNONIS
1527 327 2179 395 CARTllUSlANORUM
2219 318 2703 382 INSTITUTORIS
2742 317 2893 379 OPP.
2935 314 3113 372 ΡΑιιει
3144 312 3165 370 l

3617 311 3703 370 88$

479 447 734 530 dulitatis‘
753 438 1137 522 contristabor.
1166 457 1354 515 Passio
1377 455 1592 526 quidem
1622 447 1940 506 exercitatio
1970 445 2054 501 di-
2084 446 2134 506 Α
2159 443 2289 496 mihi
2319 456 2535 510 pennas,
2563 437 2697 492 sicut
2723 434 3000 500 columba‘,
3029 441 3076 487 et
3105 428 3287 486 volabo
3304 439 3352 485 et
3377 429 3706 501 requiescant!

479 565 625 621 citur
656 574 752 630 per
786 551 1222 615 similitudinem,
1260 563 1324 603 eo
1372 545 1514 616 quod
1545 543 1683 597 sicut
1728 555 1823 610 per
1856 535 2062 592 exerci-

477 625 739 707 tationem
770 644 967 699 artium
1019 637 1357 695 smcularium
1407 632 1718 705 pervenitur
1767 628 1834 683 ad
1870 625 2064 681 divinae

477 739 690 812 pagina:
711 735 982 798 notitiam,
1014 730 1084 783 ita
1104 738 1155 784 et
1178 741 1275 797 per
1298 724 1603 795 passionem
1633 717 1880 790 pervenit
1903 714 2063 770 Chri-

476 806 597 887 stu‘s
650 829 716 883 ad
770 820 1194 881 immortalitatis
1242 815 1673 878 sublimitatem,
1720 810 1806 867 vel
1853 809 1951 864 sic.
2002 806 2063 861 In

478 917 848 975 exercitatione
875 912 1134 971 doctritne
1179 922 1333 971 mem,
1383 904 1435 959 id
1462 913 1545 959 est
1576 903 1627 957 in
1662 896 2064 971 perseveratio-

478 1026 549 1066 tte
622 1006 880 1064 doctrinm
957 1016 1138 1067 mem,
1226 997 1570 1052 contristatus
1646 1008 1761 1046 sum
1831 989 1898 1043 dc
1973 986 2067 1043 Ju-

482 1102 721 1157 daeorum
772 1094 1154 1153 obstinatione.
1197 1090 1428 1145 Ostenso
1472 1084 1667 1141 merito
1710 1096 1819 1152 quo
1876 1080 2069 1136 debeat

483 1189 754 1254 exaudiri,
798 1184 1083 1258 praetendit
1112 1182 1515 1244 necessitatem,
1542 1178 1620 1233 sic
1656 1193 1668 1229 :
1697 1175 1826 1240 Oro,
1851 1172 2065 1237 exaudi,

485 1294 541 1340 et
568 1295 789 1339 necesse
818 1289 918 1334 est.
950 1276 1083 1331 Nam
1121 1274 1460 1330 conturbatus
1489 1287 1606 1324 sunt
1640 1287 1670 1322 tt
1706 1284 1823 1323 voce
1848 1264 2064 1328 inimici,

485 1376 541 1432 id
570 1386 652 1430 est
673 1372 879 1429 .lndaici
907 1369 1107 1442 populi,
1136 1377 1184 1423 et
1203 1385 1233 1421 a
1258 1365 1592 1420 tribulatione
1612 1360 1897 1432 peccatoris
1921 1355 2067 1426 ejus-

484 1468 607 1520 dem
639 1464 841 1535 populi,
871 1461 1079 1516 scilicet
1101 1455 1533 1514 antonomastice
1556 1450 1857 1523 peccatoris
1882 1464 1895 1513 ;
1927 1444 2069 1517 quod

484 1567 571 1611 est
594 1549 1201 1610 dicerc:Contrislabor
1232 1548 1425 1601 timore
1456 1552 1753 1615 spontaneo
1778 1539 2071 1595 secundum

486 1660 731 1700 carnem.
764 1642 866 1710 Qui
915 1643 1078 1696 timor
1122 1638 1400 1707 cotttinget
1451 1653 1482 1688 a
1529 1649 1652 1689 voce
1692 1630 1940 1684 minantis
1978 1626 2072 1682 Ju-

486 1735 628 1792 daici
659 1732 863 1804 populi,
894 1731 946 1786 id
974 1737 1057 1785 est
1078 1729 1203 1800 quia
1232 1726 1529 1782 minabitur
1552 1722 1684 1778 mihi
1710 1728 1964 1783 mortem,
1994 1717 2073 1772 di-

2163 533 2312 587 lstud
2336 531 2436 585 sub
2467 527 2895 598 interrogatione
2921 525 3179 596 positum,
3221 522 3397 577 oratio
3418 531 3494 577 est
3510 562 3525 585 ,
3546 524 3628 578 sed
3651 538 3708 579 ex

2165 625 2450 681 aﬂ'ectione
2507 622 2673 677 nimia
2728 620 3119 689 interrogative
3161 618 3330 688 ponit.
3391 615 3555 688 Majas
3585 621 3709 675 enim

2164 717 2374 787 pondus
2408 713 2711 769 aiiectionis
2745 713 2878 767 tales
2924 711 3379 781 interrogationes
3414 710 3603 765 habere
3639 727 3714 765 so-

2164 805 2297 861 lent.
2344 805 2421 859 Ac
2470 805 2514 859 si
2553 804 2760 858 diceret
2788 800 2874 857 :0
2902 800 3047 855 Deus
3072 841 3086 866 ,
3135 800 3266 853 mibi
3319 800 3560 854 existenti
3596 801 3717 858 sicut

2166 894 2446 959 columbte,
2497 893 2549 947 id
2579 901 2663 947 est
2710 905 2900 945 revera
2942 888 3226 945 columba).
3273 888 3351 943 lta
3383 888 3583 945 scilicet
3606 890 3718 945 sim-

2168 988 2291 1058 pliei
2336 996 2397 1042 ut
2433 994 2517 1040 est
2563 984 2835 1048 columba,
2868 993 2923 1037 et
2977 982 3098 1037 sine
3132 981 3255 1036 felle
3300 982 3396 1037 irze
3432 990 3486 1037 et
3529 983 3646 1046 odii,
3672 992 3719 1039 et

2167 1092 2353 1135 amore
2403 1075 2686 1132 cbaritatis
2724 1075 2885 1145 pleno
2917 1074 2980 1129 ad
3027 1073 3437 1129 similitudinem
3472 1073 3719 1128 columba-

2166 1186 2313 1232 rum,
2334 1184 2455 1239 qua:
2486 1182 2553 1223 ex
2580 1166 2871 1221 dilectione
2897 1164 2996 1219 sibi
3028 1164 3257 1219 invicem
3283 1164 3469 1219 oscula
3493 1164 3718 1235 praebent,

2170 1260 2235 1314 da
2271 1273 2496 1329 pennas,
2529 1257 2580 1311 id
2610 1266 2693 1310 est
2719 1255 3014 1327 agilitatem
3053 1255 3393 1325 resnrgendi,
3427 1265 3484 1310 ut
3516 1272 3611 1311 non
3637 1257 3722 1312 dif-

2171 1348 2376 1403 feratur
2423 1346 2749 1401 resurrectio
2794 1360 2911 1400 mea
2966 1360 3138 1415 usque
3191 1345 3247 1399 in
3304 1336 3722 1401 resurrectionem

2170 1454 2534 1495 communem.
2584 1438 2692 1492 Sed
2736 1438 2846 1492 cito
2875 1438 2959 1493 fac
3001 1454 3086 1491 me
3121 1452 3439 1508 resurgere,
3477 1449 3589 1508 post
3635 1450 3725 1494 tres

2173 1532 2290 1587 dies
2318 1531 2543 1585 scilicet.
2585 1529 2791 1583 Pennas
2824 1544 2924 1600 pro
2956 1528 3198 1597 agilitate
3227 1529 3382 1599 ponit
3409 1569 3424 1594 ,
3470 1530 3587 1598 quia
3617 1544 3726 1598 pen-

2173 1631 2314 1678 nata:
2363 1622 2614 1677 volucres
2670 1619 2841 1691 agiles
2900 1627 3051 1673 sunt.
3097 1619 3157 1673 Et
3210 1627 3498 1689 postquam
3546 1619 3726 1673 dederis

2175 1728 2383 1783 pennas
2412 1712 2625 1778 volabo,
2662 1712 2718 1766 id
2749 1719 2853 1777 est,
2898 1710 3159 1765 citissime
3199 1710 3289 1764 ibo
3330 1710 3397 1764 ad
3445 1720 3619 1781 gentes
3650 1726 3730 1780 per

487 1792 1004 1895 cendo-:(Ilruciiige,
1036 1792 1809 1887 et-atribulationepeccatoris,
1827 1810 1950 1881 quia
1964 1807 2074 1864 sci-
2104 1792 2149 1851 Β
2177 1804 2560 1875 praedicatores
2599 1817 2751 1859 meos
2774 1842 2791 1868 ,
2842 1817 2950 1883 non
3008 1801 3257 1856 localiter
3290 1820 3304 1856 :
3354 1802 3449 1858 sed
3482 1802 3580 1857 fide
3622 1804 3727 1872 quia

487 1922 614 1978 licet
640 1918 773 1975 mihi
809 1914 1213 1972 tribulationem
1251 1910 1469 1974 inferet,
1498 1905 1781 1976 capiendo,
1828 1913 1885 1958 ut
1916 1902 2076 1973 latro-

486 2029 613 2072 nem
644 2009 891 2069 ducendo
914 2048 930 2075 ,
961 2002 1309 2074 conspuendo
1334 2009 1392 2057 et
1419 1989 1739 2055 verberibus
1767 1992 2071 2066 atlligendo.

557 2103 793 2176 Exponit
820 2109 1001 2155 autem
1027 2113 1126 2154 cur
1153 2111 1183 2149 a
1226 2107 1358 2150 voce
1399 2092 1613 2148 illorum
1656 2085 2077 2145 conturbabitur

488 2198 598 2255 sic:
620 2198 663 2252 Α
684 2210 805 2250 voce
825 2206 1013 2248 eorum
1042 2189 1163 2244 ideo
1185 2185 1568 2242 conturbabor.
1596 2180 1857 2247 Quoniam
1884 2176 2078 2245 iniqui-

490 2302 622 2346 tates
649 2302 787 2360 quas
814 2284 1017 2341 habent
1049 2279 1461 2341 declinaverunt,
1504 2274 1560 2329 id
1608 2281 1693 2327 est
1730 2266 2078 2325 declinabunt

491 2399 523 2438 a
570 2397 629 2438 se
660 2382 715 2435 in
760 2395 866 2443 me,
904 2384 964 2430 ut
1000 2374 1083 2428 sic
1121 2387 1208 2427 me
1245 2368 1454 2440 possint
1486 2363 1815 2427 interficere,
1858 2367 1919 2414 ut
1954 2372 2076 2412 cum

490 2476 591 2547 ipsi
622 2473 938 2530 seductores
966 2467 1074 2523 sint
1102 2472 1157 2521 et
1178 2460 1503 2531 blaSpbemi,
1534 2472 1622 2512 me
1652 2455 1995 2511 seductorem
2025 2459 2081 2505 et

492 2568 864 2638 blasphemum
894 2575 1015 2616 esse
1044 2557 1391 2614 mentiantur.
1421 2552 1575 2608 Unde
1602 2549 1830 2621 legitur:
1860 2565 1877 2598 ‹
1902 2546 2079 2600 Sinon

492 2667 636 2716 esset
665 2658 755 2714 hic
785 2652 1127 2716 malefactor,
1182 2664 1291 2703 non
1349 2647 1447 2701 tibi
1496 2643 1905 2700 tradidissemus
1953 2653 2079 2693 eum

496 2751 681 2823 (Joan.
713 2763 883 2813 xvnt;
937 2743 1109 2801 Marc.
1140 2740 1223 2812 tt).
1276 2759 1295 2792 ι
1330 2739 1396 2794 Ει
1426 2737 1550 2792 alibi
1588 2753 1601 2789 ι
1648 2754 1666 2787 ε
1706 2733 1806 2788 llic
1833 2731 2083 2801 blasphe-

494 2821 612 2899 mat
636 2839 851 2913 (Matth.
891 2852 1017 2891 xxvr
1047 2851 1061 2900 ;
1093 2832 1255 2887 Joan.
1297 2831 1375 2901 x).
1410 2848 1429 2880 ι
1466 2828 1532 2883 Ει
1559 2842 1591 2882 a
1621 2823 1968 2880 tribulatione
2011 2821 2081 2875 ti-

494 2936 675 3001 mebo,
704 2933 825 2988 ideo
852 2930 979 3001 quia
1022 2926 1227 2981 molesti
1258 2931 1407 2979 erant
1436 2921 1587 2985 mihi,
1621 2919 1674 2974 id
1705 2926 1790 2973 est
1813 2915 2083 2989 praevideo

495 3028 639 3101 quod
677 3025 961 3082 molestam
1000 3018 1398 3076 tribulationem
1430 3014 1561 3069 mihi
1600 3011 1853 3067 infcrent.
1879 3010 1947 3064 Et
1976 3023 2083 3063 non

2176 1896 2230 1951 in
2262 1909 2347 1949 me
2378 1894 2585 1950 scilicet
2620 1893 2865 1957 credent,
2912 1903 2962 1947 et
3006 1892 3330 1963 requiescam
3370 1893 3427 1947 in
3460 1891 3558 1957 eis,
3591 1892 3637 1946 id
3661 1901 3732 1947 est

2177 1984 2487 2039 delectabor
2518 1984 2569 2038 in
2611 1997 2798 2037 eorum
2826 1980 2951 2036 fide.
2989 1980 3444 2051 Quandoquidem
3480 1980 3634 2037 Iudici
3661 1996 3732 2036 me

2178 2072 2469 2142 repellunt,
2493 2072 2615 2127 dico
2641 2089 2654 2125 :
2692 2073 2765 2126 Da
2787 2072 2915 2125 mihi
2942 2089 3164 2142 pennas.
3190 2071 3329 2126 Nam
3356 2071 3487 2129 mibi
3520 2072 3733 2127 sicutco-

2178 2162 2377 2217 lumba:
2415 2162 2692 2226 existenti,
2732 2160 2941 2216 scilicet
2973 2160 3105 2215 mihi
3157 2169 3386 2216 carente
3413 2159 3533 2215 felle
3563 2160 3732 2215 amari-

2180 2251 2403 2315 tudinis,
2432 2254 2498 2305 ad
2542 2252 2760 2306 modum
2799 2250 3097 2317 columbae;
3139 2253 3258 2321 quis
3308 2252 3448 2307 alius
3474 2252 3608 2305 dabit
3632 2268 3734 2321 pen-

2181 2358 2277 2395 nas
2319 2352 2367 2396 et
2394 2340 2575 2395 volabo
2603 2351 2651 2395 et
2683 2342 3042 2412 requiescant?
3068 2340 3259 2396 Nullus
3282 2385 3296 2406 ,
3329 2343 3434 2397 nisi
3461 2352 3513 2396 tu
3539 2341 3731 2397 scilicet.

2181 2432 2316 2499 Quia
2349 2432 2562 2487 dixerat
2620 2431 2751 2498 Quis
2803 2432 2968 2496 dabit,
2998 2441 3127 2499 etc.,
3154 2448 3222 2487 ne
3252 2434 3525 2489 videretur
3555 2434 3644 2487 hoc
3680 2448 3732 2486 ex

2182 2523 2563 2578 incertitudine
2594 2523 2675 2577 sic
2720 2523 2967 2593 posuisse
2987 2562 3001 2587 ,
3036 2525 3430 2593 apostropham
3460 2525 3521 2578 ad
3559 2524 3735 2578 audito.

2181 2635 2270 2675 res
2308 2620 2549 2688 faciens,
2598 2635 2657 2674 se
2697 2621 2821 2678 inde
2860 2630 3070 2676 certum
3119 2637 3242 2677 esse
3281 2623 3539 2693 ostendit,
3574 2619 3737 2691 praedi-

2181 2728 2310 2768 cens
2342 2713 2484 2783 quod
2531 2712 2729 2768 volabit
2765 2714 2863 2768 sic.
2897 2712 3017 2767 Dixi
3048 2730 3062 2767 :
3092 2714 3222 2778 Quis
3267 2715 3435 2778 dabit,
3467 2722 3569 2768 etc.
3602 2709 3735 2779 Cujus

2185 2809 2261 2865 rei
2302 2819 2481 2864 tamen
2534 2810 2756 2866 minime
2796 2825 2916 2865 sum
2973 2809 3237 2865 incertus.
3288 2808 3426 2863 Nam
3474 2808 3581 2863 scio
3619 2803 3737 2875 quod

2183 2920 2318 2969 ecce,
2345 2904 2396 2958 id
2434 2913 2518 2960 est
2558 2905 2609 2959 in
2637 2905 2909 2975 praesenti,
2945 2904 3219 2975 elongavi,
3264 2904 3317 2958 id
3346 2914 3431 2959 est
3456 2901 3737 2971 elongaboa

2180 2993 2381 3050 Judazis
2404 2995 2610 3066 fugiens
2638 3035 2655 3062 ,
2697 2996 2747 3050 id
2792 3003 2876 3051 est
2914 3004 3137 3052 coactus
3184 2996 3254 3050 ab
3294 2995 3400 3062 eis,
3422 2995 3545 3065 quia
3574 3007 3648 3048 me
3673 3007 3740 3046 rc-

494 3085 716 3195 };mpmr
736 3119 928 3175 merita
959 3129 1099 3178 mea,
1125 3112 1218 3169 sed
1244 3111 1299 3164 ξη
1326 3111 1429 3174 ἱνα,
1457 3108 1509 3162 id
1536 3114 1621 3161 εει
1644 3113 1866 3176 propter
1894 3101 2083 3172 impie-
2110 3140 2152 3199 C
2186 3096 2403 3199 spuant,
2428 3104 2457 3142 a
2489 3088 2842 3144 similitudine
2870 3087 3261 3160 fugientis,qui
3300 3099 3525 3144 coactus
3559 3086 3620 3142 de
3646 3085 3741 3141 Ιοω

499 3225 667 3270 tatem
690 3203 1079 3266 irrationabilis
1105 3203 1201 3260 ira:
1226 3216 1357 3256 suae.
1387 3198 1523 3267 Quia
1550 3196 1763 3252 dixerat
1784 3207 1843 3249 se
1864 3199 2084 3248 contur-

495 3307 737 3364 bandum
767 3315 913 3365 esse,
945 3312 1013 3353 ne
1043 3303 1329 3368 putaretur
1358 3307 1465 3347 non
1507 3301 1720 3361 sponte,
1772 3287 1867 3343 sed
1916 3284 2087 3341 invite

500 3394 904 3454 conturbandus
935 3403 1091 3455 esse,
1124 3386 1319 3457 repetit
1360 3398 1421 3438 se
1466 3379 1899 3437 conturbandum
1940 3392 2086 3445 esse,

500 3497 562 3544 ut
639 3484 963 3542 determinet
1014 3479 1095 3535 sic
1140 3494 1153 3532 :
1203 3476 1373 3530 Dixi:
1415 3473 1793 3529 Conturbabor
1865 3489 1899 3525 a
1968 3486 2088 3525 voce

502 3592 549 3637 et
601 3598 635 3633 α
682 3575 1063 3637 tribulatione,
1115 3579 1172 3625 et
1223 3569 1303 3624 sic
1358 3567 1464 3623 erit
1516 3585 1530 3621 :
1584 3566 1710 3636 quia
1763 3580 1854 3619 cor
1915 3578 2087 3616 meum

503 3668 867 3725 conturbatum
892 3672 988 3729 est,
1022 3662 1073 3715 id
1104 3668 1190 3715 est
1216 3660 1392 3713 anima
1423 3673 1541 3713 mea
1579 3655 1990 3712 conturbabitur
2016 3654 2053 3707 ti
2074 3683 2088 3693 -

502 3773 654 3814 more
684 3755 833 3812 vocis
868 3762 921 3808 et
952 3750 1336 3805 tribulationis.
1368 3748 1434 3803 Et
1472 3749 1587 3803 btec
1615 3747 1959 3803 conturbatio
1985 3744 2091 3799 erit

503 3850 560 3903 in
583 3864 683 3913 me,
711 3846 763 3900 id
788 3852 873 3901 est
902 3843 956 3898 in
984 3856 1106 3899 meo
1125 3838 1271 3909 jure.
1297 3839 1452 3907 Quod
1481 3848 1565 3895 est
1590 3839 1771 3895 dicere
1797 3852 1813 3891 :
1842 3837 2090 3893 Potesta-

505 3946 615 3994 tem
652 3936 826 3992 habeo
860 3932 1219 3990 conturbandi
1255 3940 1311 3987 et
1357 3946 1462 3985 non
1507 3928 1890 3985 conturbandi.
1919 3929 1999 3983 Ac
2043 3927 2089 3983 si

505 4032 684 4086 dicat:
714 4028 918 4098 Sponte
948 4039 1069 4079 mea
1101 4023 1487 4079 conturbabor.
1514 4021 1631 4076 Non
1661 4021 1835 4077 solum
1867 4035 1996 4076 vero
2025 4021 2092 4074 ti-

505 4122 663 4178 mebo
679 4126 900 4193 propter
922 4130 1110 4170 vocem
1136 4125 1190 4169 et
1220 4112 1645 4173 tribulationem,
1674 4111 1767 4165 sed
1791 4121 1837 4164 et
1865 4110 2089 4181 formido

502 4214 686 4269 mortis
712 4210 895 4266 cecidit
924 4223 1080 4278 super
1105 4222 1209 4273 me,
1244 4204 1296 4260 id
1342 4212 1427 4259 est
1460 4204 1734 4274 continget
1772 4202 1925 4257 mihi.
1957 4200 2090 4258 Cum

503 4310 814 4367 dicitcadet
859 4321 1015 4377 super
1053 4320 1156 4369 nte,
1203 4300 1383 4357 innuit
1424 4300 1569 4370 quod
1619 4297 1944 4370 gravissima
1988 4296 2094 4351 erit

504 4403 595 4457 illa
621 4398 874 4464 formido,
921 4395 1056 4451 adeo
1089 4401 1151 4448 ut
1180 4391 1330 4447 illum
1354 4391 1705 4447 vehementer
1730 4388 2032 4459 opprimat;
2060 4400 2092 4439 a

2186 3179 2369 3249 aliquo
2401 3180 2652 3235 discedit.
2703 3178 2770 3233 Et
2801 3191 2923 3249 post
2952 3181 3126 3234 mansi
3162 3181 3215 3234 in
3249 3179 3567 3244 solitudine,
3591 3178 3638 3233 id
3674 3182 3743 3231 est

2188 3276 2242 3330 in
2270 3284 2529 3330 mternum
2560 3277 2789 3331 manebo
2820 3276 2873 3329 in
2904 3274 3189 3345 gentibus,
3214 3289 3341 3345 qua:
3368 3272 3592 3329 solitudo
3623 3270 3744 3326 dice-

2187 3368 2410 3434 bantur,
2449 3382 2515 3422 eo
2543 3368 2687 3437 quod
2729 3366 2962 3422 desertae
3001 3373 3163 3421 erant
3205 3374 3263 3420 et
3316 3366 3389 3422 ab
3426 3364 3567 3420 omni
3608 3374 3742 3431 opere

2188 3463 2332 3519 bono
2358 3472 2412 3516 et
2435 3463 2657 3527 virtute,
2694 3470 2949 3517 carentes
2977 3460 3241 3517 doctrinae
3288 3475 3437 3522 rore,
3467 3474 3495 3512 a
3530 3454 3744 3512 similitu-

2189 3554 2314 3610 dine
2348 3553 2680 3618 solitudinis,
2711 3553 2765 3608 id
2792 3562 2878 3609 est
2900 3552 3130 3607 deserta:
3172 3559 3369 3615 terrae,
3403 3565 3519 3619 quae
3539 3545 3742 3601 omnium

2188 3647 2453 3704 bonorum
2493 3645 2773 3702 fertilitate
2806 3654 2991 3711 caret;
3023 3644 3109 3700 vel
3140 3645 3221 3700 sic
3260 3644 3435 3710 :Qnis
3475 3642 3605 3695 dabit
3639 3636 3743 3690 mihi

2190 3755 2406 3809 pennas,
2442 3738 2494 3792 id
2535 3745 2621 3793 est
2646 3737 2945 3808 agilitatem
2977 3736 3292 3806 resurgendi
3317 3775 3334 3801 ,
3373 3745 3422 3789 et
3470 3732 3671 3793 volabo,
3703 3726 3743 3780 id

2192 3839 2276 3885 est
2304 3829 2569 3884 citissime
2613 3828 2832 3884 tendam
2871 3828 2923 3882 in
2948 3826 3423 3882 immortalitatem
3449 3836 3502 3879 et
3530 3820 3744 3891 impassi-

2191 3921 2488 3985 hilitatem;
2520 3930 2569 3974 et
2611 3920 2954 3989 requiescam,
2990 3918 3041 3973 id
3074 3928 3159 3973 est
3196 3917 3542 3980 delcctabor,
3570 3914 3649 3983 qui
3676 3911 3744 3965 bic

2191 4014 2377 4069 multis
2424 4014 2789 4067 anxietatibus
2825 4010 3051 4080 aﬂligor.
3076 4009 3157 4065 Ac
3193 4009 3237 4063 si
3280 4010 3435 4064 dicat
3474 4025 3488 4061 :
3537 4006 3612 4059 Da
3642 4000 3745 4054 mihi

2190 4122 2407 4176 pennas,
2438 4114 2485 4159 et
2531 4103 2714 4159 volabo
2740 4113 2787 4155 et
2817 4103 3157 4169 requiescam.
3191 4099 3330 4153 Nam
3370 4100 3488 4169 quis
3516 4096 3642 4152 alius
3665 4093 3745 4145 da-

2193 4198 2264 4253 bit
2316 4197 2421 4253 nisi
2460 4197 2555 4251 tu?
2594 4194 2782 4249 Nullus
2805 4193 3037 4249 scilicet.
3078 4189 3250 4259 llujus
3282 4192 3451 4245 etiam
3490 4194 3564 4243 rei
3596 4193 3747 4241 esten.

2194 4290 2273 4345 dit
2302 4303 2361 4343 se
2390 4296 2597 4343 certum
2629 4300 2748 4341 esse
2768 4326 2783 4350 ,
2812 4284 2955 4339 sicut
2999 4291 3053 4338 et
3102 4282 3155 4335 in
3186 4281 3459 4336 sententia
3494 4271 3745 4347 superiori.

2194 4381 2291 4435 sic.
2321 4379 2578 4446 Quamvis
2616 4376 2868 4443 dixerim,
2921 4374 3053 4441 Quis
3086 4374 3229 4428 dabit
3261 4384 3308 4427 et
3350 4372 3564 4438 volabo,
3595 4378 3745 4423 tamen

505 4488 861 4548 similitudine
895 4486 974 4541 rei
1013 4483 1355 4555 ponderosa,
1404 4495 1527 4551 qua:
1568 4479 1616 4536 si
1663 4494 1827 4550 super
1854 4477 2088 4550 aliquem
2125 4491 2169 4545 1)
2196 4489 2301 4529 non
2349 4490 2469 4529 sum
2502 4470 2728 4541 hujusce
2764 4470 2843 4526 rei
2896 4471 3157 4525 incertus.
3207 4467 3347 4522 Nam
3399 4478 3615 4523 securus
3649 4471 3745 4515 sum

508 4580 785 4645 ceciderit,
811 4577 975 4632 nimis
1002 4590 1125 4631 eum
1157 4572 1434 4643 opprimit.

580 4672 831 4728 Ostendit
860 4680 1035 4745 autem
1079 4670 1238 4724 istam
1268 4666 1613 4723 formidinem
1644 4680 1741 4737 per
1768 4675 1951 4736 partes
1975 4667 2090 4722 sic:

510 4760 652 4816 Vere
681 4759 913 4814 formido
944 4760 1101 4814 cadet
1128 4775 1287 4829 super
1307 4775 1407 4825 me,
1432 4766 1487 4813 et
1515 4774 1619 4813 non
1654 4758 1882 4827 simplex
1902 4756 2093 4812 formi-

511 4854 602 4919 do,
629 4851 723 4907 sed
745 4866 900 4920 super
935 4866 1014 4903 me
1043 4860 1310 4917 venerunt,
1345 4851 1397 4907 id
1424 4859 1508 4905 est
1544 4850 1612 4905 ad
1642 4850 1747 4904 mei
1784 4849 2093 4919 oppressio-

510 4962 637 5003 nem
659 4944 880 5000 venient
907 4942 960 4996 in
991 4956 1098 5004 me,
1127 4942 1280 4997 timor
1304 4945 1356 4998 in
1382 4944 1584 5008 anima,
1612 4952 1661 4997 et
1682 4952 1873 4996 tremor
1891 4943 1941 4996 in
1969 4957 2094 4997 cor-

511 5050 668 5109 pore,
703 5045 751 5089 et
779 5047 885 5089 non
907 5032 1022 5087 erit
1048 5032 1221 5086 inanis
1250 5033 1413 5088 timor
1433 5034 1554 5100 iste,
1591 5049 1719 5088 nam
1759 5043 2095 5087 contexerant

511 5144 595 5183 me
640 5124 881 5188 tenebrae,
924 5122 977 5177 id
1004 5128 1087 5176 est
1131 5137 1199 5177 ex
1233 5129 1347 5178 toto
1390 5125 1676 5194 occupabit
1716 5139 1862 5179 mors
1902 5138 2097 5193 corpus

511 5236 718 5287 meum,
746 5226 1035 5290 contegere
1063 5215 1219 5287 ponit
1243 5232 1271 5271 a
1313 5217 1670 5273 similitudine
1696 5216 1793 5282 rei,
1824 5232 1944 5286 qua:
1973 5232 2096 5272 cum

513 5310 843 5381 contegitur,
876 5308 1092 5381 penitus
1121 5323 1152 5362 a
1186 5323 1247 5364 re
1280 5323 1386 5378 qua
1428 5309 1736 5379 contegitur
1781 5316 2096 5379 occupatur.

518 5404 679 5476 183
703 5402 846 5458 Mors
866 5402 1063 5456 dicitur
1091 5401 1345 5466 tenebrae,
1371 5415 1437 5456 eo
1460 5399 1603 5470 quod
1629 5399 1814 5456 oculos
1840 5414 2101 5472 corpora-

513 5496 595 5553 les
627 5497 941 5553 tenebrosos
986 5493 1171 5549 faciat.
1215 5494 1347 5550 Dico
1378 5495 1508 5564 quia
1538 5492 1885 5549 declinabunt
1931 5494 1985 5549 in
2017 5509 2099 5547 me

514 5588 817 5658 iniquitates
854 5596 904 5642 et
933 5585 1135 5640 molesti
1159 5595 1319 5641 erunt
1342 5588 1394 5639 in
1444 5587 1525 5640 ira
1554 5598 1573 5636 :
1614 5594 1668 5639 et
1701 5584 2100 5640 contristabunt

518 5692 607 5731 me
660 5678 890 5734 nolendo
937 5678 1200 5733 doctrina:
1252 5695 1385 5735 mete
1426 5679 1798 5750 acquiescere.
1859 5673 1925 5728 Et
1975 5686 2099 5730 tunc

520 5765 650 5834 dixi,
685 5769 736 5825 id
758 5778 841 5825 est
868 5787 881 5823 :
910 5768 1100 5826 Dicam
1120 5779 1174 5827 et
1199 5784 1331 5827 voce
1360 5779 1414 5827 et
1440 5769 1723 5828 affectione
1753 5783 1767 5820 :
1799 5764 1929 5832 Quis
1953 5764 2096 5820 dabit

2193 4566 2320 4637 quia
2345 4581 2461 4619 ecce
2491 4565 2542 4620 in
2589 4562 2846 4633 pt'azsenti
2889 4561 3158 4632 elongabo
3186 4575 3217 4613 a
3238 4567 3425 4614 morte
3463 4557 3679 4627 fugiens,
3705 4548 3747 4602 id

2194 4664 2280 4711 est
2299 4654 2440 4710 citus
2462 4655 2529 4710 ad
2555 4653 2772 4709 modum
2796 4650 3053 4721 fugientis
3080 4668 3093 4702 :
3131 4657 3189 4705 et
3214 4648 3451 4704 manebo
3478 4640 3749 4718 perenniter

2194 4749 2249 4802 in
2276 4747 2582 4811 solitudine,
2614 4745 2668 4800 id
2708 4753 2793 4800 est
2819 4744 2873 4798 in
2902 4740 3145 4798 solitaria
3182 4739 3542 4795 beatitudine.
3570 4735 3629 4789 Et
3647 4744 3748 4787 vere

2196 4841 2428 4897 solitudo
2451 4848 2533 4896 est
2547 4837 2825 4894 beatitudo
2846 4835 2983 4906 ejus.
2999 4833 3134 4890 Cum
3166 4833 3232 4888 ad
3259 4840 3472 4886 tantum
3496 4817 3751 4883 beatitudi-

2196 4934 2282 4990 nis
2320 4948 2481 4989 nemo
2506 4942 2704 5003 praeter
2739 4944 2862 4986 eum
2896 4928 3070 4983 solum
3100 4925 3433 4997 pervenerit,
3459 4933 3623 4989 neque
3647 4928 3747 4983 per-

2197 5034 2458 5083 venturus
2488 5001 2579 5081 sit.
2610 5023 2759 5078 Licet
2790 5022 2857 5076 ad
2883 5022 3026 5075 hanc
3046 5033 3236 5074 omnes
3263 5016 3451 5072 ﬁdeles
3477 5001 3748 5084 perventuri

2199 5121 2329 5178 sint.
2368 5119 2635 5187 Quoniam
2660 5124 2839 5171 autem
2870 5114 3083 5168 dixerat
3113 5127 3129 5166 :
3168 5110 3299 5176 Quis
3325 5108 3505 5167 dabit,
3533 5119 3596 5157 ne
3629 5105 3751 5187 put?

2199 5222 2352 5269 retur
2386 5185 2637 5280 ignorare
2688 5207 2863 5277 ipsum
2903 5205 3179 5265 datorem,
3219 5200 3412 5255 addit:
3456 5195 3611 5249 Dixi:
3642 5185 3748 5252 Οκίε

2200 5305 2368 5371 dabit,
2393 5319 2425 5359 o
2447 5303 2747 5365 auditores,
2771 5308 2827 5354 et
2859 5308 3039 5353 tamen
3070 5311 3177 5351 non
3208 5296 3398 5364 ignoro
3428 5293 3590 5360 ipsmn
3617 5284 3746 5338 dato-

2200 5412 2315 5454 rem
2362 5410 2661 5468 pennarum
2695 5410 2708 5447 :
2739 5392 2833 5447 sed
2875 5393 3240 5461 exspectabam
3271 5401 3423 5448 eum,
3472 5382 3524 5435 id
3566 5383 3641 5432 est
3664 5382 3744 5439 (‘30

2200 5493 2340 5549 bene
2374 5502 2729 5561 cognoscens,
2784 5494 2840 5541 et
2887 5494 3145 5554 exspecto
3194 5492 3249 5537 et
3291 5473 3606 5549 exspectabo
3646 5476 3747 5561 eum

2200 5585 2491 5655 patienter,
2511 5581 2631 5636 sine
2652 5592 2933 5634 murmure
2959 5576 3044 5632 vel
3074 5575 3253 5641 taadio,
3268 5573 3354 5644 qui
3372 5570 3668 5633 sulcamina
3685 5556 3749 5627 [c-

2201 5676 2287 5738 cit,
2319 5675 2371 5729 id
2394 5683 2478 5729 est
2500 5673 2685 5738 faciet,
2719 5689 2752 5725 a
2788 5668 3224 5741 pusillanitnitate
3258 5664 3489 5735 spiritus,
3527 5659 3669 5713 idest
3694 5662 3748 5701 nc

2202 5767 2429 5824 habeam
2471 5764 2869 5841 pusillanimem
2912 5761 3186 5834 spiritum,
3231 5753 3529 5817 deﬁciendo
3558 5750 3607 5805 in
3640 5755 3748 5813 μεθ
