3846 6334
170 388 271 446 ω

1084 382 1446 441 EXPOSITIO
1485 380 1552 437 IN
1588 379 1926 438 PSALMOS.
1958 378 2246 439 -—PSAL.
2289 382 2415 439 LIV.

3327 389 3433 447 882

171 505 338 562 alone.
398 497 479 555 llli
531 508 767 567 namque
821 494 1220 566 pusillanimem
1264 496 1516 567 spiritum
1556 496 1756 550 habere
1787 495 1830 550 A
1859 493 2003 549 dium
2056 495 2291 551 civitatis
2338 503 2756 567 occupaverunt,
2790 500 3211 573 circumquaque
3262 521 3315 561 tn
3366 500 3433 563 ea

171 597 447 657 dicuntur,
468 590 562 660 qui
598 591 793 644 timore
819 589 1048 654 cedunt;
1087 598 1142 643 et
1168 586 1371 643 salvum
1415 604 1495 641 me
1522 587 1683 657 faciet
1717 601 1747 640 a

168 693 481 755 tanpestate,
518 682 572 737 id
593 690 676 737 est
710 696 738 736 a
779 680 1143 736 commotione
1181 681 1396 743 mentis,
1418 694 1483 733 ne
1510 692 1750 734 commo-

167 793 285 832 vear
313 777 367 830 in
423 774 677 846 passione
734 774 812 827 ira
855 782 910 829 et
950 773 1075 828 odio
1105 781 1293 828 contra
1340 771 1574 830 Iudaeos.
1608 770 1749 826 Bene

167 870 374 940 quidem
413 866 723 935 huiusmodi
764 866 1058 921 commotio
1090 874 1383 935 tempestas
1420 864 1640 928 dicitur,
1683 880 1748 920 eo

166 962 295 1032 quod
320 970 562 1018 mentem
587 959 789 1025 turbat,
829 960 1168 1027 virtutesque
1189 958 1525 1027 pessumdat,
1551 972 1579 1010 a
1598 956 1747 1011 simi-

166 1055 388 1109 litudine
419 1054 586 1118 aeris,
619 1068 741 1122 quae
779 1052 937 1121 vulgo
981 1059 1276 1121 tempestas
1303 1050 1533 1111 dicitur,
1566 1066 1596 1104 a
1640 1065 1746 1118 qua

166 1160 250 1200 aer
278 1145 636 1214 perturbatur
663 1152 719 1198 et
748 1150 960 1212 segetes
984 1141 1429 1211 pessumdantur.
1455 1140 1545 1195 Ait
1563 1148 1746 1193 autem

166 1236 473 1293 concessive
505 1235 572 1289 de
617 1233 852 1288 inimicis
900 1234 1020 1287 sic:
1054 1230 1263 1286 Inimici
1312 1230 1661 1286 declinabunt
1690 1230 1744 1284 in

164 1345 239 1385 me
283 1329 611 1398 iniquitates
647 1336 703 1382 et
733 1325 952 1381 molesti
982 1332 1166 1391 erunt,
1214 1332 1271 1379 et
1314 1324 1519 1379 idcirco
1560 1324 1627 1377 ab
1664 1322 1745 1378 eis

164 1423 220 1476 ad
245 1430 430 1494 gentes
475 1420 695 1476 volabo.
735 1417 838 1486 Qui
884 1417 1107 1481 inimici,
1136 1424 1198 1471 ut
1228 1415 1519 1485 praevideo,
1557 1423 1744 1484 postea

162 1513 641 1585 pnecipitabuntur
667 1512 734 1567 ab
776 1511 1004 1575 honore,
1030 1510 1175 1564 unde
1206 1508 1365 1563 modo
1403 1507 1739 1577 superbiunt.

162 1606 219 1661 Et
249 1607 318 1660 ita
359 1604 630 1667 concedo,
677 1602 970 1673 pra’cipt'ta,
1004 1602 1177 1665 Deus,
1208 1614 1304 1655 eos
1331 1600 1397 1653 ab
1429 1600 1658 1664 honore,
1689 1606 1744 1654 et

162 1698 270 1765 quia
294 1704 525 1766 possent
556 1693 719 1765 184
742 1694 809 1747 ab
833 1695 1042 1748 honore
1076 1692 1403 1762 praecipitari
1442 1691 1553 1755 sic,
1598 1700 1659 1745 ut
1687 1691 1741 1749 in

160 1788 317 1857 patria
370 1792 747 1849 remanerent,
802 1784 999 1839 addit:
1040 1794 1086 1837 et
1133 1781 1520 1852 praecipitando
1569 1780 1744 1834 divide

160 1880 347 1948 linguas
381 1893 593 1941 eorum,
626 1875 677 1930 id
717 1884 799 1929 est
829 1874 1055 1929 divisas.
1076 1874 1163 1928 fac
1204 1882 1261 1927 ct
1295 1873 1555 1927 diversas.
1587 1872 1665 1927 Ac
1692 1872 1734 1927 si

162 1970 396 2022 diceret:
440 1967 577 2020 Dum
629 1965 682 2019 in
725 1965 903 2035 patria
948 1979 1043 2019 sua
1091 1972 1238 2028 sunt,
1275 1979 1383 2017 una
1423 1971 1629 2017 tantum
1660 1961 1740 2017 eis

160 2057 318 2127 lingua
349 2056 668 2111 necessaria
698 2064 805 2110 est.
859 2054 966 2110 Sed
1000 2063 1056 2109 tu
1107 2069 1202 2110 eos
1233 2053 1431 2123 ubique
1468 2063 1737 2109 terrarum

160 2149 416 2219 disperge,
452 2156 510 2203 et
536 2147 616 2203 sic
645 2148 724 2202 eis
745 2147 851 2202 erit
878 2159 1101 2201 necesse
1144 2144 1387 2200 diversas
1412 2145 1621 2216 linguas
1645 2146 1738 2200 ha-

157 2239 285 2293 bere.
312 2239 380 2293 Et
413 2239 525 2293 hoc
572 2238 715 2307 quod
764 2237 886 2292 dico
937 2236 1232 2306 prcecipita,
1265 2251 1370 2291 non
1403 2235 1525 2291 dico
1572 2251 1736 2292 causa

156 2332 545 2389 malevolentiae
577 2349 589 2385 :
619 2331 714 2387 sed
754 2346 850 2400 pro
880 2330 1035 2385 malis
1076 2329 1290 2385 meritis
1314 2344 1500 2385 eorum
1546 2348 1559 2385 :
1602 2348 1734 2403 quo-

157 2427 277 2480 uiam
306 2427 414 2480 vidi
441 2427 500 2480 in
521 2427 750 2493 civitate,
774 2425 827 2479 id
856 2436 963 2490 est,
990 2426 1044 2479 in
1075 2424 1500 2495 congregatione
1522 2442 1731 2497 eorum,

156 2518 513 2588 iniquitatem,
566 2518 621 2572 id
671 2526 756 2572 est
813 2517 1028 2587 iniquas
1076 2516 1435 2587 cogitationes
1471 2527 1527 2572 et
1569 2533 1733 2589 Opera

156 2609 337 2679 iniqua,
362 2619 410 2663 et
436 2609 925 2663 contradictionem.
957 2608 1112 2675 Quod
1146 2616 1231 2663 est
1253 2608 1465 2665 dicere:
1496 2608 1617 2665 Vidi
1640 2626 1735 2669 eos

154 2699 344 2769 iniquos
371 2702 430 2755 in
464 2699 883 2771 cogitationibus
911 2707 966 2753 et
986 2699 1242 2769 operibus
1264 2714 1405 2765 esse,
1437 2710 1492 2755 et
1517 2709 1734 2757 contra-

154 2793 374 2849 dicentes
402 2793 651 2849 veritati.
682 2792 915 2861 ldeoque
944 2791 1206 2857 concedo,
1244 2793 1539 2862 prmcipita.
1585 2791 1732 2848 Civi-

155 2894 222 2939 tas
265 2901 362 2955 per
412 2886 807 2940 metonomiam
864 2898 963 2953 pro
1014 2883 1433 2953 congregatione
1475 2884 1728 2953 ponitur,

153 2989 207 3030 eo
252 2978 393 3046 quod
459 2976 739 3029 hominum
791 2973 1263 3045 congregationem
1314 2974 1610 3029 contineat.
1665 2974 1731 3029 Et

152 3064 271 3121 hanc
314 3066 652 3135 iniquitatem
704 3079 980 3133 nunquam
1013 3072 1371 3135 postponent;
1420 3065 1513 3119 sed
1555 3066 1639 3120 die
1667 3084 1729 3121 ac

152 3171 295 3224 nocte,
326 3163 377 3215 id
413 3169 521 3226 est,
558 3160 815 3215 assidue:
843 3158 925 3213 vel
965 3159 1049 3221 die
1089 3175 1151 3212 ac
1190 3168 1357 3225 nocte,
1383 3158 1435 3212 id
1464 3167 1550 3213 est
1589 3167 1644 3214 et
1674 3162 1725 3215 in
1755 3181 1798 3245 ς

152 3252 410 3320 prosperis
446 3260 501 3309 et
523 3252 575 3305 in
602 3250 844 3306 adversis
876 3249 1219 3304 circumdabit
1240 3266 1351 3303 eam
1381 3249 1649 3320 iniquitas,
1676 3254 1731 3307 id

153 3351 221 3396 est
262 3357 326 3398 ex
356 3351 481 3398 toto
511 3342 818 3413 occupabit.
847 3342 892 3395 Α
922 3339 1278 3396 similitudine
1324 3340 1579 3406 civitatis,
1610 3359 1731 3413 quae

152 3433 207 3485 ah
234 3434 483 3491 hostibus
511 3433 901 3489 circumdatur.
935 3431 1187 3488 Ostendit
1219 3439 1397 3486 autem
1422 3446 1522 3501 per
1549 3444 1730 3503 partes

153 3523 298 3594 ipsius
327 3526 575 3581 civitatis
610 3524 956 3596 iniquitatem
990 3538 1109 3577 eam
1141 3521 1506 3587 circumdare,
1549 3523 1603 3579 id
1647 3534 1731 3579 est

150 3628 207 3668 ex
229 3625 335 3672 toto
371 3632 671 3686 occupare,
705 3617 803 3671 sic.
852 3615 986 3669 Dico
1015 3613 1161 3683 quod
1208 3613 1457 3683 iniquitas
1500 3615 1729 3670 circum-

150 3706 275 3761 dabit
293 3725 439 3764 eam.
470 3706 498 3761 1
505 3708 730 3778 niquitas
758 3707 882 3761 dico
903 3705 1145 3759 existens
1169 3720 1326 3772 super
1369 3720 1546 3758 muros
1574 3710 1689 3775 ejus
1710 3746 1726 3772 ,

150 3793 194 3849 id
222 3808 299 3853 est
324 3797 630 3869 subjugans
666 3799 770 3854 sibi
799 3797 1082 3868 principes
1125 3793 1242 3862 ejus
1282 3795 1541 3853 civitatis.
1569 3798 1729 3852 Sum-

150 3903 250 3945 mos
283 3891 545 3947 videlicet
594 3892 909 3947 sacerdotes
943 3897 1000 3945 et
1041 3887 1272 3952 scribas,
1303 3898 1358 3943 et
1401 3888 1725 3955 Pltariszeos,

150 3980 226 4046 qui
255 3983 395 4036 muri
451 3982 722 4045 dicuntur,
766 3996 833 4038 eo
879 3980 1024 4052 quod
1074 3982 1140 4035 ad
1186 3980 1404 4035 modum
1447 3995 1725 4035 murormn

151 4072 340 4127 munire
393 4073 640 4128 doctrina
697 4088 795 4128 sua
852 4074 1094 4131 minores
1129 4073 1426 4138 deberent,
1459 4085 1581 4125 cum
1632 4070 1724 4124 alti

150 4160 241 4214 sint
264 4163 317 4216 in
346 4162 599 4219 scientia.
636 4162 704 4217 Et
727 4165 781 4217 in
802 4164 971 4218 medio
1003 4165 1141 4235 ejus,
1172 4164 1225 4218 id
1253 4172 1335 4218 est
1364 4162 1417 4217 in
1449 4161 1625 4230 plebe,
1651 4170 1726 4214 est

151 4244 280 4303 labor
312 4262 361 4306 et
409 4252 712 4321 injustitia,
760 4254 814 4308 id
852 4263 936 4309 est
986 4254 1255 4310 laboratio
1306 4253 1372 4307 ad
1422 4251 1723 4307 habendam

152 4337 476 4408 iniustitiam.
513 4344 666 4412 Quod
703 4356 790 4401 est
816 4346 1035 4402 dicere:
1068 4347 1345 4402 Laborant
1389 4348 1611 4402 omnino
1656 4347 1725 4401 ad

150 4426 254 4497 hoc,
290 4442 347 4487 ut
373 4434 566 4505 injusti
606 4436 734 4491 sint.
768 4435 999 4492 Medium
1053 4438 1251 4492 dicitur
1296 4436 1467 4507 plebs,
1494 4453 1559 4492 eo
1582 4435 1725 4506 quod

1851 584 2118 640 dominari
2161 596 2408 656 possunt.
2458 588 2538 645 Ac
2583 590 2629 646 si
2680 591 2825 647 dicat
2883 610 2897 648 :
2945 592 3213 665 liijustitia
3264 607 3432 656 totam

1851 675 1996 730 illam
2024 679 2301 735 civntatem
2340 683 2645 752 occupavit.
2678 683 2775 739 Vel
2815 682 2894 742 sic
2943 687 3011 743 ad
3056 689 3292 746 litteram
3327 678 3447 764 ιεςῖ

1850 778 2068 837 potest:
2112 770 2209 825 Die
2261 790 2323 827 ac
2372 786 2516 829 nocte
2568 778 2910 833 circumdabit
2971 798 3085 835 eam
3141 784 3431 856 iniquitas,

1848 861 2088 917 existens
2119 879 2282 933 super
2312 881 2497 921 muros
2526 868 2641 939 ejus
2672 868 2932 940 lapideos,
2975 872 3027 928 id
3058 882 3140 929 est
3166 878 3435 934 excellens

1848 950 2186 1007 altitudinem
2229 969 2506 1010 murorum
2559 958 2696 1028 ejus.
2731 959 2885 1026 Quod
2922 969 3006 1017 est
3051 962 3271 1020 dicere:
3300 964 3435 1021 Cum

1849 1043 2018 1114 ipsius
2049 1045 2188 1099 muri
2218 1061 2316 1115 pro
2345 1050 2507 1103 modo
2538 1064 2638 1104 suo
2666 1050 2923 1108 sublimes
2952 1053 3086 1109 satis
3117 1053 3253 1121 sint;
3276 1056 3438 1113 altior

1849 1143 2027 1191 tamen
2064 1145 2148 1192 est
2193 1152 2380 1194 eorum
2433 1140 2690 1211 iniquitas
2720 1158 2819 1213 pro
2856 1146 3017 1202 modo
3047 1161 3168 1203 suo.
3209 1147 3279 1203 Et
3313 1149 3435 1206 ideo

1845 1226 1901 1281 in
1930 1228 2098 1282 medio
2123 1230 2263 1299 ejus,
2291 1231 2342 1287 id
2367 1241 2449 1288 est
2481 1233 2532 1287 in
2567 1244 2754 1304 aperto
2785 1245 2869 1292 est
2901 1237 3051 1293 labor
3077 1248 3124 1296 et
3149 1239 3434 1311 injustitia.

1846 1318 2000 1386 Quod
2037 1330 2121 1376 est
2149 1321 2333 1379 dicere
2375 1343 2387 1378 :
2436 1326 2636 1395 Aperte
2683 1336 2738 1384 et
2781 1330 3144 1388 inverecunde
3184 1330 3437 1389 laborant

1846 1414 1915 1468 ad
1944 1412 2289 1481 injustitiam.
2321 1416 2457 1485 Quia
2492 1418 2624 1475 illud
2651 1421 2796 1491 quod
2838 1423 2891 1476 in
2920 1423 3090 1478 medio
3117 1432 3222 1487 est,
3278 1441 3435 1495 aper-

1845 1515 1960 1562 tum
1982 1515 2082 1574 est,
2119 1510 2356 1564 medium
2386 1526 2485 1581 pro
2520 1522 2708 1582 aperto
2736 1514 2977 1585 ponitur.
3008 1514 3076 1571 Et
3096 1518 3317 1587 exponit
3340 1533 3435 1588 per

1843 1608 2027 1668 partes
2054 1600 2395 1669 injustitiam,
2425 1602 2525 1658 sic.
2556 1601 2623 1657 Et
2664 1604 2728 1659 de
2764 1605 2949 1673 plateis
2979 1605 3115 1675 ejus,
3145 1607 3201 1663 id
3228 1617 3327 1677 gest
3367 1608 3435 1664 de

1846 1689 2082 1759 publico,
2117 1707 2219 1745 non
2242 1692 2429 1761 defecit
2470 1710 2631 1748 usura
2659 1703 2706 1749 et
2730 1694 2883 1749 dolus
2912 1695 2981 1749 ad
3005 1695 3253 1752 litteram.
3284 1697 3362 1754 Ac
3386 1700 3431 1753 si

1845 1779 2051 1835 diceret
2075 1796 2089 1834 :
2117 1780 2173 1835 In
2202 1780 2397 1850 plateis
2420 1782 2584 1837 etiam
2628 1791 2813 1853 aperte
2841 1799 3064 1839 usuram
3092 1793 3147 1841 et
3175 1784 3432 1842 dolosita-

1847 1879 1953 1925 tem
1978 1882 2252 1938 exercent,
2281 1872 2359 1928 vel
2378 1874 2476 1929 sic.
2501 1873 2578 1928 De
2603 1874 2787 1947 plateis
2809 1877 2948 1946 ejus,
2967 1876 3019 1932 id
3040 1884 3123 1932 est
3138 1878 3204 1935 do
3224 1877 3431 1951 princi-

1841 1961 1995 2029 pibus
2019 2000 2033 2025 ,
2082 1978 2184 2016 non
2220 1963 2409 2032 defecit
2449 1981 2646 2032 usura,
2698 1966 2749 2021 id
2784 1975 2868 2022 est
2916 1968 3084 2023 nimia
3113 1969 3353 2026 vindicta
3384 1982 3433 2025 ct

1840 2050 2009 2106 dotus.
2043 2051 2195 2120 Quod
2222 2064 2305 2111 est
2331 2056 2534 2113 dicere.
2567 2057 2624 2113 Si
2655 2058 2854 2129 aliquis
2877 2060 2933 2115 in
2964 2076 3057 2119 eos
3077 2073 3289 2135 peccat,
3312 2064 3433 2136 plus

1839 2142 2365 2214 exiguntvindictae,
2392 2163 2554 2218 quam
2600 2151 2672 2205 sit
2712 2151 2973 2219 offensio;
3019 2169 3051 2209 ac
3078 2155 3435 2215 similitudine

1840 2237 2213 2308 usurarii,’qui
2259 2239 2382 2310 plus
2414 2242 2656 2311 pecuniae
2705 2258 2735 2298 a
2774 2236 3023 2301 debitore
3070 2248 3236 2318 exigi:
3270 2264 3433 2321 quam

1836 2328 2291 2384 commodaverit.
2344 2330 2403 2385 Si
2456 2344 2639 2389 autem
2696 2332 2989 2406 aliquando
3034 2347 3315 2408 nequeunt
3367 2340 3433 2397 de

1836 2420 2187 2488 peccantibus
2209 2422 2262 2477 in
2285 2435 2343 2477 se
2363 2438 2586 2479 usuram
2618 2425 2888 2497 accipere,
2906 2427 2960 2483 id
2984 2437 3067 2485 est
3089 2429 3434 2488 manifestam

1833 2511 2156 2580 vindictam,
2182 2513 2369 2571 dolose
2398 2525 2588 2573 contra
2619 2532 2714 2575 eos
2755 2527 2942 2591 agunt.
2987 2520 3186 2578 Plateze
3229 2522 3432 2594 princi-

1833 2618 1929 2674 pes
1963 2614 2111 2662 recte
2148 2605 2425 2676 dicuntur,
2457 2624 2524 2666 eo
2551 2611 2695 2680 quod
2742 2626 2840 2681 per
2864 2627 3053 2669 eorum
3096 2613 3338 2685 regimen
3380 2622 3430 2671 el

1835 2697 2139 2753 doctrinam
2184 2700 2422 2757 minores
2462 2703 2716 2759 incedere
2746 2703 2965 2771 debent,
3010 2705 3151 2761 sicut
3188 2721 3291 2777 per
3317 2706 3430 2776 pla-

1835 2797 1951 2844 teas
1989 2790 2120 2845 itur.
2151 2792 2420 2859 Quoniam
2451 2809 2583 2849 vero
2611 2795 2677 2850 de
2717 2795 2797 2851 eis
2850 2804 3041 2867 egerat
3090 2799 3430 2864 concessive,

1832 2890 2017 2950 posset
2063 2882 2261 2951 aliquis
2302 2885 2529 2941 dicere:
2564 2884 2745 2952 Quare
2792 2888 2973 2956 potius
3022 2890 3278 2945 concedis
3332 2891 3429 2946 hos

1832 2973 2251 3041 praecipitandus
2295 2990 2439 3040 esse,
2495 2990 2618 3031 cum
2675 2977 2833 3031 multi
2884 2978 3050 3033 etiam
3102 2979 3213 3035 sint
3250 2988 3427 3050 genti-

1831 3062 1912 3118 les
1949 3064 2041 3133 qui
2074 3064 2168 3118 tibi
2199 3082 2304 3119 non
2348 3065 2607 3121 obediunt
2633 3107 2647 3132 ,
2701 3071 2766 3123 de
2814 3068 3012 3138 quibus
3058 3085 3165 3125 non
3198 3070 3334 3127 dicis
3373 3082 3426 3125 ut

1834 3154 2257 3224 praecipitentur.
2297 3155 2380 3211 Ad
2412 3156 2515 3212 hoc
2544 3167 2726 3213 autem
2763 3158 2843 3214 sic
2891 3162 3214 3230 respondet,
3247 3171 3425 3216 osten-

1834 3244 2009 3301 dendo
2037 3260 2258 3300 causam
2294 3261 2464 3316 quare
2484 3248 2663 3317 potius
2696 3247 2787 3304 isti
2825 3248 2935 3305 sint
2978 3264 3085 3305 non
3116 3250 3426 3308 sustinendi

1832 3350 1992 3406 quam
2050 3336 2323 3407 gentiles,
2390 3338 2435 3393 si
2507 3339 2556 3394 ei
2613 3339 3063 3409 maledixissent,
3130 3351 3187 3398 et
3251 3360 3421 3415 super

1836 3426 1994 3498 185
2022 3440 2146 3481 eum
2186 3445 2377 3500 magna
2424 3429 2590 3485 locuti
2637 3429 2867 3487 fuissent
2898 3448 2911 3485 :
2946 3440 3002 3488 et
3040 3435 3425 3503 respondendo

1830 3514 1961 3570 facit
2001 3518 2067 3571 ad
2116 3532 2211 3573 eos
2248 3520 2635 3589 apostropham
2672 3520 3039 3592 increpative,
3080 3532 3136 3579 et
3168 3538 3263 3581 eos
3292 3541 3417 3581 cum

1831 3607 1983 3661 multi
2017 3609 2128 3663 sint
2156 3610 2535 3680 personaliter,
2560 3612 2911 3684 singulariter
2940 3614 3215 3673 hominem
3241 3629 3422 3685 vocat,

1830 3696 1955 3767 quia
1983 3713 2147 3752 unum
2179 3709 2306 3754 sunt
2339 3701 2391 3755 in
2427 3702 2656 3758 malitia.
2699 3704 2818 3759 Dixi
2860 3706 3207 3775 concessive,
3238 3704 3425 3779 ρι’ωεί-

1828 3789 1958 3859 pita,
1983 3800 2038 3843 et
2063 3790 2222 3860 digne
2249 3792 2514 3848 concessi.
2545 3793 2824 3866 Indignum
2856 3796 3000 3852 enim
3030 3806 3111 3853 est
3139 3806 3197 3852 ut
3225 3806 3276 3853 te
3302 3814 3425 3855 sus-

1833 3881 2066 3946 tineam,
2106 3882 2158 3937 id
2196 3892 2310 3949 est,
2350 3885 2621 3953 patienter
2666 3887 2913 3942 dideram
2956 3889 3174 3959 penitus
3204 3904 3423 3961 ptenam

1831 3981 1975 4027 tuam
2014 3989 2185 4043 usque
2221 3975 2272 4029 in
2304 3974 2570 4032 futurum.
2602 3977 2865 4044 Quoniam
2893 3980 2940 4034 si
2970 3982 3213 4035 inimicus
3253 3998 3422 4045 meus,

1828 4065 2043 4136 gentilis
2071 4066 2325 4136 populus,
2354 4069 2445 4138 qui
2483 4085 2761 4141 nunquam
2800 4073 3060 4129 mentitus
3105 4084 3337 4129 estesse
3362 4089 3424 4128 se

1828 4158 2061 4212 amicum
2089 4172 2289 4223 meum,
2333 4159 2475 4215 sicut
2520 4169 2572 4216 tu
2601 4162 2752 4232 plebs
2776 4162 3001 4219 Iudaica
3038 4165 3306 4230 mentiris,
3338 4164 3423 4218 di-

1828 4251 2047 4305 cendo:
2103 4268 2121 4300 ι
2169 4250 2454 4322 Magister,
2511 4254 2714 4308 scimus
2752 4254 2878 4324 quia
2927 4270 3091 4308 verax
3145 4270 3236 4322 es,
3276 4265 3418 4318 etc..

1829 4341 2048 4412 (Matth.
2076 4359 2173 4410 xu,
2210 4344 2343 4413 14),
2379 4363 2396 4395 ι
2434 4344 2527 4414 qui
2565 4344 3024 4415 gentilispopulus
3059 4355 3245 4415 aperte
3285 4346 3417 4402 mihi

1828 4433 2175 4502 inimicatur,
2229 4450 2336 4489 non
2385 4435 2595 4490 habens
2647 4436 2753 4491 mei
2814 4438 3009 4502 ﬁdem,
3060 4436 3418 4492 maledixisset

151 4532 174 4569 a
207 4524 499 4594 majoribus
528 4528 730 4583 muniri
762 4527 942 4583 debet.
972 4530 1126 4583 Sicut
1150 4528 1394 4584 civitatis
1422 4528 1659 4581 medium
1691 4543 1721 4581 a
1756 4533 1802 4592 ι)
1830 4530 1984 4593 mihi,
2018 4546 2122 4583 non
2152 4544 2314 4595 voce,
2340 4530 2436 4584 sed
2482 4544 2573 4594 re,
2604 4530 2655 4585 id
2686 4539 2804 4597 est,
2847 4531 3205 4601 depressissct
3244 4546 3330 4586 me
3365 4532 3417 4584 in

152 4614 298 4671 muris
336 4618 604 4686 munitur,
635 4620 719 4676 vel
750 4620 888 4692 sict:
931 4621 1024 4675 Die
1074 4639 1135 4675 ac
1186 4631 1332 4675 nocte
1381 4620 1721 4675 circumdabit

148 4720 245 4759 eam
284 4710 578 4783 iniquitas,
621 4713 864 4769 existens
910 4730 1074 4784 super
1134 4729 1320 4770 muros
1370 4714 1510 4785 ejus,
1544 4716 1597 4771 id
1639 4723 1723 4771 est

148 4800 424 4863 prrevalens
452 4788 1062 4871 custodiaa’murorum;
1091 4820 1160 4860 ne
1189 4805 1329 4859 muri
1364 4805 1573 4878 possint
1599 4818 1719 4859 eam

151 4891 360 4958 ntuiiire,
401 4896 581 4966 angeli
610 4896 841 4965 scilicet,
877 4898 969 4968 qui
1001 4897 1110 4952 illis
1141 4914 1170 4952 a
1202 4898 1311 4953 Deo
1338 4898 1450 4952 dati
1473 4906 1631 4952 erant
1654 4897 1721 4952 ad

150 4986 559 5053 custodiendum,
585 5004 817 5059 quorum
850 4992 954 5060 ipsi
995 4992 1296 5046 custodiam
1339 5007 1437 5061 per
1468 4993 1721 5061 iniquita-

150 5079 241 5127 tem
268 5093 297 5129 a
324 5093 383 5132 se
411 5080 699 5149 repellunt.
728 5081 883 5149 Quod
912 5092 995 5138 est
1020 5084 1204 5139 dicere
1234 5100 1248 5138 :
1284 5084 1455 5138 Tanta
1491 5095 1574 5139 est
1599 5085 1715 5155 ejus

150 5162 405 5235 iniquitas,
434 5174 578 5242 quod
605 5175 744 5228 muri
769 5190 887 5229 eam
924 5176 1201 5230 custodire
1229 5191 1337 5230 non
1366 5187 1614 5245 possunt.
1646 5178 1714 5231 Et

152 5250 253 5311 ideo
300 5260 356 5312 in
388 5264 554 5316 medio
591 5263 707 5333 ejus
760 5265 1019 5330 civitatis,
1057 5266 1109 5320 id
1159 5277 1243 5321 est
1276 5268 1330 5322 in
1378 5267 1717 5338 plenitudine

150 5339 252 5408 ejus
291 5348 524 5407 civitatis
567 5362 652 5408 est
691 5353 842 5407 labor
901 5364 951 5408 et
1000 5355 1262 5424 injustitia
1288 5396 1305 5422 ,
1348 5357 1399 5410 id
1437 5365 1520 5410 est
1568 5354 1716 5409 labo-

154 5438 273 5490 ratio
294 5441 361 5495 ad
389 5442 728 5511 injustitiam,
752 5446 905 5514 Quod
929 5457 1013 5502 est
1041 5447 1223 5503 dicere
1257 5466 1271 5501 :
1299 5447 1416 5501 Non
1447 5446 1606 5517 pauci
1636 5446 1713 5503 la-

150 5527 325 5586 borant
354 5539 417 5591 ad
439 5536 897 5607 injustitiam,sed
927 5549 1036 5596 tota
1064 5541 1343 5610 plenitudo
1372 5540 1609 5597 civitatis
1650 5541 1715 5597 il-

152 5616 260 5675 lius.

210 5712 356 5778 Quod
386 5718 510 5774 dicit
541 5720 861 5792 injustitiam
907 5738 1029 5779 csse
1079 5725 1133 5778 in
1167 5726 1352 5779 .medio
1380 5726 1494 5795 ejus
1514 5767 1529 5790 ,
1554 5740 1585 5780 a
1632 5727 1710 5781 δὶα

157 5802 435 5863 militudine
469 5811 702 5867 hostium
735 5814 969 5887 positum
1014 5824 1120 5884 est,
1150 5816 1239 5885 qui
1271 5824 1556 5889 postquam
1598 5834 1710 5874 me-

1828 4621 2196 4685 tt'ibulationc,
2227 4621 2365 4675 sicut
2399 4629 2451 4674 tu
2494 4620 2818 4686 maledices,
2864 4621 2917 4675 id
2951 4632 3066 4688 est,
3101 4622 3375 4692 deprimes
3404 4642 3414 4675 :

1823 4716 2001 4783 utique
2035 4714 2431 4780 sustinuissem,
2464 4711 2517 4768 id
2577 4722 2680 4779 est,
2732 4714 3003 4784 patienter
3043 4712 3156 4783 ejus
3198 4730 3415 4786 ptenam

1822 4786 2045 4860 omnino
2069 4804 2400 4860 distulissem
2426 4819 2601 4874 usque
2642 4806 2696 4859 in
2728 4804 2987 4873 futurum,
3016 4821 3121 4861 non
3149 4807 3416 4863 concede-

1823 4914 1936 4953 rem
1976 4907 2034 4953 ut
2060 4899 2149 4953 hic
2185 4898 2620 4969 praecipitaretur
2650 4898 2793 4954 sicut
2830 4898 2897 4954 de
2942 4906 2993 4955 te
3038 4900 3300 4955 concedo.
3344 4897 3415 4952 Et

1820 4991 1866 5045 si
1898 4991 1939 5045 is
1968 4992 2057 5063 qui
2090 4991 2271 5045 oderat
2307 5007 2409 5056 me,
2454 4998 2644 5061 aperte
2686 4990 2828 5046 male
2863 4990 3121 5059 vivendo,
3160 5007 3265 5047 non
3311 4990 3415 5045 lin-

1821 5082 1995 5152 gendo
2039 5098 2098 5139 se
2134 5083 2367 5137 amicum
2405 5082 2546 5139 sicut
2586 5091 2644 5138 tu
2680 5083 2837 5156 ﬁngis
2874 5102 2886 5137 :
2928 5083 3144 5154 gentilis
3183 5083 3411 5152 populus

1819 5180 2025 5237 scilicet
2066 5198 2224 5251 super
2253 5199 2332 5237 me
2378 5197 2437 5238 se
2487 5183 2752 5239 extollens
2782 5199 2879 5254 per
2914 5182 3299 5252 arrogantiam,
3342 5182 3407 5234 ad

1820 5273 2036 5326 modum
2063 5273 2137 5326 tui
2170 5272 2376 5327 locutus
2402 5274 2585 5343 fuisset
2611 5289 2706 5329 ore
2726 5290 2937 5343 magna,
2971 5271 3147 5335 idest,
3177 5269 3409 5339 superba

1818 5363 1959 5417 sicut
2000 5372 2052 5417 tu
2082 5363 2311 5419 dicendo
2343 5381 2356 5417 :
2393 5382 2412 5415 ι
2446 5362 2635 5420 Omnis
2663 5364 2754 5433 qui
2790 5378 2848 5417 se
2879 5376 3060 5432 regem
3091 5359 3239 5425 facit,
3270 5373 3406 5414 con-

1818 5452 2448 5525 tradicitCazsariann.
2478 5454 2748 5523 xix,12),»
2775 5461 2829 5506 et
2857 5459 3052 5506 caetera
3084 5448 3230 5515 talia,
3252 5447 3408 5518 [orsi-

1817 5556 1945 5611 tum,
1961 5545 2012 5598 id
2025 5555 2125 5611 est,
2142 5562 2326 5601 revera
2340 5545 2724 5599 abscondissem
2739 5561 2819 5597 me
2831 5542 2895 5596 ab
2908 5559 2990 5609 eo,
3005 5543 3173 5608 idest,
3190 5540 3405 5595 abscon~

1814 5639 2005 5691 dissem
2047 5640 2341 5707 potentiam
2374 5653 2551 5691 meam
2576 5638 2638 5690 ab
2658 5652 2748 5702 eo,
2780 5634 3079 5691 diﬂ‘erendo
3110 5633 3403 5688 vindictam

1815 5731 2051 5799 usquein
2077 5731 2337 5784 futurum.
2360 5729 2473 5783 Non
2499 5729 2587 5784 hic
2606 5744 2727 5783 eum
2753 5728 3163 5799 praecipitando,
3186 5726 3325 5781 sicut
3350 5735 3404 5780 te

1817 5822 2183 5892 praecipitabo.
2218 5819 2328 5877 lloc
2351 5832 2530 5877 autem
2555 5820 2695 5893 quod
2719 5820 2990 5891 praeterita
3006 5819 3205 5890 posuit,
3230 5817 3305 5874 sic
3322 5816 3401 5870 lc-
