3846 6334
475 309 583 366 883

1041 310 1099 365 S.
1136 310 1485 369 BRIENONIS
1518 304 2166 366 CARTllUSIANORUM
2205 304 2694 367 INSTITUTORIS
2733 308 2889 371 OPP.
2917 306 3097 363 PARS
3130 309 3170 362 Ι.
3636 310 3729 366 884

434 502 435 507 γ
468 426 697 500 gendum
749 434 830 482 est
867 445 879 479 :
924 424 982 484 Si
1029 427 1270 484 inimicus
1323 446 1465 485 meus
1516 430 1843 484 malediceret
1888 427 2045 499 mihi,
2077 426 2126 499 Δ
2155 436 2239 484 ter
2268 428 2336 484 de
2371 428 2722 491 damnatione
2754 428 2809 483 in
2846 428 2933 484 die
2962 427 3150 497 judieii
3181 428 3391 499 (gutta,
3423 432 3504 488 sic
3532 448 3550 487 ε
3595 430 3732 498 Dixi,

469 518 605 572 sicut
653 526 708 570 tu
745 515 1053 583 malediees,
1094 520 1272 593 utique
1309 522 1637 585 sustinerem,
1682 519 1749 575 Et
1790 520 1836 576 si
1870 520 1915 575 is
1954 520 2047 589 qui

467 609 577 663 odit
609 624 690 663 me
724 624 882 680 super
917 624 997 665 me
1031 626 1221 681 magna
1259 611 1581 685 loqueretur,
1617 627 1791 669 revera
1829 613 2051 679 abscon-

464 702 644 756 derem
681 704 967 771 potentiam
1001 719 1169 759 meam
1209 706 1275 760 ab
1306 722 1387 761 eo.
1429 706 1505 760 Tu
1541 722 1658 765 vero
1688 705 1914 778 populus
1947 706 2046 763 Ju-

462 792 675 858 daicns,
699 793 940 850 existens
966 795 1138 859 homo,
1172 796 1222 852 id
1250 805 1352 862 est,
1379 798 1628 854 animalis
1655 813 1756 853 non
1784 799 2042 868 Spiritua-

463 882 555 950 lis,
583 883 868 951 unanimis,
899 884 952 941 id
998 894 1101 953 est,
1128 887 1493 943 amicissimus
1523 889 1651 944 mibi
1680 889 2042 957 simulatione,

463 990 572 1031 non
595 992 675 1042 re,
704 994 809 1034 non
843 979 1136 1034 secundum
1172 992 1361 1036 omnes
1394 998 1406 1034 :
1432 979 1527 1037 sed
1557 982 1853 1051 secundum
1883 997 2045 1053 qnes-

463 1067 589 1122 dam
640 1069 733 1140 qui
792 1069 976 1127 dolose
1025 1071 1130 1127 mei
1186 1071 1612 1128 familiaritatem
1647 1081 1935 1145 appetunt,
1987 1083 2046 1130 ut

465 1176 554 1216 me
603 1163 929 1232 redarguere
969 1165 1222 1235 possint:
1264 1168 1374 1221 dua:
1413 1184 1556 1223 meus
1591 1170 1884 1225 secundum
1926 1168 2047 1225 illos

465 1266 603 1320 quos
658 1254 912 1309 constitui
952 1256 1117 1312 duces
1156 1256 1355 1328 papuli,
1389 1257 1515 1313 licet
1562 1258 1701 1315 bene
1752 1259 1874 1315 illos
1936 1275 2043 1315 non

465 1343 704 1409 ducant,
771 1346 980 1404 scilicet
1042 1350 1336 1404 secundum
1419 1364 1660 1408 summos
1734 1351 2046 1409 sacerdotes

464 1430 775 1494 et‘eteteros
810 1476 813 1477 ν
850 1441 1153 1510 principes,
1219 1440 1310 1511 qui
1377 1440 1555 1498 claves
1629 1443 1869 1500 scientiae
1950 1444 2046 1509 ha-

462 1529 625 1592 bent,
695 1546 871 1600 ncque
937 1530 1179 1600 intrant,
1232 1547 1407 1605 neque
1454 1534 1590 1592 alios
1645 1534 1852 1592 intrare
1921 1552 2047 1607 per-

464 1619 686 1699 mittunt
738 1621 970 1691 (Mattb.
1035 1639 1201 1693 nni,
1236 1625 1377 1697 l3);
1419 1624 1547 1683 dicti
1611 1636 1787 1684 tamen
1848 1628 2043 1696 duces,

462 1713 710 1783 quamvis
738 1731 841 1771 non
869 1716 1090 1784 ducant,
1128 1733 1193 1774 eo
1226 1720 1368 1788 quod
1396 1720 1623 1775 ducendi
1662 1720 1899 1777 habeant
1933 1724 2044 1778 olli-

462 1804 604 1859 cium
637 1822 650 1859 :
686 1815 734 1860 et
769 1816 922 1862 notus
952 1825 1116 1875 metu,
1150 1809 1201 1865 id
1233 1816 1337 1876 est,
1371 1811 1824 1884 consanguineus,
1853 1828 2045 1869 secun-

463 1896 589 1952 dum
631 1900 926 1968 quosdam,
957 1903 1047 1971 qui
1077 1904 1264 1957 eadem
1292 1902 1432 1958 tribu
1460 1913 1585 1959 sunt
1610 1921 1624 1961 :
1667 1905 1748 1959 vel
1775 1914 1934 1969 notus
1955 1922 2042 1963 se—

461 1994 696 2047 cundum
736 1995 1031 2063 quosdam,
1074 2009 1140 2051 eo
1176 1995 1317 2065 quod
1366 2010 1487 2051 cum
1539 1998 1642 2053 sim
1688 1999 2046 2069 corporaliter

460 2084 732 2149 nutritus,
763 2094 818 2139 et
844 2101 965 2139 cum
1011 2086 1092 2142 eis
1131 2087 1197 2142 ab
1222 2095 1380 2141 mtate
1410 2089 1602 2158 puerili
1649 2099 2041 2148 conversatus:

458 2174 550 2243 qui
578 2174 734 2227 simul
756 2192 951 2229 mecum
977 2177 1216 2245 cupiebas
1241 2178 1420 2233 dulces
1451 2181 1613 2245 cibos,
1655 2181 1708 2236 id
1734 2192 1838 2249 est,
1868 2182 2041 2239 dulcia

458 2274 725 2336 prmcepta
760 2265 923 2337 legis,
953 2282 1070 2336 quae
1096 2268 1193 2327 sibi
1241 2277 1367 2323 snnt
1411 2271 1638 2337 animm,
1676 2281 1730 2327 et
1758 2273 1916 2327 simul
1954 2292 2043 2329 ca-

458 2356 657 2425 piebas,
695 2356 749 2411 id
778 2366 880 2420 cst,
913 2356 963 2412 in
996 2357 1183 2414 eodem
1214 2357 1352 2413 loco.
1400 2359 1457 2414 ln
1502 2360 1802 2432 Synagogis
1835 2362 2044 2418 scilicet

456 2453 514 2502 ct
546 2446 600 2501 in
634 2447 850 2518 templo.
880 2446 1031 2527 Quod
1060 2455 1143 2503 est
1178 2448 1398 2507 dicere:
1430 2448 1631 2507 Omnes
1666 2450 2039 2521 capiebamus,

458 2542 515 2591 et
540 2533 591 2588 in
619 2535 808 2591 eodem
840 2536 981 2602 loco,
1016 2548 1070 2594 et
1092 2541 1145 2595 in
1170 2543 1324 2597 domo
1360 2540 1488 2607 Dei,
1521 2541 1573 2599 id
1616 2549 1729 2607 est,
1764 2542 1816 2598 in
1844 2542 2043 2613 templo

457 2624 840 2682 ambulavimus
871 2646 986 2687 cum
1025 2648 1303 2700 consensu,
1347 2634 1401 2689 id
1428 2642 1536 2699 est.
1566 2650 1687 2691 eum
1729 2636 2039 2703 concordia,

457 2725 521 2769 ut
548 2715 618 2771 ibi
642 2718 847 2787 pariter
879 2722 1145 2779 Sacrificia
1178 2734 1233 2781 et
1258 2724 1361 2780 alia
1391 2726 1638 2782 instituta
1667 2727 1859 2799 legalia
1888 2744 2040 2785 com—

455 2806 748 2878 pleremus.
778 2813 879 2878 Tu,
908 2814 1148 2885 inquam,
1172 2817 1685 2889 populusJudaicus,
1716 2821 1806 2890 qui
1840 2821 1963 2878 talis
1988 2829 2045 2878 et

458 2900 582 2957 talis
622 2918 714 2969 es,
745 2914 802 2959 ut
846 2906 985 2975 dixi,
1025 2922 1085 2964 es
1136 2924 1165 2965 a
1211 2926 1295 2981 me
1357 2912 1751 2969 sustinendus?
1798 2912 2037 2975 Minime.

456 2991 611 3059 Quod
648 3004 734 3049 est
772 3011 834 3051 ac
862 2998 926 3065 si
971 2999 1217 3057 diceret:
1252 3002 1387 3059 Vere
1417 3003 1588 3060 debeo
1638 3005 1938 3060 concedere
1982 3016 2042 3060 ut

454 3083 845 3154 principiteris,
889 3103 1064 3159 neque
1102 3092 1272 3148 delzco
1305 3103 1357 3148 te
1386 3096 1656 3151 sustinere
1683 3110 1851 3165 usque
1882 3096 1933 3176 ip
1960 3095 2036 3150 l'u-
2069 3115 2111 3174 ο

457 3183 640 3230 turum
688 3177 950 3239 ultionem
1010 3190 1153 3239 tuam
1192 3186 1508 3255 protelando
1539 3227 1554 3253 ,
1604 3189 1859 3259 quoniam
1890 3201 1946 3244 tu
1984 3206 2043 3247 es

457 3266 613 3325 homo
652 3274 947 3340 unanimis,
986 3275 1095 3331 dum
1122 3293 1267 3332 meus
1296 3288 1345 3337 et
1389 3289 1545 3335 notus
1570 3296 1742 3349 meus,
1772 3283 1861 3348 qui
1887 3283 2044 3341 simul

454 3376 658 3416 mecum
696 3364 874 3439 dulces
917 3366 1155 3436 cupiebas
1194 3369 1367 3435 cibos,
1407 3378 1461 3425 et
1495 3386 1617 3426 cum
1657 3387 1765 3442 quo
1798 3372 1852 3427 in
1889 3374 2043 3428 domo

440 3450 557 3527 Dei
582 3453 852 3513 ambulavi
880 3472 995 3509 eum
1027 3473 1317 3524 consensu;
1350 3469 1405 3515 et
1430 3461 1678 3530 quamvis
1705 3464 1821 3518 haec
1857 3466 2041 3520 omnia

457 3544 586 3608 sint,
613 3554 791 3603 tamen
816 3548 1163 3604 contristabis
1179 3558 1232 3605 et
1253 3552 1600 3609 conturbabis
1618 3569 1702 3610 me
1722 3563 1778 3611 et
1794 3556 2039 3627 repelles,

458 3649 584 3691 cum
632 3637 861 3694 deberes
899 3654 1003 3693 non
1042 3640 1346 3709 repellere:
1381 3645 1474 3699 sed
1524 3646 1655 3701 mihi
1708 3656 1893 3718 utpote
1930 3650 2041 3722 regi

458 3733 515 3781 et
562 3724 827 3785 Salvatori
881 3737 972 3787 tuo
1011 3729 1230 3799 subjici,
1266 3746 1427 3803 quem
1473 3736 1860 3806 prophetarum
1894 3739 2044 3795 testi-

459 3816 647 3871 monio
672 3832 997 3887 cognoscere
1022 3822 1330 3891 potuisti,et
1349 3825 1431 3880 sic
1460 3839 1545 3881 me
1567 3825 1863 3883 testiﬁcare.
1891 3829 2044 3885 ldeo~

436 3920 565 3987 que
605 3906 800 3976 dignus
838 3923 897 3965 es
935 3913 1155 3970 omnino
1204 3922 1265 3969 ut
1305 3917 1679 3986 prrecipiteris.
1727 3917 1857 3975 Dico
1898 3921 2041 3991 quod

455 4012 512 4057 te
538 4016 643 4057 non
670 4005 981 4073 sustinebo,
1011 4021 1131 4062 cum
1164 4008 1263 4064 hoc
1288 4018 1344 4064 et
1372 4010 1474 4069 hoc
1505 4010 1607 4076 sis,
1637 4021 1692 4065 et
1738 4021 1915 4069 tamen
1957 4030 2043 4071 me

456 4104 513 4150 et
543 4097 837 4153 contristes
869 4106 922 4153 et
960 4099 1267 4159 conturbes.
1302 4102 1582 4158 Inimicum
1614 4104 1828 4172 quidem
1870 4107 2043 4175 genti-

454 4186 559 4243 lem
607 4188 889 4265 populum,
938 4189 1029 4260 qui
1073 4206 1160 4247 me
1205 4203 1390 4261 aperte
1433 4195 1577 4261 odit,
1628 4196 1952 4253 sustinerem
1994 4201 2043 4255 si

453 4278 583 4335 mihi
611 4278 974 4344 malediceret,
1000 4281 1138 4336 etab
1165 4298 1225 4336 eo
1266 4284 1563 4351 potentiam
1606 4300 1780 4339 meam
1816 4287 2043 4344 abscon¢

454 4370 637 4424 derem
670 4371 715 4423 si
753 4387 909 4438 super
948 4388 1028 4426 me
1065 4389 1255 4442 magna
1295 4373 1626 4444 loqueretur,
1666 4391 1788 4432 cum
1833 4393 1938 4434 non
1970 4380 2043 4436 sit

453 4469 637 4524 notus,
685 4466 741 4514 et
774 4464 1064 4531 unanimis,
1109 4472 1163 4518 et
1210 4464 1319 4518 dua:
1368 4482 1530 4525 meus.
1578 4465 1693 4522 Non
1722 4468 1865 4531 enim
1907 4470 2041 4526 adeo

455 4550 649 4619 dignus
669 4559 750 4606 cst
771 4554 985 4620 gentilis
1007 4554 1235 4625 populus
1258 4557 1623 4625 damnatione,
1647 4558 1737 4627 qui
1764 4572 2040 4628 nunquam

454 4653 544 4695 me
572 4656 668 4709 per
692 4642 861 4714 legem
893 4662 995 4715 qua
1028 4646 1247 4701 carebat
1278 4661 1606 4717 cognoscere
1648 4647 1842 4720 potuit,
1868 4663 2041 4719 quan-

457 4740 571 4786 tum
612 4742 700 4798 tu,
738 4736 827 4803 qui
874 4752 958 4791 me
998 4752 1094 4807 per
1136 4737 1269 4808 legis
1306 4739 1671 4793 testiinonium
1716 4754 2043 4810 cognoscere

454 4824 702 4897 potuisti.
735 4825 795 4878 Et
818 4827 907 4896 qui
957 4844 1232 4899 nunquam
1262 4828 1636 4886 fraudulenter
1666 4846 1727 4886 se
1754 4832 1884 4895 mihi
1913 4831 2043 4887 fecit

456 4917 794 4983 unanimem;
831 4920 993 4991 186
1024 4933 1223 4986 necast
1251 4936 1280 4974 a
1306 4937 1392 4977 tne
1418 4921 1526 4976 dux
1554 4922 1880 4978 constitutus
1902 4923 2042 4987 sicut

450 5023 546 5082 tu,
576 5024 755 5085 neque
815 5012 943 5066 mihi
986 5013 1196 5067 exstitit
1227 5014 1684 5084 consanguineus.
1724 5012 1857 5070 Cum
1890 5016 2041 5085 ponit

449 5121 508 5162 tu
546 5125 663 5163 vero
702 5109 878 5167 homo.
916 5104 1050 5165 illud
1090 5122 1210 5160 vero
1248 5122 1350 5162 non
1400 5119 1662 5177 quantum
1703 5108 1770 5162 ad
1817 5117 2039 5164 senten-

450 5201 605 5264 tiam,
620 5203 715 5256 sed
738 5213 1000 5272 quantum
1017 5205 1083 5259 ad
1097 5205 1342 5265 ordinem
1357 5199 1551 5259 littera:
1572 5202 2035 5269 videturopcrari.

520 5293 665 5367 Cum
688 5305 867 5350 autem
891 5296 1024 5351 dixit
1047 5297 1423 5363 maledixisset,
1460 5294 1683 5369 ponitur
1712 5292 2039 5349 maledicere

447 5401 546 5457 pro
578 5387 914 5456 deprimere.
952 5389 1094 5445 sicut
1132 5391 1455 5446 benedicere
1498 5407 1639 5462 sa'pe
1686 5384 1910 5460 ponitur
1939 5399 2039 5455 1)το

446 5479 711 5537 exaltare.
739 5478 905 5535 Facta
944 5482 1295 5539 concessione
1334 5482 1401 5537 de
1434 5483 1779 5545 damnatione
1823 5476 2040 5537 Judazo-

450 5586 568 5627 rnm
604 5571 655 5625 in
690 5571 789 5629 hoc
818 5574 1016 5627 mundo
1046 5574 1246 5641 futura,
1269 5583 1325 5631 et
1352 5576 1588 5631 ostensis
1622 5575 1800 5633 causis
1839 5574 2038 5644 quibus

448 5662 681 5725 debeant
708 5665 848 5722 hanc
876 5666 1280 5724 damnationem
1309 5668 1520 5735 subire;
1551 5667 1659 5739 agit
1691 5681 2026 5737 consequen-

2146 521 2415 592 prazcipita
2453 529 2508 576 et
2542 521 2734 575 divide.
2774 520 2841 576 Et
2871 536 2978 579 non
3019 521 3192 577 solum
3236 524 3652 595 praecipitentur
3684 536 3735 582 et

2148 612 2498 671 dividantur:
2528 612 2624 672 sed
2664 613 2827 671 etiam
2860 615 3208 686 quandoque,
3243 615 3412 671 veniat
3442 633 3589 673 mors
3614 632 3735 689 per-

2147 714 2304 777 petua
2334 723 2491 778 super
2513 706 2651 773 illos,
2684 707 2773 777 qui
2805 707 3057 780 ignorant
3083 722 3169 764 me
3197 707 3366 765 Deum
3402 724 3555 778 esse,
3576 727 3738 783 super

2148 798 2357 868 plebem
2389 788 2576 854 rudem
2607 800 2838 864 scilicet,
2870 816 2991 871 qua:
3018 801 3399 858 adhortatione
3424 805 3733 875 principum

2147 890 2201 944 in
2236 903 2321 943 me
2359 899 2568 958 peccat,
2599 899 2647 945 et
2673 890 2989 945 descendant
3019 893 3077 945 in
3110 890 3376 959 infernum
3407 894 3660 961 virentes,
3686 896 3734 952 id

2146 992 2257 1049 est,
2288 983 2363 1038 illi
2400 984 2490 1053 qui
2526 986 2820 1052 prudentes
2850 995 2905 1042 ct
2944 987 3179 1043 scientes
3214 1004 3274 1044 se
3308 989 3651 1045 interficiunt
3686 992 3737 1045 in

2148 1092 2234 1131 me
2282 1077 2584 1147 peccando,
2628 1092 2751 1132 cum
2800 1093 2887 1133 me
2931 1078 3099 1134 Deum
3147 1094 3268 1136 esse
3307 1096 3416 1137 non
3463 1083 3738 1152 ignorant.

2149 1164 2311 1219 Mittit
2338 1174 2517 1220 autem
2544 1165 2611 1220 ad
2651 1167 3057 1233 similitudinem
3088 1170 3333 1227 historia:
3354 1172 3423 1227 de
3444 1171 3667 1228 Datban
3690 1183 3740 1229 et

2146 1256 2348 1310 Abiron
2391 1265 2447 1311 et
2490 1271 2677 1312 eorum
2706 1262 3090 1317 consentaneis
3139 1262 3347 1331 (Num.
3402 1265 3558 1336 ιη).
3605 1265 3739 1321 Nam

2146 1346 2357 1401 Datban
2382 1354 2436 1402 et
2454 1345 2688 1414 Abiron,
2713 1364 2835 1405 cum
2871 1350 3180 1407 sacerdotio
3208 1352 3485 1410 Aaronico
3522 1363 3743 1410 contra-

2148 1439 2410 1502 dicerent,
2448 1446 2503 1493 et
2540 1453 2601 1497 se
2638 1448 2828 1496 contra
2874 1443 3041 1497 Deum
3070 1442 3217 1500 illius
3254 1443 3516 1500 sacriﬁcii
3551 1445 3736 1514 dispo-

2147 1530 2369 1591 sitorem
2396 1543 2555 1598 agere
2583 1545 2689 1591 non
2725 1531 3071 1603 ignorarent,
3121 1534 3321 1591 multos
3364 1550 3587 1605 quoque
3642 1536 3738 1589 sibi

2149 1626 2573 1687 consentientes,
2607 1624 2917 1694 ignorantes
2954 1635 3135 1682 tamen
3165 1626 3313 1696 ipsos
3343 1635 3540 1683 contra
3573 1626 3741 1681 Deum

2148 1714 2605 1784 agerehaberent,
2626 1728 2654 1767 a
2672 1722 2812 1769 terra
2827 1716 2934 1769 vivi
2957 1716 3221 1787 absorpti,
3236 1716 3290 1772 in
3322 1715 3601 1772 infernum
3627 1717 3720 1773 des

2149 1806 2475 1861 conderent.
2500 1804 2714 1876 Reliqui
2732 1822 2860 1867 vero
2884 1807 3288 1878 ignorantereis
3302 1809 3739 1874 consentientes,

2148 1896 2270 1969 igne
2291 1897 2515 1953 cremati
2532 1906 2676 1954 sunt.
2694 1898 2798 1955 Per
2825 1899 3034 1955 Datban
3060 1900 3225 1971 igitur
3239 1901 3539 1969 etAbiron,
3554 1902 3654 1972 qui
3677 1902 3747 1956 vi-

2147 1997 2334 2045 ventes
2377 1990 2657 2059 perierunt
2684 1989 2992 2053 .lndazorum
3021 2006 3148 2061 pars
3179 1991 3266 2045 illa
3290 1992 3741 2062 portendebatur,

2144 2078 2236 2149 qui
2263 2093 2384 2134 cum
2407 2078 2683 2135 Christum
2701 2081 2865 2136 Deum
2906 2095 3029 2137 esse
3063 2098 3172 2137 non
3202 2085 3742 2154 ignorarent,tamen

2144 2176 2300 2231 erant
2322 2166 2395 2237 illi
2426 2168 2836 2234 contradictori,
2856 2178 2911 2227 et
2942 2170 2995 2224 in
3013 2170 3397 2239 ipsiusChristi
3425 2173 3743 2241 cognitione

2144 2257 2387 2312 viventes
2414 2266 2467 2321 et
2493 2259 2807 2327 prudentes,
2841 2260 2893 2313 in
2917 2260 3114 2317 interni
3142 2262 3550 2325 damnationem
3588 2273 3744 2318 eram

2145 2349 2477 2405 descensuri.
2544 2349 2647 2409 Per
2697 2361 3096 2408 consentaneas
3146 2363 3327 2408 autem
3381 2369 3573 2411 eorum
3624 2356 3743 2427 igne

2145 2451 2528 2513 consumptos,
2567 2443 2656 2512 qui
2706 2445 3017 2515 ignoranter
3055 2445 3374 2515 peccabant,
3419 2445 3737 2503 Judceorum

2144 2547 2271 2601 pars
2296 2532 2380 2586 illa
2412 2532 2769 2602 ﬁgurabatur,
2802 2548 2922 2602 quae
2951 2549 3075 2597 cum
3105 2533 3381 2599 Christum
3416 2538 3592 2591 Deum
3622 2553 3741 2593 esse

2144 2627 2453 2697 ignoraret,
2501 2626 2662 2697 eique
2702 2626 3138 2693 contradiceret,
3188 2627 3437 2693 infernali
3491 2628 3621 2699 igne
3656 2646 3743 2684 sn-

2142 2718 2516 2791 perveniente,
2543 2728 2598 2775 et
2632 2733 2727 2775 eos
2753 2719 3122 2790 demergente,
3159 2720 3387 2790 perituri
3412 2731 3597 2788 erant,
3633 2738 3735 2776 non

2142 2812 2271 2883 quia
2322 2812 2427 2868 vivi
2456 2820 2509 2867 et
2538 2812 2854 2882 prudentes,
2885 2812 2978 2875 sed
3016 2812 3141 2881 quia
3168 2826 3237 2867 ex
3277 2812 3606 2882 ignorantia:
3647 2830 3739 2869 ne-

2143 2904 2398 2976 gligentia
2446 2918 2702 2974 perverse
2747 2913 2989 2975 agerent.
3042 2903 3211 2974 Hujus
3255 2916 3435 2962 autem
3490 2906 3738 2971 historia:

2143 2996 2479 3053 similitudini
2516 2996 2735 3061 alludit,
2771 3011 2893 3052 cum
2933 2997 3108 3067 ponit.
3156 2995 3345 3053 Veniat
3389 3014 3533 3053 mors
3582 3015 3740 3068 super

2144 3090 2287 3157 illos,
2318 3090 2409 3161 qui
2440 3091 2751 3163 ignorantes
2783 3103 2869 3144 me
2898 3089 3067 3144 Deum
3099 3104 3249 3155 esse,
3285 3089 3416 3146 mihi
3449 3091 3735 3146 contradi-

2146 3192 2307 3250 cunt,
2349 3184 2492 3239 sicut
2525 3198 2689 3254 super
2734 3191 3132 3238 consentaneos
3177 3183 3391 3238 Datban
3433 3191 3490 3239 et
3527 3182 3739 3239 Abiron

2147 3275 2285 3347 ignis
2315 3274 2483 3340 venit,
2512 3275 2603 3345 qui
2634 3288 2729 3330 eos
2755 3273 3114 3345 consumpsit.
3140 3274 3206 3328 Et
3231 3274 3370 3329 bene
3392 3274 3633 3344 positum
3656 3282 3742 3328 est

2146 3379 2311 3437 Super
2336 3381 2429 3423 eos
2457 3380 2552 3437 per
2579 3366 3015 3432 similitudinem,
3045 3379 3111 3421 ac
3138 3365 3183 3420 si
3214 3374 3443 3435 poneret
3472 3382 3487 3418 :
3524 3363 3618 3420 Sic
3646 3379 3743 3421 eos

2144 3469 2405 3530 perpetua
2450 3473 2598 3514 mors
2623 3459 2917 3529 opprimat,
2950 3474 3017 3514 ne
3034 3459 3241 3531 possint
3272 3470 3498 3528 surgere
3524 3457 3651 3513 inde
3684 3467 3741 3511 et

2145 3551 2398 3616 evadere,
2425 3550 2492 3605 ad
2533 3538 2750 3605 modum
2781 3550 3017 3613 illorum,
3060 3549 3150 3619 qui
3183 3550 3251 3603 ab
3284 3548 3471 3617 aliquo
3495 3549 3741 3619 pondere

2145 3639 2541 3711 supercadente
2564 3641 2698 3697 adeo
2722 3640 3121 3711 deprimuntur,
3171 3655 3239 3695 ne
3285 3654 3512 3707 surgere
3552 3640 3624 3694 sit
3658 3639 3741 3694 eis

2144 3732 2370 3787 licitum.
2387 3732 2453 3787 Et
2473 3731 2545 3787 illi
2576 3731 2666 3802 qui
2685 3740 2811 3789 sunt
2827 3733 3092 3798 viventes,
3107 3732 3158 3786 id
3175 3742 3277 3798 est,
3297 3746 3402 3785 non
3424 3731 3739 3801 ignorantcr

2144 3832 2469 3894 peccantes,
2512 3823 2841 3885 descendant
2911 3824 2965 3878 in
3008 3822 3318 3890 infernum,
3382 3821 3433 3877 id
3492 3832 3596 3888 est,
3645 3837 3740 3878 ve-

2147 3915 2301 3970 niant
2330 3915 2382 3969 in
2422 3914 2905 3986 proluudissimum
2938 3916 3218 3975 interitum
3244 3916 3389 3985 quod
3420 3915 3735 3981 denotatur,

2145 4018 2269 4059 cum
2303 4004 2435 4060 dicit
2472 4005 2825 4060 descendant.
2865 4004 3204 4060 Descendere
3235 4020 3475 4074 namque
3505 4006 3737 4060 dicimus

2144 4096 2212 4155 ad
2252 4095 2518 4165 profunda
2560 4097 2779 4162 venire,
2828 4097 2950 4153 dico
2976 4097 3309 4157 descendant
3336 4096 3390 4150 in
3431 4095 3733 4159 infernum,

2144 4194 2200 4243 et
2227 4186 2410 4242 veniat
2438 4200 2585 4241 mors
2606 4200 2767 4256 super
2788 4185 2930 4251 illos,
2962 4184 3226 4252 Quoniam
3251 4187 3521 4257 nequitiae,
3550 4186 3601 4241 id
3624 4195 3731 4249 est,

2145 4292 2380 4348 nequam
2410 4293 2574 4348 opera
2629 4288 2756 4334 sunt
2802 4280 2855 4332 in
2888 4278 3202 4333 habitaculis
3230 4294 3435 4344 eorum,
3463 4278 3514 4332 id
3544 4287 3644 4341 est,
3676 4277 3732 4329 in

2145 4372 2468 4442 corporibus
2504 4386 2623 4442 qum
2670 4371 2974 4429 habitacula
3005 4379 3129 4426 sunt
3169 4369 3496 4437 animarum.
3534 4369 3599 4424 Et
3633 4384 3732 4422 ne-

2069 4454 2120 4514 D
2147 4464 2361 4536 quitiaa,
2408 4463 2459 4518 id
2488 4473 2603 4528 est,
2642 4477 2871 4533 nequam
2903 4463 3264 4535 cogitationes
3306 4471 3435 4519 sunt
3471 4462 3526 4516 in
3560 4461 3730 4514 medio

2144 4576 2345 4623 eorum,
2364 4559 2415 4614 id
2442 4565 2544 4622 est,
2563 4557 2615 4611 in
2645 4556 2808 4613 corde
2830 4556 2975 4626 quod
2996 4556 3195 4619 dicitur
3220 4556 3477 4619 medium,
3496 4569 3560 4610 eo
3582 4553 3729 4622 quod

2145 4656 2197 4711 in
2223 4655 2400 4709 medio
2422 4653 2669 4722 corporis
2698 4652 2768 4707 sit
2796 4652 2983 4707 situm.
3016 4650 3112 4706 Vel
3143 4651 3382 4708 medium
3407 4648 3599 4709 dicitur
3625 4661 3730 4714 per

2144 4745 2323 4801 simile
2394 4759 2461 4799 eo
2524 4743 2667 4812 quod
2726 4758 2824 4813 per
2892 4740 3010 4812 ejus
3079 4756 3392 4797 mensuram
3439 4752 3725 4808 corporum

2145 4848 2301 4894 actus
2374 4837 2531 4901 liunt,
2609 4836 2750 4891 sicut
2804 4835 2872 4890 ad
2952 4848 3263 4889 mensuram
3310 4832 3525 4901 puncti,
3577 4827 3725 4897 quod

2151 4930 2387 4986 medium
2469 4936 2583 4992 est,
2640 4925 2876 4981 circulus
2935 4922 3304 4981 constituitur.
3389 4922 3519 4978 Cum
3588 4932 3726 4971 vero

2143 5020 2337 5080 addit:
2381 5018 2494 5090 Ego
2556 5027 2759 5083 autem,
2822 5024 2933 5083 ctc.
2994 5013 3234 5069 Salutem
3303 5027 3458 5069 suam
3516 5023 3725 5064 annun-

2145 5111 2273 5176 tiat,
2346 5124 2414 5165 ne
2485 5109 2759 5164 videretur
2828 5120 2893 5162 ex
2970 5102 3352 5161 incertitndine
3398 5114 3593 5157 orasse.
3647 5097 3723 5152 Et

2142 5178 2246 5260 hoc
2302 5201 2382 5257 sic
2441 5199 2807 5257 continuatur.
2858 5197 2985 5250 Dixi
3020 5195 3146 5265 quia
3204 5193 3278 5248 illi
3326 5194 3407 5249 sic
3442 5193 3723 5249 destruen-

2143 5303 2253 5359 tur,
2282 5292 2441 5349 ctbic
2463 5298 2518 5346 et
2545 5290 2597 5343 in
2630 5286 2830 5342 futuro.
2866 5286 2976 5357 Ego
3004 5295 3177 5339 autem
3203 5284 3271 5337 ad
3302 5282 3574 5337 Dominum
3601 5278 3721 5332 cla-

2141 5388 2299 5452 mavi,
2331 5385 2633 5440 intentione
2669 5381 2994 5447 devotionis,
3023 5390 3069 5435 et
3095 5380 3354 5434 Dominus
3375 5376 3583 5433 saloabit
3608 5387 3717 5427 me.

2140 5476 2197 5533 In
2237 5476 2571 5547 perliciendo
2622 5482 2998 5535 constantem,
3051 5471 3105 5525 in
3156 5486 3392 5538 vespere,
3445 5467 3494 5523 id
3539 5473 3612 5521 est
3656 5462 3717 5516 in

2142 5566 2396 5637 passione
2425 5583 2437 5619 :
2470 5580 2592 5635 qua:
2619 5563 2887 5632 contingit
2916 5561 3062 5616 circa
3093 5575 3379 5630 vesperum
3403 5576 3417 5624 ;
3444 5558 3579 5613 circa
3608 5569 3713 5607 no-

2141 5675 2265 5725 nani
2297 5658 2573 5727 videlicet,
2611 5673 2730 5727 quae
2765 5654 3209 5727 prmﬁgurabatur
3236 5668 3332 5724 per
3362 5664 3581 5722 agnum,
3613 5646 3711 5715 (ιιιί
