3846 6334
121 374 211 433 885

1004 364 1369 427 EXPOSlTlO
1405 365 1473 423 IN
1503 358 1839 420 PSALMOS.
1869 387 1936 401 -
1979 352 2179 413 PSAL.
2225 353 2355 410 LIV.

3269 350 3373 409 886

120 482 490 541 immolabatur
519 484 575 537 in
604 481 725 553 lege
754 481 929 537 veteri
970 484 1038 537 ad
1072 496 1380 552 vesperum.
1413 480 1481 535 Et
1517 478 1689 533 salva-
1719 480 1765 538 Α
1794 472 1921 527 dum
1958 472 2102 542 quod
2132 471 2295 525 homo
2335 470 2394 529 in,
2423 473 2665 536 tempore
2694 473 2881 533 natus,
2916 464 3212 522 ltumiliabo
3235 462 3371 528 illos,

119 577 182 631 bit
209 593 286 631 me
319 576 375 630 in
406 592 591 640 mane,
621 575 674 630 id
703 583 789 630 est
825 574 879 629 in
910 574 1309 630 resurrectione
1327 587 1448 642 qure
1479 568 1693 625 contin-

117 677 197 725 uet
222 669 276 722 in
305 681 470 721 mane
499 664 1078 721 faciensimmortalem
1108 672 1163 719 et
1186 662 1591 732 impassibilem.
1621 658 1692 713 Et

115 762 331 815 saluauit
373 774 454 813 me
487 758 540 811 in
584 756 830 821 meridie,
884 754 936 812 id
988 763 1071 812 est
1108 755 1162 811 in
1212 755 1532 811 ascensione
1571 766 1692 821 qnze

113 849 246 903 circa
278 846 564 902 meridiem
607 846 741 914 erit,
773 844 1064 900 exaltando
1091 860 1177 901 me
1212 860 1377 915 super
1402 843 1599 907 caelos,
1636 848 1691 896 et

114 938 233 994 mihi
262 939 524 993 mundum
553 945 726 993 totum
765 935 1081 1006 subiiciens.
1112 934 1181 990 Et
1209 951 1310 1006 ego
1341 934 1568 990 narrabo
1596 946 1691 1002 per

112 1031 492 1101 pradicatores
542 1044 695 1084 meos
741 1028 890 1083 omni
957 1029 1159 1083 mundo
1205 1028 1306 1083 has
1359 1025 1689 1084 salvationes

113 1128 389 1188 postquam
420 1117 736 1173 acciderim.
761 1116 972 1173 Etcum
1000 1116 1179 1171 adhuc
1206 1116 1400 1171 futura:
1429 1116 1560 1184 sint,
1590 1133 1688 1170 an-

112 1210 354 1265 nnntiabo
384 1224 478 1265 eas
518 1208 799 1279 discipulis
830 1210 1002 1275 meis,
1033 1217 1094 1263 ut
1128 1209 1228 1279 ipsi
1266 1209 1520 1263 omnibus
1557 1223 1687 1262 nar-

111 1308 237 1361 rent,
279 1308 563 1370 postquam
589 1300 744 1355 facta!
769 1299 990 1354 fuerint.
1025 1300 1183 1371 187
1208 1298 1441 1354 Narrare
1468 1299 1684 1370 quidem

110 1391 304 1445 dicitur
334 1392 401 1446 de
429 1393 734 1462 prieterito:
762 1392 1098 1446 Annuntiare
1118 1406 1247 1447 vero
1260 1392 1325 1447 de
1364 1391 1566 1457 futuro;
1600 1390 1686 1447 vel

109 1482 211 1536 sic:
265 1480 529 1536 Dominus
568 1481 794 1537 salvabit
838 1497 921 1536 me
958 1498 1162 1552 vespere
1188 1492 1237 1537 et
1262 1498 1445 1546 mane,
1481 1489 1537 1537 et
1576 1499 1686 1537 me-

110 1570 265 1634 ridie,
290 1571 345 1625 id
378 1580 464 1626 est
502 1572 642 1626 etin
686 1572 964 1643 prosperis
992 1581 1048 1628 et
1086 1573 1140 1627 in
1185 1572 1454 1636 adversis,
1498 1587 1567 1628 ne
1596 1588 1684 1628 me

110 1660 302 1716 scilicet
336 1675 600 1732 prospera
639 1660 850 1717 elevent
874 1702 890 1728 ,
937 1678 1040 1719 nec
1083 1665 1311 1719 adversa
1352 1664 1689 1734 deprimant.~

108 1748 197 1806 Per
220 1767 509 1825 vesperum
531 1764 588 1809 et
609 1769 788 1821 mane,
820 1754 947 1824 quia
986 1764 1116 1810 tunc
1141 1769 1235 1811 aer
1259 1765 1409 1811 caret
1439 1756 1677 1824 fervore,

1793 563 1921 634 quia
1954 563 2053 633 ipsi
2092 561 2265 617 solum
2298 574 2385 617 me
2425 558 2698 615 hominem
2743 556 3148 613 considerantes
3179 562 3373 627 negant

1794 656 1863 711 ab
1909 663 2111 710 aeterno
2140 654 2397 710 existere.
2437 650 2651 705 Diceret
2687 648 2884 719 aliquis
2916 666 2929 701 :
2961 646 3200 704 Periitne
3237 648 3373 703 adeo

1792 747 2166 803 misericordia
2191 753 2249 799 ut
2280 759 2403 800 eum
2428 742 2530 813 ipsi
2563 740 2789 796 forsitan
2815 739 3105 810 aliquando
3134 755 3375 795 commu-

1791 839 1938 895 tandi
1967 838 2075 895 sint
2106 838 2173 892 de
2199 837 2475 907 impietate
2516 850 2611 890 sua
2634 834 2714 889 eis
2746 848 2854 888 non
2889 832 3208 887 misereatur
3234 833 3374 889 Deus

1791 944 1861 985 ne
1912 926 2300 983 bumilientur?
2332 926 2414 981 Ad
2453 924 2554 980 hoc
2588 931 2769 979 autem
2815 922 2893 978 sic
2924 922 3251 991 respondet,
3290 923 3372 977 di-

1790 1020 1962 1076 cendo
1995 1033 2090 1074 eos
2119 1032 2393 1087 nunquam
2419 1030 2540 1071 esse
2568 1013 2999 1070 commutandos.
3055 1012 3186 1068 Dico
3231 1014 3374 1083 quod

1789 1109 2084 1164 humiliabit
2114 1123 2208 1164 eos
2233 1108 2374 1164 Deus
2406 1105 2637 1162 Verbum
2657 1144 2671 1164 ,
2721 1111 2777 1157 et
2807 1102 3019 1156 merito.
3076 1099 3200 1156 Non
3237 1104 3376 1154 enim

1787 1212 1863 1259 est
1895 1202 2002 1257 illis
2029 1200 2395 1264 commutatio,
2445 1197 2496 1251 id
2533 1194 2835 1252 esLuolunt
2871 1208 3108 1264 unquam
3149 1192 3217 1248 de
3260 1207 3378 1245 ma-

1788 1293 1900 1348 litia
1928 1307 2023 1348 sua
2063 1289 2412 1352 commutari,
2448 1296 2507 1342 ut
2555 1285 2862 1341 boni‘iiant.
2912 1284 2991 1339 Ac
3019 1283 3064 1338 si
3101 1282 3284 1338 dicat:
3316 1281 3371 1335 Si

1787 1392 2282 1449 commularentur,
2317 1396 2422 1435 non
2453 1378 2892 1441 bumiliarentur,
2918 1374 3015 1431 sed
3035 1372 3376 1445 quianolunt

1787 1475 2140 1540 commutari,
2171 1471 2463 1527 humiliabit
2490 1483 2582 1525 eos
2611 1468 2772 1530 Deus,
2812 1474 2865 1520 et
2894 1466 3012 1521 ideo
3039 1480 3139 1518 non
3162 1473 3234 1517 est
3263 1462 3371 1515 illis

1785 1567 2157 1630 commutatio,
2193 1564 2317 1635 quia
2350 1578 2453 1616 non
2481 1562 2763 1614 timuerunt
2817 1556 2983 1635 Deum
3014 1554 3284 1619 Verbum,
3318 1552 3371 1605 id

1785 1668 1869 1715 est
1896 1674 2024 1713 ~non
2073 1633 2472 1727 proposuerunt
2518 1658 2643 1705 ante
2683 1633 3170 1702 considerationem
3215 1657 3367 1698 suam

1785 1751 1954 1806 Deum
1992 1750 2215 1805 verbum
2244 1754 2506 1802 metuere.
2540 1740 2695 1809 Quod
2721 1738 2967 1811 profecto
2995 1736 3040 1792 si
3085 1735 3366 1820 timerent,

110 1847 431 1917 prosperitas
463 1847 769 1904 denotatur.
812 1847 871 1903 lu
902 1863 1006 1918 qua
1049 1849 1459 1904 tribulationum
1502 1849 1686 1906 fervor
1720 1828 1759 1881 Β
1784 1856 1840 1901 et
1863 1842 2341 1901 commutationem
2370 1842 2729 1907 expeterent.‘
2808 1852 2825 1861 τ

111 1936 320 1993 minime
349 1938 683 1995 dominatur.
721 1937 828 1994 Per
861 1940 1141 1996 meridiem
1182 1950 1388 2007 autem,
1423 1942 1514 2011 qui
1551 1942 1684 1998 solis

110 2028 404 2086 fervoribus
430 2039 717 2098 exaestuat,
752 2032 1054 2088 adversitas
1090 2033 1408 2106 intelligitur
1437 2052 1450 2090 :
1482 2034 1535 2089 in
1576 2049 1687 2106 qua

109 2121 509 2178 tribulationum
563 2123 869 2181 fervoribus
934 2125 1168 2196 quilibet
1210 2127 1555 2199 opprimitur.
1617 2127 1691 2184 Et

108 2213 212 2280 quia
238 2213 473 2269 satvabit
494 2231 578 2270 me
600 2230 699 2286 per
725 2216 1133 2288 praedicatores,
1163 2220 1391 2273 narrabo
1419 2218 1683 2275 beneficia

108 2318 211 2373 qua
246 2305 391 2360 mihi
430 2305 684 2373 dederit;
717 2317 765 2362 et
798 2309 1121 2365 annuntiabo
1159 2309 1421 2366 beneficia
1460 2326 1583 2382 quae
1622 2310 1684 2365 tl-

108 2394 301 2451 delibus
336 2395 477 2452 meis
500 2395 557 2451 in
586 2396 770 2453 futuro
804 2399 1217 2467 retribuenlur;
1255 2400 1343 2457 vel
1379 2400 1498 2457 sic:
1539 2400 1685 2456 Nar-

109 2486 217 2539 rabo
242 2502 349 2556 per
371 2487 767 2557 praedicatores
797 2488 1008 2545 minora
1037 2489 1299 2547 beneficia
1317 2531 1332 2558 ,
1364 2491 1432 2547 ab
1460 2506 1526 2547 eo
1552 2491 1683 2547 mihi

107 2574 198 2644 iam
223 2578 380 2644 data,
413 2579 629 2636 scilicet
660 2581 1054 2639 immunitatem
1092 2600 1121 2639 a
1151 2592 1396 2655 peccato,
1435 2593 1491 2640 et
1514 2585 1685 2641 virtu-

109 2678 199 2724 tem
228 2671 659 2741 miraculorum,
690 2683 746 2730 et
774 2676 1097 2732 exercitium
1131 2693 1355 2749 operum
1392 2678 1680 2749 bonorum,

107 2771 146 2817 et
175 2767 503 2821 annuntiabo
545 2766 749 2837 majora
792 2770 1055 2827 beneficia
1085 2787 1205 2842 quae
1245 2772 1420 2839 dabit,
1479 2773 1686 2830 scilicet

108 2854 564 2915 immortalitatem
594 2869 650 2914 et
683 2861 1196 2932 impassibilitatem,
1225 2873 1283 2919 et
1307 2865 1473 2919 totius
1498 2866 1698 2920 mundi'

108 2947 552 3020 subjugationem.
611 2952 738 3008 Dixi
782 2956 925 3025 quod
978 2955 1206 3012 clamavi
1252 2957 1480 3013 interius
1524 2956 1685 3013 all’ec—

109 3038 257 3105 tione,
285 3052 345 3096 et
387 3056 499 3097 non
534 3044 706 3100 solum
746 3047 877 3120 hoc,
902 3047 996 3105 sed
1026 3056 1083 3104 et
1110 3054 1245 3105 voee
1269 3049 1454 3105 orabo.
1492 3049 1559 3103 Et
1582 3049 1686 3104 hoc

108 3145 200 3187 non
225 3143 311 3189 est
339 3136 407 3189 in—
434 3134 596 3201 libro,
628 3138 721 3194 sed
758 3153 826 3195 ex
857 3140 960 3196 boc
1007 3140 1327 3212 intelligitur
1366 3141 1508 3211 quod
1538 3140 1685 3196 addit

106 3232 151 3273 et
180 3225 434 3280 exaudiet
477 3243 648 3282 vocem
701 3246 891 3285 nteant.
942 3231 1010 3286 Et
1048 3232 1151 3289 hoc
1213 3232 1374 3287 modo
1410 3232 1684 3301 exaudiet,

108 3314 233 3380 quod
262 3318 513 3382 redimet,
559 3319 611 3373 id
649 3329 734 3375 est
768 3330 923 3377 eruet
971 3324 1205 3379 animam
1251 3339 1423 3379 meam
1469 3324 1525 3379 in
1562 3339 1690 3395 pace

108 3418 354 3478 perpetua
411 3412 857 3469 constituendam
896 3423 953 3472 et
1001 3415 1106 3472 hoc
1157 3417 1409 3488 superius
1457 3416 1690 3475 obscure

106 3500 328 3565 positum
365 3511 485 3567 est,
524 3504 864 3560 eumsdixit:
913 3504 1151 3563 Satvabit
1192 3524 1281 3563 me
1308 3525 1553 3580 vespere:
1593 3510 1707 3566 sed"

110 3591 214 3649 ideo
244 3596 457 3665 repetit
478 3597 910 3668 aequipollenter,
933 3616 1054 3655 cum
1098 3601 1226 3656 dicit
1258 3602 1497 3667 redimet,
1526 3612 1585 3657 ut
1609 3603 1690 3657 ln-

109 3684 268 3741 cidius
318 3694 465 3756 post
493 3696 715 3745 enarret
750 3698 821 3745 et
844 3691 1096 3748 ostendat
1124 3708 1153 3747 a
1184 3694 1381 3763 quibus
1420 3692 1705 3758 redimet,

107 3786 215 3827 cum
240 3775 435 3841 addit,
467 3777 533 3832 ab
575 3779 656 3834 Itis
700 3779 917 3835 redimet
948 3782 1057 3852 qui»
1082 3784 1499 3855 appropinquant
1540 3784 1688 3837 mihi.

107 3861 166 3917 Et
191 3866 319 3937 quia
358 3869 801 3939 appropinquare
829 3879 912 3927 est
942 3880 998 3927 et
1039 3874 1105 3926 ad
1144 3871 1345 3927 bonum
1382 3881 1437 3927 et
1466 3873 1532 3927 ad
1572 3889 1689 3928 ma-

108 3951 233 4021 lum,
265 3958 609 4013 determinat
647 3959 751 4016 hoc
796 3961 898 4017 sie.
941 3962 1245 4032 Dicoquod
1278 3964 1491 4018 redimet
1524 3978 1554 4017 a
1596 3962 1691 4017 Ju-

109 4044 258 4115 dutis,
286 4048 387 4119 qui
415 4049 835 4122 appropinquant
876 4053 1029 4107 mihi.
1071 4052 1137 4108 Et
1168 4067 1389 4109 necesse
1419 4064 1503 4110 est
1532 4062 1591 4109 ut
1627 4056 1690 4109 ab

109 4136 179 4191 bis
212 4155 295 4193 me
346 4139 610 4206 redimat,
635 4141 1070 4213 queniarnrerant
1101 4159 1323 4211 mecum,
1357 4144 1408 4198 id
1445 4153 1529 4199 est
1566 4154 1710 4199 sunt.

110 4227 167 4282 in
188 4230 569 4288 familiaritate
608 4248 760 4301 mea,
788 4236 927 4289 inter
954 4235 1147 4289 multos
1175 4235 1491 4298 existendo,
1526 4236 1579 4291 id
1610 4249 1705 4290 ests

110 4318 173 4375 ita
194 4324 391 4378 utsint
418 4323 471 4378 in
497 4340 725 4380 numero
760 4324 1060 4380 infidelium
1092 4326 1183 4397 qui
1218 4325 1371 4381 multi
1405 4333 1551 4391 sunt,
1584 4342 1691 4381 non

110 4414 156 4467 in
181 4432 417 4473 numero
448 4416 684 4473 ﬁdelium
708 4418 802 4488 qui
838 4419 1022 4488 pauci.
1050 4418 1204 4486 Quod
1227 4426 1306 4473 est
1334 4418 1519 4474 dicere
1545 4436 1558 4473 :
1598 4417 1690 4473 Sic

1855 1938 1979 2009 Agit
2009 1945 2185 1991 autem
2217 1933 2287 1988 de
2305 1926 2727 1986 damnationein
2744 1921 3030 1992 diejudicii
3054 1921 3229 1975 futura
3257 1918 3331 1973 sie
3352 1936 3382 1969 z.

1787 2030 1906 2091 Dixi
1949 2028 2088 2099 quod
2121 2026 2262 2081 Deus
2288 2024 2406 2078 illos
2437 2017 2764 2082 humiliabit,
2793 2025 2849 2072 et
2893 2029 2999 2069 non
3028 2011 3202 2068 solum
3228 2011 3369 2065 hanc

1784 2120 2075 2177 vindictam
2118 2117 2186 2173 de
2212 2114 2342 2187 ipsis
2368 2112 2629 2182 accipiet,
2684 2107 2776 2165 sed
2800 2106 2978 2163 adhuc
3002 2101 3232 2186 extendit
3255 2117 3370 2155 ma-

1786 2227 1911 2266 num
1930 2225 2101 2273 suam,
2134 2205 2187 2261 id
2215 2212 2300 2261 est
2327 2203 2504 2257 adhuc
2526 2196 2875 2270 amplificabit
2895 2193 3191 2248 vindictam
3216 2202 3372 2246 suam

1783 2302 1841 2357 in
1868 2298 2201 2357 retribuendo
2226 2294 2632 2352 damnationem
2664 2288 2920 2359 majorem
2948 2301 3046 2356 pro
3072 2283 3229 2339 malis
3256 2295 3387 2337 mea

1784 2392 1908 2449 ritis
1943 2405 2151 2448 eorum.
2190 2389 2235 2443 A
2283 2382 2639 2443 similitudine
2678 2376 3069 2452 percutientis,
3116 2372 3207 2445 qui
3248 2385 3373 2427 eum

1785 2482 2018 2554 aliquem
2037 2480 2275 2553 graviter
2290 2476 2736 2547 vultpercutere,
2766 2468 3163 2525 valdemanum
3185 2470 3377 2519 exten-

1784 2552 1893 2630 dit.
1911 2552 2100 2628 Manus
2126 2585 2259 2626 vero
2283 2571 2423 2626 bene
2448 2580 2548 2638 pro
2573 2563 2808 2619 vindicta
2833 2560 3054 2633 ponitur
3076 2596 3093 2625 ,
3136 2570 3201 2612 eo
3230 2552 3375 2626 quod
3412 2598 3413 2601 η

1785 2678 2040 2720 manuum
2072 2659 2418 2733 percussione
2440 2699 2455 2723 ,
2492 2654 2656 2726 188
2686 2653 2752 2709 de
2784 2649 3032 2708 hostibus
3075 2660 3217 2716 szepe
3254 2644 3374 2699 vin-

1786 2756 2053 2813 dicamus.
2081 2754 2150 2809 Et
2172 2752 2367 2809 merito
2386 2750 2639 2807 extendet
2669 2758 2924 2809 manum,
2952 2741 3079 2812 quia
3111 2737 3372 2793 cantanti-

1786 2856 2038 2901 navemnt
2064 2852 2437 2898 testamentum
2452 2840 2586 2909 ejus.
2628 2837 2678 2892 id
2704 2843 2787 2891 est
2813 2836 3170 2902 corruperunt
3199 2827 3392 2896 legem.

1786 2937 1902 3007 ejus
1924 2975 1939 3001 ,
1973 2934 2113 2989 male
2134 2932 2470 3002 exponendo.
2502 2928 2662 2983 Juxta
2680 2925 2823 2995 quod
2851 2924 2903 2979 in
2927 2920 3137 2993 psalmo
3160 2917 3374 2972 decimo

1787 3006 2027 3099 legitur:
2074 3043 2091 3076 ι
2128 3024 2260 3090 Qua:
2296 3031 2351 3076 tu
2404 3018 2715 3090 pet-fecisti,
2772 3017 3155 3070 destruxerunt
3196 3006 3395 3080 (Paul.-

1790 3134 1819 3172 x
1842 3158 1859 3185 ,
1885 3117 1962 3188 ὅ).
1997 3134 2014 3167 ›
2049 3114 2569 3172 Contaminarerunt
2593 3107 2809 3179 quidem
2833 3104 3004 3174 legem
3026 3142 3042 3167 ,
3072 3115 3177 3156 non
3199 3113 3392 3169 quan-.

1792 3220 1902 3267 tum
1934 3208 2001 3264 ad
2024 3193 2195 3279 ipsam
2223 3205 2426 3277 legem,
2457 3217 2577 3272 quae
2606 3207 2792 3255 sancta
2816 3203 2987 3252 estet
3004 3192 3213 3248 munda
3234 3231 3249 3255 ,
3279 3190 3375 3246 sed

1789 3309 2052 3373 quantum
2079 3298 2145 3355 ad
2168 3312 2319 3355 suam
2351 3294 2627 3351 sinistram
2667 3287 3195 3359 interpretationem.
3222 3282 3376 3350 Quod
3418 3342 3419 3345 η

1788 3392 2072 3449 estdicere
2101 3406 2115 3443 :
2166 3388 2487 3457 Corruptam
2518 3384 2585 3439 de
2619 3383 2735 3453 lege
2770 3378 3039 3434 dederunt
3085 3375 3394 3447 expositio-.

1792 3480 2206 3553 nem.Apposita
2221 3493 2382 3534 causa
2408 3490 2515 3547 qua
2531 3471 3095 3532 extendetvindictam
3113 3512 3128 3536 ,
3155 3467 3378 3538 exponit
3408 3498 3415 3512 ι

1793 3576 1964 3645 ipsam
1999 3572 2291 3627 vindictam
2322 3571 2430 3625 sic:
2464 3568 2594 3623 Dico
2616 3565 2868 3621 extendet
2895 3578 3108 3617 manum
3135 3562 3237 3616 hoc
3259 3573 3378 3614 mo-

1792 3666 1892 3732 do,
1923 3665 2133 3721 scilicet
2155 3663 2296 3734 quod
2316 3661 2469 3715 divisi
2496 3669 2616 3713 sunt
2642 3658 2706 3712 ab
2737 3660 2817 3710 ira
2847 3655 3185 3725 vultusejus,
3214 3652 3269 3717 id
3292 3660 3378 3706 est

1791 3754 2100 3811 dividentur
2128 3754 2180 3808 in
2206 3752 2295 3808 die
2324 3751 2513 3820 judicii
2556 3765 2585 3804 a
2614 3764 2778 3819 regno
2805 3747 2893 3803 Dei
2917 3787 2931 3812 ,
2989 3745 3131 3816 quod
3176 3754 3378 3799 temere

1794 3848 2042 3904 habitare
2064 3853 2420 3918 praesumunt.
2455 3845 2520 3899 Et
2551 3845 2662 3898 haec
2689 3842 2885 3898 divisio
2906 3841 3185 3912 continget
3205 3839 3269 3893 ab
3295 3840 3378 3891 ira

1794 3945 1919 4012 Dei,
1946 3943 2000 3999 id
2035 3952 2122 3999 est
2153 3951 2376 4014 propter
2422 3941 2525 3996 hoc
2553 3940 2695 4009 quod
2729 3938 2808 3993 eis
2849 3936 2957 3993 erit
2999 3935 3190 3989 iratus.
3224 3930 3376 3998 Quod

1793 4043 1972 4091 autem
2002 4033 2133 4090 dicit
2160 4033 2242 4087 ira
2272 4031 2446 4088 vultus
2474 4030 2622 4101 ejus,
2649 4028 2887 4083 humano
2926 4039 3076 4081 more
3104 4022 3265 4088 dicit,
3313 4034 3378 4074 eo

1794 4127 1937 4197 quod
1963 4124 2242 4181 ira-soleat
2276 4123 2331 4178 in
2378 4120 2532 4177 vultu
2590 4118 2896 4183 notificari,
2950 4114 3083 4171 nihil
3130 4121 3214 4168 est
3257 4110 3378 4181 plus

1793 4219 1860 4274 ab
1897 4219 1981 4273 ira
2013 4216 2184 4273 vultus
2217 4230 2379 4285 quam
2414 4214 2483 4269 ab
2527 4213 2606 4267 ira
2656 4209 3010 4281 simpliciter,
3066 4204 3148 4259 vel
3196 4203 3260 4257 ab
3296 4203 3407 4255 ira-

1793 4309 1964 4364 vultus
1991 4309 2139 4380 ejus,
2172 4307 2223 4362 id
2249 4315 2333 4362 est
2357 4306 2424 4360 ab
2466 4304 2545 4358 ira
2578 4317 2697 4357 mea
2726 4300 2942 4369 quando
2978 4298 3029 4351 in
3062 4292 3250 4365 judicii
3283 4292 3373 4347 die

1795 4402 2066 4472 apparebo
2097 4401 2149 4455 in
2178 4398 2460 4467 majestate
2486 4396 2677 4449 iratus.
2710 4393 2804 4447 His
2830 4406 2858 4445 a
2885 4389 3080 4461 quibus
3103 4385 3379 4457 neglectus

112 4504 229 4559 mihi
268 4475 740 4577 appropinquant;
777 4475 851 4560 ιη’
875 4475 1246 4562 ἱηῐὶιιθιῇθιθηι
1279 4520 1433 4561 suam
1464 4521 1569 4560 non
1598 4507 1688 4561 de.
1720 4520 1770 4580 D
1796 4507 1947 4556 sum,
1973 4490 2197 4547 veniens
2223 4491 2276 4544 in
2307 4487 2611 4543 humilitate
2634 4483 2922 4554 pacificus,
2954 4480 3043 4549 qui
3076 4475 3377 4580 Dei‘vultus

112 4605 374 4660 serentes,
404 4596 741 4652 insidientur
782 4597 945 4661 mihi;
1002 4606 1058 4651 ut
1104 4599 1430 4669 redarguere
1464 4606 1689 4667 queant,

111 4693 159 4739 et
184 4688 533 4744 occasionem
565 4703 700 4744 mea:
731 4688 924 4743 mortis
955 4689 1251 4744 inveniant.

172 4779 513 4836 Annuntiata
552 4781 730 4837 salute
771 4796 868 4838 sua
891 4822 906 4847 ,
938 4782 1224 4836 annuntiat
1267 4797 1482 4853 quoque
1519 4780 1692 4851 dupli-

112 4886 219 4927 cem
248 4874 605 4932 in’micorum
626 4864 1056 4941 damnationem,
1085 4878 1149 4931 de
1170 4893 1277 4947 qua
1300 4878 1547 4946 superius
1568 4892 1692 4947 eger

114 4975 189 5018 rat
223 4968 547 5024 concessive
592 4969 695 5024 ubi
723 4969 889 5024 dicit:
924 4969 1228 5039 Prteripila,
1275 4978 1381 5024 etc.
1422 4968 1487 5023 Et
1522 4971 1691 5023 veniat

113 5069 263 5121 mors,
298 5067 411 5113 etc.
454 5057 527 5114 Ut
576 5058 752 5125 igitur
790 5058 932 5113 hanc
967 5061 1253 5114 annuntiet
1295 5051 1722 5131 consequenter

114 5146 529 5214 damnationem,
566 5149 763 5219 repetit
796 5151 938 5219 quod
970 5151 1221 5219 superius
1250 5152 1447 5220 posuit,
1480 5160 1537 5205 ut
1562 5143 1720 5207 con?

116 5234 283 5293 firmet
313 5240 411 5295 sic.
436 5238 733 5305 Exaudiet,
764 5240 1008 5312 inquam,
1053 5242 1190 5296 Deus
1229 5244 1457 5298 verbum
1497 5258 1603 5307 nte,
1634 5252 1693 5295 nt

115 5326 360 5394 redimat,
388 5338 435 5384 et
452 5345 518 5385 ex
540 5330 790 5400 opposito
810 5331 1110 5385 humiliabit
1132 5332 1249 5386 illos
1274 5332 1523 5387 inimicos
1546 5347 1697 5388 meos

116 5416 178 5470 ab
219 5420 424 5474 honore
476 5422 785 5487 mundano,
828 5432 883 5476 et
935 5432 1079 5475 terra
1129 5439 1226 5479 sua
1274 5424 1693 5495 praecipitando,

116 5511 249 5566 Dens
282 5514 518 5569 Verbum
558 5513 691 5569 mibi
740 5515 1097 5585 personaliter
1146 5516 1357 5571 unitum
1405 5517 1528 5572 dico
1574 5526 1695 5571 ante

115 5603 306 5656 secula
348 5606 605 5670 existens,
637 5606 688 5659 id
725 5614 807 5662 est
833 5609 903 5661 ab
936 5615 1163 5673 artemo,
1201 5608 1345 5676 quod
1380 5607 1481 5677 ipsi
1510 5607 1696 5662 dicunt

118 5692 242 5745 mihi
278 5711 390 5749 non
426 5698 657 5752 unitum.
685 5698 839 5764 Quod
878 5708 965 5753 est
1000 5698 1183 5754 dicere
1213 5717 1225 5753 :
1260 5699 1390 5769 Ego,
1418 5700 1510 5768 qui
1553 5699 1696 5755 Deus

117 5795 170 5837 et
200 5786 368 5841 homo
391 5804 505 5844 sum
533 5791 828 5847 secundum
859 5793 999 5863 quod
1040 5792 1181 5848 Deus
1205 5801 1463 5860 aeternus,
1496 5808 1690 5850 secun-

1793 4583 1947 4637 dicor
1983 4590 2036 4637 et
2058 4580 2227 4636 facies
2246 4621 2260 4646 ,
2304 4594 2369 4635 eo
2394 4578 2537 4649 quod
2567 4591 2665 4648 per
2694 4589 2780 4630 me
2822 4574 2964 4628 Deus
2989 4584 3156 4642 genus
3188 4568 3378 4622 huma-

1793 4690 1924 4730 num
1979 4674 2408 4730 misericorditer
2454 4670 2734 4740 respiciat,
2780 4666 2921 4722 sicut
2963 4662 3112 4720 vultu
3152 4660 3415 4733 quilibet-

1793 4770 2054 4841 respicit;
2086 4770 2169 4826 vel
2206 4770 2284 4825 sic
2310 4769 2414 4839 legi
2454 4776 2659 4839 potest,
2705 4763 2933 4821 extendit
2972 4776 3185 4815 manum
3225 4775 3403 4815 suam.

1793 4865 1848 4917 in
1868 4862 2217 4918 retribnendo.
2275 4848 2405 4917 Dico
2431 4862 2576 4933 quod
2627 4876 2731 4916 non
2760 4869 2844 4917 est
2874 4861 2980 4917 illis
3028 4853 3379 4916 commutatio

1795 4956 1861 5011 de
1890 4955 2033 5010 malo
2055 4955 2121 5009 ad
2149 4956 2347 5011 bonum
2366 4995 2380 5019 ,
2408 4946 2468 5009 et
2510 4955 2613 5009 hoc
2664 4954 2785 5011 ideo
2813 4955 2936 5024 quia
2967 4970 3070 5009 non
3094 4956 3377 5008 timuerunt

1796 5048 1963 5102 Deum
2002 5056 2060 5103 ut
2080 5048 2365 5104 obedirent
2395 5048 2678 5119 praeceptis
2708 5047 2848 5119 ejus.
2880 5047 2947 5103 Et
2974 5047 3099 5103 licet
3124 5061 3245 5100 eum
3270 5059 3377 5099 non

1798 5140 2083 5201 timerent,
2118 5148 2295 5193 tamen
2323 5139 2552 5193 extendit
2583 5155 2796 5192 manum
2831 5154 3017 5202 suam,
3070 5137 3122 5189 id
3151 5143 3232 5189 est
3260 5149 3377 5187 am-

1796 5232 1937 5302 plam
1962 5231 2090 5287 fecit
2107 5230 2417 5302 largitatem
2433 5231 2819 5286 misericordia:
2838 5230 3023 5284 suaein
3046 5226 3377 5281 retribuendo
3404 5262 3407 5265 ›

1798 5329 1934 5381 bona
1965 5341 2061 5395 pro
2089 5324 2265 5379 malis.
2316 5323 2388 5379 Ut
2410 5340 2531 5378 cum
2559 5325 2765 5379 scilicet
2793 5336 3025 5389 nequam
3061 5330 3243 5375 essent
3264 5360 3278 5383 ,
3325 5326 3382 5372 et

1800 5417 1931 5486 legis
1958 5416 2239 5485 prmceptis
2264 5431 2368 5469 non
2396 5416 2709 5470 obcdientes
2734 5455 2748 5477 ,
2780 5414 3018 5467 mitteret
3052 5412 3133 5467 eis
3166 5411 3378 5465 miseri-

1799 5511 2070 5575 cordiam,
2104 5510 2154 5563 id
2198 5519 2280 5565 est
2320 5506 2513 5561 Filium
2545 5522 2733 5570 suum,
2788 5518 2874 5558 me
2908 5504 3113 5560 scilicet
3144 5504 3244 5572 qui
3285 5518 3379 5557 eos

1802 5604 1866 5658 ad
1899 5606 2041 5657 viam
2070 5602 2193 5657 vita:
2224 5602 2556 5655 reducerem.
2612 5597 2673 5651 Et
2724 5596 2821 5667 ipsi
2858 5590 2963 5652 non
3013 5605 3382 5669 cognoverunt

1800 5694 2233 5753 misericordiam
2264 5690 2394 5754 Dei,
2434 5688 2529 5744 sed
2556 5690 3066 5745 contaminaverunt
3094 5696 3384 5744 testamen-

1805 5799 1917 5846 tum
1946 5789 2064 5861 ejus
2080 5829 2094 5855 ,
2123 5786 2263 5843 male
2285 5781 2630 5853 exponendo,
2666 5790 2720 5838 et
2738 5782 3105 5853 detorquendo
3126 5782 3191 5839 ad
3215 5780 3379 5862 aliud.
