3846 6334
521 282 622 335 887
1091 284 1148 339 S.
1186 284 1537 343 BRUNONIS
1570 284 2223 348 CARTHUSIANOBUM
2260 290 2753 349 INSTITUTORIS
2783 288 2940 347 OPP.
2979 288 3159 346 PARS
3198 288 3219 344 ἰ
3663 300 3751 356 888

515 394 774 466 quidquid
799 395 869 454 ibi
893 397 1155 469 scriptum
1185 407 1269 455 est
1297 400 1364 456 de
1395 415 1501 467 me,
1535 401 1763 472 ideoque
1794 402 2103 459 dividentur
2128 407 2177 467 Α
2207 403 2359 473 (Isai.
2392 419 2541 470 vat,
2566 403 2682 476 24).
2720 421 2739 455 ι
2772 402 2838 457 Ει
2884 401 2989 457 hoc
3036 410 3119 457 est
3158 418 3223 458 ac
3267 403 3315 458 si
3369 414 3624 473 poneret:
3652 405 3751 463 Non

514 487 569 551 in
593 486 771 544 futuro
790 493 854 543 ab
884 491 965 544 ira
996 495 1165 547 vultus
1193 492 1326 562 ejus.
1357 492 1510 560 Quod
1532 495 1662 551 dicit
1689 512 1900 550 manum
1922 507 2102 550 exten-

513 580 619 643 dit,
660 597 687 633 a
721 581 1077 638 similitudine
1113 584 1296 653 ponit,
1327 584 1451 654 quia
1485 600 1606 640 cum
1641 584 1799 640 alicui
1838 586 2099 641 beneﬁcia

514 672 826 741 impendere
854 673 1120 739 volumus,
1148 675 1247 742 ipsi
1274 691 1492 730 manum
1520 676 1811 732 extendere
1839 677 2093 732 solemus.

514 760 643 815 Dico
676 762 815 830 quod
850 763 923 816 illi
947 764 1252 819 dividentur
1284 780 1314 819 a
1357 781 1524 835 regno
1549 766 1680 832 Dei,
1730 775 1785 821 et
1833 781 1898 820 ex
1929 781 2097 835 oppo-

511 852 617 905 s‘to
640 872 660 905 σ
688 852 938 908 corillius
956 855 1048 908 Ι).τί
1079 857 1523 927 appropinquavit
1545 856 1757 926 (Matth.
1779 856 2038 928 xxv,3i),
2074 875 2093 909 ι

510 945 563 997 id
593 953 674 999 est
699 945 1153 1016 appropinquabit
1186 962 1351 1018 regno
1376 949 1500 1013 Dei,
1536 959 1591 1003 ut
1630 948 1758 1003 illud
1800 948 2092 1019 possideat.

511 1035 666 1091 l'nde
693 1035 923 1105 legitur:
959 1055 977 1087 ι
1015 1035 1226 1103 Venite,
1257 1038 1525 1092 benedicti
1556 1037 1731 1093 Patris
1759 1038 1888 1104 mei,
1916 1037 2094 1107 possi-

510 1128 634 1182 dete
656 1142 880 1197 regnum
904 1128 1215 1198 quod'vobis
1241 1138 1490 1199 paratum
1505 1138 1587 1184 est
1609 1129 1677 1184 ab
1704 1128 1915 1199 origine
1942 1144 2093 1183 mun~

510 1222 562 1273 di
593 1218 805 1291 (Matth.
852 1234 988 1286 xxv,
1021 1219 1134 1291 54).
1183 1239 1201 1271 ι
1251 1220 1359 1275 Cor
1403 1220 1495 1274 Dei
1554 1220 1678 1275 boni
1733 1220 1989 1275 dicuntur
2031 1235 2097 1275 eo

510 1314 653 1383 quod
681 1312 795 1384 ejus
822 1322 1031 1368 secreta
1058 1314 1258 1378 sciunt,
1285 1313 1368 1368 vel
1395 1312 1653 1368 usualiter
1674 1328 1768 1369 cor
1793 1313 1887 1367 Dei
1910 1313 2097 1367 dicun-

511 1409 618 1454 tur.
655 1400 1031 1457 Atnicisslmos
1060 1402 1204 1457 enim
1229 1411 1477 1469 nostros,
1503 1417 1598 1457 cor
1633 1410 1876 1459 nostrum
1902 1417 2097 1457 vocare

507 1494 906 1549 consuevimus.
962 1494 1029 1548 Et
1081 1495 1276 1551 merito
1314 1495 1753 1566 nppropinquabit
1802 1511 1893 1549 cor
1928 1494 2093 1550 illius.

507 1586 643 1652 Quia
676 1601 779 1640 non
814 1586 1207 1641 contaminavit
1241 1586 1629 1642 Testamentum
1650 1627 1664 1651 ,
1703 1585 1797 1641 sed
1832 1602 2094 1640 sermones

505 1678 619 1747 ejus
648 1677 836 1731 molliti
864 1688 984 1731 sunt
1035 1678 1109 1732 illi
1154 1695 1310 1747 super
1355 1678 1556 1743 oleum,
1613 1677 1665 1733 id
1702 1684 1788 1733 est
1826 1685 2095 1746 praecepta

2203 494 2376 550 solum
2403 495 2467 549 ab
2502 495 2583 549 ira
2609 493 2782 548 vultus
2808 492 2927 564 ejus
2954 491 3279 558 dividentur,
3307 495 3452 563 quod
3488 495 3631 550 valde
3670 500 3754 553 nti-

2201 600 2381 639 serum
2411 592 2514 647 est,
2541 585 2636 638 sed
2662 584 2825 638 etiam
2856 592 2982 653 post
3009 581 3331 639 divisionem
3361 583 3417 637 in
3457 595 3653 654 puteum
3682 589 3752 641 in.

2200 676 2383 729 tet-itus
2410 675 2763 732 deducentur.
2795 675 2858 730 Et
2887 675 3084 731 merito
3113 694 3126 729 :
3160 689 3286 730 nam
3319 674 3420 745 ipsi
3454 676 3545 731 viri
3572 680 3756 746 sangui-

2201 781 2326 818 num
2355 765 2654 820 existentes
2684 775 2729 818 et
2768 763 2938 818 dolosi
2968 780 3071 818 non
3103 765 3459 821 dimidtabtml
3490 765 3593 820 dies
3624 783 3754 831 suos;

2200 856 2631 926 prmposteratio,
2674 856 2771 926 ipsi
2804 855 2975 911 dolosi
3003 871 3124 910 cum
3162 870 3259 926 per
3296 856 3588 914 blanditias
3613 858 3757 914 bonos

2199 948 2301 1003 sibi
2350 947 2693 1003 eouformare
2745 948 3009 1013 nituntur,
3059 958 3115 1003 et
3164 958 3285 1019 post
3328 950 3458 1021 quia
3510 951 3755 1008 blanditiis

2198 1056 2304 1096 non
2338 1040 2666 1111 praevalent;
2694 1039 2995 1097 existentes
3026 1043 3127 1096 viri
3155 1042 3421 1099 eﬁ‘usores
3447 1048 3751 1115 sanguinem,

2198 1132 2251 1187 id
2279 1143 2381 1197 est,
2411 1141 2597 1204 aperte
2622 1142 2676 1189 et
2705 1148 2802 1204 per
2825 1132 3145 1190 effusionem
3175 1136 3461 1205 sanguinis
3484 1150 3574 1191 eos
3596 1152 3622 1191 a
3646 1152 3752 1193 san-

2197 1224 2386 1280 ctitate
2440 1224 2720 1281 retrahere
2767 1225 3073 1294 cupientes,
3124 1243 3229 1280 non
3274 1228 3617 1284 dimidiabuut
3660 1231 3751 1285 dies

2196 1316 2321 1371 vitae
2350 1331 2481 1382 suae,
2517 1316 2707 1383 idest,
2753 1332 2859 1371 non
2905 1317 3243 1383 discernent,
3295 1327 3357 1374 ut
3404 1335 3526 1375 eum
3572 1330 3750 1391 partem

2195 1407 2529 1478 praateritam
2559 1422 2792 1478 nequam
2822 1408 3103 1477 operibus,
3145 1416 3201 1464 et
3227 1409 3639 1478 cogitationibus
3666 1411 3749 1464 im-

2195 1499 2502 1570 penderint,
2553 1499 2795 1555 futuram
2841 1499 2999 1555 bonae
3046 1502 3352 1571 operationi
3392 1510 3446 1556 et
3475 1502 3748 1573 cogitationi

2197 1591 2515 1647 attribuant.
2545 1590 2699 1660 Quod
2729 1598 2814 1649 est
2844 1591 3025 1647 dicere
3057 1610 3070 1645 :
3108 1590 3401 1663 Nunquam
3430 1593 3614 1648 saltem
3646 1610 3748 1663 par-

2198 1689 2305 1736 tem
2335 1681 2572 1752 aliquam
2602 1683 2726 1738 vitae
2756 1697 2869 1738 suae
2911 1691 3100 1739 sancte
3145 1692 3203 1739 et
3249 1682 3570 1739 innocenter
3611 1683 3751 1739 dede.

506 1770 624 1839 ejus
652 1786 770 1839 qua)
799 1780 1015 1827 austera
1048 1772 1169 1826 aliis
1196 1773 1539 1838 videbantur,
1578 1771 1758 1826 mollia
1796 1772 1861 1825 ad
1893 1770 2092 1825 inlelli-
2124 1752 2170 1813 Β
2197 1782 2351 1841 cent;
2382 1774 2474 1829 sed
2502 1773 2752 1831 omnibus
2776 1772 2968 1828 diebus
2998 1774 3112 1828 suis
3141 1774 3399 1844 nequiter
3426 1774 3618 1829 vivent.

504 1862 735 1932 gendum
763 1872 815 1917 et
860 1864 996 1919 levia
1043 1863 1185 1918 facta
1240 1874 1401 1932 sunt,
1455 1879 1554 1920 suo
1602 1866 1763 1919 modo
1810 1863 2092 1934 plusquam

503 1957 684 2011 oleum
718 1956 878 2010 molle
904 1958 975 2010 sit
1001 1966 1053 2010 et
1077 1956 1194 2011 leve
1221 1971 1318 2011 suo
1350 1957 1529 2011 modo.

576 2045 713 2112 Quia
733 2047 946 2102 dixerat
975 2046 1163 2100 molliti
1191 2091 1203 2111 ,
1230 2056 1358 2113 etc.,
1394 2062 1458 2102 eo
1481 2046 1626 2117 quod
1652 2046 1811 2102 molle
1836 2045 1973 2101 solet
1995 2043 2096 2099 ali-

504 2137 722 2205 quando
751 2137 875 2203 poui
906 2152 1004 2206 pro
1034 2137 1212 2208 fragili
1244 2148 1298 2191 et
1320 2137 1555 2191 invalido
1576 2177 1590 2203 ,
1635 2153 1704 2191 ne
1732 2136 1821 2191 hic
1846 2135 2095 2191 similiter

502 2228 631 2297 poni
658 2228 909 2281 videatur
929 2244 1026 2297 pro
1047 2227 1302 2299 fragiliet
1332 2229 1568 2284 invalido
1595 2270 1610 2296 ,
1671 2229 1851 2292 addit,
1900 2238 1947 2282 et
1994 2227 2095 2294 ipsi

504 2333 785 2375 sermones
823 2330 944 2372 sunt
972 2319 1159 2388 jacula
1187 2320 1287 2390 ipsi
1318 2321 1490 2375 cordi.
1538 2320 1690 2386 Quod
1737 2329 1819 2375 est
1867 2320 2090 2375 dicere:

504 2410 761 2475 Quamvis
826 2410 1056 2464 dixerim
1115 2425 1397 2465 sermones
1456 2425 1578 2466 esse
1624 2409 1814 2465 molles
1861 2412 2094 2480 quodam

502 2511 789 2569 respectu,
820 2508 999 2555 tamen
1027 2501 1213 2571 jacula
1245 2512 1373 2557 sunt
1405 2502 1512 2558 alio
1543 2510 1792 2571 respectu
1820 2504 2049 2558 dicenda
2072 2543 2087 2569 ,

504 2604 571 2643 co
601 2589 743 2657 quod
776 2604 898 2644 cum
923 2589 1011 2645 eis
1036 2589 1317 2646 catholica:
1349 2591 1471 2646 ﬁdei
1516 2591 1858 2647 adversarios
1909 2590 2095 2648 ﬁdeles

502 2682 905 2751 repercutiunt,
963 2680 1106 2736 sicut
1146 2679 1362 2749 jaculis
1425 2682 1607 2737 hostes
1691 2681 2090 2752 percutiuntur.

504 2775 770 2843 Quoniam
802 2791 933 2831 vero
966 2790 1246 2831 sermones
1269 2775 1481 2830 dixerat
1520 2788 1643 2831 esse
1671 2774 1895 2843 jacula,
1954 2774 2093 2831 unde

503 2866 666 2920 datur
692 2865 948 2935 intelligi,
996 2864 1139 2934 quod
1171 2862 1358 2919 ﬁdeles
1395 2862 1685 2933 aliquando
1718 2861 2093 2920 tribulationes

502 2967 556 3011 et
588 2958 733 3012 rixas
764 2958 833 3012 ab
859 2956 1169 3011 inﬁdelibus
1203 2957 1501 3031 patiuntur.
1546 2955 1880 3012 Adhortatur
1916 2971 1983 3011 ne
2028 2956 2093 3010 ti-

501 3057 705 3113 meant,
741 3048 785 3103 si
810 3048 1096 3118 aliquando
1116 3048 1546 3117 persecutionem
1576 3048 1720 3119 passi
1752 3047 1975 3114 fuerint,
1997 3048 2090 3102 sed

503 3153 667 3194 omne
693 3154 831 3194 unus
861 3153 1116 3193 curarum
1146 3155 1364 3193 suarum
1397 3156 1552 3210 super
1596 3139 1765 3193 Deum
1808 3139 2089 3210 rejiciant,

502 3242 558 3287 et
588 3231 721 3302 ipse.
745 3232 883 3288 bene
927 3232 1053 3287 inde
1079 3247 1173 3287 eos
1200 3231 1474 3302 expediet.
1515 3232 1637 3287 Dixi
1673 3232 1799 3302 quia
1830 3248 2092 3286 sermones

500 3324 599 3380 Dei
631 3333 759 3380 sunt
773 3323 962 3396 jacula
988 3324 1169 3379 cordis
1210 3323 1339 3391 Dei,
1395 3324 1446 3379 id
1469 3331 1553 3379 est
1606 3322 1855 3378 ﬁdelibus
1902 3330 2093 3379 contra

503 3417 769 3474 inﬁdeles.
809 3417 913 3484 Qui
958 3416 1204 3471 inﬁdeles
1244 3417 1287 3471 si
1318 3426 1505 3471 contra
1555 3424 1606 3471 te
1637 3414 2011 3475 tribulationes
2037 3425 2094 3470 et

503 3510 653 3565 lixas
684 3509 977 3573 moverint,
1012 3524 1044 3562 ο
1072 3523 1195 3572 cor,
1228 3523 1295 3563 ne
1325 3508 1534 3570 timeas,
1568 3523 1636 3562 ne
1665 3507 1742 3562 sis
1780 3506 2090 3573 sollicitum,

504 3601 769 3670 scdjacta
803 3617 957 3669 super
980 3599 1265 3653 Dominum
1296 3614 1480 3652 curam
1522 3609 1667 3652 tuam
1693 3638 1709 3664 ,
1752 3597 1804 3652 id
1837 3606 1919 3653 est
1951 3611 2093 3667 pone

505 3708 668 3761 Super
691 3708 813 3746 eum
844 3706 1003 3749 (nunc
1040 3708 1177 3748 onus
1202 3691 1582 3747 sollicitudinis
1610 3701 1744 3759 tuae,
1776 3707 1804 3745 a
1834 3690 2093 3747 similitu-

504 3785 632 3839 dine
657 3784 939 3854 ponderis,
973 3785 1115 3854 quod
1153 3799 1318 3854 super
1358 3784 1592 3855 aliquem
1643 3784 1886 3856 ponitur.
1936 3782 2092 3851 Quod

504 3884 593 3928 est
620 3875 801 3930 dicere
827 3893 839 3928 :
872 3874 989 3929 Noli
1036 3874 1298 3929 sollicitus
1324 3876 1743 3944 esse‘quomodo
1769 3874 1946 3945 possis
1968 3889 2093 3930 eva-

505 3969 665 4032 derc,
723 3966 817 4021 sed
848 3981 1074 4021 securus
1104 3974 1222 4020 esto
1249 4005 1265 4031 ,
1324 3975 1380 4021 et
1421 3982 1638 4021 omnem
1691 3981 1876 4021 curam
1917 3966 2093 4021 salva-

504 4064 669 4119 tionis
702 4072 804 4117 ture
837 4062 1065 4117 Domino
1102 4060 1367 4126 attribue,
1400 4069 1455 4114 et
1488 4061 1601 4130 ipse
1638 4060 1899 4115 Dominus
1931 4058 2094 4130 189

503 4166 553 4208 te
580 4156 800 4210 cnutriet
831 4154 886 4208 in
919 4152 1260 4208 sermonibus
1289 4152 1423 4219 suis,
1463 4152 1515 4205 id
1561 4160 1646 4206 est
1675 4160 1859 4221 pascet
1886 4159 2091 4205 etcon-

501 4245 815 4302 fortabitut
855 4243 1015 4300 fortis
1064 4244 1141 4299 sis
1186 4252 1240 4297 et
1286 4242 1525 4313 prudens
1553 4241 1857 4310 lmjusmodi
1895 4240 2094 4311 jaculis

501 4336 690 4393 hostes
734 4336 980 4392 referire.
1038 4335 1106 4389 Et
1155 4334 1201 4389 si
1248 4348 1508 4404 corporea
1550 4332 1825 4388 tribulatio
1877 4332 1973 4388 tibi
2025 4331 2092 4387 ab

2264 1864 2497 1934 Ideoque
2532 1863 2679 1934 juste
2721 1864 3057 1920 deducentur
3081 1865 3135 1918 in
3159 1874 3377 1934 puteum
3402 1865 3659 1930 interitus,-
3683 1864 3748 1917 vel

2196 1956 2314 2009 sic:
2347 1954 2562 2011 Diceret
2591 1955 2787 2026 aliquis
2816 1969 2832 2009 :
2865 1953 3013 2010 Dicis
3042 1969 3152 2025 quo
3200 1954 3559 2019 deducentur,
3596 1970 3749 2011 nonne

2194 2046 2416 2117 prodest
2444 2046 2525 2101 eis
2552 2055 2611 2100 ut
2639 2060 2746 2101 non
2774 2046 3131 2113 deducantur,
3155 2046 3301 2117 quod
3332 2046 3614 2116 aliquando
3636 2047 3747 2101 bene

2195 2143 2491 2205 operantur
2517 2135 2584 2189 ad
2632 2135 2846 2201 horam,
2876 2143 2932 2190 et
2960 2143 3081 2206 post
3110 2135 3415 2191 deﬁciunt?
3454 2136 3636 2191 Contra
3663 2135 3745 2190 hoc

2195 2223 2442 2292 sequitur
2470 2222 2697 2279 remotio
2726 2223 2804 2279 sic
2832 2241 2845 2278 :
2878 2223 3020 2280 Vere
3048 2223 3409 2291 deducentur,
3459 2233 3513 2279 et
3552 2223 3594 2280 si
3634 2224 3747 2278 bene

2194 2323 2488 2387 operentur
2512 2319 2580 2371 ad
2607 2316 2818 2382 horam,
2849 2326 2904 2371 et
2928 2325 3049 2387 post
3078 2316 3361 2372 deﬁciunt.

2266 2405 2400 2460 Nam
2451 2406 2549 2460 viri
2599 2407 2916 2477 sanguinum
2956 2416 3005 2461 et
3045 2406 3235 2469 dolosi,
3284 2424 3391 2463 non
3437 2406 3743 2461 dimidiatum

2195 2497 2305 2551 dies
2330 2513 2473 2550 suos.
2502 2495 2655 2563 Quod
2681 2505 2765 2552 est
2792 2496 2975 2553 dicere
3003 2515 3017 2552 :
3051 2496 3169 2553 Non
3215 2498 3348 2554 licet
3376 2512 3470 2554 eos
3502 2496 3743 2552 dimidim.

2194 2590 2310 2645 dies
2355 2603 2513 2654 suos;
2557 2597 2617 2642 ut
2659 2587 2969 2644 alternatim
2999 2591 3199 2659 partim
3247 2590 3383 2658 Deo,
3429 2590 3615 2661 partim
3641 2600 3743 2640 vero

2194 2683 2436 2739 serviant
2469 2680 2705 2747 diabolo,
2732 2681 2889 2753 juxta
2916 2683 3060 2752 quod
3096 2682 3364 2740 Dominus
3408 2683 3460 2738 in
3490 2678 3738 2750 Evangelia

2192 2773 2372 2829 dicit:
2415 2790 2434 2825 ε
2482 2771 2599 2826 Νοη
2648 2772 2873 2842 potestis
2920 2773 3031 2829 Deo
3071 2773 3312 2839 servire,
3364 2780 3420 2829 et
3467 2783 3739 2826 mammona:

2195 2867 2412 2939 (Matth.
2438 2878 2514 2929 Vt,
2543 2865 2666 2937 54);
2709 2885 2729 2920 ι
2764 2865 2851 2921 vel
2879 2870 2961 2922 sic
2989 2874 3171 2938 potest
3202 2866 3302 2938 legi
3342 2886 3354 2921 :
3386 2864 3456 2921 Ut
3480 2870 3663 2935 spectet
3685 2859 3737 2916 ad

2194 2963 2296 3017 hoc
2318 2962 2462 3032 quod
2494 2960 2741 3032 superius
2765 2959 3003 3029 positum
3036 2967 3143 3025 est,
3185 2959 3276 3015 ubi
3309 2959 3548 3014 dicitur:
3581 2953 3738 3009 Humi-

2195 3054 2339 3108 liabit
2387 3054 2509 3108 illos
2556 3052 2696 3106 Deus
2725 3065 2755 3105 a
2793 3065 2978 3121 regno.
3022 3050 3155 3106 Dico
3179 3050 3323 3121 quod
3372 3046 3738 3103 humiliabitm

2199 3150 2357 3213 Deus,
2398 3157 2454 3204 et
2500 3148 2616 3203 hate
2657 3145 2964 3202 humiliatio
2998 3160 3104 3201 non
3146 3145 3236 3200 ditt
3283 3143 3595 3199 morabitur.
3627 3136 3736 3193 Nam

2192 3244 2290 3298 viri
2334 3242 2649 3311 sanguinum
2692 3248 2740 3294 et
2788 3239 2956 3293 dolosi
2997 3255 3101 3294 non
3146 3238 3500 3293 dimidiabuut
3543 3233 3591 3288 in
3618 3240 3735 3285 terra

2195 3353 2290 3394 sua
2325 3337 2435 3391 dies
2464 3352 2611 3401 suos,
2638 3350 2701 3391 ac
2727 3334 2770 3391 si
2802 3342 3029 3404 poneret
3062 3352 3077 3388 :
3112 3333 3315 3389 Putant
3347 3346 3407 3387 se
3445 3330 3554 3386 fore
3594 3326 3655 3383 ibi
3683 3324 3736 3378 dc

2193 3427 2539 3500 generatione
2554 3426 2606 3480 in
2623 3425 3048 3497 generationem,
3074 3423 3329 3479 omnibus
3350 3422 3551 3484 diebus,
3572 3415 3735 3487 quibus

2194 3520 2426 3575 mundus
2454 3519 2557 3575 iste
2584 3517 2820 3583 durabit,
2852 3516 2945 3573 sed
2995 3531 3096 3572 nec
3125 3531 3222 3587 per
3272 3514 3601 3570 medietatem
3640 3508 3732 3561 die-

2193 3630 2314 3669 rum
2360 3613 2590 3677 illorum,
2642 3626 2778 3681 quos
2827 3610 2926 3666 sibi
2959 3618 3014 3665 et
3046 3608 3169 3664 filiis
3195 3609 3311 3664 suis
3347 3606 3647 3665 attribuunt,
3676 3596 3733 3651 ibi

2192 3713 2351 3760 erunt
2381 3719 2502 3759 cum
2541 3704 2594 3757 in
2624 3701 3041 3773 quadragesimo
3070 3700 3310 3756 secundo
3345 3712 3486 3753 anno
3515 3694 3625 3750 inde
3648 3690 3734 3745 sint

2193 3795 2519 3866 expellendi.
2551 3793 2669 3848 Dixi
2701 3793 2841 3862 quod
2875 3792 2973 3863 ipsi
3004 3792 3339 3847 deducentur
3363 3791 3418 3845 in
3447 3797 3637 3859 puteum
3662 3782 3728 3834 in-

2193 3888 2399 3952 teritus,
2445 3903 2537 3956 ego
2566 3898 2741 3940 autem
2779 3885 2997 3955 sperabo
3030 3885 3083 3938 in
3118 3894 3187 3948 te,
3221 3881 3464 3936 Domine.
3509 3873 3643 3945 Quod
3667 3878 3732 3925 est

2193 3978 2373 4034 dicere
2401 3997 2414 4033 :
2447 3978 2547 4033 Mei
2592 3988 2769 4033 autem
2803 3992 2908 4031 non
2940 3976 3240 4046 sperabunt
3277 3974 3329 4028 in
3381 3968 3595 4029 terrenis
3619 3965 3733 4019 sicut

2194 4070 2439 4127 inﬁdeles
2487 4069 2713 4136 faciunt,
2745 4067 2838 4125 sed
2868 4067 2922 4122 in
2965 4076 3014 4121 te
3055 4066 3375 4137 sperabunt,
3408 4062 3575 4121 idest,
3607 4065 3729 4125 spem

2194 4158 2509 4216 salvationis
2542 4167 2761 4228 ponent.
2793 4157 3024 4228 Ideoque
3053 4172 3160 4211 non
3201 4154 3533 4211 deducentur
3571 4148 3617 4201 in
3656 4158 3730 4212 ρκ’

2193 4262 2329 4307 teum
2359 4250 2618 4306 interitus.

2672 4370 2673 4373 η
2698 4339 2765 4394 ΙΝ
2803 4337 3130 4395 l’SALMUM
3169 4334 3280 4393 LV.

501 4426 751 4483 hostibus
781 4429 929 4483 illata
960 4445 1064 4483 non
1098 4426 1281 4495 fuerit,
1308 4444 1412 4483 non
1453 4426 1597 4481 dabit
1623 4427 1764 4481 Deus
1810 4425 1904 4481 tibi
1942 4424 2089 4494 justo
2115 4448 2169 4509 Ι)
2264 4434 2461 4489 Ρείιιηὶί
2513 4431 2948 4503 quinquagesimi
2995 4430 3170 4500 quinti
3239 4427 3446 4484 titulus.
3494 4424 3555 4479 In
3594 4419 3721 4509 [ineat

504 4523 920 4590 ﬂuctuationem,
942 4525 992 4579 id
1015 4532 1219 4580 estnon
1248 4526 1521 4593 permittet
1553 4531 1603 4577 te
1629 4519 1909 4584 ﬂuctuare,
1935 4521 2093 4576 idest

504 4613 778 4685 laborare,
812 4634 935 4674 cum
966 4622 1069 4675 hoc
1109 4621 1180 4674 sit
1219 4619 1363 4689 quod
1392 4634 1452 4674 es
1480 4619 1695 4689 justus;
1726 4616 1867 4686 quod
1890 4626 1971 4671 est
2006 4615 2091 4670 di—

508 4720 633 4761 cere
660 4724 673 4758 :
706 4706 935 4779 Propter
959 4710 1225 4776 justitiam
1261 4720 1406 4765 tuam
1451 4712 1532 4765 sic
1565 4720 1616 4765 te
1644 4717 1982 4764 constantem
2015 4706 2095 4760 fa-

509 4798 641 4862 ciet,
667 4801 811 4868 quod
860 4801 1008 4857 nullo
1037 4804 1196 4858 modo
1228 4800 1475 4857 ﬂuctues.
1508 4801 1662 4856 Facit
1707 4798 2091 4869 apostropham

511 4891 579 4943 ad
619 4889 788 4944 Deum
821 4907 1005 4961 agens,
1060 4894 1435 4948 annuntiaudo
1484 4894 1551 4948 de
1603 4892 1890 4962 itnpiorutn
1920 4898 2093 4945 morte

507 4991 768 5055 perpetua
802 4985 881 5039 sic
913 5002 925 5037 :
968 4983 1086 5038 Dixi
1110 4985 1253 5055 quod
1283 5001 1378 5041 cor
1406 5000 1509 5039 nou
1538 4983 1839 5039 ﬁuctuabit.

577 5061 686 5137 lies
715 5097 844 5139 vero
883 5083 974 5153 qui
1021 5097 1114 5138 cor
1142 5089 1289 5137 tuum
1320 5087 1740 5151 persequuntur,
1770 5078 1991 5132 deduces
2035 5087 2092 5131 tu

508 5175 653 5230 Deus
679 5173 911 5230 Verbum
943 5175 1035 5246 qui
1080 5183 1275 5244 potens
1310 5189 1391 5239 es,
1426 5173 1475 5227 id
1503 5180 1607 5239 est,
1639 5170 1831 5227 deduci
1866 5169 2091 5238 permit-

510 5279 589 5323 tes
614 5285 641 5321 a
676 5269 926 5341 malignis
956 5268 1256 5340 spiritibus.
1284 5267 1347 5321 In
1373 5278 1581 5338 puteum
1609 5268 1875 5329 interitus,
1905 5264 1956 5318 id
1989 5272 2090 5325 est.

509 5362 562 5413 in
611 5360 1091 5429 profun'lissimum
1145 5361 1442 5416 interitum.
1482 5358 1635 5413 Unde
1684 5373 1788 5411 non
1840 5361 2097 5425 poterunt

508 5467 819 5521 eun-igere,
877 5470 904 5506 a
957 5453 1309 5508 similitudine
1360 5450 1505 5521 putei
1558 5447 1981 5519 profundissimi.
2035 5446 2092 5501 ln

512 5561 671 5611 quem
720 5546 763 5600 si
790 5546 912 5614 quis
940 5547 1221 5611 ceciderit,
1254 5561 1357 5601 non
1383 5544 1589 5614 poterit
1627 5542 1751 5596 inde
1774 5555 2090 5612 exsurgere,

511 5637 578 5689 dc
602 5653 709 5705 quo
736 5648 899 5708 puteo
926 5641 1181 5698 interitus
1206 5639 1405 5707 legitur
1432 5654 1448 5692 :
1487 5656 1507 5689 ι
1544 5634 1617 5693 Os
1645 5634 1763 5705 ejus
1788 5634 2094 5701 claudetur,

510 5729 711 5785 vermis
739 5731 855 5801 ejus
902 5749 1011 5792 non
1056 5731 1342 5800 morietur,
1387 5746 1488 5789 nec
1532 5730 1673 5803 ignis
1720 5728 2095 5797 exstinguetur

2193 4541 2286 4593 Ρνο
2319 4522 2509 4592 Populo
2537 4523 2627 4592 qui
2656 4523 2807 4591 longe
2836 4521 3009 4589 factus
3039 4530 3113 4574 est
3151 4533 3183 4571 a
3210 4517 3406 4573 sanctis
3436 4513 3525 4584 ipsi
3553 4505 3727 4564 David:

2194 4617 2247 4671 in
2276 4614 2412 4669 tituli
2463 4614 2834 4683 inscriptione,
2877 4627 3000 4667 cum
3033 4618 3325 4666 tenuerunt
3358 4621 3478 4663 eum
3506 4593 3727 4668 Ληουὶῃῦ

2194 4713 2247 4766 in
2280 4708 2440 4765 Geth.
2478 4709 2534 4763 ln
2563 4708 2665 4763 hoc
2688 4718 2870 4761 autem
2899 4704 3076 4771 titulo,
3101 4705 3201 4761 etsi
3228 4701 3473 4774 quaedam
3499 4696 3639 4751 verba
3662 4688 3726 4741 vi-

2194 4805 2424 4861 deantur
2451 4819 2571 4860 esse
2600 4803 2775 4874 posita
2818 4801 2971 4872 juxta
3016 4800 3327 4863 historiam,
3367 4794 3599 4852 videlicet
3626 4787 3722 4842 ista.

2193 4913 2316 4953 eum
2348 4905 2640 4953 tenuerunt
2662 4909 2785 4950 eum
2814 4894 3085 4966 Allopbyli
3132 4895 3186 4949 in
3216 4891 3379 4950 Gelli.
3429 4890 3556 4946 Sunt
3581 4890 3722 4936 tamen

2193 4990 2266 5046 ibi
2314 4990 2561 5060 quaedam
2609 4987 2876 5057 apposita,
2908 5001 3028 5056 qua:
3078 4998 3178 5040 nos
3224 4984 3379 5054 plane
3426 4981 3652 5036 revocant
3671 4968 3725 5060 ab

2194 5055 2436 5135 historia:
2464 5055 2760 5140 intellectu,
2804 5076 2891 5129 ubi
2931 5055 3139 5130 dicitur
3168 5075 3222 5127 in
3250 5074 3405 5141 liuent
3435 5084 3522 5138 pro
3550 5055 3720 5135 populi).

2194 5173 2281 5244 qui
2311 5171 2460 5241 longe
2500 5170 2670 5240 [actus
2697 5178 2770 5223 est
2810 5186 2841 5221 a
2880 5167 3096 5221 sanctis.
3126 5166 3253 5221 "me
3280 5164 3424 5219 enim
3453 5158 3597 5216 verba
3623 5161 3723 5244 tius'

2195 5241 2357 5334 quam
2386 5264 2440 5316 in
2473 5261 2698 5317 historia
2730 5260 3000 5331 leguntur.
3037 5257 3192 5314 Unde
3221 5254 3521 5326 supradicta
3552 5241 3718 5334 velim}

2195 5328 2310 5410 haec
2348 5354 2542 5409 scilicet
2586 5369 2704 5408 cum
2747 5328 3022 5406 tenuerunt
3052 5365 3170 5403 eum
3213 5345 3473 5417 Allapltyli
3516 5342 3563 5394 in
3601 5328 3718 5386 (ἱειΙι.

2195 5448 2490 5503 secundum
2536 5444 3041 5516 interpretationem
3084 5441 3423 5497 solummodo
3463 5419 3716 5519 accll‘l‘mf'j1

2196 5549 2339 5596 sunt.
2381 5539 2485 5596 Per
2532 5512 2695 5594 hanc-
2722 5537 2941 5607 quidem
2987 5548 3176 5591 vocem
3208 5549 3330 5604 quzc
3374 5540 3456 5587 est
3481 5512 3712 5589 Allopllyli‘

2197 5634 2288 5703 qni
2328 5632 2646 5703 alienigenae
2678 5630 3131 5695 interpretantur,
3167 5624 3338 5681 Judaei
3384 5615 3711 5706 intelligunlff"

2198 5698 2287 5797 qui
2318 5724 2469 5796 prius
2500 5698 2799 5781 existentes
2829 5721 2942 5786 ﬁlii,
2975 5719 3135 5776 modo
3166 5732 3295 5774 vero
3332 5714 3453 5772 facti
3481 5714 3589 5768 sunt
3617 5698 3710 5756 alio:
