3856 6322
87 367 173 424 339
995 353 1358 413 EXPOSITIO
1399 352 1470 409 IN
1518 352 1853 412 PSALMOS.
1883 354 2172 412 ——PSAL.
2229 355 2337 415 LV.
3196 365 3309 423 890

87 478 291 547 algente,
326 468 380 525 id
404 477 516 535 est,
540 464 713 531 alieni,
750 461 900 533 iuxta
928 464 1071 534 quod
1104 466 1155 521 in
1183 466 1388 538 psalmo
1424 466 1632 523 decimo
1660 470 1708 526 A
1736 474 1843 521 etc.
1876 465 2019 520 Bene
2042 465 2259 535 quidem
2286 464 2436 536 punit
2463 475 2569 521 tota
2594 468 2697 523 die.
2728 467 3010 542 Nunquam
3037 477 3183 532 enim
3215 478 3309 533 illa

87 565 291 636 septimo
332 560 539 631 legitur
578 576 592 612 :
638 556 794 627 190
836 572 856 606 ι
899 556 1018 611 Filii
1057 556 1220 613 alieni
1260 558 1468 613 mentiti
1510 567 1636 613 sunt
1737 556 1824 610 die
1845 557 1911 610 ab
1932 556 2048 626 eins
2071 555 2416 611 tribulatione
2437 567 2492 611 et
2514 557 2914 627 impugnatione
2933 577 3307 636 cessaverunt,

85 656 199 713 mihi
229 650 401 725 (Psal.
435 665 568 714 xvn,
596 648 707 717 48).
737 666 757 700 ι
790 646 894 702 Ρει·
918 646 1055 703 Geth
1088 648 1304 718 quidem
1330 648 1422 719 qui
1460 658 1636 702 lorea-
1736 645 1818 699 vel
1855 646 1935 700 sic
1981 645 2257 701 tribulavit
2302 661 2391 702 me
2427 645 2478 701 in
2524 647 2611 702 die
2645 649 2930 717 passionis,
2980 652 3309 726 impugnans

85 751 157 803 ιω.
202 746 603 814 interpretatur,
650 739 917 811 passionis
967 755 1221 811 pressura
1277 750 1515 807 notatur,
1567 757 1633 797 eo
1734 756 1821 796 me
1853 741 2001 811 prius
2028 750 2152 795 ante
2181 742 2488 811 passionem
2521 743 2701 799 verbis
2727 745 3021 814 maledicis,
3059 760 3167 804 tota
3199 753 3306 822 die,

84 837 208 909 quod
248 833 533 890 torcularis
559 845 676 887 esse
720 830 854 886 solet
878 845 1143 901 premere.
1188 830 1300 886 Hoc
1328 841 1533 896 notato,
1565 831 1632 886 ad
1735 832 1786 888 id
1816 841 1919 899 est,
1959 833 2193 900 assidue,
2230 834 2413 889 dicens
2444 852 2458 889 :
2497 852 2515 886 ι
2547 835 2881 891 Daemonium
2916 838 3085 894 habes
3122 840 3305 911 (Joan.

84 926 204 983 tituli
233 925 389 979 verba
428 920 743 992 exponenda
774 920 1115 975 accedamus.

142 1016 373 1072 Psalmus
402 1016 506 1069 iste
536 1021 619 1069 est
658 1027 823 1083 agens
869 1026 968 1081 pro
993 1011 1190 1082 populo
1217 1010 1442 1066 Iudaico
1484 1025 1604 1065 com

1731 942 1787 992 x,
1819 926 1933 993 20),
1973 945 1992 978 ι
2037 937 2091 980 et
2127 935 2322 981 caetera
2363 926 2580 983 similia.
2624 927 2931 983 Notandum
2977 940 3179 998 autem,
3222 933 3310 988 hic

1694 1066 1701 1073 .
1732 1014 2005 1070 Christum
2040 1016 2304 1071 introduci
2333 1026 2580 1087 agentem
2631 1028 2757 1074 ante
2802 1028 3013 1090 tempus
3040 1022 3309 1091 passionis

83 1107 318 1163 mutando
352 1119 451 1174 per
479 1105 660 1169 ﬁdem,
689 1104 745 1156 in
776 1103 954 1172 linem,
986 1104 1039 1158 id
1067 1113 1170 1168 est,
1198 1104 1249 1157 in
1280 1101 1633 1157 conformita-

82 1208 170 1251 tem
193 1204 245 1249 et
273 1193 661 1264 subiectionem
693 1192 916 1257 Christi,
942 1193 1034 1262 qui
1069 1192 1195 1247 linis
1225 1202 1306 1248 est
1336 1192 1630 1262 pmpbetize

79 1298 125 1343 et
144 1287 289 1357 legis,
326 1302 419 1356 pro
443 1285 635 1355 popqu
666 1284 806 1351 dico,
840 1287 930 1357 qui
958 1286 1109 1357 longe
1134 1287 1303 1357 factus
1331 1296 1405 1341 est
1437 1304 1470 1341 a
1506 1304 1631 1341 san-

80 1381 177 1444 ιιίι,
215 1379 266 1432 id
299 1386 402 1441 est,
435 1376 593 1433 valde
620 1376 900 1433 dissimilis
934 1378 1106 1434 factus
1135 1390 1220 1434 est
1247 1380 1315 1433 ab
1345 1380 1624 1449 apostolis,

79 1480 124 1525 et
151 1470 262 1525 aliis
299 1469 546 1524 ﬁdelibus
573 1469 774 1527 veteris
807 1470 962 1543 legis,
1005 1472 1095 1541 qui
1136 1471 1407 1526 Christum
1446 1487 1624 1542 regem

77 1562 357 1618 Judreorum
401 1575 522 1616 esse
564 1562 943 1627 crediderunt,
986 1563 1125 1618 sicut
1171 1562 1271 1616 fuit
1318 1562 1514 1632 .loseph
1559 1563 1626 1616 ab

78 1654 354 1711 Arimathia
384 1663 440 1709 et
484 1654 833 1721 Nicodemus,
868 1668 923 1711 et
952 1657 1213 1712 Gamaliel
1245 1656 1442 1725 aliique
1473 1656 1623 1711 multi

78 1758 311 1801 eteorum
342 1749 802 1817 contemporanci,
836 1757 891 1803 et
914 1758 1037 1804 ante
1067 1758 1275 1819 tempus
1300 1762 1485 1803 eorum
1512 1750 1626 1804 exi-

78 1845 275 1891 stentes.
316 1837 445 1891 Dico
475 1838 617 1906 quod
646 1837 797 1909 longe
826 1839 997 1908 [actus
1028 1848 1101 1893 est
1130 1856 1161 1892 a
1187 1840 1406 1903 sanctis,
1434 1840 1487 1894 in
1524 1840 1625 1895 hoc

77 1930 257 1993 scilicet
285 1929 442 2001 longe
488 1929 666 1985 factus
708 1940 794 1986 est
825 1932 878 1985 in
920 1931 1267 2000 inscriptione
1298 1932 1436 1986 tituli
1485 1932 1623 1988 facta

76 2020 157 2087 ipsi
192 2018 382 2083 David,
426 2018 478 2073 id
504 2027 610 2082 est,
637 2018 857 2075 Christo
895 2034 927 2073 ι
957 2019 1130 2076 Pilato
1158 2037 1172 2074 :
1200 2035 1321 2090 qua:
1345 2020 1625 2090 inscriptio

76 2110 171 2165 bzec
193 2118 312 2163 est:
346 2128 365 2160 ι
400 2107 559 2164 Jesus
607 2109 920 2166 Nazarenus
962 2125 1057 2166 rex
1090 2109 1397 2167 Iudaeorum
1440 2112 1622 2184 (Joan.

74 2216 169 2265 xix,
197 2200 302 2270 l9).
339 2219 359 2253 ι
402 2200 460 2254 In
492 2200 632 2255 tituli
666 2202 1017 2272 inscriptione
1054 2203 1174 2258 dico
1202 2212 1532 2260 commutata
1558 2204 1626 2259 ab

76 2291 233 2346 eodem
277 2291 498 2360 populo,
531 2306 653 2345 cum
687 2291 974 2363 Allophyli,
1019 2292 1071 2347 id
1111 2301 1214 2358 est,
1247 2294 1360 2363 ipse
1398 2294 1625 2364 populus

75 2382 283 2436 existens
313 2381 607 2454 All0phyli,
645 2382 699 2436 id
748 2392 834 2438 est
874 2383 1053 2438 alieni.
1103 2383 1262 2439 Prius
1295 2392 1475 2440 autem
1527 2383 1631 2439 lilii.

76 2480 336 2526 tenuerunt
373 2487 499 2526 eum
526 2472 578 2526 in
608 2471 768 2538 Getb,
803 2472 856 2527 id
895 2484 999 2539 est,
1032 2482 1355 2542 putaverunt
1381 2490 1505 2530 eum
1547 2484 1624 2531 te-

74 2576 180 2616 nere
205 2562 256 2616 in
280 2577 540 2634 pressura
570 2564 778 2629 mortis,
804 2577 874 2617 ne
903 2575 1232 2636 resurgeret.
1262 2564 1624 2639 Commutavit

74 2654 192 2707 enim
219 2652 317 2707 iste
346 2653 580 2724 populus
609 2653 841 2719 titulum,
870 2664 1132 2725 quantum
1158 2657 1224 2712 ad
1245 2655 1621 2712 credulitatem

74 2758 201 2803 suam
228 2745 415 2800 dicens
463 2745 531 2798 ad
580 2745 810 2801 Pilatum
849 2765 863 2801 :
907 2765 926 2798 ι
965 2746 1082 2802 Noli
1114 2748 1353 2803 scribere
1392 2762 1487 2803 rex
1529 2745 1622 2802 Ju-

74 2834 323 2899 dazorum,
381 2836 480 2890 sed
528 2834 652 2905 quia
704 2838 820 2904 ipse
871 2836 1040 2890 dicit:
1072 2834 1188 2890 Rex
1243 2852 1362 2891 sum
1414 2834 1623 2891 Judaeo-

74 2938 170 2976 rum
197 2921 380 2992 (lbid.,
407 2922 535 2993 2L).
566 2942 586 2976 s
636 2924 705 2980 Et
731 2925 835 2980 hoc
888 2934 1057 2982 totum
1110 2932 1228 2992 est,
1269 2941 1334 2981 ac
1360 2926 1404 2981 si
1435 2927 1617 2981 dicat:

73 3010 286 3066 Psalmus
329 3012 438 3067 iste
471 3013 584 3083 agit
618 3029 714 3083 pro
761 3014 992 3070 utilitate
1039 3015 1217 3085 populi
1264 3014 1496 3079 Judaici,
1527 3016 1618 3086 qui

71 3105 194 3174 prius
221 3104 377 3207 longe
409 3103 589 3207 factus
616 3115 699 3161 est
728 3121 758 3160 a
790 3107 1014 3207 sanctis,
1044 3121 1141 3177 per
1168 3108 1269 3163 hoc
1296 3108 1438 3178 quod
1468 3123 1618 3163 com-
1646 3146 1691 3207 Ο

72 3195 271 3249 mutavit
316 3195 731 3266 inscriptionem
777 3196 914 3251 tituli
960 3207 1015 3253 et
1051 3214 1182 3253 voce
1221 3206 1276 3253 et
1310 3197 1618 3265 affectione,

72 3302 169 3340 cum
195 3288 304 3356 ipse
331 3287 549 3343 alienus
570 3288 741 3342 voluit
761 3286 1036 3344 Christum
1068 3289 1121 3343 in
1148 3297 1322 3343 morte
1343 3290 1616 3345 detinere:

73 3381 232 3435 nolens
276 3381 535 3436 videlicet
580 3380 854 3437 Christqu
902 3395 1083 3451 regem
1128 3396 1283 3436 suum
1327 3396 1467 3437 esse.
1517 3381 1617 3449 Qui

71 3473 267 3542 populus
287 3472 710 3530 commutandus
736 3481 820 3528 est
849 3472 918 3529 ab
942 3472 1320 3527 incredulitate
1340 3482 1394 3528 et
1423 3474 1620 3530 duritia

72 3577 169 3628 sua,
197 3564 245 3618 in
276 3564 442 3619 ﬁdem
479 3563 699 3620 Christi.
746 3564 814 3619 Et
856 3564 993 3619 bene
1021 3564 1222 3619 dicitur
1248 3564 1487 3635 psalmus
1521 3566 1622 3621 iste

72 3672 203 3724 agere
239 3673 337 3728 pro
386 3657 621 3712 utilitate
665 3656 844 3729 populi
888 3658 1273 3712 commutandi.
1314 3659 1449 3713 Cum
1478 3661 1618 3713 enim

70 3748 112 3800 in
144 3750 401 3818 superiori
437 3749 648 3818 psalmo
678 3749 744 3803 de
773 3749 1042 3819 passione,
1076 3757 1132 3803 et
1163 3749 1230 3803 de
1258 3757 1411 3819 parte
1440 3750 1619 3819 populi

68 3838 338 3894 damnanda
370 3853 567 3910 agens,
603 3838 851 3894 Christus
887 3839 1227 3894 introductus
1253 3839 1344 3893 sit.
1377 3838 1623 3894 Introdu-

68 3926 186 3979 citur
224 3928 276 3981 in
327 3929 436 3982 hoc
466 3943 631 3983 orans
661 3938 785 3985 ante
829 3929 1132 3999 passionem
1164 3943 1233 3984 ne
1274 3929 1452 3988 cedat.
1482 3937 1536 3983 et
1563 3938 1624 3983 ιιι

68 4030 304 4087 resurgat.
349 4018 658 4077 Ostendens
685 4022 989 4091 passionem
1014 4036 1190 4086 suam,
1221 4029 1275 4076 et
1303 4020 1483 4091 populi
1514 4020 1622 4075 sal-

66 4112 198 4166 vandi
223 4113 727 4168 commutationem.
754 4112 905 4181 Quod
933 4113 999 4167 ad
1022 4113 1138 4183 ejus
1160 4112 1443 4167 utilitatem
1469 4112 1622 4179 dicit,

67 4213 113 4256 ut
141 4219 227 4273 per
270 4205 378 4261 hoc
424 4206 569 4274 quod
616 4204 733 4273 eius
779 4204 1133 4261 commutatio
1180 4190 1519 4275 praadicitur,
1553 4205 1621 4258 ad

68 4294 211 4364 ipsam
238 4297 724 4353 commutationem
755 4296 1026 4352 incitetur.

124 4384 362 4442 Miserere
392 4386 520 4451 mei,
567 4386 728 4454 Deus,
773 4396 832 4442 ut
878 4402 963 4442 me
1004 4393 1339 4441 constantem
1376 4384 1540 4441 facias
1568 4394 1621 4439 ct

1729 1120 1861 1160 suae.
1889 1106 2153 1173 Quoniam
2185 1115 2363 1161 autem
2404 1122 2463 1161 se
2490 1108 2913 1165 conculcandum
2950 1127 3070 1167 esse
3110 1114 3310 1183 praedi-

1730 1206 1905 1263 xerat,
1938 1212 2004 1252 ne
2032 1197 2308 1252 videretur
2336 1213 2435 1268 pro
2464 1199 2671 1255 meritis
2702 1202 2815 1255 suis
2837 1217 2955 1258 esse
2982 1204 3309 1260 conculcan-

1729 1287 1849 1351 dus,
1900 1287 2097 1357 repetit
2141 1288 2387 1343 addendo
2434 1304 2654 1344 causam
2697 1291 3118 1351 conculcationis
3165 1294 3244 1349 sic
3288 1312 3303 1348 :

1727 1376 1859 1431 Dico
1886 1379 2027 1444 quod
2057 1376 2396 1433 conculcabit
2424 1396 2504 1432 me
2530 1380 2707 1446 homo,
2733 1390 2788 1435 et
2816 1398 2921 1437 non
2953 1383 3004 1437 in
3030 1383 3140 1438 Deo
3162 1387 3305 1455 quod

1726 1469 2157 1539 promeruerim;
2206 1469 2301 1525 sed
2353 1471 2784 1527 conculcaverunt
2831 1491 2913 1529 me
2959 1475 3158 1531 inimici
3205 1480 3308 1535 mei

1727 1571 1837 1615 tota
1867 1560 1968 1622 die,
2001 1560 2053 1614 id
2082 1569 2186 1625 est,
2220 1561 2614 1617 conculcabunt
2642 1579 2730 1619 me
2765 1574 2874 1619 tota
2904 1566 2988 1620 die
3014 1568 3301 1636 passionis,

1729 1648 1851 1704 ideo
1879 1649 2004 1719 quia
2030 1658 2154 1703 sunt
2192 1650 2391 1704 inimici
2417 1651 2535 1704 mei.
2562 1650 2715 1718 Quod
2744 1661 2827 1707 est
2858 1654 3040 1711 dicere
3074 1673 3087 1709 :
3121 1654 3308 1712 Inimi-

1728 1740 1854 1794 citia
1897 1741 2007 1795 sola
2043 1741 2149 1796 erit
2185 1756 2372 1808 causa,
2418 1758 2525 1797 non
2566 1744 2783 1815 aliquod
2819 1746 3067 1801 meritum
3100 1763 3301 1807 meum.

1657 1804 1701 1863 Β
1728 1832 1806 1888 Νε
1833 1833 2111 1889 videretur
2135 1842 2314 1889 autem
2356 1836 2499 1905 quod
2543 1804 2791 1909 timdrem
2839 1838 3121 1894 habiturus
3162 1850 3305 1896 esset

1727 1923 1781 1977 in
1813 1923 1926 1994 ipsa
1973 1924 2399 1991 conculcatione,
2443 1937 2681 1982 removet
2727 1928 2829 1983 hoc
2872 1930 2972 1983 sub
3003 1929 3307 1999 interroga-

1727 2014 1873 2069 tione
1904 2015 1983 2070 sic
2021 2032 2034 2069 :
2080 2014 2197 2070 Dixi
2224 2018 2367 2086 quod
2398 2031 2486 2070 me
2518 2018 2935 2081 conculcabunt,
2972 2030 3018 2073 et
3057 2021 3304 2090 quoniam

1724 2105 1878 2161 multi
1904 2106 2150 2161 bellantes
2178 2114 2235 2161 et
2266 2106 2447 2161 verbis
2474 2114 2530 2162 et
2560 2107 2992 2165 tribulationibus
3020 2118 3180 2164 erunt
3208 2111 3307 2163 ad-

1723 2213 1926 2254 versum
1955 2214 2056 2265 me,
2092 2197 2183 2268 qui
2210 2197 2302 2251 alti
2328 2206 2507 2266 erunt,
2548 2199 2597 2254 id
2626 2209 2729 2265 est,
2778 2201 2994 2270 superbi
3048 2201 3099 2255 in
3131 2200 3307 2257 domi-

1724 2289 1969 2354 natione,
1989 2304 2109 2358 qua:
2128 2288 2473 2357 permittetur
2492 2289 2573 2344 eis
2595 2290 2646 2344 in
2675 2306 2781 2358 me,
2805 2291 2992 2345 timebo
3025 2292 3179 2362 191
3205 2307 3308 2363 ego

1723 2382 1789 2436 ab
1829 2382 2107 2436 altitudine
2144 2381 2273 2444 diei,
2321 2381 2374 2436 id
2410 2390 2524 2447 est,
2557 2382 2769 2436 habebo
2803 2384 3050 2438 timorem
3086 2393 3331 2463 pr0pterl

1723 2473 2031 2543 superbiam
2066 2470 2451 2526 dominationis
2485 2472 2793 2541 temporalis
2828 2481 2878 2527 et
2918 2473 3122 2528 brevis.
3154 2472 3308 2543 Quod

1723 2569 1806 2616 est
1831 2560 2012 2615 dicere
2037 2576 2051 2613 :
2079 2557 2304 2614 'l‘imebo
2332 2560 2476 2630 quod
2503 2574 2689 2615 eorum
2717 2561 2963 2627 altitudo,
2998 2561 3050 2617 id
3080 2571 3184 2629 est,
3216 2564 3310 2618 do-

1722 2653 1950 2709 minatio
1982 2651 2184 2707 ducens
2209 2666 2296 2707 me
2333 2654 2400 2707 ad
2431 2660 2684 2717 mortem,
2715 2653 2786 2708 sit
2816 2669 2980 2710 causa
3010 2670 3180 2725 quare
3209 2656 3306 2710 de-

1723 2744 1898 2800 tincar
1925 2744 1978 2800 in
2009 2752 2199 2799 morte.
2231 2743 2602 2814 Nequaquam.
2632 2744 2765 2800 Cum
2792 2747 2947 2816 ponit
2971 2749 3095 2814 diei,
3129 2747 3308 2803 innuit

1721 2838 1846 2907 quia
1874 2837 2021 2892 brevi
2054 2845 2294 2907 tempore
2324 2836 2579 2892 duratura
2605 2846 2689 2892 est
2715 2838 3008 2893 dominatio
3037 2838 3147 2905 illa,
3172 2854 3309 2909 quo-

1721 2929 1867 2984 niam
1893 2929 2010 2984 dies
2034 2944 2177 2983 unus
2203 2928 2368 2983 breve
2393 2938 2602 2999 tempus
2627 2938 2729 2984 est.
2753 2930 2831 2984 Ac
2853 2930 2896 2984 si
2924 2937 3168 3000 poneret,
3196 2944 3304 2984 non

1721 3022 2065 3093 generabitur
2103 3020 2235 3076 mihi
2279 3020 2458 3086 timor,
2509 3035 2614 3076 non
2661 3023 2974 3092 resurgendi
3018 3021 3084 3076 ab
3124 3020 3305 3075 altitu-

1722 3112 1862 3179 dine,
1888 3126 2007 3181 quae
2029 3126 2128 3183 per
2152 3110 2293 3167 diem
2330 3109 2502 3166 solum
2529 3110 2786 3165 duratura
2818 3119 2922 3167 est.
2958 3110 3068 3179 Ego
3097 3128 3217 3166 vero
3247 3112 3303 3165 in

1721 3215 1771 3259 te
1798 3204 2034 3273 sperabo.
2081 3204 2160 3258 Ac
2200 3202 2247 3259 si
2278 3202 2481 3258 diceret
2512 3218 2526 3256 :
2561 3201 2676 3256 Non
2712 3202 2922 3265 timebo,
2956 3202 3048 3257 scd
3080 3217 3180 3271 ego
3208 3202 3302 3271 qui

1720 3310 1838 3350 sum
1872 3296 2151 3359 innocens,
2179 3291 2379 3362 iustus,
2412 3292 2507 3347 tibi
2542 3292 2821 3355 obediens,
2863 3292 3080 3361 sperabo
3122 3307 3303 3346 resur-

1722 3388 2040 3453 rectionem,
2077 3387 2132 3441 in
2165 3396 2234 3452 te,
2269 3385 2322 3441 id
2358 3394 2460 3452 εει,
2490 3384 2544 3439 in
2575 3383 3012 3440 consideratione
3046 3383 3302 3455 potentia:

1722 3486 1778 3531 et
1822 3476 2206 3533 misericordia:
2249 3484 2373 3531 tuae.
2424 3474 2729 3530 Notandum
2778 3483 2957 3529 autem
2989 3474 3130 3544 quod
3172 3482 3308 3528 ante

1722 3569 2051 3638 passionem,
2091 3583 2211 3623 cum
2263 3567 2379 3637 ipse
2420 3566 2659 3638 passioni
2708 3565 2986 3637 proximus
3021 3571 3184 3627 esset,
3233 3564 3302 3619 ad

1723 3659 2133 3714 instructionem
2168 3673 2391 3714 suorum
2421 3665 2613 3727 sponte
2636 3655 2884 3712 Christus
2911 3655 3154 3710 timuisse
3181 3670 3303 3725 per-

1722 3750 1958 3805 hibetur.
1988 3748 2044 3804 In
2078 3749 2326 3819 passione
2356 3763 2486 3803 vero
2515 3747 2627 3816 iam
2657 3747 2886 3815 positus,
2920 3745 3164 3801 timuisse
3193 3760 3300 3799 non

1722 3836 1936 3908 legitur.
1971 3836 2107 3903 Quia
2133 3851 2263 3891 vero
2291 3852 2513 3906 sperare
2541 3837 2659 3892 sine
2687 3835 2827 3891 bona
2856 3835 2988 3901 vita,
3017 3850 3122 3890 non
3152 3849 3299 3904 spes,

1722 3931 1816 3987 sed
1849 3929 2193 4001 prtesumptio
2234 3929 2459 3986 dicenda
2502 3938 2607 3994 est,
2660 3929 2810 3984 addit
2845 3945 2860 3982 :
2903 3928 3033 3983 Dico
3059 3927 3301 3997 sperabo,

1723 4039 1841 4096 qua:
1868 4038 1990 4093 spes
2012 4031 2434 4094 pratsumptuosa
2462 4039 2566 4079 non
2597 4023 2719 4087 erit,
2751 4037 2873 4077 nam
2900 4037 3000 4093 ego
3030 4030 3155 4076 ante
3175 4037 3303 4091 pas-

1723 4116 1931 4172 sionem
1956 4116 2010 4169 in
2030 4115 2139 4170 Deo
2161 4115 2426 4181 existens,
2449 4116 2501 4171 id
2524 4123 2625 4180 est,
2651 4114 2704 4169 in
2729 4115 3043 4185 operatione
3062 4121 3117 4167 et
3142 4112 3301 4167 laude

1725 4207 1839 4271 Dei,
1869 4206 2098 4261 laudabo
2134 4223 2416 4273 sermones,
2454 4207 2507 4261 id
2547 4216 2650 4270 est,
2684 4204 2981 4261 laudabiles
3013 4203 3299 4258 ostendam

1721 4298 1862 4353 bona
1903 4298 2014 4353 vita
2063 4312 2181 4353 mea
2224 4298 2635 4369 praedicationes
2680 4312 2850 4352 meas.
2896 4295 3049 4363 Quod
3095 4302 3183 4349 est
3218 4293 3302 4348 di-

1722 4405 1848 4448 cere
1878 4408 1892 4446 :
1924 4392 2069 4447 Bene
2098 4392 2326 4447 vivendo
2362 4391 2797 4461 praedicationem
2837 4404 3016 4445 meam
3057 4386 3301 4442 laudabi-

66 4478 352 4543 msuscites,
390 4486 450 4532 et
479 4491 702 4533 necesse
728 4486 811 4532 est
857 4485 916 4531 ut
965 4476 1067 4531 hoc
1110 4490 1284 4540 orem.
1315 4483 1372 4530 et
1399 4474 1618 4545 dignum
1654 4481 1829 4546 Dlem
1867 4481 2167 4537 ostendam.
2212 4481 2362 4537 Unde
2404 4481 2456 4534 in
2498 4479 2721 4535 Actibus
2757 4478 3123 4550 apostolorum
3166 4475 3302 4545 legi-

66 4570 206 4625 etiam
239 4580 324 4629 est
354 4580 416 4625 ut
446 4570 790 4634 miserearis;
812 4568 1061 4640 quoniam
1085 4567 1250 4622 Deum
1276 4583 1357 4621 me
1384 4575 1441 4621 et
1463 4566 1623 4622 Crea-

68 4671 214 4715 torem
242 4662 574 4716 conculcarit
596 4662 771 4725 homo,
799 4660 851 4714 id
874 4669 979 4726 est,
1003 4658 1342 4715 conculcahit
1365 4655 1623 4712 Judaicus

67 4755 289 4824 populus,
320 4757 416 4826 qui
446 4756 608 4810 homo
647 4763 748 4820 est,
786 4755 839 4810 id
882 4763 986 4821 est,
1013 4764 1264 4810 creatura
1308 4771 1323 4808 :
1369 4753 1511 4823 quod
1544 4753 1623 4808 in-

68 4844 259 4914 dignum
295 4854 385 4900 est
422 4853 482 4898 ut
507 4853 752 4899 creatura
784 4843 1095 4901 Creatorem
1142 4843 1440 4898 conculcet.
1486 4841 1620 4897 Cum

68 4934 179 4990 dicit
218 4936 569 5003 conculcabit,
617 4936 804 4990 alludit
852 4935 1191 4991 similitudini
1241 4935 1307 4990 de
1341 4936 1619 5001 torculari,

68 5027 169 5092 quia
190 5036 453 5097 posuerat
480 5026 534 5080 in
561 5025 714 5080 titulo
743 5024 898 5091 Geta,
924 5026 1069 5096 quod
1102 5026 1489 5096 interpretatur
1516 5034 1624 5080 tor-

69 5120 229 5176 cular:
266 5122 560 5178 torcularis
585 5122 731 5177 enim
756 5131 839 5177 est
867 5138 998 5178 uvas
1024 5123 1364 5190 conculcare,
1394 5124 1478 5179 vel
1506 5125 1618 5180 sic:

68 5210 398 5270 Conculeabit
426 5231 508 5269 me
544 5216 718 5280 homo,
752 5215 804 5269 id
836 5223 942 5281 est,
965 5212 1219 5270 Judaicus
1248 5215 1497 5286 populus,
1529 5217 1623 5287 qui

69 5303 366 5373 simpliciter
413 5313 498 5359 est
542 5302 727 5370 humo,
770 5305 821 5360 id
858 5316 963 5370 est,
1012 5305 1260 5361 animalis
1298 5320 1401 5360 non
1442 5307 1624 5377 utique

70 5394 363 5459 spiritualis.
398 5395 637 5464 Exponit
665 5411 793 5451 vero
820 5398 1086 5466 quomodo
1112 5396 1469 5461 conculcabit,
1500 5411 1621 5452 cum

70 5485 289 5559 adiungit
329 5508 345 5544 :
390 5489 525 5544 Dico
562 5489 904 5544 conculcabit
943 5507 956 5544 :
1000 5490 1071 5547 ita
1111 5488 1319 5544 scilicet
1360 5488 1623 5543 tribulavit

69 5592 154 5643 me,
183 5580 234 5633 id
262 5589 368 5647 est,
399 5579 668 5635 crueiabit
697 5579 1128 5635 tribulationibus
1170 5587 1279 5633 tota
1308 5579 1393 5633 die
1420 5577 1625 5650 passio-

71 5665 140 5718 nis
160 5681 309 5737 mete,
338 5671 657 5741 impugnans
680 5684 763 5723 me
788 5669 967 5723 verbis
992 5668 1216 5723 dicendo
1241 5686 1254 5722 :
1288 5685 1306 5718 ι
1335 5665 1434 5722 Hic
1459 5667 1618 5723 dicit:

72 5755 273 5823 Possum
303 5763 590 5821 destruere
622 5761 871 5834 templum
900 5762 991 5817 Dei
1033 5761 1244 5833 (Μαςιιι.
1273 5776 1420 5828 xxvi,
1451 5760 1562 5830 61),
1601 5780 1617 5811 ι

1728 4585 1816 4628 tur
1846 4574 1873 4641 εἶ
1905 4593 1923 4625 ι
1965 4574 2143 4643 Coepit
2172 4572 2329 4628 Jesus
2370 4572 2549 4627 facere
2593 4578 2648 4625 et
2690 4572 2884 4626 docere
2915 4570 3054 4641 (Act.
3091 4583 3130 4632 ι,
3160 4568 3236 4638 1).
3276 4586 3295 4620 ι

1725 4662 1858 4716 Nam
1898 4662 1943 4716 si
1989 4677 2052 4716 ea
2081 4676 2201 4730 qua:
2241 4661 2567 4731 praedicabat
2605 4674 2770 4730 opere
2806 4674 2912 4715 non
2952 4657 3302 4728 complesset,

1724 4767 1830 4809 non
1861 4753 2044 4822 utique
2065 4752 2183 4822 ejus
2207 4750 2516 4822 praedicatio
2542 4749 2828 4805 laudabilis
2855 4749 3175 4806 exstitisset.
3216 4824 3223 4829 _

1794 4845 2058 4912 Quoniam
2095 4857 2222 4899 vero
2249 4841 2461 4897 dixerat
2488 4842 2542 4895 in
2571 4850 2619 4897 te
2662 4843 2880 4912 sperabo
2925 4839 3003 4910 (in
3047 4837 3305 4909 passione

1724 4936 1950 5007 scilicet)
1979 4948 2044 4988 ne
2069 4933 2341 4988 videretur
2365 4932 2514 4986 innui
2546 4940 2673 4986 ante
2698 4930 3001 5002 passionem
3033 4943 3140 4983 non
3173 4941 3303 4996 spe-e

1725 5044 1866 5091 rare,
1913 5028 2062 5083 addit
2089 5041 2194 5081 non
2226 5024 2399 5080 solum
2430 5024 2482 5078 in
2531 5023 2785 5095 passione
2829 5022 3076 5092 sperabo,
3108 5019 3203 5074 sed
3246 5026 3303 5071 et

1724 5120 1778 5173 in
1802 5120 1910 5175 Deo
1938 5117 2138 5189 speravi
2163 5130 2377 5186 semper
2404 5115 2620 5186 ideoque
2642 5130 2744 5168 non
2768 5113 2958 5167 timebo
2981 5110 3108 5177 quid
3138 5109 3304 5179 faciat

1725 5212 1850 5267 mihi
1895 5227 2038 5266 caro.
2079 5208 2231 5277 Quod
2265 5215 2352 5263 est
2382 5207 2564 5261 dicere
2591 5224 2605 5260 :
2636 5204 2821 5275 Neque
2851 5202 3052 5258 timebo
3080 5207 3309 5271 propter

1724 5318 1911 5357 eorum
1943 5299 2299 5365 altitudinem,
2345 5305 2405 5351 ut
2434 5297 2486 5351 in
2534 5304 2707 5352 morte
2734 5294 2995 5358 detineat,
3036 5306 3210 5361 neque
3237 5290 3304 5344 ti-

1724 5394 1882 5450 mebo
1911 5392 2287 5449 tribulationes
2315 5399 2371 5445 et
2412 5387 2778 5459 blasphemias
2808 5392 2861 5440 et
2908 5384 3136 5439 insidias
3163 5397 3305 5452 quas

1724 5485 1925 5541 facient
1962 5484 2091 5539 mihi
2137 5482 2210 5536 illi
2241 5482 2329 5551 qui
2363 5478 2703 5536 solummodo
2730 5476 2977 5533 carnales
3011 5483 3155 5537 sunt,
3189 5488 3297 5527 non

1724 5578 1888 5635 etiam
1917 5576 2245 5648 spiritualcs.
2292 5572 2527 5643 Exponit
2556 5578 2735 5625 autem
2779 5570 2908 5641 quid
2956 5567 3154 5623 facient
3199 5580 3299 5636 per

1692 5678 1926 5739 partes,
1956 5666 2034 5721 sic
2064 5684 2079 5720 :
2112 5663 2223 5719 lloc
2252 5662 2460 5718 scilicet
2488 5662 2616 5714 mihi
2641 5659 2802 5716 faciet
2827 5675 2950 5712 caro
2976 5667 3083 5711 lota
3109 5657 3214 5721 die,
3244 5655 3297 5709 id

1726 5767 1828 5825 est,
1849 5757 2052 5827 iugiter
2076 5754 2493 5820 exsecrabantur,
2521 5752 2570 5809 id
2601 5761 2686 5809 est
2712 5747 3063 5809 exsecrabilia
3084 5746 3297 5817 indica-
