3856 6322
506 308 602 367 891
1075 307 1131 363 S.
1167 307 1512 365 BltUNONIS
1539 305 2183 364 CARTHUSIANORUM
2232 305 2713 373 lNSTiTUTORlS
2749 308 2899 368 ΟΝ).
2945 307 3122 366 PARS
3153 308 3194 364 ι
3644 306 3727 365 892

506 429 639 487 bunt
668 429 822 482 verba
859 442 993 494 mea,
1024 423 1251 487 dicendo
1282 441 1295 479 :
1340 443 1357 477 ι
1397 425 1672 482 Abraham
1718 432 1961 478 mortuus
1999 431 2078 478 est
2114 433 2158 491 Α
2187 422 2409 481 ditatem
2438 425 2562 480 vita:
2600 439 2730 481 suae.
2766 424 2832 480 Et
2872 425 3178 481 hoctotum
3207 430 3291 477 est
3322 421 3457 475 ac-si
3488 419 3568 481 sic
3589 437 3724 492 pone-

506 518 805 590 prophette,
835 527 890 574 et
919 528 972 573 tu
1000 516 1133 571 dicis
1164 534 1175 568 :
1210 515 1266 573 Si
1294 516 1416 585 quis
1441 529 1741 570 sermonem
1772 528 1950 568 incum
1977 528 2089 567 ser-
2192 525 2310 572 ret:
2347 514 2446 570 Mei
2491 517 2891 573 annuntiabunt
2933 524 3156 586 peccata
3198 529 3294 570 sua
3340 527 3439 583 per
3467 512 3728 570 confessio.

508 611 736 678 vaverit,
761 617 989 671 mortem
1011 624 1118 664 non
1143 608 1379 679 gustabit
1402 607 1455 662 in
1480 618 1739 661 aeternum
1761 606 1942 676 (Joan.
1969 621 2086 671 vm,
2192 622 2337 671 nem,
2366 618 2421 664 et
2450 618 2504 664 tu
2537 609 2656 665 illos
2686 607 2992 679 confringes
3013 607 3310 663 secundum
3339 604 3482 674 quod
3511 616 3729 675 peccate-

511 702 629 777 52),
662 721 680 754 ι
713 710 769 758 et
791 709 988 757 czetera
1013 699 1231 755 similia.
1259 697 1325 752 Et
1359 698 1478 752 ideo
1506 697 1912 751 exsecrabantur
1937 699 2034 751 verl

2209 715 2281 757 'es
2324 709 2473 766 sunt,
2519 710 2575 756 et
2610 702 2688 757 sic
2733 701 2901 757 saltm
2948 701 3109 771 facies
3138 699 3257 754 illos
3302 697 3414 763 hic,
3445 704 3500 752 et
3536 701 3732 769 perboc

511 810 648 859 mea,
688 793 813 863 quia
851 808 1027 849 omnes
1059 791 1395 861 cogitationes
1421 806 1600 843 eorum
1629 798 1788 842 erunt
1816 789 2088 843 adrersum
2190 791 2334 862 quod
2378 792 2469 847 hic
2517 791 2641 849 illos.
2681 791 2936 858 salvabis,
2985 792 3038 846 in
3087 789 3270 845 futuro
3306 789 3529 857 posuisti
3555 789 3604 842 in
3629 807 3733 844 con-

511 900 615 952 tne,
639 885 840 955 etquia
866 882 1017 947 multi
1046 882 1281 953 cogitant
1304 880 1590 934 adversum
1615 878 1871 949 aliquem,
1900 894 2005 935 non
2032 888 2099 935 ut
2190 891 2390 951 specta,
2418 882 2471 937 id
2512 893 2597 937 est
2644 896 2813 951 pones
2857 882 2910 936 in
2942 882 3229 952 prmsentia
3266 888 3323 935 et
3365 877 3743 949 beneplacentia.

512 976 561 1030 ei
612 985 866 1041 noceant,
909 974 1002 1031 sed
1046 983 1102 1027 ut
1131 988 1250 1035 eum
1292 972 1588 1030 secundum
1629 972 1773 1041 quod
1803 987 2090 1042 perversus
2194 982 2282 1029 tua
2312 973 2572 1044 Iacrymas
2606 991 2772 1040 meas,
2818 975 2870 1028 id
2898 982 2979 1029 est
3009 973 3421 1042 ipsos.,eomlent.
3449 986 3547 1041 pro
3573 973 3738 1041 quibus

512 1076 617 1131 est,
651 1067 948 1131 destruant.
988 1062 1148 1118 Addit
1179 1081 1191 1117 :
1228 1061 1295 1118 In
1328 1061 1526 1121 malum
1557 1073 1715 1118 erunt
1752 1064 2089 1134 cogi’ationes
2190 1080 2333 1137 saepe
2363 1066 2692 1137 lacrymosas
2720 1081 2906 1128 preces
2934 1065 3065 1120 fudi.
3100 1064 3195 1120 Vel
3221 1064 3487 1133 lacrymas
3509 1079 3751 1133 meanper:

513 1175 714 1222 eorum,
762 1172 865 1212 non
910 1157 962 1218 in
1013 1156 1233 1213 bonum.
1279 1154 1431 1221 Quod
1477 1164 1561 1209 est
1600 1155 1823 1212 dicere:
1860 1156 1905 1211 A
1937 1156 2092 1211 malis
2192 1158 2515 1227 emphasim,
2549 1158 2598 1212 id
2648 1168 2750 1225 est,
2798 1173 2895 1227 pro
2943 1173 3171 1228 quorum
3225 1165 3421 1212 morte.
3448 1154 3751 1226 laerymatus.

514 1248 931 1319 cogitationibus,
968 1261 1105 1317 quas
1132 1246 1419 1301 adversum
1469 1260 1555 1299 me
1586 1246 1920 1315 cogitabunt,
1967 1260 2107 1314 pro—i
2192 1261 2312 1302 sum
2345 1247 2395 1301 in
2421 1256 2594 1304 morte
2622 1248 2810 1302 Lazari
2840 1246 3020 1315 (Joan.
3046 1264 3126 1310 xl,
3151 1245 3266 1314 55).
3296 1245 3598 1299 Notandum
3620 1246 3738 1300 enim

512 1341 666 1394 celet
692 1337 995 1402 exsecratio
1029 1337 1314 1391 verborum
1347 1351 1613 1389 meorum.
1649 1334 1803 1391 llnde
1835 1336 1886 1391 in
1917 1336 2093 1391 Evano
2194 1356 2317 1396 eum
2350 1352 2477 1397 nine
2505 1358 2608 1397 non
2639 1358 2734 1407 pro
2761 1342 2969 1396 Lazaro
2998 1341 3230 1404 ﬂevisse,
3268 1339 3359 1408 qui
3392 1352 3515 1393 mo;
3545 1338 3742 1393 τεεηεεί.

512 1431 651 1499 gelio
680 1430 917 1498 legitur:
970 1448 991 1488 ι
1028 1429 1106 1484 Ex
1156 1427 1491 1483 abundantia
1538 1428 1720 1483 cordis
1749 1443 1812 1483 os
1856 1427 2035 1497 loquitl

2228 1438 2391 1492 andus
2420 1444 2561 1502 erat,
2592 1436 2685 1491 sed
2734 1449 2832 1505 pro
2878 1434 2985 1489 illis
3015 1447 3248 1503 quorum
3301 1444 3452 1484 mors
3497 1430 3549 1484 in
3598 1438 3751 1485 morte,

514 1520 665 1591 (Luc.
698 1537 772 1586 vr,
801 1522 915 1592 i5),
952 1541 975 1575 ι
1006 1531 1062 1576 et
1102 1521 1198 1593 ipsi
1236 1528 1587 1579 exsecrantes
1623 1521 1984 1583 inhabilabunt
2015 1520 2037 1574 ί

2217 1526 2386 1585 talari
2438 1526 2801 1597 ﬁgurabatur,
2854 1525 2946 1594 qui
2999 1524 3133 1579 adeo
3185 1521 3394 1577 scilicet
3442 1518 3495 1573 in
3538 1521 3740 1589 peccatis

517 1614 882 1675 miliaritatcm
922 1629 1115 1680 meam,
1149 1624 1196 1668 et
1227 1612 1540 1670 abscondent
1566 1627 1785 1667 causam
1826 1611 2095 1666 inhabitae
2197 1618 2393 1673 morini
2419 1626 2575 1672 erant
2600 1617 2742 1687 quod
2781 1615 2894 1686 jam
2922 1615 3042 1669 aliis
3072 1613 3213 1668 malo
3239 1610 3490 1691 exemplo
3515 1625 3607 1665 suo
3635 1610 3740 1664 fete-

511 1706 673 1767 tionis
704 1723 722 1774 :I
752 1723 858 1764 non
888 1716 1145 1776 quamum
1190 1706 1258 1761 ad
1306 1719 1419 1771 me,
1439 1704 1531 1774 qui
1562 1704 1962 1769 omniavideo;
1999 1718 2034 1758 Si

2220 1720 2357 1776 iant,
2405 1711 2471 1764 ad
2522 1710 2737 1765 modum
2787 1707 2993 1769 Lami.
3025 1704 3374 1777 quatriduani
3422 1702 3605 1772 μάλα..
3646 1702 3738 1771 59).

511 1808 771 1875 quantum
801 1799 868 1853 ad
893 1798 1346 1854 existimationem
1375 1812 1552 1853 suam.
1582 1796 1737 1864 Quod
1766 1805 1849 1851 est
1873 1796 2054 1852 dicere
2079 1813 2091 1849 :
2130 1781 2181 1835 Β·
2199 1800 2329 1855 Dico
2353 1801 2497 1870 quod
2529 1798 2783 1863 salvebis,
2817 1808 2871 1853 et
2898 1796 3039 1867 quod
3071 1808 3240 1865 pones
3277 1807 3376 1848 eos
3404 1792 3455 1845 in
3488 1801 3755 1859 consiti-cut»

512 1890 645 1948 Cum
696 1891 792 1961 ipsi
828 1890 967 1953 mala
1001 1891 1300 1946 intentione
1346 1888 1671 1954 inhabitent,
1723 1889 1863 1943 bona
1914 1887 2094 1945 inten-
2200 1901 2313 1957 ιυο,
2343 1895 2476 1949 sicui
2507 1903 2576 1957 ει,
2605 1893 2657 1948 id
2685 1902 2768 1948 est
2794 1892 2956 1947 etiam
2983 1891 3038 1945 in
3066 1887 3413 1958 promissione
3436 1892 3529 1935 tua
3553 1890 3630 1935 est
3651 1882 3740 1935 hac

516 1984 657 2037 tione
694 1997 752 2041 se
790 1984 1096 2048 inhabitare
1126 1982 1341 2052 ﬁngent.
1374 1979 1625 2039 Ostendit
1650 1996 1781 2036 vero
1812 1994 1981 2050 quare
2008 1979 2095 2032 in-
2197 1996 2468 2046 constans,
2503 1986 2569 2043 id,
2602 1993 2688 2042 est
2726 1983 3019 2055 promisisti
3064 1996 3162 2048 per
3201 1977 3516 2049 praphetas,
3549 1986 3741 2041 quorum

513 2075 846 2139 habitabant,
884 2075 1132 2130 addendo
1160 2074 1239 2129 sic
1270 2091 1282 2128 :
1319 2073 1449 2133 Dico
1480 2072 1877 2136 inhabitabant,
1916 2079 1970 2127 et
1995 2071 2113 2141 ipsi
2197 2078 2609 2147 promissionem
2641 2086 2697 2131 et
2732 2076 2906 2145 ipsum
2937 2073 3223 2129 conﬁrmat
3270 2064 3633 2134 Evangelium,
3672 2062 3743 2115 ubi

514 2163 1239 2223 inhabitantesobservabunt
1266 2162 1582 2221 catoaneum
1596 2178 1788 2226 meum,
1814 2161 1866 2217 id
1893 2169 1976 2217 est
2002 2176 2100 2217 ex-
2198 2169 2418 2240 angelus
2455 2169 2654 2237 Josepli
2706 2168 2822 2223 νει-ο
2852 2164 3035 2221 Maria;
3068 2163 3415 2217 salmiorcm
3448 2156 3755 2212 nmium-um.

516 2257 836 2328 spectabunt
864 2256 1024 2317 tinem
1070 2271 1272 2320 meum,
1320 2267 1377 2309 ut
1406 2270 1529 2309 cum
1563 2254 1617 2308 in
1657 2251 1924 2324 principio
1964 2250 2037 2305 nil

2235 2262 2509 2327 nuntians,
2549 2260 2626 2314 ait
2664 2276 2678 2314 :
2723 2275 2743 2310 ε
2791 2256 3016 2313 Salvum
3058 2252 3229 2308 faciet
3261 2246 3690 2319 popttluntasuum
3719 2257 3758 2295 a.

518 2347 573 2403 in
606 2363 691 2403 me
718 2349 952 2404 habeant
980 2348 1121 2418 quod
1152 2354 1360 2413 notent,
1391 2345 1581 2400 saltem
1610 2345 1753 2415 quod
1782 2342 1991 2415 possint
2013 2356 2100 2397 re-
2198 2352 2438 2423 peccatis
2468 2365 2657 2405 eorum
2686 2347 2904 2415 (Matth.
2937 2361 2974 2406 ι,
2997 2344 3112 2412 21),
3146 2340 3265 2399 xEt
3296 2340 3515 2394 hoc-est
3540 2349 3599 2390 ac
3620 2335 3656 2388 si
3681 2333 3761 2387 di-.

519 2440 782 2509 darguere
825 2438 878 2492 in
908 2439 1017 2494 line
1058 2438 1355 2493 inveniant.
1391 2435 1537 2498 Bene
1560 2435 1777 2503 quidem
1811 2432 2099 2489 calcaueus
2200 2422 2394 2499 ξεί-εις
2427 2440 2495 2495 Ει
2537 2440 2641 2495 hoc
2673 2452 2773 2509 ego
2804 2434 3089 2497 annuntio,
3126 2439 3181 2486 et
3212 2441 3269 2484 tu
3318 2428 3424 2483 hoc
3468 2422 3744 2496 promisisti.

519 2546 619 2599 pro
649 2529 755 2585 line
787 2530 1022 2600 ponitur,
1052 2544 1121 2585 eo
1163 2529 1304 2599 quod
1354 2528 1426 2582 sit
1470 2526 1647 2582 ﬁnalis
1675 2525 1922 2596 corporis
1952 2539 2097 2594 pars.
2204 2534 2320 2589 Dixi
2350 2532 2494 2603 quod
2528 2530 2933 2586 annuntiahunt
2961 2537 3015 2581 et
3056 2523 3378 2592 confringet,
3407 2526 3537 2580 etc.,
3566 2523 3617 2571 et
3649 2523 3759 2567 lnch

521 2618 618 2675 Vel
660 2620 739 2683 sic
766 2619 1125 2683 observabant,
1169 2621 1218 2673 id
1244 2628 1333 2673 est
1367 2618 1759 2688 exspectahunt
1796 2614 2044 2670 calcaneu

2239 2627 2305 2683 )si
2348 2625 2545 2680 inimici
2572 2624 2673 2679 mei
2703 2629 3066 2678 convertentur
3097 2618 3161 2672 ad
3191 2631 3279 2669 me
3320 2620 3603 2666 retrorsum
3634 2606 3762 2661 ince-.

520 2728 693 2767 meum
732 2712 1028 2783 lapsuram.
1063 2711 1214 2779 Quod
1239 2721 1319 2765 est
1343 2712 1523 2765 dicere
1549 2727 1563 2764 :
1597 2707 2000 2779 Exspectabam
2032 2722 2121 2765 an.
2204 2695 2416 2782 dentes,
2452 2717 2503 2771 id
2530 2725 2616 2771 est
2646 2714 2751 2769 mei
2776 2723 3059 2781 sequaces,
3085 2722 3121 2761 a
3147 2701 3505 2765 simﬂituditte
3526 2698 3657 2754 illius
3677 2695 3750 2769 qui

523 2800 660 2857 forte
699 2817 787 2857 me
822 2801 1053 2856 viderint
1097 2802 1149 2855 in
1176 2801 1357 2870 aliquo
1384 2800 1617 2857 crimine
1657 2798 1785 2853 labi.
1830 2797 1965 2863 Quia
2008 2811 2121 2865 per.
2206 2807 2438 2876 aliquem
2475 2804 2741 2875 sequitur,
2775 2801 2929 2868 Quod
2961 2797 3294 2855 esidicew;
3334 2793 3483 2847 Bene
3514 2788 3763 2844 vimina

520 2892 832 2948 calcaneum
857 2893 1053 2963 aliquis
1090 2892 1311 2957 labitur,
1336 2892 1625 2951 calcamus
1640 2906 1740 2961 pro
1771 2889 1922 2959 lapsu
1956 2904 2041 2959 po:

2228 2900 2310 2954 nei
2346 2896 2818 2959 conformitatem,
2864 2892 2970 2947 mei
3018 2896 3182 2959 prout
3231 2893 3491 2956 poterunt
3534 2895 3751 2951 sequaces

524 2991 631 3047 tur,
660 2982 941 3041 Sententia
964 2984 1181 3053 quidem
1213 2997 1339 3045 eam
1367 2982 1419 3035 in
1456 2982 1541 3035 his
1571 2980 1752 3035 verbis
1776 2978 2047 3046 concipitu

2241 2989 2403 3045 Πιξοιὶ.
2457 2988 2589 3042 Dico
2634 2985 2779 3056 quod
2823 2990 3207 3045 convertentur,
3257 2984 3313 3031 et
3358 2990 3468 3030 non
3517 2971 3672 3028 solum
3708 2971 3762 3023 in.

523 3088 645 3143 qua:
682 3075 845 3131 etiam
889 3075 941 3129 in
984 3074 1371 3144 superioribus.
1418 3073 1539 3127 Dixi
1578 3073 1721 3143 quod
1762 3072 2103 3125 observabant
2135 3126 2173 3151 ρ
2207 3082 2382 3151 prima
2408 3090 2569 3134 male
2594 3075 2858 3146 suscipies
2898 3088 3018 3137 eos,
3047 3071 3132 3127 vel
3179 3071 3233 3125 in
3278 3067 3554 3131 secunda;
3598 3062 3677 3118 sed
3709 3062 3767 3113 in~

524 3166 829 3223 calcaueum
854 3184 1045 3223 nteant.
1073 3166 1220 3223 Sicut
1257 3168 1621 3231 sustinuerunt
1647 3164 1878 3229 animam
1916 3160 2175 3230 meam,u
2209 3188 2517 3242 quamon
2547 3171 2632 3224 die
2673 3171 2982 3224 ξηυοεαυινο
3028 3175 3099 3231 ιε,
3148 3162 3199 3218 id
3242 3170 3328 3218 est
3376 3160 3432 3214 in
3474 3167 3755 3228 quocunque

526 3257 579 3312 id
600 3266 682 3312 est
712 3267 895 3328 utpote
925 3258 1000 3312 illi
1026 3257 1115 3327 qui
1153 3256 1497 3319 sustinebunt
1523 3256 1687 3308 vitam
1722 3268 1918 3316 meam,
1950 3252 1999 3306 id
2025 3267 2049 3306 e

2243 3279 2452 3334 ernpore
2498 3263 2674 3318 {etatis
2710 3260 3042 3315 invocabunt
3082 3265 3132 3311 te
3177 3269 3276 3325 per
3321 3266 3511 3307 veram
3538 3262 3766 3316 comptu».

526 3350 722 3419 ψιὶιωε
758 3351 861 3405 ετίι
904 3350 1012 3404 Vlla
1052 3364 1171 3403 mea
1214 3348 1364 3402 οηθτί
1407 3356 1461 3401 θι
1487 3346 1743 3409 “Bllio-el
1787 3344 1854 3398 ad
1893 3342 2106 3398 mOdU'“
2212 3358 2468 3416 ctionem,
2500 3355 2576 3410 sic
2625 3362 2681 3408 ut
2727 3361 2849 3424 post
2893 3366 3000 3405 non
3048 3354 3421 3403 revertantur.
3463 3341 3616 3397 Juxta
3654 3337 3767 3392 illud.

529 3440 776 3510 alicujus,
801 3441 1011 3512 pondus
1042 3439 1257 3508 aliquod
1287 3453 1455 3510 grave
1491 3437 1833 3502 sustinentis,
1871 3435 1956 3490 cui
1985 3451 2050 3505 po

2230 3447 2585 3517 iroisheticum
2616 3463 2631 3499 :
2666 3464 2685 3497 ι
2728 3444 2784 3499 In
2824 3454 3147 3513 quacunque
3177 3438 3312 3493 hora
3354 3439 3607 3504 peccator
3636 3429 3753 3498 inge-

527 3532 629 3589 dus
662 3532 791 3592 illud
827 3532 1065 3588 maximo
1097 3531 1253 3586 taedio
1285 3540 1384 3586 est.
1420 3528 1572 3596 Quod
1605 3538 1688 3587 est
1725 3530 1905 3583 dicere
1940 3546 1953 3583 :
1996 3527 2050 3587 Hi

2231 3538 2410 3592 nuerit
2430 3538 2594 3607 (sicut
2618 3533 2999 3605 ingemendum
3024 3532 3129 3600 est)
3155 3529 3341 3585 salvus
3364 3526 3472 3581 erit
3497 3523 3754 3594 (Isai.xxx,

530 3628 674 3693 quod
716 3626 822 3680 vita
865 3640 981 3680 mea
1020 3625 1127 3680 erit
1165 3625 1242 3680 eis
1268 3624 1448 3690 taedio,
1472 3639 1635 3679 causa
1677 3624 1779 3678 erit
1818 3639 1986 3693 quare
2025 3639 2113 3678 me
2216 3631 2302 3696 i5,
2334 3630 2619 3684 secundum
2662 3625 2855 3696 LXX).
2887 3642 2907 3675 ι
2949 3622 3087 3690 Quia
3128 3633 3258 3675 vero
3292 3618 3536 3680 dixerat,
3576 3613 3773 3666 ηιείαιια,

530 3715 920 3769 observabunt.
959 3714 1086 3786 Agit
1117 3724 1297 3770 autem
1332 3714 1400 3771 de
1435 3713 1776 3772 inimicorum
1811 3723 2112 3772 commuta-
2215 3722 2543 3777 nuntiabunt
2571 3720 2734 3774 vitam
2782 3731 2961 3781 suam,
3010 3713 3268 3784 quoniam
3312 3704 3646 3765 annuntiatio
3685 3715 3757 3756 ne-

534 3805 680 3862 tione
703 3815 757 3860 et
782 3804 954 3860 salute
976 3806 1074 3861 sic.

2232 3817 2329 3886 iuit
2353 3830 2493 3881 esse,
2526 3813 2628 3868 nisi
2659 3812 2810 3883 prius
2844 3810 3113 3865 habeatur
3152 3804 3248 3860 Dei
3288 3800 3550 3872 cognitio,
3579 3795 3755 3886 subdit:

610 3896 767 3967 192
811 3897 927 3951 Dixi
957 3898 1097 3967 quod
1128 3913 1213 3953 me
1236 3896 1652 3958 conculcahtmt,
1678 3904 1733 3951 et
1756 3896 2115 3952 exsecrabun.

2248 3906 2346 3960 Dico
2392 3903 2533 3974 quod
2575 3900 3000 3962 annuntiabunl,
3027 3904 3082 3950 et
3115 3895 3266 3966 prius
3316 3906 3460 3955 ecce,
3509 3887 3561 3943 id
3605 3893 3676 3941 est
3719 3883 3771 3935 in_

537 3994 644 4054 tur,
668 3997 723 4045 et
744 3988 1046 4045 calcaneum
1067 4006 1241 4047 meum
1260 3990 1619 4044 observabant.
1647 3988 1711 4042 Et
1730 3988 2115 4057 quamvisltwc
2217 3995 2490 4069 ριιωεθηιῑ,
2522 3992 2737 4064 cognovi
2758 3990 2897 4062 quod
2923 3988 3064 4043 Deus
3093 4000 3238 4040 meus
3266 3999 3343 4047 es,
3374 3981 3429 4036 id
3463 3986 3546 4034 est
3578 3976 3672 4030 ﬁde
3693 3986 3771 4026 (ιο.

536 4079 716 4133 omnia
748 4094 998 4150 perverse
1020 4078 1239 4143 iaciant,
1267 4087 1445 4134 tamen
1479 4095 1573 4147 pro
1598 4076 1781 4142 nihilo,
1806 4077 1858 4131 id
1893 4089 1975 4132 est
1998 4076 2116 4131 sine
2216 4064 2476 4158 'gnosceni
2504 4084 2630 4148 mei,
2659 4081 2885 4153 quodin
2915 4094 2974 4135 es
3005 4079 3147 4133 Deus
3177 4088 3391 4131 eorum.
3422 4070 3494 4125 Et
3520 4066 3636 4138 quia
3658 4064 3769 4117 ﬁdes

538 4169 719 4240 aliquo
753 4173 949 4228 merito
983 4188 1189 4236 eorum,
1227 4171 1397 4227 salvos
1423 4172 1585 4241 facies
1611 4188 1728 4236 eos;
1759 4172 1845 4226 hic
1867 4173 1935 4226 ab
1956 4171 2061 4239 orig

2235 4156 2333 4234 iine
2362 4176 2620 4247 operibus
2643 4181 2855 4228 mortua
2878 4180 2984 4233 est.
3014 4168 3115 4239 ipsi
3143 4167 3448 4223 existentes
3473 4161 3528 4214 in
3555 4156 3758 4213 Domino,

538 4261 646 4317 nali
672 4263 920 4330 crimine,
943 4274 998 4319 et
1027 4264 1096 4319 ab
1127 4262 1454 4329 actualibus,
1481 4263 1564 4318 vel
1598 4262 1714 4317 sic:
1742 4263 1872 4317 Dico
1893 4257 2035 4331 quod

2249 4270 2271 4325 Δ
2300 4244 2479 4324 est'in
2522 4265 2851 4337 operatione.
2879 4260 3115 4326 Domini,
3158 4256 3455 4312 laudabunt
3490 4250 3702 4312 uerbum,
3725 4244 3772 4301 id.

538 4367 626 4408 me
662 4352 964 4410 calcaneum
1004 4356 1367 4411 observabant.
1410 4355 1474 4410 Et
1521 4364 1704 4410 tamen
1744 4356 1913 4410 salvos
1954 4353 2116 4423 [acies
2218 4369 2303 4418 est
2345 4357 2617 4414 laudabile
2665 4354 2957 4411 ostendent
3000 4351 3225 4407 verbum
3275 4360 3470 4409 suum,
3516 4343 3648 4397 bona
3682 4337 3760 4390 vita

537 4442 658 4497 illo:
698 4460 792 4513 pro
831 4444 1018 4511 nihilo,
1060 4446 1201 4501 sicut
1241 4463 1334 4517 pro
1376 4445 1563 4512 nihilo,
1587 4446 1641 4501 id
1681 4453 1788 4511 est,
1814 4444 1931 4500 sine
1951 4459 2116 4500 causa
2151 4466 2196 4524 ι)
2221 4467 2340 4517 sua,
2383 4451 2439 4505 in
2486 4448 2598 4504 Deo
2639 4456 2687 4503 et
2727 4448 2785 4502 in
2823 4444 3049 4500 Domino
3090 4443 3232 4497 idem
3279 4447 3386 4495 est.
3432 4435 3542 4491 Sed
3582 4431 3772 4487 verbum.

540 4534 885 4591 sustinebunt
908 4537 1140 4591 animam
1163 4554 1351 4592 meam.
1378 4537 1659 4594 Sententia
1685 4538 1800 4593 fere
1819 4536 2008 4592 eadem
2034 4544 2118 4591 est
2219 4553 2275 4601 ει
2309 4557 2491 4600 sermo
2529 4540 2805 4598 dinei-uni.
2854 4538 3173 4595 Sermonem
3220 4545 3459 4602 namque
3502 4525 3703 4600 proprie
3725 4528 3771 4573 et

539 4642 661 4698 quae
686 4635 742 4682 et
765 4628 1034 4698 superius,
1061 4630 1156 4685 sed
1187 4629 1462 4687 distinctio
1497 4637 1758 4697 mutatur,
1790 4637 1847 4684 et
1873 4628 1929 4682 in
1955 4642 2117 4698 supe-
2219 4636 2483 4693 usuaiiier
2536 4634 2770 4689 dicimus
2825 4629 3045 4702 quando
3096 4627 3296 4697 aliquis
3345 4638 3457 4679 non
3512 4613 3772 4687 compositt

541 4717 672 4805 τεο-[ἰ
712 4717 945 4774 Ιοειὶοηθ
987 4721 1145 4786 sicut.
1189 4737 1287 4792 pro
1316 4731 1490 4786 ωροτε
1532 4720 1746 4789 legium
1796 4718 1896 4774 Hic
1937 4726 2117 4787 autem
2220 4728 2443 4798 scripto,
2489 4725 2571 4780 vel
2601 4723 2902 4795 composita
2930 4729 2991 4777 et
3013 4728 3205 4778 ornata
3242 4715 3546 4779 locutione,
3575 4710 3659 4767 sed
3680 4704 3761 4760 rul-

541 4800 909 4879 coniparative
954 4812 1239 4883 accipitur.
1274 4813 1342 4868 Et
1380 4814 1694 4884 priusquam
1726 4812 1896 4868 salvas
1928 4810 2118 4876 facias.
2220 4818 2336 4890 gari
2382 4816 2622 4886 loquitur
2664 4814 2732 4869 ad
2772 4813 3028 4883 aliquem,
3078 4820 3173 4864 aut
3213 4808 3281 4863 ad
3327 4806 3533 4877 pluaes.
3571 4800 3760 4890 V'et'butn

540 4898 834 4970 confringe:
872 4902 1111 4973 populos,
1154 4903 1205 4959 id
1242 4914 1328 4958 est
1366 4903 1740 4960 multitudines
1777 4902 2119 4959 inimicorum
2223 4885 2403 4963 autem
2434 4885 2651 4975 quando
2680 4902 3072 4972 compositione
3103 4898 3422 4959 Latinitatis
3452 4909 3547 4951 seu
3571 4885 3761 4975 vulgaris

541 4990 841 5046 secundum
883 4993 1026 5062 quod
1072 4993 1200 5048 mali
1230 5003 1377 5058 sunt,
1406 4995 1463 5048 in
1503 4994 1606 5060 ira,
1647 4994 1698 5048 id
1725 5002 1810 5048 est
1853 4994 1905 5047 in
1936 5007 2064 5062 cogn

2242 4972 2512 5051 ocutionis
2542 4992 2609 5048 ad
2634 4990 3083 5063 quemlibetagit.
3118 4989 3187 5042 Et.
3219 4988 3323 5042 hoc
3355 4994 3530 5040 totum
3560 4990 3637 5036 est
3660 4992 3708 5031 ac
3731 4972 3760 5026 si

543 5082 690 5138 tione
719 5083 814 5159 ira:
847 5093 950 5141 tua:
985 5085 1196 5141 futurae.
1237 5085 1391 5152 Quod
1419 5094 1503 5140 est
1529 5086 1755 5140 dicere:
1798 5085 1901 5140 Per
1935 5083 2121 5153 cogni-
2222 5094 2449 5158 poneret
2490 5099 2505 5139 :
2547 5084 2842 5153 Postquam
2887 5081 2994 5137 tide
3036 5082 3206 5139 Deum
3251 5075 3624 5148 cognoverint,
3662 5070 3764 5121 bene

541 5172 745 5231 tionem
775 5175 870 5231 irae
897 5183 1020 5244 tuae,
1045 5191 1207 5247 quam
1230 5176 1313 5231 eis
1335 5174 1510 5240 dabis,
1538 5173 1909 5244 confringetur
1932 5187 2119 5227 eorum
2224 5176 2611 5247 operabuntttr,
2653 5181 2710 5229 et
2748 5172 2828 5228 sic
2854 5179 2911 5226 et
2950 5182 3261 5226 sermonem
3287 5174 3345 5221 et
3384 5163 3609 5220 verbum
3642 5167 3769 5211 suum.

545 5264 813 5335 impietas.
849 5267 983 5323 Cum
1016 5267 1169 5338 ponit
1194 5264 1420 5336 populos
1446 5263 1745 5333 pluraliter,
1780 5263 1956 5317 innuit
1981 5262 2123 5333 quod
2224 5264 2496 5322 laudabile
2541 5277 2663 5318 esse
2703 5260 3012 5317 ostendent.
3058 5258 3118 5314 Si
3165 5256 3314 5312 enim
3358 5253 3505 5308 male
3546 5250 3760 5305 viverent.

545 5370 652 5410 non
679 5358 835 5429 pauci
866 5367 1049 5422 erunt.
1082 5356 1178 5411 sed
1218 5354 1405 5420 mulli;
1439 5353 1580 5408 είευι
1615 5368 1719 5407 una
1759 5352 1846 5408 die
1872 5353 1972 5408 ll‘ia
2000 5352 2125 5407 mi|~
2226 5354 2655 5426 contemptibilia
2677 5368 2797 5408 esse
2819 5351 3080 5406 facerent.
3103 5347 3266 5404 Juxta
3293 5346 3427 5400 illud
3451 5342 3587 5399 beati
3608 5340 3767 5431 Grego-

545 5440 649 5509 lia,
686 5428 808 5500 alia
863 5461 991 5500 vero
1043 5444 1286 5514 quinque
1340 5442 1594 5511 leguntur
1642 5455 1904 5496 conversa
1958 5441 2125 5497 fuisse
2227 5446 2311 5507 rii,
2343 5439 3266 5513 «Cuju8\’ita:daspicitur,restatut
3285 5430 3599 5504 praedicatio
3625 5428 3764 5492 desii“

547 5533 683 5603 (Act.
717 5552 778 5602 ll,
808 5536 908 5603 41;
942 5552 1017 5602 tv,
1052 5534 1132 5605 4).
1176 5535 1245 5589 Et
1282 5533 1382 5603 ipsi
1422 5531 1737 5601 priusquam
1773 5532 2124 5605 confringan-
2227 5535 2403 5589 ciatur
2432 5552 2452 5585 ι
2490 5534 2659 5602 (hom.
2681 5531 2746 5585 21
2784 5531 2837 5583 in
2866 5529 3119 5599 Evang.),
3147 5526 3234 5582 vel
3258 5527 3342 5582 sic
3388 5524 3491 5595 legi
3520 5526 3703 5592 potest.
3726 5523 3767 5565 υι

548 5631 654 5679 tur.
688 5623 733 5678 0
767 5624 927 5692 Deus,
959 5625 1119 5679 vitam
1142 5637 1310 5675 meam
1339 5620 1647 5674 annuntiari
1675 5622 1787 5687 tibi,
1837 5622 1887 5676 id
1914 5632 1998 5677 est
2026 5623 2127 5692 ipsi
2231 5631 2342 5678 tota
2362 5621 2601 5675 Trinitas
2626 5621 2713 5675 hic
2738 5621 3044 5675 denotetur.
3071 5616 3193 5671 Dixi
3224 5615 3371 5687 quod
3393 5609 3765 5668 annuntiahunt.

548 5716 655 5770 mei
700 5715 888 5781 futuri,
927 5712 1325 5771 annuntiahunt
1354 5711 1447 5766 tibi
1493 5726 1589 5780 per
1615 5710 2007 5768 confessionem
2042 5713 2121 5770 l'e-
2231 5721 2286 5770 et
2324 5723 2381 5770 ut
2413 5713 2735 5769 annuntiare
2772 5711 3009 5777 valeant,
3037 5724 3167 5767 ecce
3204 5709 3259 5766 iu
3289 5705 3540 5779 prtesenti
3575 5694 3765 5772 cognati.
