3856 6322
64 353 150 414 395
986 339 1358 411 EXPOSITIO
1389 339 1456 398 IN
1488 340 1827 409 PSALMOS.
1853 373 1922 385 —
1954 342 2148 401 PSAL.
2197 345 2332 403 LVI.

3174 361 3285 419 894

70 466 201 543 193
247 463 297 525 id
345 469 463 529 εει,
503 466 826 533 cognoscent
863 458 989 531 quia
1031 456 1171 515 Deus
1218 475 1364 515 meus
1404 468 1514 525 est,
1554 460 1609 514 id
1644 466 1686 524 Α
1715 464 1916 537 quippe
1963 464 2153 529 David,
2187 465 2346 520 Saulc
2374 479 2732 537 persequente
2763 471 2814 528 in
2842 477 3155 546 speluncam
3194 494 3285 537 ru-

67 572 137 620 est
164 560 295 615 Deus
317 556 499 622 Pater,
522 564 606 611 est
629 556 767 610 Deus
792 567 1055 607 meorum.
1086 551 1239 619 Quod
1260 561 1345 607 est
1374 552 1555 606 dicere
1581 568 1596 605 :

62 656 367 724 Cognoscent
389 648 556 704 Deum
581 647 814 711 Patrem,
838 654 891 702 et
916 646 971 700 in
1002 644 1112 700 Deo
1144 644 1322 711 Patre,
1356 644 1408 699 id
1443 651 1527 699 est
1546 644 1600 698 in

61 743 334 815 :equalitate
383 738 481 793 Dei
530 738 732 802 Patris,
782 736 1037 804 laudabo,
1078 737 1132 792 id
1177 746 1264 792 est
1306 735 1602 791 laudabunt

63 838 296 902 Verbum;
324 834 379 889 id
404 843 490 888 est
510 830 702 887 Filium
732 828 940 883 scilicet
972 846 986 882 :
1028 837 1085 883 et
1114 830 1169 883 in
1201 829 1427 883 Domino
1481 827 1603 881 latt-

62 934 174 986 dabo
199 942 506 991 sermonem,
532 924 584 978 id
619 930 705 977 est
733 922 786 976 iu
831 921 1144 992 aequalitate
1181 922 1391 981 Domini
1424 919 1600 990 Spiri-

65 1036 134 1079 tus
153 1020 433 1076 laudabunt
457 1032 541 1071 ιιιε
566 1015 782 1077 Filium.
815 1014 908 1084 qui
936 1030 1117 1070 sermo
1143 1029 1262 1072 sum
1284 1013 1480 1076 Patris,
1505 1026 1602 1082 per

63 1131 195 1187 quem
222 1111 377 1177 dixit,
420 1110 472 1166 id
503 1117 586 1167 est
614 1108 897 1178 disposuit,
931 1117 988 1163 et
1034 1108 1176 1163 facta
1234 1115 1363 1162 sunt
1418 1104 1603 1162 omnia

64 1208 104 1278 (1
125 1206 267 1261 Joan.
296 1220 335 1269 ι,
385 1203 467 1271 5).
509 1201 576 1256 Et
607 1200 709 1255 hoc
758 1210 931 1259 totum
985 1209 1070 1255 est
1130 1214 1195 1255 ac
1244 1199 1289 1255 si
1345 1198 1598 1255 diceret:

61 1299 359 1368 Cognosceut
386 1293 604 1349 Patrem
646 1307 766 1349 esse
798 1292 988 1356 Deum,
1028 1300 1083 1346 et
1125 1305 1211 1346 me
1248 1304 1408 1360 quem
1451 1286 1602 1357 prius

62 1390 285 1459 aqualem
303 1387 453 1441 Patri
470 1401 590 1442 esse
610 1392 942 1459 negaverunt
954 1392 1009 1439 et
1028 1387 1488 1451 contempserunt,
1507 1393 1600 1433 co.

63 1487 287 1553 guoscent
342 1478 511 1533 Deum
553 1462 813 1547 aequalem
851 1474 997 1530 Patri
1024 1482 1080 1528 et
1108 1471 1339 1542 Spiritui
1370 1486 1385 1535 ;
1425 1477 1483 1523 et
1515 1468 1601 1524 sic

64 1585 131 1625 me
158 1567 444 1629 laudabunt
498 1567 622 1633 fide,
665 1579 851 1636 opere,
885 1570 940 1618 et
963 1562 1270 1617 devotione.
1302 1559 1368 1614 Et
1396 1573 1602 1628 cogno-

72 1662 240 1717 scendo
281 1668 336 1714 et
359 1659 631 1713 laudando
678 1657 843 1712 Deum
882 1654 1226 1718 Trinitatem,
1255 1655 1310 1707 in
1352 1652 1468 1721 ipso
1499 1650 1604 1704 Deo

65 1750 251 1821 sperari,
287 1748 341 1804 id
369 1757 457 1803 est
485 1764 640 1817 spem
693 1745 1009 1801 salvationis
1039 1752 1258 1799 aeternae
1307 1742 1601 1807 habebunt,

65 1813 253 1911 ideoque
313 1858 418 1895 non
470 1813 677 1905 timebo,
708 1840 759 1894 id
785 1847 868 1893 est
902 1853 1007 1892 non
1048 1837 1336 1902 timebunt,
1358 1834 1485 1905 quid
1516 1834 1598 1903 [a-
1633 1813 1679 1883 Β

62 1937 143 1990 ciat
168 1933 282 1988 mihi
302 1933 480 1997 homo,
523 1932 575 1987 id
605 1939 688 1986 est
718 1931 820 1986 sibi
847 1930 1029 1993 homo,
1064 1928 1115 1982 id
1152 1937 1234 1981 est
1261 1933 1598 1995 persecutor,

64 2028 134 2097 qui
162 2025 491 2082 solummodo
517 2026 680 2079 homo
704 2031 811 2087 est,
839 2022 893 2078 id
922 2029 1006 2081 est
1050 2018 1301 2075 animalis
1331 2033 1436 2073 non
1489 2017 1603 2086 Spl'r

65 2117 254 2175 ritualis.
276 2115 430 2183 Quod
466 2124 551 2171 est
575 2114 759 2170 dicere
790 2131 804 2169 :
840 2111 955 2167 Non
998 2111 1266 2166 timebunt
1292 2108 1602 2165 tribulatio-

64 2224 157 2275 nes,
183 2218 426 2274 mortem,
458 2209 657 2263 damna
690 2205 889 2262 terreni
921 2218 1141 2270 census,
1165 2218 1286 2272 qua:
1317 2202 1420 2258 sibi
1460 2199 1603 2257 infe-1

66 2311 219 2358 rentur
263 2316 294 2355 a
340 2299 832 2371 persecutoribus;
884 2298 1089 2354 diceret
1150 2296 1344 2365 aliquis
1398 2311 1412 2349 :
1464 2294 1604 2350 Vere

68 2396 292 2452 timendus
313 2403 395 2448 est
418 2401 760 2463 persecutor,
792 2392 917 2462 quia
945 2388 1157 2445 auferet
1186 2398 1401 2446 terrena
1431 2387 1598 2453 bona,

66 2496 107 2541 et
125 2494 285 2555 postea
314 2498 421 2538 non
471 2483 749 2538 habebunt
796 2483 939 2537 unde
987 2480 1179 2552 legalia
1215 2489 1335 2534 vota
1367 2478 1603 2543 solvant,

67 2589 218 2632 contra
272 2575 414 2645 quod
472 2574 771 2643 suhjungit.
830 2572 961 2643 Dico
1005 2572 1149 2641 quod
1181 2587 1286 2627 non
1341 2569 1608 2625 timebunt

66 2668 163 2728 quid
207 2664 358 2733 faciat
403 2664 513 2720 sibi
557 2665 733 2729 homo,
768 2677 946 2733 neque
1000 2662 1297 2722 timendum
1320 2671 1405 2716 est
1432 2676 1448 2725 ;
1479 2673 1605 2714 nam

68 2755 166 2809 licet
193 2755 395 2810 auferat
461 2762 698 2819 terrena,
758 2768 867 2810 non
930 2763 1107 2808 tamen
1168 2752 1385 2807 auferre
1432 2758 1609 2821 potest

68 2846 166 2915 quin
212 2845 300 2900 tibi
351 2845 671 2902 sacrificent
706 2863 719 2901 :
756 2846 811 2900 in
857 2861 937 2899 me
984 2845 1151 2911 enim,
1182 2846 1235 2898 id
1264 2852 1347 2899 est
1384 2843 1436 2903 in
1474 2841 1609 2901 meis

68 2946 158 2989 sunt
181 2946 304 2997 rota,
330 2934 381 2989 id
425 2945 515 2990 est
563 2933 831 2991 sacrificia
863 2945 978 2998 tua,
1013 2949 1131 3005 qua:
1181 2933 1419 2996 reddam,
1448 2932 1500 2986 id
1528 2938 1609 2984 est

69 3026 259 3085 reddant
286 3026 399 3094 tibi,
460 3025 792 3079 laudationes
832 3023 1061 3079 scilicet.
1090 3022 1242 3090 Quod
1271 3032 1355 3081 est
1375 3021 1559 3078 dicere
1591 3037 1604 3081 ;

68 3117 110 3171 In
143 3133 192 3172 se
224 3118 420 3172 habent
463 3117 606 3187 quod
661 3115 757 3172 tibi
797 3116 1199 3177 sacrificabunt,
1228 3114 1435 3169 sciiicet
1466 3121 1525 3171 ut
1556 3124 1606 3169 te

50 3205 247 3262 'laudent
271 3222 425 3271 voce,
465 3221 648 3277 opere,
676 3215 733 3265 et
757 3207 1060 3269 devotione,
1093 3208 1234 3276 quod
1268 3206 1446 3263 nullus
1479 3220 1604 3275 per-

69 3308 246 3355 secutor
297 3308 483 3370 potest
531 3299 611 3355 eis
645 3297 884 3364 auferre,
913 3308 966 3353 et
996 3299 1215 3368 dignum
1255 3300 1360 3352 erit
1386 3306 1443 3351 ut
1483 3298 1606 3352 red,

70 3387 190 3443 dant.
215 3388 479 3455 Quoniam
501 3385 743 3458 eripuisti
768 3390 1000 3443 animant
1030 3405 1200 3445 meam
1234 3389 1298 3442 de
1334 3397 1520 3452 morte,
1554 3387 1607 3442 id

70 3491 135 3536 est
168 3483 351 3552 eripies
371 3482 616 3537 animam
653 3496 903 3537 meorum
926 3479 995 3539 de
1024 3479 1373 3536 multitudine
1404 3493 1604 3549 pecca-

72 3579 210 3625 torum
235 3587 326 3642 per
346 3587 475 3642 qua:
504 3571 752 3626 venirent
778 3572 844 3625 ad
881 3580 1135 3634 mortem,
1175 3569 1276 3624 nisi
1324 3569 1406 3624 eis
1433 3558 1609 3622 indul-

70 3674 227 3728 geres;
250 3672 302 3715 ει
331 3675 626 3730 pOStquam
649 3660 847 3729 eripies
877 3675 906 3713 a
932 3672 1106 3714 morte
1131 3674 1228 3729 per
1258 3665 1607 3729 peccatorum

70 3750 444 3823 indulgentiam,
477 3753 677 3822 eripies
725 3752 879 3822 pedes
910 3768 1071 3817 meos,
1101 3752 1152 3806 id
1180 3761 1265 3807 est
1293 3750 1610 3806 affectiones

70 3855 270 3896 meorum
291 3861 321 3896 α
352 3843 533 3915 lapsu,
579 3858 646 3898 ne
676 3851 935 3898 corruant
962 3858 993 3897 a
1023 3826 1310 3899 sanctitate
1356 3856 1453 3912 per
1495 3857 1610 3895 ma-

70 3932 151 3991 lam
192 3937 685 4008 concupiscentiam
735 3936 998 4005 aliquam,
1043 3946 1099 3990 ut
1131 3935 1393 4005 placeam,
1434 3934 1487 3988 id
1526 3940 1612 3987 est

69 4031 275 4101 placeant
297 4034 406 4089 Deo
421 4035 479 4088 in
500 4032 693 4089 lumine
720 4032 1021 4097 viventium,
1047 4031 1099 4087 id
1123 4042 1207 4113 est
1225 4032 1277 4086 in
1311 4028 1606 4085 conformi-

69 4132 155 4179 tate
202 4126 300 4181 mei
340 4126 533 4197 positi,
587 4126 678 4197 qui
734 4141 855 4193 sum
917 4124 1094 4180 lumen
1135 4124 1376 4180 omnium
1408 4122 1461 4178 in
1489 4137 1611 4193 per-

68 4215 262 4273 fectione
308 4220 575 4274 virtutum
624 4218 942 4285 viventium,
987 4233 1093 4273 non
1151 4218 1204 4272 in
1257 4225 1607 4286 peccatorum

68 4309 180 4364 mole
212 4320 570 4366 mortuorum.
617 4310 769 4377 Quod
823 4320 909 4367 est
956 4311 1175 4365 dicere:
1231 4308 1355 4364 Ideo
1410 4307 1609 4376 eripies

67 4408 113 4452 ut
136 4401 219 4456 tibi
248 4401 499 4471 placeant
531 4401 840 4459 conformes
881 4402 984 4457 mei
1016 4401 1167 4466 facti,
1202 4401 1295 4471 qui
1344 4416 1462 4456 sum
1490 4400 1612 4454 illu-

1701 561 1844 631 gisse
1871 557 1958 629 (ll
1995 557 2123 627 Reg.
2156 557 2333 628 mi):
2372 558 2501 613 illud
2536 575 2750 631 quoque
2811 571 2952 635 quod
2990 574 3286 640 apponitur

1703 650 1757 705 in
1790 648 1963 711 titulo,
1993 649 2201 704 scilicet
2229 647 2283 701 in
2315 647 2455 702 tituli
2482 648 2837 720 inscriptione,
2886 655 3191 714 nullatenus
3213 662 3284 716 ad

1704 743 1987 799 historiam
2033 743 2249 798 videtur
2303 744 2558 808 attinere,
2608 760 2730 800 cum
2784 747 2954 801 David
3005 751 3286 821 prophetze

1703 851 1969 907 nusquam
2012 835 2227 905 legatur
2258 836 2543 907 inscriptio
2567 836 2706 891 tituli
2758 837 2899 893 facta
2949 838 3137 895 fuisse.
3166 840 3288 896 Ido-

1703 948 1867 990 neum
1899 946 2029 1002 ergo
2063 929 2297 994 videtur,
2327 944 2433 984 non
2459 927 2614 996 juxta
2652 930 2959 994 historiam,
2990 932 3084 986 sed
3131 931 3287 1000 juxta

1704 1022 1857 1078 vocis
1880 1020 2409 1091 interpretationem,
2436 1018 2649 1073 titulum
2698 1017 2841 1076 Iniuc
2873 1022 3123 1090 accipere
3152 1039 3169 1088 ;
3194 1023 3287 1092 qui

1704 1115 1783 1170 sic
1808 1114 2114 1186 exponitur.
2177 1111 2427 1168 Psahnus
2482 1111 2584 1168 iste
2641 1122 2896 1182 spectans
2930 1115 2983 1166 in
3016 1112 3193 1181 ﬁnem,
3236 1112 3288 1167 id

1703 1214 1787 1260 est
1812 1205 1863 1260 in
1888 1204 2187 1266 Christum,
2238 1201 2562 1257 adhortatur
2591 1217 2652 1255 ne
2691 1210 2746 1254 tu
2768 1200 3077 1271 quicunque
3117 1199 3291 1255 lector

1705 1312 2011 1365 corrumpas
2043 1294 2230 1359 David,
2258 1293 2310 1347 id
2356 1303 2439 1348 εει
2483 1292 3068 1362 Christum,quantum
3106 1293 3172 1346 ad
3213 1302 3287 1347 te.

1707 1387 1772 1444 Et
1807 1388 2052 1443 ostendit
2078 1386 2133 1440 in
2160 1401 2269 1455 quo
2300 1400 2405 1439 non
2456 1400 2799 1454 corrumpas,
2862 1384 3112 1440 addendo
3154 1385 3235 1440 sic
3270 1403 3285 1440 ε

1707 1479 1792 1536 Ne
1812 1495 2118 1549 corrumpas
2148 1478 2285 1541 dico,
2322 1478 2376 1531 in
2421 1477 2563 1531 tituli
2612 1476 2949 1542 inscriptione
3000 1477 3138 1532 facta
3187 1478 3289 1548 ipsi

1707 1570 1901 1633 David.
1935 1571 1986 1625 id
2019 1579 2103 1627 est
2128 1569 2351 1629 Christo
2388 1585 2418 1623 a
2450 1569 2644 1623 Pilato.
2697 1568 2871 1636 Quam
2919 1569 2972 1623 in
3014 1570 3285 1640 superiori

1706 1662 1918 1734 psalmo
1946 1662 2303 1721 ostendimus.
2339 1659 2492 1727 Quod
2543 1644 2880 1717 estdicere:
2913 1660 2993 1716 Ne
3042 1676 3290 1717 corrum—

1709 1772 1806 1827 pas
1855 1755 2262 1821 inscriptionem
2299 1752 2465 1815 tituli,
2495 1753 2545 1807 id
2570 1761 2653 1806 εει
2683 1753 2811 1807 illud
2839 1752 2981 1823 quod
3015 1753 3066 1806 in
3091 1753 3289 1808 iuscri~

1709 1847 1890 1916 ptione
1921 1845 2058 1901 tituli
2089 1854 2336 1909 notatur,
2372 1842 2583 1899 scilicet
2615 1842 2893 1898 Christum
2936 1857 3113 1912 regem
3144 1855 3286 1895 esse.

1704 1937 1856 2004 Quod
1888 1945 1942 1990 tu
1984 1948 2384 2004 corrumperes,
2442 1940 2701 2002 quantum
2733 1929 2800 1983 ad
2844 1939 2932 1995 te;
2961 1945 3069 1984 non
3112 1944 3290 1998 quan-

1704 2038 1817 2085 tum
1871 2030 1937 2083 ad
1978 2045 2101 2084 eum
2137 2028 2182 2082 si
2235 2042 2359 2084 eum
2418 2040 2599 2096 regem
2651 2039 2773 2083 esse
2823 2023 3142 2092 denegares,
3188 2020 3279 2076 vel

1705 2120 2014 2185 affectione,
2048 2119 2131 2174 vel
2176 2133 2331 2184 voce,
2379 2117 2463 2172 vel
2521 2115 2850 2187 negligentia
2890 2122 3288 2185 prrcceptorum

1704 2210 1840 2281 ejus,
1888 2211 2030 2266 sicut
2090 2209 2258 2265 Judmi
2311 2223 2663 2278 corrumpere
2707 2205 3012 2265 voluerunt,
3073 2201 3290 2273 quando

1703 2321 1822 2362 eam
1845 2311 2348 2361 commutavernnt:
2380 2301 2510 2357 Dico
2540 2316 2604 2354 ne
2643 2313 2973 2369 corrumpas,
3006 2296 3194 2359 David,
3233 2294 3290 2348 in
3342 2352 3355 2369 ο

1703 2398 1843 2455 tituli
1877 2395 2213 2464 inscriptione
2247 2391 2769 2464 lSﬁcommutata,
2802 2389 2940 2443 facta
2967 2387 3068 2455 ipsi
3098 2385 3288 2450 David,

1704 2504 1827 2546 eum
1875 2486 2073 2557 fugeret
2124 2502 2155 2537 a
2197 2483 2333 2553 facie
2391 2481 2523 2537 Saul
2588 2482 2643 2534 in
2691 2478 2958 2550 spelunca.
3006 2476 3157 2544 Quod
3207 2484 3295 2530 est

1706 2579 1930 2634 dicere:
1984 2572 2067 2628 Ne
2112 2588 2468 2642 corrrumpas,
2514 2585 2639 2625 cum
2704 2568 2807 2624 hoc
2844 2567 2935 2632 sit,
2971 2564 3114 2636 quod
3175 2563 3295 2634 ipse

1707 2670 1883 2725 latens
1904 2668 1958 2722 in
1981 2667 2267 2737 spelunca,
2291 2664 2343 2718 id
2383 2671 2466 2718 est
2503 2662 2556 2717 in
2588 2659 2957 2722 humanitate,
2988 2654 3291 2717 secundum

1708 2759 2047 2817 divinitatem
2080 2755 2236 2825 fugit,
2262 2753 2312 2807 id
2343 2762 2427 2808 est
2453 2751 2520 2806 ad
2548 2750 2765 2805 modum
2790 2747 3046 2819 fugientis
3069 2744 3293 2800 omnino

1710 2848 1964 2905 discessit
1992 2865 2006 2901 :
2038 2864 2069 2901 a
2095 2846 2231 2915 facie
2259 2842 2414 2908 Saul,
2452 2842 2505 2897 id
2534 2850 2618 2896 εει
2651 2855 2681 2895 a
2711 2839 3002 2910 praesentia
3026 2834 3295 2906 cognitio-

1712 2944 1796 2999 nis
1821 2941 2028 2997 Judaici
2054 2937 2255 3009 populi.
2288 2939 2368 2992 Ac
2397 2936 2442 2991 si
2473 2941 2737 3005 poneret:
2771 2930 3028 2987 Iudaicus
3056 2926 3291 3000 populus

1712 3037 1835 3092 ideo
1854 3032 2097 3101 corrupit
2119 3028 2529 3099 inscriptionem
2553 3024 2693 3079 tituli
2719 3021 3105 3078 commutando
3147 3033 3292 3081 eam,

1713 3128 1838 3199 quia
1866 3127 1980 3196 ipse
2005 3122 2254 3180 Christus
2275 3122 2449 3177 latens
2472 3120 2525 3175 in
2554 3116 2911 3179 humanitate,
2940 3113 3194 3168 discessit
3222 3110 3291 3163 ah

1710 3220 1826 3288 ejus
1846 3216 2176 3289 cognitione,
2208 3216 2261 3270 id
2286 3224 2494 3271 estnon
2526 3210 2780 3281 cognovit
2802 3224 2925 3264 eum
2960 3222 3076 3262 esse
3100 3206 3293 3261 Deum.

1713 3310 1823 3368 Sed
1856 3318 1936 3371 tu,
1960 3307 2150 3373 lector,
2174 3324 2238 3361 ne
2284 3321 2589 3374 corrumpas
2613 3303 2754 3367 ideo,
2780 3300 2923 3370 quod
2949 3299 3001 3354 in
3034 3296 3294 3367 spelunca

1711 3403 1905 3465 latens,
1927 3399 1979 3453 id
2000 3406 2085 3453 est
2105 3399 2158 3452 in
2179 3397 2539 3462 humanitate,
2567 3394 2701 3465 fugit
2718 3410 2762 3447 ta
2786 3392 2921 3462 facie
2939 3389 3096 3454 Saul,
3134 3388 3187 3444 id
3211 3394 3299 3440 est

1710 3510 1738 3551 a
1763 3492 2048 3565 praesentia
2067 3491 2398 3562 cognitionis
2417 3487 2625 3545 Judaici
2654 3485 2861 3558 populi,
2887 3484 2978 3555 qui
3001 3483 3138 3538 bene
3171 3480 3299 3537 dici-

1713 3600 1798 3646 tur
1821 3586 1975 3652 Saul,
1992 3586 2044 3641 id
2070 3596 2154 3642 est
2176 3594 2435 3656 appetens
2452 3590 2680 3638 mortem
2704 3596 2801 3653 per
2823 3580 2963 3635 mala
2986 3592 3151 3649 opera
3175 3592 3295 3639 sua,

1712 3683 1800 3738 vel
1824 3682 1944 3736 ideo
1970 3679 2168 3735 dicitur
2190 3675 2342 3742 Saul,
2367 3675 2494 3745 quia
2532 3682 2851 3745 persecutus
2883 3679 2968 3726 est
2997 3669 3296 3732 Christum,

1713 3775 1857 3831 sicut
1883 3771 2013 3828 Saul
2041 3778 2365 3842 persecutus
2412 3778 2498 3825 est
2531 3765 2727 3822 David.
2774 3764 3041 3836 Spelunca
3081 3762 3297 3833 quidem

1713 3863 2027 3920 humanitas
2064 3868 2213 3916 recte
2234 3859 2455 3924 dicitur,
2496 3872 2562 3913 eo
2583 3857 2727 3928 quod
2764 3855 2985 3912 humilis
3007 3854 3129 3920 fuit,
3154 3862 3209 3909 et
3245 3854 3298 3908 in

1712 3973 1775 4013 ea
1798 3956 2056 4011 divinitas
2080 3954 2259 4021 latuit,
2283 3954 2425 4009 sicut
2454 3951 2708 4023 spelunca
2742 3951 2964 4006 humilis
2993 3965 3081 4005 res
3109 3958 3213 4014 est,
3243 3956 3301 4003 et

1714 4051 1767 4105 in
1804 4064 1867 4103 ca
1905 4048 2074 4102 latere
2128 4045 2327 4115 aliquis
2386 4053 2585 4116 potest.
2626 4044 2932 4099 Notandum
2976 4041 3146 4111 quod,
3172 4055 3298 4094 eum

1715 4142 1959 4197 dicamus
1996 4140 2140 4194 hunc
2170 4139 2437 4209 psalmum
2486 4136 2764 4192 adhortari
2799 4135 3055 4190 lectorem
3085 4147 3153 4187 ne
3177 4146 3299 4186 cor-

1714 4240 1950 4301 rumpat,
2015 4247 2119 4285 non
2181 4239 2357 4285 tamen
2403 4237 2591 4299 aperte
2652 4230 2755 4282 hoc
2812 4228 3088 4282 admouet.
3116 4223 3222 4279 Sed
3251 4225 3297 4279 si

1713 4322 1851 4377 bene
1876 4318 1995 4388 ejus
2020 4320 2184 4374 verba
2218 4328 2496 4384 notentur,
2532 4318 2707 4372 innuit
2752 4332 2857 4371 non
2902 4332 3021 4371 esse
3048 4330 3300 4369 corrum-

1713 4411 1967 4482 pendum.
2012 4409 2378 4465 Introducitur
2406 4409 2549 4463 enim
2595 4409 2646 4461 in
2679 4408 2780 4461 hoc
2824 4406 3031 4477 psalmo
3057 4403 3300 4460 Domini-

69 4492 270 4549 ηιὶιιειοι·
296 4494 542 4551 omnium
570 4494 706 4549 bene
738 4494 1056 4549 viventium.
1210 4494 1331 4548 tllCO
1357 4492 1611 4564 placeant
1645 4512 1687 4565 D
1713 4519 1808 4558 cus
1850 4504 2033 4566 homo,
2086 4516 2251 4556 orans
2306 4511 2430 4555 an“:
2466 4501 2795 4571 passinnem,
2844 4507 2903 4553 ιιι
2951 4497 3003 4552 in
3048 4496 3300 4567 passimje

68 4596 218 4638 coram
272 4585 383 4640 Deo
437 4586 757 4650 existentes,
809 4585 861 4638 id
890 4594 974 4640 est
1013 4584 1066 4639 in
1101 4585 1385 4639 manifesta
1423 4585 1610 4655 cogni-

69 4671 186 4729 tione
225 4675 339 4741 Dei,
397 4684 459 4731 ιιι
513 4691 635 4731 ειιιιι
704 4675 941 4731 revelata
993 4674 1131 4731 facie
1177 4676 1489 4746 specialiter
1526 4677 1610 4729 vi-

67 4766 198 4826 deant
221 4787 248 4825 a
286 4771 645 4829 similitudine
679 4771 822 4828 illius
863 4770 959 4841 qui
982 4769 1268 4826 manifeste
1301 4771 1446 4827 videt
1481 4784 1608 4825 eum

69 4869 221 4913 coram
251 4876 357 4931 quo
387 4870 496 4918 est.

489 4952 559 5009 IN
611 4951 940 5010 PSALMUM
994 4952 1129 5009 LVI.

118 5040 312 5102 Titulus
338 5046 776 5117 quinquagesimi
798 5047 961 5102 sexti.
989 5046 1056 5102 In
1077 5047 1236 5116 ﬁnem
1258 5061 1320 5101 ne
1362 5061 1604 5100 corrum-

66 5148 138 5199 pas
170 5136 506 5211 [disperdas],
558 5138 657 5207 ipsi
708 5137 895 5192 David.
937 5137 1003 5193 In
1062 5139 1202 5195 tituli
1251 5138 1607 5208 inscriptione,

68 5240 159 5279 cuiu
188 5228 381 5298 fugeret
408 5246 441 5283 a
474 5229 612 5298 [acie
636 5228 771 5285 Saul
793 5230 847 5285 iu
870 5229 1195 5300 speluncam.
1233 5231 1289 5284 In
1316 5232 1419 5286 hoc
1447 5230 1608 5285 titulo

66 5313 179 5371 sicut
208 5319 257 5373 in
287 5320 553 5391 superiori
595 5321 842 5390 quaedam
872 5321 1036 5375 verba
1087 5320 1383 5376 secundum
1437 5320 1612 5375 histo-

66 5407 177 5462 riam
205 5412 451 5468 videntur
498 5412 766 5482 apposita,
798 5428 919 5483 qua:
975 5422 1097 5469 sunt
1131 5414 1283 5480 haec;
1317 5430 1434 5468 cum
1463 5413 1608 5483 fuge-

67 5508 125 5550 ret
146 5516 171 5551 α
200 5501 331 5569 facie
360 5504 512 5560 Saul.
564 5504 671 5559 Sed
727 5504 871 5576 quod
920 5504 1231 5575 adjungitur
1257 5520 1363 5560 non
1396 5504 1450 5560 in
1484 5518 1610 5573 spe-

68 5585 267 5658 luncam,
296 5595 389 5651 sed
418 5595 470 5650 in
509 5594 767 5665 spelunca
818 5609 922 5651 non
966 5595 1232 5666 procedit,
1258 5595 1305 5652 si
1338 5595 1405 5650 ad
1440 5594 1612 5649 histo-

66 5677 177 5732 riam
220 5684 506 5742 referatur.
537 5686 632 5742 Est
667 5686 867 5742 ctenim
908 5687 976 5742 ibi
1008 5687 1247 5756 positum
1301 5687 1356 5742 in
1398 5685 1608 5755 spelun-

66 5782 177 5839 ταηι,
199 5789 314 5831 cum
356 5778 694 5849 expositores
723 5780 953 5835 habeant
994 5781 1045 5833 in
1072 5778 1349 5849 spelunca.
1383 5779 1607 5849 Legitur

1717 4593 1858 4649 Deus
1894 4608 1952 4647 se
1980 4600 2322 4646 constantem
2355 4590 2518 4645 faciat
2538 4600 2592 4645 et
2621 4590 2936 4653 resuscitel,
2967 4598 3022 4644 et
3060 4589 3301 4644 ostendit

1712 4687 2022 4758 passionem
2046 4701 2220 4739 suam.
2259 4685 2382 4756 Agit
2412 4700 2541 4739 vero
2574 4693 2760 4754 postea
2804 4684 2870 4738 de
2898 4682 3300 4739 resurrectione

1712 4787 1766 4834 et
1815 4776 2162 4838 exaltatione,
2194 4785 2245 4830 el
2275 4775 2442 4831 totius
2506 4775 2688 4830 mundi
2750 4773 3151 4844 subjugatione,
3200 4788 3300 4844 per

1712 4870 1854 4937 quod
1882 4868 2288 4939 dalttritttelligi
2337 4884 2460 4924 eum
2513 4868 2801 4923 Dominum
2853 4881 2975 4922 esse
3003 4876 3059 4922 et
3090 4881 3294 4935 regem,

1712 4977 1836 5017 cum
1884 4967 2300 5015 resurrecturus
2356 4959 2428 5013 sit
2456 4966 2510 5013 ει
2535 4957 2875 5023 exaltandus,
2923 4966 2976 5011 ει
3021 4955 3102 5011 sic
3148 4955 3195 5009 ei
3227 4955 3300 5010 sit

1712 5061 1859 5109 totus
1888 5051 2121 5107 mundus
2156 5048 2525 5120 subjiciendus
2555 5049 2622 5103 ad
2658 5049 2972 5119 regendum,
2998 5055 3046 5099 et
3075 5060 3171 5116 per
3191 5044 3293 5099 hoc

1714 5144 1889 5200 innuit
1940 5142 2134 5198 lectori
2178 5141 2593 5213 inscriptionem
2641 5155 2747 5196 non
2784 5154 2907 5195 esse
2950 5143 3295 5190 commutan-

1712 5237 1835 5290 dam
1878 5249 1977 5288 uec
2032 5235 2511 5304 corrumpendum,
2572 5247 2697 5289 cum
2753 5230 2867 5301 ipse
2918 5226 3169 5283 Christus
3200 5240 3294 5280 rex

1712 5326 1778 5381 sit
1809 5324 2072 5378 omnium.

1786 5415 2036 5470 Miserere
2083 5416 2203 5482 mei,
2238 5414 2374 5469 Deus
2401 5415 2581 5479 Pater,
2611 5421 2669 5468 ut
2691 5418 3034 5467 constantem
3097 5407 3291 5472 facias,

1711 5509 1957 5565 miserere
2014 5504 2145 5573 mei,
2192 5515 2255 5562 ιιι
2311 5506 2600 5563 resuscites
2651 5513 2706 5559 et
2756 5502 2995 5563 exultes,
3039 5500 3124 5554 vel
3174 5500 3291 5555 sic:

1715 5599 1964 5655 Miserere
2005 5599 2104 5652 mei
2132 5607 2187 5652 ut
2217 5606 2557 5654 constantem
2605 5596 2773 5651 facias
2821 5603 2877 5648 ει
2916 5593 3207 5648 resuscites
3239 5602 3295 5661 et

1714 5691 1921 5747 exaltcs
1949 5707 1964 5752 ;
2018 5698 2075 5745 et
2120 5691 2364 5745 miserere
2412 5688 2533 5755 mei,
2563 5688 2615 5745 id
2654 5697 2737 5744 est
2765 5702 3009 5742 nieorum
3038 5694 3095 5740 ut
3120 5698 3295 5740 morte

1716 5800 1832 5840 mea
1866 5782 2163 5838 salveutur.
2201 5784 2264 5837 Et
2293 5783 2507 5853 dignum
2546 5790 2629 5839 est
2656 5789 2715 5836 ιιι
2764 5781 2864 5836 hoc
2906 5778 3112 5835 facias:
3148 5776 3297 5847 Quo—
