3846 6334
571 349 678 407 835

1146 345 1203 401 Β.
1238 342 1589 402 BRUNONIS
1640 340 2291 400 CARTIIUSIANORUM
2326 338 2818 400 lNSTlTUTORIS
2857 340 3012 399 OPP.
3044 338 3225 399 PARS
3255 342 3296 398 ιζ

3692 348 3774 405 896

569 467 713 521 niam
742 464 922 518 animo
953 478 1069 516 mea
1105 461 1319 529 conﬁdit
1346 462 1400 514 in
1428 469 1498 526 te,
1531 446 1689 517 idest
1723 461 1775 515 in
1810 440 1898 514 tua
1940 457 2153 513 miscri-
2183 459 2229 516 A
2253 457 2504 514 Ostendit
2533 466 2713 513 autem
2747 460 3031 527 quomodo
3067 462 3131 513 de
3157 460 3324 513 medio
3365 460 3633 516 catulorum
3667 466 3773 521 libeo

569 556 777 624 cordia,
811 565 865 611 et
886 554 1151 625 potentia,
1179 563 1234 606 et
1254 552 1489 619 iustitia.
1515 552 1645 608 Dico
1668 553 1811 622 quod
1838 553 1890 606 in
1917 562 1965 606 te
1990 552 2157 619 con/i-

570 651 648 703 dit
686 649 866 702 anima
894 663 1032 709 mea,
1059 654 1107 697 et
1148 646 1326 699 adhuc
1359 644 1578 714 sperabo
1618 645 1672 697 in
1726 644 1910 697 umbra
1944 640 2153 695 alarum

570 752 804 803 tuarum,
834 738 886 792 id
909 747 991 792 est
1022 738 1073 791 in
1107 736 1388 807 refrigerio
1423 735 1774 805 protectionis
1813 743 1937 797 tum,
1990 733 2152 786 donec

570 840 804 885 transeat
865 829 1137 899 iniquitas,
1182 829 1233 881 id
1290 836 1373 882 est
1416 828 1587 882 donec
1643 818 2050 881 censummetur
2099 824 2150 877 in

571 939 659 978 me
714 936 879 986 mors,
921 936 1081 990 quam
1116 919 1286 975 .lndtei
1332 919 1515 989 inique
1555 919 1945 989 operabuntur.
1999 916 2152 982 Quod

568 1021 653 1066 est
681 1012 860 1066 dicere
888 1028 907 1065 :
939 1012 1183 1079 Speraho
1230 1011 1282 1064 in
1327 1012 1663 1080 protectione
1710 1019 1798 1064 tua
1852 1009 2156 1064 indesinen-

569 1112 674 1167 ter,
707 1104 875 1157 donec
897 1119 927 1156 a
954 1112 1126 1157 morte
1174 1102 1393 1167 liberer,
1445 1119 1564 1173 qua:
1613 1102 1879 1171 protectio
1908 1109 1992 1154 est
2020 1098 2150 1153 mihi

569 1193 910 1264 refrigerium
951 1210 982 1249 a
1013 1194 1375 1249 tribulationis
1396 1205 1552 1258 aestu,
1581 1195 1721 1249 sicut
1750 1193 1939 1248 umbra
1990 1190 2151 1246 refri-

567 1286 776 1353 geriem
800 1294 883 1340 est
924 1301 955 1339 a
1001 1285 1183 1341 calore
1218 1286 1349 1341 solis
1399 1286 1774 1342 aestuantibus.
1824 1285 1953 1339 Alas
2000 1284 2153 1354 ponit

567 1388 667 1441 pro
714 1375 1073 1444 protectionc,
1126 1390 1191 1431 eo
1239 1378 1383 1446 quod
1418 1378 1518 1433 alis
1557 1377 1791 1449 protegit
1831 1377 1947 1431 avis
1979 1376 2152 1445 pullos

567 1478 694 1518 suos
722 1480 752 1519 a
778 1465 955 1536 pluvia
984 1475 1039 1521 et
1058 1478 1216 1532 aestu,
1239 1477 1294 1522 et
1324 1469 1597 1537 rapacium
1624 1454 1900 1523 volucrum
1926 1467 2146 1536 impetu.

565 1552 873 1609 Notandum
901 1571 1031 1611 sane
1058 1558 1259 1611 certius
1282 1573 1400 1612 esse
1423 1559 1692 1613 conlidere
1710 1572 1870 1627 quam
1892 1572 2109 1625 sperare
2132 1574 2146 1621 ;

562 1647 660 1699 sed
712 1645 802 1700 hic
868 1654 1048 1701 tamen
1104 1662 1203 1716 pro
1258 1649 1446 1702 eodem
1504 1648 1784 1716 accipitur,
1846 1646 1949 1699 nisi
2008 1647 2151 1713 quod

565 1753 733 1791 untim
765 1753 1006 1807 praesens
1032 1749 1134 1804 est,
1166 1740 1375 1795 scilicet
1420 1742 1658 1809 conﬁdit,
1690 1740 1917 1794 alterum
1968 1748 2147 1792 autem

565 1828 834 1893 futurum,
866 1831 1073 1885 scilicet
1098 1831 1337 1901 sperabo.
1372 1832 1489 1886 Dixi
1528 1832 1669 1902 quod
1691 1831 1928 1901 sperabo,
1965 1839 2019 1882 et
2042 1844 2147 1884 non

565 1922 742 1975 solum
770 1923 894 1988 hoc,
922 1924 1015 1977 sed
1037 1924 1201 1978 etiam
1228 1924 1494 1991 clamabo,
1524 1934 1577 1979 et
1597 1924 1898 1985 devotione,
1920 1930 1974 1976 et
1994 1936 2149 1987 voce,

565 2020 620 2065 ct
647 2027 834 2079 opere,
867 2014 936 2065 ad
991 2013 1157 2067 Deum
1203 2014 1539 2069 altissimum.
1577 2015 1658 2069 Ac
1694 2013 1739 2069 si
1771 2013 1914 2066 dicat
1952 2028 1965 2064 :
2014 2009 2149 2065 Cum

567 2103 869 2157 altissimus
922 2104 1014 2171 sit,
1061 2113 1116 2159 et
1153 2104 1383 2160 altitudo
1436 2105 1717 2176 dignitatis
1749 2104 1865 2173 ejus
1889 2109 2149 2171 expostu-

565 2194 641 2249 lct
710 2203 767 2248 ut
823 2196 1034 2251 intense
1107 2196 1381 2263 clamem,
1459 2197 1697 2251 clamabo
1756 2211 1858 2264 ego
1916 2195 2149 2259 intcnse,

564 2286 754 2354 Deum,
786 2286 1027 2357 inquam,
1059 2289 1147 2357 qui
1176 2287 1422 2358 benefecit
1451 2288 1599 2343 milii.
1622 2286 1906 2356 Benefecit,
1933 2296 1988 2341 et
2016 2302 2154 2356 prte-

566 2377 729 2430 terite
784 2364 1193 2448 intelligendum
1247 2386 1351 2442 est,
1381 2387 1437 2433 et
1464 2379 1664 2444 future,
1696 2378 1850 2447 quasi
1900 2378 2151 2433 diceret:

564 2466 692 2522 Ideo
720 2468 984 2533 clamabo,
1030 2470 1154 2538 quia
1182 2469 1296 2535 jam
1336 2469 1468 2523 mihi
1527 2468 1786 2524 beneficia
1819 2468 2066 2531 contulit,
2098 2476 2153 2524 et

565 2560 743 2615 adhuc
768 2560 871 2615 alia
899 2560 1160 2616 conferet.
1192 2562 1426 2630 Exponit
1454 2571 1632 2616 autem
1659 2562 1801 2631 quod
1832 2561 2156 2617 beneﬁcium

565 2652 819 2718 contulit,
876 2667 997 2707 cum
1062 2652 1228 2717 addit,
1282 2654 1420 2706 misit
1473 2654 1537 2707 de
1581 2654 1729 2707 caelo.
1761 2654 1839 2707 Ac
1884 2654 1926 2709 si
1961 2655 2150 2708 dicat:

563 2742 680 2799 Hoc
754 2743 1078 2799 beneﬁcium
1137 2744 1269 2797 mihi
1336 2745 1588 2799 humana:
1641 2752 1848 2800 natum
1904 2746 2151 2809 contulit,

564 2836 708 2905 quod
733 2836 797 2890 de
831 2835 970 2892 coelo
993 2836 1144 2890 misit
1172 2835 1433 2901 Verbum,
1461 2836 1602 2906 quod
1635 2836 1765 2891 mihi
1795 2837 2155 2905 personaliter

563 2927 834 2992 uniretur,
868 2936 923 2982 et
967 2928 1259 2982 immunem
1316 2943 1403 2981 me
1447 2928 1651 2983 faceret
1683 2940 1985 2998 apeccato.
2043 2929 2154 2984 No-

565 3018 787 3072 tandum
821 3026 1021 3082 autem,
1051 3020 1192 3088 quod
1230 3019 1462 3074 Verbum
1514 3036 1618 3074 non
1651 3030 1734 3075 est
1768 3022 1834 3075 de
1859 3021 1997 3075 caelo
2021 3023 2153 3077 mis-

564 3120 685 3160 sum
720 3106 982 3162 localiter.
1015 3109 1169 3163 Absit
1198 3111 1365 3175 enim,
1412 3111 1577 3164 Deum
1627 3111 1851 3166 localem
1878 3128 1999 3167 esse
2026 3129 2156 3168 con-

564 3196 706 3252 titeri
734 3198 747 3252 !
779 3196 885 3252 Sed
928 3199 1068 3269 quod
1117 3199 1338 3265 dicitur,
1366 3200 1430 3253 de
1458 3200 1583 3254 caelo
1632 3202 1773 3254 misit
1824 3202 1965 3256 Dens
1994 3201 2153 3256 Pater

567 3288 825 3354 Verbum,
857 3290 936 3344 sic
964 3291 1271 3360 exponitur.
1326 3290 1562 3345 Verbum
1609 3291 1766 3360 cujus
1815 3292 2154 3347 solummodo

569 3380 818 3437 notitiam
843 3382 1289 3439 habebantcives
1333 3383 1531 3445 ccelici,
1565 3383 1631 3437 de
1660 3383 1820 3447 coelo,
1878 3383 1928 3438 id
1977 3393 2058 3438 est
2087 3384 2155 3437 de

566 3471 878 3542 cognitione
923 3472 1123 3528 civium
1163 3472 1490 3536 caelestium,
1539 3473 1708 3538 misit,
1757 3474 2064 3544 specialiter
2086 3477 2154 3531 ad

565 3562 931 3633 cognitionem
982 3564 1283 3630 hominum,
1308 3580 1432 3619 cum
1488 3564 1618 3619 fecit
1670 3565 1845 3636 ipsum
1904 3566 2155 3622 humanae

566 3664 778 3710 natura:
809 3655 1168 3725 personaliter
1192 3656 1356 3711 uniri.
1381 3656 1536 3724 Quod
1568 3667 1652 3713 est
1696 3658 1878 3713 dicere
1909 3676 1923 3712 :
1954 3658 2155 3728 Cogni-

568 3746 772 3802 tionem
794 3749 912 3819 ejus
937 3763 1098 3818 quam
1158 3748 1430 3804 habebant
1456 3750 1605 3805 cives
1654 3750 1853 3816 coelici,
1908 3751 1976 3805 ah
2026 3751 2154 3821 ipsis

567 3853 743 3908 usque
772 3840 838 3893 ad
873 3839 1122 3895 homines
1159 3840 1409 3894 dilatavit
1438 3856 1536 3910 per
1567 3842 1862 3895 humanam
1899 3852 2153 3897 naturam

566 3929 656 3986 cui
710 3931 919 3984 unitum
958 3939 1061 3986 est.
1112 3931 1347 4000 Exponit
1390 3932 1556 3985 etiam
1603 3931 1863 3987 beneﬁcia
1901 3948 2020 4001 qua:
2058 3934 2156 3986 hu-

568 4035 745 4074 mana:
777 4012 1279 4102 naturze'conferct,
1311 4036 1434 4075 cum
1465 4020 1655 4075 addit:
1690 4020 1820 4075 Dico
1843 4020 1984 4091 quod
2014 4021 2155 4074 misit

565 4112 634 4166 de
660 4112 786 4166 coelo
822 4111 1082 4177 Verbum,
1111 4112 1205 4167 sed
1241 4120 1289 4166 et
1323 4127 1421 4182 per
1460 4110 1634 4181 ipsum
1681 4110 1919 4165 Verbum
1958 4110 2153 4163 libera-

565 4204 658 4269 vit,
694 4203 747 4257 id
778 4211 864 4258 cst
904 4201 1157 4257 liberabit
1206 4218 1309 4268 me,
1369 4201 1659 4256 humanam
1695 4198 1853 4270 195
1899 4207 2152 4252 naturam

565 4293 915 4349 innocentem
956 4301 1012 4348 et
1055 4301 1301 4348 sanctam
1332 4306 1362 4346 a
1412 4298 1681 4361 potestate
1743 4288 2074 4351 Judmorum,
2101 4296 2156 4341 et

564 4388 731 4454 dedit,
758 4388 812 4443 id
845 4395 931 4443 est
977 4387 1129 4442 dabit
1167 4386 1224 4439 in
1265 4383 1623 4456 opprobrium,
1670 4381 2032 4453 dispergendo
2060 4394 2155 4435 eos

566 4481 772 4550 ubique
829 4480 1196 4535 conculcantes
1245 4494 1346 4543 me,
1380 4476 1433 4533 id
1462 4484 1546 4531 est
1591 4475 1806 4531 Judaeos
1856 4473 2155 4543 allligentes

566 4587 658 4629 me
686 4582 863 4629 morte
883 4582 939 4629 et
964 4558 1380 4643 vilipendentes,
1424 4586 1456 4625 a
1504 4568 1859 4626 similitudine
1896 4567 1973 4622 rei
2000 4565 2155 4621 vilis-

568 4664 745 4724 sima.
771 4681 893 4735 quae
918 4665 1283 4720 conculcatur.
1512 4676 1517 4677 '

639 4778 777 4845 Quia
804 4792 935 4833 vero
965 4779 1196 4846 dixerat,
1247 4778 1390 4833 misit
1439 4778 1504 4833 de
1555 4776 1701 4843 cwlo,
1734 4783 1790 4832 et
1829 4790 1938 4831 non
1989 4789 2158 4845 expo-

571 4877 757 4925 suerat
786 4870 914 4939 quid
942 4872 1105 4935 misit,
1137 4879 1189 4925 et
1243 4872 1409 4927 etiam
1435 4870 1647 4927 dixerat
1694 4869 1945 4925 liberabit
1964 4884 2083 4935 me;
2104 4875 2161 4924 et

567 4976 679 5017 non
712 4960 1023 5016 ostenderat
1043 4977 1071 5014 a
1095 4961 1291 5031 quibus
1320 4962 1590 5032 liberabit,
1616 4962 1840 5033 esponit
1867 4972 2159 5031 utrumque

564 5066 696 5106 .cnm
728 5049 1069 5119 repetitione,
1103 5049 1200 5103 sic.
1228 5049 1396 5115 Misit,
1431 5050 1672 5121 inquam,
1704 5049 1838 5104 Deus
1859 5050 2161 5103 misericor-

565 5143 717 5197 diam
744 5158 897 5197 suam
926 5149 974 5195 et
997 5140 1264 5194 ueritatem
1291 5157 1462 5209 suam,
1493 5150 1555 5197 ut
1574 5141 1704 5197 mihi
1738 5140 1987 5195 uniretur
2016 5139 2158 5193 idem

570 5237 831 5303 Verbum,
856 5246 902 5291 et
930 5250 1029 5306 per
1048 5234 1223 5303 ipsum
1254 5235 1487 5290 Verbum
1511 5237 1739 5290 animam
1761 5252 1926 5289 meam
1946 5231 2156 5303 eripuit,

572 5331 625 5386 id
650 5340 736 5387 cst
762 5329 958 5401 eripiet
996 5334 1060 5384 de
1088 5326 1259 5381 medio
1290 5326 1584 5380 catulorum
1623 5327 1851 5392 leonum,
1894 5326 2064 5380 id-est
2094 5324 2161 5379 de

569 5423 843 5479 communi
880 5421 1153 5478 desiderio
1176 5418 1347 5489 plebis
1376 5415 1642 5482 Judaicce,
1678 5416 2033 5471 desiderantis
2075 5430 2160 5469 me

572 5515 629 5569 in
661 5523 833 5570 morte
858 5514 1136 5569 detinere:
1161 5512 1291 5580 Quae
1314 5510 1466 5582 plebs
1514 5524 1610 5579 per
1640 5507 2043 5562 similitudinem
2076 5505 2161 5560 di-

572 5604 717 5661 citur
739 5604 902 5661 catuli
949 5606 1187 5669 leonum,
1220 5604 1273 5659 id
1306 5612 1392 5659 est
1446 5601 1752 5673 principum
1785 5608 1843 5653 ut
1869 5599 2055 5655 leones
2084 5598 2163 5653 le-

577 5701 805 5763 rocium,
843 5713 910 5753 eo
936 5698 1078 5767 quod
1107 5698 1219 5767 ipsa
1252 5697 1405 5767 plebs
1438 5712 1466 5750 a
1487 5694 1822 5766 principibus
1850 5694 1903 5749 in
1957 5692 2160 5748 malitia

578 5793 887 5857 geneanda
935 5793 1039 5858 sit,
1095 5791 1235 5847 sicut
1278 5788 1579 5846 aleonibus
1601 5786 1763 5845 catuli
1813 5794 2161 5856 generantur.

2255 546 2516 615 rabit,sic
2541 566 2555 601 :
2588 548 2713 603 Dico
2738 549 2882 617 quod
2937 566 3018 604 me
3074 549 3325 604 liberabit
3351 551 3412 605 de
3436 553 3592 605 medio
3611 556 3776 610 catulo-

2254 655 2392 706 rum,
2428 648 2482 695 et
2514 656 2736 696 necesse
2765 641 2890 696 erit.
2948 640 3087 695 Nam
3128 657 3228 711 ego
3280 643 3599 699 conturbatus
3624 649 3778 703 timore

2255 738 2573 798 spontaneo,
2626 731 2872 795 dormivi,
2922 732 2973 785 id
3006 741 3089 786 est
3136 731 3398 786 dormiam
3437 734 3487 787 in
3522 744 3674 789 morte
3703 752 3779 805 per

2254 818 2401 887 ipsos
2422 819 2661 874 catulos.
2684 819 2817 876 Cum
2862 821 3014 890 ponit
3057 821 3352 888 dormiam,
3396 822 3564 877 innuit
3600 824 3776 881 brevem

2254 907 2491 963 futuram
2546 924 2669 965 esse
2734 920 2962 967 mortem
2999 952 3015 976 ,
3074 914 3143 967 ad
3200 914 3417 968 modum
3472 914 3776 972 dormitionis.

2254 1000 2489 1055 Verbum
2519 1001 2736 1070 quidem
2766 1018 2862 1071 per
2898 1003 3202 1073 emphasim
3227 1004 3584 1060 misericordia
3603 1015 3649 1060 et
3671 1010 3778 1062 veri-

2254 1097 2347 1146 tas
2367 1091 2584 1159 dicitur,
2621 1108 2688 1147 eo
2713 1094 2855 1163 quod
2885 1109 2982 1163 per
3032 1095 3208 1165 ipsum
3238 1095 3378 1150 Deus
3416 1096 3632 1151 humano
3654 1113 3779 1165 gene-

2254 1180 2299 1235 ri
2324 1181 2576 1237 misertus
2598 1191 2700 1248 est,
2752 1191 2807 1237 et
2858 1184 2911 1238 in
2956 1198 3023 1239 eo
3066 1184 3391 1254 completum
3442 1194 3522 1240 est
3567 1187 3777 1256 quidquid

2255 1271 2397 1328 Deus
2425 1288 2522 1341 per
2544 1275 2835 1343 prophetas
2880 1276 3225 1344 promiserat.
3263 1276 3493 1346 Exponit
3520 1287 3676 1331 autem
3710 1280 3779 1345 qui

2253 1362 2363 1417 sint
2392 1363 2465 1417 illi
2501 1364 2687 1432 catuli,
2718 1366 2810 1434 qui
2838 1366 3015 1435 ipsum
3055 1367 3109 1421 in
3135 1367 3568 1422 mortedormire
3601 1367 3776 1433 facient,

2253 1460 2308 1509 et
2330 1454 2525 1523 quibus
2561 1455 2727 1510 armis
2763 1456 3112 1525 interﬁcient,
3140 1472 3209 1511 ne
3236 1457 3361 1526 quis
3377 1457 3530 1513 vellet
3553 1472 3779 1512 eosexcu-

2252 1555 2395 1609 sare,
2420 1545 2674 1612 quoniam
2706 1544 2881 1614 ipsum
2911 1546 3124 1616 sagittis
3155 1554 3209 1601 et
3240 1538 3421 1617 gladio
3456 1562 3555 1601 non
3585 1562 3778 1617 pereme-

2253 1642 2400 1688 runt.
2446 1635 2512 1688 Et
2542 1636 2655 1691 hoc
2698 1636 2777 1691 sic
2831 1637 2962 1692 dicit
2989 1653 3004 1693 :
3030 1636 3476 1704 Filii-hominum,
3506 1646 3604 1693 etc.
3640 1637 3778 1707 Usque

2253 1725 2318 1777 ad
2350 1742 2589 1795 exsurge,
2620 1735 2675 1782 et
2701 1743 2806 1782 non
2838 1738 2965 1783 sunt
3014 1729 3238 1800 legenda
3270 1730 3434 1784 verba
3484 1729 3591 1783 haec
3633 1728 3694 1783 ita
3716 1744 3779 1783 se-

2253 1818 2432 1871 riatim
2462 1827 2520 1872 ut
2548 1830 2840 1888 ponuntur,
2874 1821 2968 1875 sed
3018 1822 3383 1876 construenda
3429 1821 3648 1876 εἰς.οἰιί
3670 1821 3777 1889 quod

2253 1911 2518 1967 dormiam
2542 1914 2901 1978 conturbatus,
2924 1922 2980 1968 et
3000 1929 3188 1968 verum
3230 1922 3334 1967 est.
3376 1912 3507 1967 Nam
3537 1913 3626 1982 filii
3644 1912 3778 1965 Itami-

2254 2019 2398 2067 num,
2428 2002 2481 2057 id
2515 2010 2600 2057 est
2626 2001 2795 2058 Judaei
2846 2003 2939 2073 qui
2987 2002 3388 2057 rationabiliter
3426 2017 3483 2057 se
3518 2001 3779 2058 haberede

2252 2096 2445 2151 herent
2475 2103 2535 2149 ut
2560 2095 2831 2164 homines,
2882 2110 3006 2151 cum
3058 2095 3167 2150 sint
3210 2094 3314 2163 ﬁlii
3366 2095 3639 2158 liminum,
3661 2092 3782 2147 idest

2252 2185 2655 2255 prophetarum,
2715 2185 2806 2255 qui
2865 2185 3264 2240 rationabiliter
3312 2200 3374 2240 se
3432 2184 3699 2239 habuerunt
3736 2192 3781 2236 ut

2255 2276 2525 2344 hornines,
2568 2276 2815 2347 laqueum
2871 2286 3190 2346 parauerunt
3245 2276 3463 2347 pedibus
3501 2276 3630 2337 meis,
3662 2274 3703 2329 id
3719 2282 3781 2328 est

2254 2375 2484 2422 mortem
2522 2369 2794 2438 parabunt
2818 2366 3195 2423 alrectionibus
3244 2367 3406 2432 meis,
3434 2383 3526 2438 per
3555 2381 3691 2436 quam
3710 2380 3785 2419 eas

2255 2457 2538 2514 aball‘ectu
2586 2459 2903 2515 detineant:
2938 2475 2967 2514 a
2996 2459 3356 2516 similitudine
3410 2459 3643 2522 volueris,
3690 2471 3783 2525 qua:

2253 2552 2478 2622 pedibus
2507 2552 2817 2623 illaqueata,
2851 2567 2918 2608 ne
2952 2554 3127 2622 possit
3155 2554 3414 2618 evadere,
3439 2553 3679 2608 detinetur
3702 2568 3713 2603 :
3736 2558 3781 2603 ut

2255 2654 2378 2695 cum
2404 2641 2612 2697 scilicet
2641 2642 2982 2698 allectionem
3004 2643 3232 2698 habeam
3259 2645 3588 2715 resurgendi,
3608 2651 3654 2697 et
3670 2639 3779 2696 exal-

2258 2736 2427 2803 tandi,
2460 2747 2514 2793 et
2545 2738 2801 2793 mundum
2834 2738 2963 2793 mihi
3022 2739 3371 2811 subjugandi,
3425 2740 3560 2809 ipsas
3590 2736 3781 2792 eiectio-

2256 2851 2354 2891 ncs
2400 2837 2470 2891 ab
2522 2835 2717 2892 eﬂ'ectu
2770 2836 3047 2891 detineant
3112 2845 3168 2891 et
3226 2836 3281 2890 itt
3342 2835 3548 2891 irritum
3604 2834 3774 2888 ducant.

2256 2930 2389 2985 Dico
2417 2930 2559 2998 quod
2586 2929 2852 2999 parabunt
2899 2929 3177 2999 laqueum,
3216 2928 3270 2984 id
3309 2939 3393 2984 est
3420 2937 3648 2992 mortem,
3670 2934 3713 2979 et
3738 2924 3785 2977 in.

2258 3022 2372 3091 ipsa
2410 3030 2584 3077 morte
2637 3022 3079 3087 incurvaverunt,
3128 3020 3180 3076 id
3234 3028 3322 3077 est
3370 3019 3637 3077 humilium
3659 3026 3777 3086 puta-

2257 3114 2391 3167 bunt
2422 3115 2653 3169 animant
2677 3130 2866 3177 meam,
2891 3113 2973 3167 sic
3028 3121 3087 3166 ut
3134 3128 3239 3167 non
3298 3120 3555 3181 resurgat.
3615 3106 3781 3175 Repetit

2257 3214 2436 3260 autem
2486 3206 2590 3260 alia
2641 3205 2994 3260 similitudine
3043 3206 3147 3260 hoc
3175 3203 3322 3275 quod
3368 3205 3522 3273 dixit,
3569 3200 3780 3273 parabunt

2256 3297 2529 3367 laqueum,
2549 3297 2599 3351 id
2628 3307 2710 3351 est
2733 3305 2981 3364 mortem,
3028 3306 3088 3352 ut
3130 3298 3324 3351 innuat
3354 3313 3457 3352 non
3486 3294 3647 3366 parari
3669 3291 3780 3345 illam

2255 3399 2484 3444 mortem
2517 3390 2620 3444 sibi
2656 3390 2947 3460 ignoranti,
2974 3389 3067 3444 sed
3090 3388 3305 3445 scienti.
3334 3389 3402 3443 Et
3430 3403 3523 3458 per
3550 3387 3639 3442 hoc
3662 3386 3782 3437 datur

2256 3482 2483 3553 intelligi
2535 3498 2659 3538 eum
2707 3482 2875 3538 Deum
2921 3495 3062 3552 esse,
3108 3498 3232 3537 cum
3304 3482 3488 3537 futura
3525 3476 3783 3552 praevideal.

2255 3572 2375 3627 Dixi
2405 3572 2547 3643 quod
2576 3572 2845 3642 parabunt
2873 3570 3146 3642 laqueum,
3193 3580 3248 3625 et
3285 3571 3397 3626 hoc
3421 3586 3522 3627 non
3560 3563 3785 3625 inscienli,

2255 3664 2348 3717 sed
2399 3662 2645 3731 foderunt
2683 3661 2889 3731 foveam
2942 3664 3062 3715 ante
3090 3662 3280 3731 facient
3329 3676 3519 3715 nteant.
3555 3654 3685 3725 Quod
3722 3661 3785 3706 est

2256 3752 2437 3807 dicere
2465 3771 2477 3806 :
2512 3752 2617 3806 Sed
2651 3752 2917 3821 parabunt
2941 3751 3428 3822 profundissimam
3453 3757 3659 3804 mortem
3683 3742 3787 3798 mihi

2257 3842 2321 3896 de
2341 3855 2447 3911 qua
2475 3857 2580 3896 non
2603 3841 2851 3908 evadam,
2900 3855 2932 3894 a
2990 3841 3352 3895 similitudine
3389 3840 3526 3895 illius
3578 3835 3655 3906 qui
3683 3830 3784 3887 fodit

2258 3934 2491 4000 foveam,
2542 3935 2592 3989 id
2636 3942 2721 3988 est
2760 3932 3240 4003 profundissimam
3291 3933 3506 3989 foveam
3555 3930 3693 3991 facit,
3742 3924 3783 3976 in

2257 4044 2417 4098 (luam
2447 4028 2676 4098 aliquem
2707 4027 2984 4093 detrudat,
3018 4027 3109 4095 qui
3140 4027 3266 4082 inde
3306 4028 3462 4082 exire
3500 4029 3718 4093 nequeat.
3736 4016 3784 4068 Et

2257 4120 2401 4174 illam
2425 4118 2634 4175 faveam
2667 4118 2871 4174 fodient
2899 4129 3020 4173 ante
3042 4119 3233 4188 faciem
3256 4135 3451 4185 meam,
3495 4116 3543 4171 id
3570 4122 3659 4175 est,
3680 4110 3784 4163 sizut

2256 4229 2578 4285 cognoscam
2605 4222 2659 4268 et
2688 4212 3036 4284 praevideam,
3068 4212 3132 4265 ad
3168 4212 3386 4267 modum
3430 4211 3564 4265 illius
3583 4205 3658 4276 qui
3689 4198 3783 4255 ill-Ill

2257 4305 2423 4372 videt,
2453 4304 2597 4374 quod
2630 4314 2756 4358 ante
2784 4303 2977 4358 faciem
3007 4318 3161 4358 suam
3196 4311 3299 4358 est.
3324 4302 3395 4357 Et
3424 4303 3523 4356 hoc
3542 4307 3688 4353 totum
3705 4300 3782 4351 est.

2257 4411 2322 4450 ac
2348 4397 2391 4450 si
2420 4397 2625 4450 diceret
2651 4416 2665 4451 :
2694 4396 2845 4450 Hanc
2876 4405 3105 4451 mortem
3130 4410 3235 4450 non
3272 4395 3353 4450 sic
3398 4394 3526 4449 mihi
3550 4389 3782 4461 parabunt.

2191 4504 2235 4558 ι)
2262 4497 2320 4543 ιιι
2353 4488 2618 4559 ignorem,
2658 4487 2774 4553 sed,
2804 4488 2943 4543 sicut
2968 4487 3040 4542 sit
3088 4497 3209 4541 ante
3229 4486 3443 4556 faciem,
3476 4485 3524 4539 id
3546 4492 3620 4538 est
3643 4476 3784 4547 cogni-

2261 4579 2459 4633 tionem
2496 4592 2694 4634 meam.
2726 4578 2793 4631 Et
2820 4577 3140 4643 inciderunt,
3168 4577 3223 4630 id
3251 4584 3337 4631 est
3368 4574 3596 4631 incident
3632 4570 3677 4622 in
3698 4578 3785 4619 eam

2260 4672 2490 4727 foveam.
2525 4671 2677 4740 Quod
2708 4680 2794 4727 est
2824 4671 3047 4727 dicere:
3076 4670 3209 4727 Cum
3234 4670 3366 4725 mihi
3393 4672 3579 4740 parent
3605 4668 3784 4717 mortem

2259 4775 2541 4828 aeternam,
2577 4780 2663 4820 me
2692 4765 2939 4829 liberato,
2966 4764 3091 4819 inde
3113 4762 3308 4819 cadent
3336 4762 3436 4832 ipsi
3482 4760 3532 4813 in
3585 4769 3703 4815 eam,
3728 4748 3785 4802 sic

2259 4866 2319 4911 ut
2344 4872 2618 4926 nunquam
2677 4856 2799 4910 inde
2836 4861 3166 4924 emergant:
3210 4867 3238 4905 a
3286 4847 3626 4905 similitudine
3674 4840 3786 4935 illius

2260 4950 2499 5021 quicum
2534 4949 2743 5004 foveam
2771 4946 2988 5010 foderit,
3042 4953 3101 4999 ut
3157 4942 3452 5012 quemlibet
3473 4941 3525 4993 in
3556 4929 3786 5024 eam

2261 5018 2388 5106 ciat,
2420 5040 2609 5110 ipsein
2633 5055 2752 5094 eam
2780 5038 2948 5103 cadit,
2970 5052 3069 5090 nec
3098 5044 3281 5106 postea
3304 5031 3557 5100 exsurgit.
3588 5018 3785 5081 Ostendit

2260 5149 2391 5189 vero
2448 5133 2717 5203 quomodo
2772 5130 2946 5201 ipsam
3001 5135 3228 5181 mortem
3252 5124 3353 5179 sibi
3392 5120 3784 5203 parabunt,cunt

2263 5202 2600 5296 interponit:
2634 5224 2813 5277 dentes
2859 5237 3064 5284 eorum,
3108 5228 3215 5273 etc.
3259 5230 3428 5285 usque
3479 5210 3542 5266 ad
3580 5202 3783 5302 exaltari-

2262 5293 2418 5389 Quod
2442 5320 2522 5373 sic
2566 5317 2929 5372 continuatur.
2981 5313 3196 5366 Diceret
3238 5308 3430 5377 aliquis
3465 5302 3660 5369 :Quare
3683 5293 3786 5347 dicis

2260 5413 2402 5486 quod
2426 5412 2519 5467 lilii
2554 5410 2832 5464 hominum
2858 5405 3126 5475 parabunt
3153 5402 3247 5456 tibi
3300 5408 3524 5455 mortem
3540 5434 3558 5486 ,ν
3584 5402 3697 5486 cum.
3715 5394 3785 5486 ac:

2263 5475 2368 5577 que
2397 5504 2645 5575 sagittas,
2669 5514 2843 5568 neque
2870 5496 3128 5567 gladium,
3164 5507 3337 5561 neque
3368 5485 3562 5556 aliquid
3608 5475 3724 5577 unde

2264 5568 2803 5655 ibterliciantcontra
2837 5600 2889 5645 te
2935 5589 3046 5644 sint
3100 5584 3391 5657 accepturi.
3448 5577 3526 5634 Ad
3576 5568 3696 5643 quod
3727 5568 3786 5616 sae

2265 5690 2433 5747 dicit:
2465 5687 2607 5742 Vere
2633 5684 2764 5741 mihi
2792 5681 3061 5755 parabunt
3086 5679 3366 5749 laqueum,
3406 5673 3457 5727 id
3479 5677 3557 5725 est
3578 5667 3781 5718 mortem.

2267 5781 2403 5838 Nam
2429 5780 2605 5835 dentes
2645 5793 2846 5845 eorum,
2875 5775 2928 5831 id
2950 5780 3053 5839 est,
3088 5772 3166 5827 ira
3190 5779 3245 5827 et
3287 5769 3460 5827 odium
3484 5768 3671 5819 eorum,
3691 5756 3781 5821 ςυπ
