3846 6334
108 348 171 407 897
953 336 1314 396 EXPOSITIO
1352 338 1417 394 IN
1458 336 1794 393 PSALMOS.
1825 367 1895 377 —
1923 336 2116 390 PSAL.
2161 336 2290 393 LVI.

3171 340 3275 397 898

108 465 291 519 dicuntur
314 453 504 516 dentes,
531 464 593 507 eo
612 449 756 519 quod
794 449 993 519 sacpius
1029 465 1154 505 cum
1202 448 1419 505 fremitu
1466 448 1591 504 den-
1617 454 1666 513 Λ
1695 454 1870 502 morte
1896 446 2004 499 illa.
2033 445 2358 502 PsallCl‘llllll
2387 452 2585 503 dicitur
2607 450 2807 506 Christi
2833 452 3175 520 humanitas,
3207 470 3273 511 eo

109 556 197 608 tium
226 545 563 609 ostendantur,
602 541 763 612 196
784 551 941 597 erunt
963 557 1112 594 arma
1132 579 1147 606 ,
1182 541 1234 595 id
1264 549 1348 595 est
1385 540 1589 595 instru-

106 651 231 700 menta
252 636 419 693 mortis
439 648 585 689 meae.
615 633 864 689 Ostendit
893 648 1022 687 vero
1067 648 1190 702 qua:
1239 648 1411 699 arma,
1464 646 1587 687 cum

105 737 232 791 addit:
255 730 330 796 Et,
358 730 408 783 id
430 735 513 783 est
545 727 753 783 scilicet
797 727 1026 796 sagittae.
1055 724 1208 791 Quod
1253 734 1338 780 est
1378 724 1584 780 dicere.

104 828 235 884 Odium
258 830 305 878 et
329 820 403 875 ira
427 834 609 875 corum
634 827 796 873 erunt
814 817 1096 888 longinqui
1124 826 1419 887 apparatus
1443 832 1589 873 mor-

106 922 149 975 tis
172 931 289 981 meae,
314 913 443 969 sicut
488 910 696 982 sagittae
719 910 1011 982 longinqua
1060 925 1213 965 arma
1259 919 1407 976 sunt,
1431 910 1483 965 id
1505 917 1590 965 est

104 1013 143 1066 de
161 1010 278 1079 longe
321 1014 535 1061 mortem
592 1004 853 1058 minantia
883 1017 900 1057 :
925 1012 972 1057 et
1016 1002 1198 1073 lingua
1259 1019 1440 1057 eorum
1482 1001 1590 1057 erit

103 1102 244 1172 gladius
263 1107 443 1163 acutus,
484 1096 535 1150 id
560 1103 642 1151 est
677 1111 779 1150 vox
807 1110 997 1151 eorum
1038 1096 1144 1150 erit
1190 1103 1377 1165 aperta
1421 1109 1588 1149 causa

104 1191 232 1247 mortis
261 1203 395 1244 mea»
444 1186 576 1242 Cum
622 1187 841 1241 dicent:
881 1205 902 1237 ι
928 1184 1194 1257 Crucilige
1245 1186 1395 1257 (Luc.
1426 1201 1584 1249 χχιιι,

102 1284 158 1349 21)
181 1300 195 1332 ι
217 1289 289 1333 et:
321 1297 338 1330 ι
363 1277 414 1332 Si
439 1278 581 1331 hunc
602 1276 851 1342 dimittis,
896 1292 1005 1331 non
1030 1284 1114 1331 est
1161 1276 1371 1330 amicus
1410 1274 1590 1330 Gesa-

102 1366 610 1440 ris(Joan.xrx,12);s
647 1366 692 1420 Α
719 1367 1070 1422 similitudine
1116 1366 1301 1437 gladii,
1335 1382 1442 1435 quo
1477 1383 1588 1421 ma-

101 1464 232 1518 nifeste
254 1460 452 1530 quilibet
487 1459 837 1515 interﬁcitur.
878 1459 944 1513 Et
966 1459 1066 1514 hoc
1112 1467 1285 1515 totum
1326 1469 1407 1515 est
1439 1476 1503 1515 ac
1541 1460 1588 1514 si

101 1562 283 1623 poneret:
308 1551 412 1605 Non
442 1561 570 1605 sunt
599 1551 938 1607 excusabiles
960 1590 975 1616 ,
1012 1559 1068 1605 et
1106 1551 1151 1605 si
1189 1566 1277 1607 me
1335 1553 1505 1606 armis
1535 1561 1590 1607 et

100 1644 323 1714 gladionon
353 1640 700 1706 interﬁciant,
734 1657 858 1697 nam
877 1650 1103 1711 propter
1137 1642 1319 1697 odium
1352 1644 1583 1709 etiram,

100 1749 167 1787 non
194 1742 377 1804 propter
397 1733 497 1787 hoc
527 1733 671 1802 quod
708 1733 1025 1799 meruerim,
1063 1732 1192 1787 mihi
1220 1732 1589 1789 fraudulenter

100 1832 257 1875 mortem
288 1824 563 1892 parabunt,
587 1832 644 1877 et
669 1837 799 1878 voce
824 1838 921 1877 sua
945 1822 1232 1878 manifeste
1254 1833 1440 1894 postea
1463 1841 1584 1880 eam

97 1922 292 1982 expetent.
335 1914 458 1968 lllud
489 1930 617 1970 vero
656 1915 800 1984 quod
852 1915 1103 1983 sequitur
1145 1916 1402 1979 exaltare,
1453 1924 1584 1983 etc.,

97 2005 212 2060 oratio
232 2013 382 2059 estex
404 2003 688 2061 affectione
711 2005 875 2060 nimia
899 2005 1219 2075 interposita
1240 2017 1399 2062 antea
1422 2023 1585 2077 quam

98 2097 179 2150 illud
195 2098 308 2167 quod
336 2099 630 2168 inceperat
675 2098 877 2163 ﬁniret,
913 2100 1055 2158 quod
1088 2099 1168 2153 sic
1213 2100 1582 2155 continuatur.

138 2190 223 2243 Dixi
250 2191 373 2260 quod
401 2190 492 2245 ﬁlii
519 2192 791 2245 hominum
836 2190 1104 2260 parabunt
1130 2190 1261 2245 mihi
1309 2190 1583 2261 laqueum,

94 2280 154 2333 sed
169 2289 208 2333 ιιι
228 2280 345 2334 Deus
363 2281 523 2337 Pater
546 2282 779 2336 exaltare
800 2298 956 2351 super
976 2282 1132 2336 caelos
1165 2295 1252 2335 me
1271 2282 1582 2336 cxaltando.

94 2368 192 2432 Quod
211 2382 279 2426 est
302 2372 472 2428 dicere
502 2388 521 2427 :
558 2373 751 2428 Exalta
784 2388 891 2434 me,
925 2374 1222 2427 secundum
1247 2374 1390 2443 quod
1423 2375 1585 2452 homo

96 2476 168 2512 sum
183 2476 311 2531 super
327 2464 503 2528 ctelos,
549 2466 601 2519 id
624 2474 709 2521 est
756 2481 918 2535 super
940 2466 1193 2522 caelestes
1232 2467 1584 2523 rationabiles

92 2562 305 2622 creaturas,
326 2570 483 2625 super
503 2556 732 2627 angelos
768 2558 998 2623 scilicet,
1028 2567 1086 2612 ut
1119 2558 1214 2628 qui
1261 2559 1423 2614 modo
1458 2560 1580 2615 vilis

93 2643 228 2706 videor,
274 2655 322 2699 et
362 2646 626 2715 abjectus,
679 2649 868 2704 videar
897 2665 1060 2719 super
1104 2663 1200 2705 eos
1251 2665 1482 2721 magnus
1528 2660 1585 2704 et

89 2733 278 2791 uallatus
299 2737 346 2791 in
371 2740 634 2809 potentia,
658 2755 780 2795 cum
807 2741 1041 2811 gloriose
1073 2741 1241 2796 caelos
1264 2743 1578 2797 ascendam.

93 2819 263 2892 Etsuper
280 2841 355 2881 me
373 2827 690 2896 exaltatum,
708 2830 951 2884 exaltare
988 2838 1043 2885 et
1068 2839 1120 2884 tu
1137 2870 1152 2896 ,
1183 2830 1235 2885 id
1258 2841 1339 2886 est
1362 2831 1582 2886 videare

93 2920 317 2986 tumagnus
341 2928 394 2974 et
418 2919 563 2974 altus
595 2920 648 2975 in
681 2922 922 2991 potentia
968 2936 1132 2993 super
1162 2922 1308 2993 ipsos
1339 2924 1578 2995 angelos,

90 3008 426 3077 cuinapparebis
470 3020 669 3081 polens
706 3012 999 3068 exultantia
1028 3029 1133 3081 me,
1185 3023 1233 3068 et
1274 3013 1443 3084 gloria
1488 3025 1580 3070 tua

92 3093 267 3151 dilatetur
297 3101 345 3154 in
369 3118 572 3158 omnem
598 3113 815 3159 terram.
847 3104 999 3172 Quod
1054 3114 1138 3160 est
1189 3121 1253 3161 ac
1293 3106 1337 3161 si
1382 3106 1528 3161 dicat
1560 3123 1573 3160 :

1684 3144 1877 3164 ...ω-ι..
1908 3144 2152 3163 usu“...
2178 3144 2358 3162 μην...
2384 3144 2656 3179 qucum...
2712 3144 2994 3162 causa“...
3049 3144 3105 3161 ι..
3138 3144 3273 3162 ww

1607 3144 1650 3201 η
1683 3200 1916 3256 lessores
1954 3209 2008 3255 ct
2032 3200 2292 3271 psalmum
2314 3201 2580 3265 dicentes,
2603 3201 2702 3255 sic.
2744 3199 2862 3254 Dixi
2891 3200 3034 3269 quod
3061 3198 3274 3270 pariam

91 3183 160 3240 lion
176 3191 313 3247 solum
352 3196 488 3265 apud
522 3212 724 3267 paucos
762 3198 1019 3253 exalteris
1054 3212 1153 3269 per
1192 3199 1576 3255 exultationem

90 3278 154 3330 mei
174 3282 245 3337 sed
266 3283 314 3337 in
338 3302 538 3341 otnuem
563 3298 758 3342 terram
781 3289 1039 3344 dilatetur
1056 3288 1225 3360 gloria
1246 3300 1363 3356 tua,
1392 3291 1577 3357 idest,

89 3368 220 3438 ubique
238 3382 478 3432 temrum
492 3378 816 3451 gloriliceris
843 3382 908 3434 de
924 3374 1408 3437 cxaltatione'mei.
1443 3380 1577 3438 Cum

90 3458 187 3529 dicit,
214 3478 428 3533 paratum
456 3487 548 3524 cor
570 3487 743 3525 meum
761 3512 776 3537 ,
804 3482 933 3535 etc.,
962 3474 1202 3529 ostendit
1245 3489 1305 3530 se
1348 3474 1581 3531 libenter

88 3562 309 3639 passunim,
340 3568 395 3614 ut
415 3576 511 3616 nos
536 3563 731 3617 reddat
762 3565 933 3635 magis
985 3566 1248 3621 obnoxios
1270 3607 1286 3634 ,
1323 3582 1419 3637 pro
1456 3568 1582 3639 qui-

90 3638 149 3693 lms
167 3642 356 3703 libenter
403 3668 599 3721 passus
636 3666 736 3709 est.
766 3654 832 3708 Et
856 3658 957 3711 hoc
985 3657 1062 3711 sic
1084 3658 1454 3714 continuatur.
1474 3638 1577 3729 ipsi

87 3730 225 3792 lndient
250 3743 364 3797 mihi
390 3743 621 3810 foveam,
656 3754 720 3801 ad
750 3762 911 3817 quam
947 3749 1301 3815 subeundam,
1353 3767 1387 3805 ο
1434 3751 1580 3807 Deus

87 3820 205 3919 pater,
225 3844 294 3887 est
312 3849 551 3904 paratum
592 3856 908 3906 rormeum;
956 3851 1201 3911 paratum
1258 3859 1349 3896 cor
1381 3861 1575 3913 meum,

86 3915 116 3965 id
130 3930 187 3972 est
200 3938 360 3990 parata
390 3931 642 3986 voluntas
664 3934 844 3987 cordis
893 3932 1021 3988 mei.
1051 3934 1202 4000 Quod
1238 3943 1320 3990 est
1349 3937 1528 3990 dicere
1561 3954 1574 3990 :

83 4004 159 4063 lum
182 4017 472 4076 voluntatem
497 4023 671 4080 habeo
701 4025 845 4080 illam
881 4028 1170 4083 subcnmli.
1228 4028 1443 4098 Repetit
1477 4047 1577 4085 au-

84 4104 149 4189 lem
168 4119 371 4171 paratum
394 4128 486 4165 cor
518 4130 712 4181 meum,
764 4124 824 4170 ιιι
851 4116 1104 4171 ostendat
1166 4129 1424 4188 quantam
1480 4135 1577 4189 pro

83 4187 231 4251 humani
254 4205 453 4269 generis
497 4205 673 4262 salute
704 4209 966 4263 moriendi
994 4187 1192 4265 habeat
1213 4187 1575 4278 allectionem;

80 4286 218 4373 etquia
249 4305 479 4359 paratum
521 4312 615 4350 cor
646 4314 817 4351 meum
840 4311 860 4350 :
889 4301 1134 4368 cantabo,
1163 4301 1213 4356 id
1263 4312 1345 4357 est
1380 4304 1577 4373 praedi-

82 4369 170 4425 cabo
190 4377 462 4451 doctrinam
488 4387 635 4453 vitm,
666 4402 787 4457 quae
814 4390 917 4442 erit
947 4390 1217 4444 canticum
1249 4400 1304 4445 et
1338 4369 1577 4449 delecta-

1689 542 1831 611 quod
1855 556 1885 594 a
1917 541 2203 609 superiori,
2236 540 2288 595 id
2337 550 2420 595 est
2447 557 2475 595 a
2506 541 2790 597 divinitate
2822 545 3021 611 sonuit,
3061 547 3125 601 ad
3157 563 3274 603 mo—

1691 632 1816 686 dum
1845 631 2106 701 psalterii,
2126 631 2267 701 quod
2298 648 2328 686 a
2357 633 2624 704 superiori
2658 644 2831 690 sonat.
2865 636 3017 704 Quod
3056 650 3140 694 est
3188 641 3273 707 di-

1687 737 1832 778 cere.
1868 723 1945 776 Ex
1977 722 2092 792 ipsa
2120 723 2403 780 divinitate
2456 723 2600 778 fama
2636 726 3021 781 miraculorum
3050 729 3272 797 prodiit,

1688 829 1788 884 per
1827 814 2200 882 operationem
2235 814 2591 870 humanitatis
2627 832 2641 869 :
2673 817 3001 885 operabatur
3022 818 3165 872 cnim
3221 820 3274 874 in

1689 903 1967 959 miraculis
2009 903 2320 971 hunanitas,
2349 906 2527 960 eundo
2571 906 2637 960 ad
2666 915 2907 962 mortuos
2946 908 3246 964 resuscitan

1687 993 1806 1061 dos,
1839 1008 2002 1062 super
2036 1009 2209 1064 mgros
2258 1010 2450 1050 manus
2498 996 2849 1066 imponendo,
2901 998 3174 1068 loquendo
3220 1009 3277 1057 et

1690 1083 1878 1139 multis
1903 1083 2025 1139 aliis
2053 1084 2247 1139 modis.
2277 1084 2499 1141 Cithara
2530 1102 2661 1141 vero
2688 1087 2886 1142 dicitur
2933 1090 3121 1144 eadem
3172 1090 3275 1144 Int-

1689 1176 1946 1241 munitas,
1975 1190 2040 1230 eo
2062 1178 2204 1245 quod
2227 1178 2292 1231 ad
2318 1179 2537 1233 modum
2575 1180 2799 1235 cithara:
2826 1180 2895 1236 ab
2917 1179 3160 1237 inferiori
3186 1197 3277 1238 so-

1689 1267 1828 1332 nuit,
1860 1268 1911 1321 id
1945 1276 2027 1321 est
2054 1269 2123 1323 ab
2153 1268 2395 1323 inferiori
2421 1269 2632 1324 dulcem
2660 1286 2849 1325 sonum
2880 1272 2989 1326 Deo
3024 1274 3272 1343 protulit,

1690 1357 1743 1412 id
1767 1367 1851 1411 est
1879 1357 2089 1412 dulcem
2118 1358 2439 1414 obedientiae
2466 1360 2676 1414 laudem
2701 1376 2715 1414 :
2743 1377 2866 1416 cum
2896 1378 3094 1433 corpus
3116 1379 3275 1421 suum

1686 1447 1832 1518 quod
1859 1457 1979 1502 erat
2008 1446 2235 1504 inferius
2266 1450 2580 1519 divinitate,
2613 1452 2665 1506 in
2689 1468 2781 1507 ara
2814 1454 2993 1508 crucis
3032 1454 3146 1510 Deo
3178 1456 3275 1511 ob-

1693 1544 1816 1599 tulit
1848 1558 1863 1598 :
1895 1556 1949 1600 et
1974 1544 2099 1613 quia
2117 1545 2278 1600 etiam
2302 1546 2355 1601 in
2384 1548 2691 1603 obcdientia
2720 1548 2955 1617 positum
3003 1549 3192 1604 csuriit
3219 1560 3276 1609 et

1689 1637 1882 1692 sitivit.
1939 1637 2071 1692 Dico
2101 1654 2323 1709 exsurge
2361 1655 2390 1693 a
2437 1650 2616 1695 morte
2673 1640 3001 1707 humanitas,
3048 1657 3168 1711 qua:
3213 1659 3275 1699 es

1688 1728 1995 1799 psalterium
2015 1741 2062 1785 et
2089 1731 2316 1795 cithara,
2345 1741 2398 1786 tu
2428 1732 2549 1787 dico
2586 1733 2765 1786 futura
2802 1732 2972 1802 gloria
2994 1750 3133 1800 mea,
3160 1750 3276 1789 em-

1688 1822 1903 1892 phatica
1927 1823 2112 1878 dictio.
2138 1822 2292 1889 Quod
2329 1831 2412 1877 est
2438 1823 2657 1877 dicere:
2691 1821 2821 1889 Qua:
2848 1823 3159 1879 humanitas
3192 1824 3277 1878 lu-

1690 1922 1812 1969 tura
1834 1929 1894 1970 es
1920 1914 2244 1970 immortalis
2282 1923 2336 1967 et
2375 1914 2749 1983 impassibilis,
2785 1914 2837 1969 in
2866 1930 2972 1985 qua
2996 1914 3277 1985 gloriabor

1686 2016 1742 2062 et
1769 2006 2037 2078 gloriosus
2059 2020 2175 2062 ero.
2216 2005 2347 2061 Dico
2368 2022 2609 2078 exsurge,
2641 2014 2698 2060 et
2721 2006 2793 2060 ita
2818 2006 2921 2061 erit
2949 2023 2963 2060 :
2992 2022 3273 2076 exsurgam

1686 2098 1947 2165 diluculo,
1972 2098 2026 2154 id
2054 2107 2139 2155 est
2174 2098 2228 2153 in
2273 2099 2534 2152 matutina
2578 2100 3002 2155 resurrectione.
3027 2096 3278 2154 Ostendit

1686 2199 1892 2255 autem,
1916 2190 2060 2259 quod
2092 2189 2437 2246 commodum
2478 2198 2738 2258 sequetur
2788 2189 2944 2259 197
2993 2189 3059 2244 de
3092 2204 3274 2244 resur-

1687 2281 1931 2335 rectione
1952 2294 2047 2335 sua
2088 2279 2188 2335 sic.
2229 2280 2359 2333 Dico
2391 2280 2531 2348 quod
2562 2295 2864 2349 exsurgam,
2889 2289 2945 2334 et
2967 2294 3273 2350 exsurgens

1684 2372 1978 2441 conﬁtebor
2007 2372 2101 2426 tibi
2116 2373 2169 2425 in
2207 2371 2438 2441 populis,
2485 2372 2540 2427 id
2586 2381 2671 2427 est
2727 2386 2886 2426 veros
2933 2370 3275 2427 conlessores

1684 2465 1963 2535 acquiram
2003 2467 2054 2519 in
2090 2466 2301 2535 populis
2343 2465 2675 2519 Judaeornm.
2724 2464 2875 2532 Quod
2915 2474 2997 2520 est
3037 2465 3263 2520 dicere:

1684 2557 1879 2612 Multos
1906 2572 1972 2611 ex
1998 2556 2198 2612 Judreis
2214 2555 2441 2611 cilicium
2471 2555 2781 2613 laudatores
2807 2559 2902 2625 tui,
2936 2569 2982 2613 ct
3011 2557 3276 2628 psalmum

1683 2650 1965 2704 diramtibi
1990 2650 2324 2717 ingentibus,
2357 2650 2408 2704 id
2437 2662 2520 2705 est
2556 2651 2765 2720 pariam
2800 2651 2896 2707 tibi
2918 2653 3061 2706 inter
3083 2658 3277 2721 gentes

1683 2743 1906 2807 multos,
1937 2742 2184 2798 dicentes
2205 2744 2465 2811 psalmum
2489 2743 2605 2807 tibi,
2630 2742 2681 2796 id
2710 2752 2793 2797 est
2830 2752 3274 2812 patientesopera

1683 2848 1780 2887 sua
1805 2834 1944 2888 bona
1993 2834 2045 2887 in
2078 2833 2366 2886 manifesto
2397 2832 2462 2887 ad
2494 2833 2753 2888 honorem
2787 2842 2958 2886 tuum.
3012 2831 3166 2898 Quod
3190 2840 3277 2887 est

1681 2925 1864 2979 dicere
1893 2942 1906 2979 :
1942 2924 2137 2979 Multos
2162 2924 2392 2979 elliciam
2416 2939 2482 2978 ex
2519 2925 2768 2994 gentibus
2801 2923 2938 2978 bene
2980 2935 3276 2991 operantcs

1682 3018 1749 3073 ad
1779 3018 2037 3073 honorem
2092 3026 2263 3083 lllllm,
2321 3030 2417 3087 per
2470 3015 2761 3085 gloriosam
2814 3014 3276 3071 resurrectionem

1682 3124 1877 3164 meam.
1907 3107 2152 3163 Ostendit
2178 3117 2358 3162 autem
2384 3108 2656 3179 quomodo
2712 3107 2994 3162 constituit
3049 3113 3105 3161 et
3138 3120 3275 3162 cono

1685 3292 1777 3346 tibi
1801 3291 2142 3348 confessores
2168 3292 2219 3347 in
2241 3292 2474 3363 populis,
2517 3300 2574 3347 et
2621 3292 2882 3362 psalmum
2929 3293 3174 3347 dicentes
3218 3292 3275 3346 in

1680 3383 1939 3453 gentibus,
1964 3392 2020 3438 et
2046 3384 2147 3439 hoc
2181 3381 2379 3438 faciam
2432 3398 2534 3453 per
2558 3382 2727 3438 cmlos
2775 3392 2832 3437 et
2861 3398 2956 3452 per
3004 3382 3196 3449 nubes,
3220 3382 3273 3436 id

1681 3484 1767 3528 est
1786 3489 1881 3543 per
1929 3473 2370 3543 praedicationem
2438 3472 2825 3544 apostolorum,
2875 3472 2967 3542 qui
3011 3472 3277 3526 dicuntur

1682 3566 1800 3622 εαξιί
1830 3575 2051 3637 propter
2072 3566 2462 3621 sublimitatem
2496 3567 2806 3620 sanctitatis
2836 3580 2967 3629 suae,
3012 3573 3067 3619 et
3106 3562 3276 3618 nubes

1681 3673 1747 3712 co
1785 3660 1928 3727 quod
1954 3658 2088 3714 alios
2118 3658 2434 3728 compluant
2481 3659 2750 3720 doctrina,
2810 3657 2877 3711 ad
2920 3657 3136 3711 modum
3169 3672 3274 3711 nu-

1683 3749 1828 3804 bium
1874 3761 2075 3805 terram
2126 3750 2576 3820 compluentinm.
2619 3750 2882 3816 Quoniam
2933 3749 3275 3827 magniﬁcam

1681 3851 1937 3911 estusque
1982 3842 2051 3895 ad
2095 3841 2250 3896 caelos
2282 3842 2720 3896 constituendum
2768 3841 3131 3894 misericordia
3158 3850 3277 3903 tua,

1682 3934 1733 3989 id
1761 3944 1843 3989 est
1862 3949 1962 4006 ego
1988 3933 2156 3989 Filius
2185 3945 2328 4000 tuus,
2359 3944 2414 3990 et
2442 3934 2804 3988 misericordia
2837 3944 2928 3986 tua
2954 3931 3274 4003 magniﬁca-

1680 4027 1780 4082 bor
1834 4040 2006 4095 usque
2048 4027 2203 4093 adeo,
2259 4026 2309 4081 id
2340 4035 2424 4081 εει
2459 4026 2510 4080 in
2541 4035 2746 4081 tantum
2776 4035 2969 4097 potens
2990 4039 3106 4090 ero,
3132 4023 3276 4093 quod

1680 4118 1970 4188 discipulos
1999 4135 2149 4175 meos
2170 4118 2367 4175 faciam
2394 4119 2582 4176 caelos.
2619 4119 2683 4173 Et
2717 4120 2907 4174 veritas
2938 4130 3030 4172 tua
3062 4117 3279 4187 magni-

1681 4208 1933 4263 licubitnr
1958 4226 2119 4280 usque
2149 4210 2217 4263 ad
2241 4210 2401 4265 nubes
2435 4210 2878 4274 constituendas,
2936 4209 2988 4262 id
3041 4216 3127 4263 εει
3173 4222 3275 4275 ego

1679 4301 1770 4370 qui
1802 4317 1920 4356 sum
1944 4302 2145 4356 veritas
2169 4310 2282 4368 tua,
2304 4316 2401 4356 ero
2422 4302 2559 4356 adeo
2583 4315 2811 4364 magnus
2832 4308 2883 4354 et
2915 4307 3105 4368 potens
3129 4298 3273 4367 quod

1680 4393 1825 4463 ipsos
1851 4394 2019 4449 caelos
2055 4392 2248 4447 faciam
2280 4391 2470 4447 nubes.
2506 4392 2837 4456 Notandum,
2870 4406 2977 4444 non
3011 4389 3134 4444 ideo
3161 4389 3271 4443 dici

84 4464 127 4567 po
146 4472 183 4514 et
206 4469 317 4553 mihi
346 4482 399 4526 et
428 4474 559 4529 Deo.
590 4475 656 4529 Et
683 4478 847 4531 etiam
893 4477 1153 4548 psalmum
1167 4480 1364 4547 dicam,
1410 4482 1464 4537 id
1492 4489 1577 4538 est
1606 4487 1652 4547 D
1680 4485 2133 4567 magpilicandutn
2164 4501 2287 4538 eum
2316 4499 2439 4540 esse
2484 4500 2644 4554 usque
2693 4483 2761 4536 ad
2809 4482 2963 4535 cmlos
2994 4490 3041 4534 et
3089 4479 3269 4541 nubes,

83 4545 169 4647 illan
188 4550 321 4625 opera
342 4579 457 4619 mea
491 4566 551 4620 in
572 4566 862 4624 manifesto
891 4545 1088 4640 ponam
1121 4588 1134 4624 :
1164 4587 1193 4625 a
1219 4545 1576 4630 similitudine

81 4641 176 4734 dicti.
217 4662 317 4715 qua:
345 4668 430 4708 res
487 4655 777 4712 manifesta
819 4669 920 4714 est.
960 4659 1207 4716 Psalmus
1245 4670 1424 4717 autem
1474 4678 1575 4734 pro

80 4726 171 4787 bono
192 4752 327 4809 apere
354 4747 473 4801 ideo
500 4750 739 4817 ponitur,
772 4753 895 4820 quia
927 4752 983 4804 lit
1002 4752 1265 4807 exercitio
1291 4769 1570 4818 manuum,

80 4830 111 4871 ει
150 4825 227 4885 hoc
277 4843 440 4891 totum
489 4850 607 4905 est,
652 4857 716 4896 ac
765 4843 809 4896 si
852 4843 1056 4897 diceret
1088 4842 1572 4913 :Quandoquidcm

79 4926 237 4976 mortem
260 4930 430 4986 subire
462 4944 687 5002 paratus
716 4950 872 4998 sum,
901 4952 1023 4990 cum
1081 4947 1263 4991 certus
1294 4938 1394 4991 sim
1444 4939 1569 5008 quia

78 5010 292 5099 fﬂnlicum,
322 5020 369 5075 id
398 5035 481 5078 est
505 5026 819 5093 prazdicatio
853 5042 970 5082 mea
999 5036 1054 5083 et
1108 5028 1383 5099 psalmus,
1407 5030 1459 5083 id
1490 5038 1575 5085 est

78 5089 167 5195 luna
188 5111 401 5173 operatio
429 5129 608 5170 causa:
628 5126 807 5180 erunt,
833 5118 1031 5187 quibus
1084 5133 1181 5195 me.
1222 5121 1567 5189 interlicient,

79 5192 199 5283 limen
214 5214 303 5256 non
338 5206 563 5263 cessabo
591 5224 621 5264 ει
645 5210 880 5275 cantico,
919 5225 1024 5266 non
1040 5192 1313 5267 cessaboa
1339 5212 1569 5283 psalmo.

76 5281 161 5341 Cum
178 5294 304 5364 dicit,
330 5318 567 5374 exsurge,
594 5313 721 5370 etc.,
737 5304 1059 5375 gratulando
1084 5306 1149 5361 de
1171 5281 1573 5364 resurrectione

75 5386 449 5476 silmexliortatur
473 5410 669 5467 corpus
696 5412 851 5452 suum
878 5397 946 5452 ad
971 5399 1388 5468 resurgendum.
1416 5398 1572 5468 Quod

74 5479 459 5557 Slcwntinuatnr.
493 5485 622 5543 Dico
658 5488 801 5557 quod
827 5496 1053 5557 paratus
1088 5503 1208 5543 sum
1240 5490 1306 5543 ad
1338 5492 1575 5547 subeun-

74 5556 156 5617 dam
179 5581 399 5642 mortem,
439 5578 507 5633 de
533 5594 639 5651 qua
670 5556 726 5636 ιιι
756 5581 1061 5652 psalterium
1075 5591 1124 5637 et
1151 5582 1355 5638 cithara
1378 5584 1576 5642 dicitur

72 5663 246 5730 “W99.
271 5681 499 5759 exsurge,
528 5669 581 5727 id
599 5679 684 5729 est
709 5680 764 5728 tu
791 5672 1102 5731 humanitas
1125 5688 1244 5732 mea
1263 5692 1480 5749 exsurge
1509 5676 1576 5734 de

1676 4572 1944 4644 quodjam
1966 4589 2071 4629 non
2102 4582 2247 4628 esset
2273 4589 2499 4643 magnus
2522 4583 2578 4627 et
2602 4582 2793 4642 potens
2818 4571 2885 4625 ad
2931 4571 3032 4625 hoc
3063 4570 3271 4624 facien-

1676 4669 1827 4733 dum,
1859 4665 1955 4722 sed
1976 4664 2102 4737 quia
2128 4666 2441 4737 magnitudo
2493 4665 2581 4719 illa
2631 4674 2682 4721 et
2739 4662 2978 4733 potentia
3031 4663 3269 4717 nondum

1676 4759 1989 4829 apparebat.
2031 4759 2110 4813 Ac
2138 4757 2181 4812 si
2211 4758 2416 4813 diceret
2447 4757 2588 4826 :Qui
2621 4759 2781 4812 modo
2826 4756 2949 4811 vilis
2979 4757 3166 4811 videor
3215 4763 3272 4810 ct

1678 4852 1969 4920 impotens,
1998 4864 2227 4920 magnus
2257 4866 2415 4920 usque
2444 4851 2513 4905 ad
2538 4850 2695 4905 caelos
2725 4860 2773 4904 et
2812 4867 2973 4921 usque
3012 4850 3081 4903 ad
3107 4850 3268 4903 nubes

1678 4942 1969 5013 apparebo.
2012 4942 2078 4995 Et
2126 4950 2186 4995 ut
2235 4957 2334 5013 ego
2390 4942 2654 4998 conlltear
2690 4940 2781 4996 tibi
2834 4943 2890 4995 in
2936 4940 3162 5011 populis,
3220 4949 3272 4994 et

1675 5035 1933 5105 psalmum
1954 5035 2126 5089 dicam
2159 5035 2253 5088 (ibi
2272 5036 2326 5089 in
2366 5036 2625 5105 gentibus,
2671 5035 2909 5090 exaltare
2931 5051 3089 5105 super
3112 5032 3270 5087 caelos

1676 5125 1818 5180 Deus
1854 5123 2037 5193 Pater,
2067 5125 2356 5181 exaltando
2398 5142 2506 5181 me.
2537 5126 2650 5181 Iloc
2692 5135 2873 5180 autem
2908 5133 2966 5178 ut
3014 5124 3269 5195 superius

1676 5220 1985 5290 exponitur,
2010 5235 2120 5289 prae
2167 5219 2337 5274 nimio
2387 5218 2657 5275 desiderio
2708 5218 3017 5289 repetitum,
3072 5224 3119 5269 et
3170 5229 3273 5285 per

1676 5312 2061 5368 exultationem
2107 5314 2213 5368 mei
2256 5329 2415 5382 super
2477 5330 2682 5368 omnem
2760 5323 2957 5366 terram
3006 5295 3271 5366 dilatelnr

1675 5408 1843 5479 gloria
1871 5417 1984 5474 tua,
2016 5407 2071 5464 id
2111 5417 2197 5465 est
2221 5408 2474 5481 gloriatio
2505 5418 2594 5464 tua
2623 5419 2857 5476 superne
2898 5405 2967 5460 ad
3015 5403 3274 5460 homines

1674 5498 2018 5570 perveniens,
2070 5498 2327 5555 dilatetur
2373 5499 2573 5569 ubique
2622 5506 2914 5561 terrarum,
2963 5495 3048 5551 vel
3082 5503 3267 5566 potest

1675 5604 1795 5647 εεεε
1820 5589 2130 5647 exhortatio
2158 5591 2227 5646 ad
2256 5591 2479 5646 verbum
2510 5589 2609 5645 sibi
2635 5588 2995 5660 personaliter
3026 5587 3266 5654 unitum,

1676 5697 1797 5737 cum
1823 5681 1955 5738 dicit
1986 5697 1999 5735 :
2033 5681 2311 5749 Exaltare,
2332 5681 2499 5748 Deus,
2527 5680 2775 5749 verbum,
2806 5679 2860 5737 id
2890 5688 2974 5738 est
3002 5685 3267 5751 appareat
