3846 6334
591 335 694 393 896

1165 333 1223 390 S.
1265 333 1607 392 BRUNONIS
1641 326 2283 391 CARTHUSIANORUM
2315 327 2803 388 lNSTiTUTORiS
2840 327 2993 386 OPP.
3028 327 3206 384 PARS
3236 328 3275 384 i.

3697 335 3783 390 900

590 446 819 501 altitudo
843 453 930 499 tua
958 461 1055 517 per
1081 446 1460 501 exultationem
1487 446 1591 502 mei
1638 445 1904 514 humanae.
1934 453 2161 508 natura»,
2196 449 2238 505 Α
2267 444 2321 497 ai
2346 442 2644 513 iniquitates
2696 443 2751 495 in
2796 442 2972 495 corde.
3026 440 3236 497 Etenim
3281 443 3337 495 in
3386 450 3541 507 terra,
3574 443 3622 500 id
3646 458 3717 502 est
3742 450 3783 503 in

589 551 709 607 qua:
731 536 956 592 altitudo
986 547 1076 591 tua
1113 537 1275 592 modo
1303 551 1408 593 non
1432 544 1675 607 apparet,
1704 545 1754 590 et
1780 549 1936 604 super
1962 549 2165 588 omnem

587 637 783 683 terram
811 628 995 700 gloria,
1019 639 1131 695 tua,
1156 628 1260 683 hoc
1289 643 1393 682 non
1419 635 1678 681 mutatur.

1053 718 1117 773 IN
1164 717 1386 773 PSALM
1399 717 1491 774 UM
1541 716 1698 771 LVII.

659 807 871 863 Titulus
919 809 1348 880 quinquagesimi
1402 809 1559 863 sexti.
1591 806 1660 861 In
1687 806 1845 876 ﬁnem
1872 822 1935 861 ne
1959 806 2164 875 disper-

587 898 684 952 das
718 899 815 967 ipsi
846 899 1011 953 David
1038 902 1091 954 in
1136 900 1273 954 tituli
1302 900 1656 968 inscriptione.
1689 897 1841 965 Quod
1884 896 1966 953 sic
1993 912 2162 967 expo-

588 988 754 1043 nitur.
786 988 1028 1044 Psalmus
1077 991 1177 1047 iste
1216 991 1511 1060 respiciens
1540 990 1595 1045 in
1650 990 1827 1058 ﬁnem,
1878 989 1930 1042 id
1978 997 2061 1043 est
2107 989 2162 1043 in

587 1080 857 1134 Christum
883 1079 1155 1148 admonet,
1202 1098 1263 1135 ne
1296 1090 1351 1135 tu
1384 1080 1708 1150 quicumque
1738 1078 2010 1149 disperdas
2052 1077 2163 1132 Da-

589 1172 693 1238 vid,
729 1172 779 1225 id
810 1181 893 1226 est
945 1173 1192 1227 destruas
1228 1186 1450 1243 regnum
1479 1171 1683 1227 Christi
1708 1171 1819 1224 veri
1850 1169 2037 1236 David,
2068 1173 2162 1225 de-

589 1262 836 1332 neganda
859 1277 981 1317 eum
1032 1279 1153 1318 esse
1178 1280 1382 1334 regem,
1434 1263 1822 1317 iucommutata
1872 1261 2011 1316 tituli
2074 1261 2160 1314 in-

589 1354 883 1423 scriptione
909 1353 1050 1408 facta
1092 1355 1191 1423 ipsi
1214 1353 1404 1419 David,
1432 1354 1484 1408 id
1527 1363 1608 1408 est
1630 1353 1867 1409 Christo.
1900 1351 2163 1421 Loquitur

587 1446 642 1498 in
674 1446 774 1500 hoc
800 1447 1007 1515 psalmo
1029 1445 1298 1515 Propheta
1350 1447 1644 1500 adhortans
1675 1444 1919 1510 Iudaeos,
1957 1453 2017 1497 ut
2038 1459 2160 1499 eum

588 1535 764 1605 legant
788 1537 839 1590 in
863 1538 1031 1591 veteri
1062 1538 1176 1607 lege
1204 1538 1271 1592 de
1300 1538 1519 1594 Christo
1542 1546 1597 1591 et
1624 1537 1959 1605 intelligant;
2016 1544 2163 1591 recte

580 1628 822 1696 judicent
852 1629 916 1683 de
942 1643 1028 1693 eo,
1052 1628 1395 1683 attribuendo
1420 1630 1519 1699 ipsi
1545 1629 1688 1699 quod
1717 1613 1869 1683 de'eo
1894 1628 2013 1682 libri
2042 1642 2163 1696 pros

585 1721 866 1789 plictarum
896 1719 1205 1788 loquuntur,
1234 1721 1439 1775 scilicet
1465 1734 1587 1775 eum
1618 1734 1738 1775 esse
1770 1734 1972 1789 regem.
2000 1718 2161 1774 Juxta

584 1787 727 1878 quod
754 1787 988 1863 Micheas
1016 1818 1280 1864 testatur:
1320 1828 1338 1861 ι
1372 1810 1529 1866 Exiet
1556 1811 1664 1865 dux
1694 1809 1783 1880 qui
1808 1787 1956 1879 reget
1998 1824 2163 1880 popu-
2191 1787 2235 1845 Β

584 1901 693 1955 lum
726 1916 903 1955 meum
926 1901 1091 1956 Israel
1118 1902 1303 1970 (Mich.
1326 1919 1381 1966 v,
1408 1901 1484 1973 2).
1520 1921 1539 1953 ι
1577 1902 1641 1956 Et
1663 1902 1751 1956 alii
1782 1918 1795 1954 :
1836 1920 1854 1953 ι
1897 1901 2011 1956 Rex
2040 1911 2162 1958 tuus

584 1991 733 2046 venit
794 1992 888 2047 tibi
932 2002 1243 2048 mansuetus
1283 1992 1468 2064 (Zaclt.
1506 2009 1581 2061 Ix,
1614 1992 1675 2058 9;
1709 1992 1821 2047 Isa.
1856 2008 1952 2060 Lit,
1986 1993 2095 2064 ii).
2135 2011 2155 2046 ι

585 2083 889 2138 Notandum
937 2096 1117 2139 autem
1156 2086 1299 2154 quod
1357 2102 1479 2140 cum
1537 2086 1590 2139 in
1642 2085 1905 2156 superiori
1954 2085 2161 2154 psalmo

583 2176 751 2245 possit
777 2176 1019 2230 denotari
1044 2177 1372 2243 exhortatio,
1397 2192 1464 2231 ne
1489 2176 1769 2245 corruptio
1800 2176 1915 2242 ilat,
1947 2175 2161 2230 diverso

586 2275 762 2320 tamen
819 2268 977 2320 modo
1007 2276 1091 2321 est
1124 2267 1217 2322 ibi.
1258 2267 1520 2337 Superius
1557 2268 1702 2321 enim
1751 2267 1958 2336 agendo
1982 2266 2048 2321 de
2075 2281 2162 2320 re-

584 2359 921 2413 surrectione
945 2367 1000 2413 et
1020 2359 1347 2414 exaltatione
1378 2360 1455 2414 sui
1487 2369 1542 2413 et
1568 2360 1731 2414 totius
1753 2359 1937 2413 mundi
1980 2358 2162 2428 subju-

588 2448 799 2515 gatione
848 2448 1022 2503 innuit
1078 2465 1183 2503 non
1213 2464 1333 2505 esse
1383 2452 1832 2520 corrumpendam
1886 2451 2027 2506 tituli
2081 2453 2162 2506 in-

583 2539 952 2607 scriptionem.
988 2539 1084 2595 llic
1111 2549 1290 2595 autem
1321 2541 1479 2611 plane
1514 2544 1836 2597 adhortatur
1865 2542 2157 2614 Propheta,

584 2636 785 2681 utcum
816 2627 1090 2683 Christum
1146 2631 1196 2684 in
1228 2630 1381 2686 libris
1429 2632 1813 2702 prophetarum
1871 2632 2161 2703 loquantur

582 2732 702 2771 esse
753 2734 933 2788 regem
976 2719 1205 2787 justum,
1270 2737 1378 2777 non
1428 2733 1782 2794 corrumpant
1841 2725 2160 2797 denegando

583 2825 807 2883 regnum
850 2812 1037 2883 ipsius.
1106 2814 1173 2869 Et
1227 2814 1465 2871 ostendit
1518 2818 1873 2887 quorumdam
1917 2819 2058 2875 male
2104 2820 2159 2874 in

580 2904 744 2959 corde
773 2906 1050 2975 operando
1090 2907 1304 2961 titulum
1343 2908 1802 2978 corrumpentium
1853 2908 2159 2964 damnatio-

581 3011 727 3061 nem,
768 3004 826 3050 ut
860 2998 1253 3054 incxcusabiles
1290 3000 1426 3069 sint,
1457 3006 1510 3057 et
1541 3000 1722 3056 cuncti
1768 3001 1959 3057 timore
2004 3002 2158 3057 dam-

582 3088 815 3144 nationis
835 3105 1019 3175 coritm
1046 3100 1387 3146 revocentur.
2182 3127 2227 3188 Ο

652 3177 710 3232 Si
737 3196 849 3234 vere
883 3159 1153 3251 loqttimiui
1182 3182 1233 3235 in
1269 3182 1419 3237 libris
1465 3183 1847 3253 prophetarum
1866 3183 2183 3255 justitiam,-

580 3267 634 3322 id
657 3277 739 3323 est
774 3270 1046 3325 Christum
1070 3272 1498 3328 antonomaSIice
1504 3273 1767 3342 justitiam
1795 3262 1826 3329 a
1852 3290 1959 3345 quo
1979 3276 2156 3330 omnis

574 3359 781 3430 justitia
832 3371 949 3427 est,
1012 3364 1102 3431 qui
1153 3364 1458 3433 propositus
1491 3373 1575 3419 est
1626 3366 2022 3421 nobisaPatre
2071 3382 2158 3422 re-

582 3451 818 3521 demptio
842 3452 1141 3522 etjustitia,
1164 3454 1305 3507 sicut
1330 3455 1405 3508 ait
1425 3455 1713 3523 Apostolus
1741 3455 1793 3526 (l
1822 3456 1945 3512 Cor.
1980 3475 2019 3524 ι,
2041 3458 2153 3528 50).

579 3539 730 3605 Quod
761 3541 934 3610 utique
957 3539 1155 3605 facitis,
1190 3542 1240 3595 id
1268 3551 1347 3597 est
1376 3543 1636 3612 justitiam
1669 3543 1961 3615 loquimini,
1994 3565 2024 3600 ο
2059 3547 2157 3615 lilii

580 3627 870 3692 hominum,
904 3628 955 3682 id
984 3640 1068 3683 eSt
1094 3645 1191 3684 vos
1233 3628 1400 3686 Juda'i
1434 3633 1526 3686 lilii
1555 3635 1963 3703 prophetarum,
1997 3636 2159 3707 198

581 3716 672 3785 qui
700 3732 885 3772 eorum
913 3720 1159 3790 exemplo
1180 3721 1387 3777 debetis
1428 3723 1673 3779 homines
1698 3740 1840 3791 esse,
1869 3742 1975 3781 non
2019 3730 2152 3782 irra-

582 3809 852 3865 tionales:
895 3822 1026 3867 recte
1067 3812 1305 3882 judicate
1332 3814 1396 3869 de
1438 3815 1554 3886 ipsa
1601 3815 1834 3885 iustitia,
1891 3818 2051 3874 idest
2092 3820 2158 3875 de

579 3898 814 3964 Christo,
838 3902 1174 3959 attribuenda
1228 3904 1329 3975 ipsi
1383 3919 1632 3974 regnum.
1658 3936 1729 3945 —
1758 3906 1960 3974 injuste
2006 3908 2153 3963 enim

579 3988 908 4059 iudicabitis,
949 3992 995 4048 si
1033 4009 1156 4063 cum
1182 3994 1236 4048 in
1267 3995 1546 4065 prophetis
1573 3995 1765 4050 dicatis
1791 3996 2037 4050 Messiam
2076 4014 2159 4052 re-

577 4095 698 4151 gem
722 4097 841 4138 esse
867 4082 1075 4150 Jesutn,
1116 4099 1275 4155 quem
1331 4099 1427 4155 per
1463 4099 1625 4154 opera
1671 4094 1726 4140 et
1772 4087 2156 4157 prophetarum

577 4174 733 4244 signa
797 4173 1044 4230 Messiam
1099 4189 1223 4231 esse
1274 4184 1514 4240 constat,
1562 4175 1809 4231 Messium
1871 4186 1927 4232 et
1977 4192 2155 4247 regem

578 4281 700 4321 esse
723 4269 950 4338 negetis,
980 4275 1034 4322 et
1059 4267 1221 4322 alium
1247 4281 1557 4333 venturum,
1596 4268 1687 4337 qui
1721 4268 1944 4324 Messias
1979 4280 2034 4324 et
2064 4285 2155 4324 rex

578 4358 791 4414 futurus
826 4360 913 4421 sit,
944 4358 1243 4416 aiIirmetis.
1277 4358 1581 4415 Notandum
1626 4369 1805 4416 autem
1831 4362 1972 4431 quod
2007 4377 2156 4417 more

2266 534 2699 589 consideratione
2725 544 2954 589 terrena:
2979 533 3167 588 carnis
3193 533 3414 600 Christi,
3437 535 3556 604 quia
3576 541 3783 594 conside-

2266 625 2400 678 ratis
2426 638 2549 680 eum
2574 622 2913 679 solummodo
2932 622 3205 677 hominem
3225 631 3516 688 terrenum,
3543 639 3638 680 non
3652 628 3786 684 etiam

2265 716 2454 784 Deum,
2480 716 2563 773 vel
2593 717 2648 768 in
2675 725 2839 778 terra,
2868 713 2920 769 id
2948 713 3100 770 estin
3124 713 3318 770 timore
3346 723 3504 770 terra:
3529 719 3789 776 amittenda

2264 810 2387 879 quia
2410 809 2616 866 sci'icet
2637 807 2876 862 metuitis
2898 816 3096 863 terram
3120 809 3388 873 amittere,
3426 810 3469 865 si
3506 825 3616 866 eum
3642 828 3787 884 regem

2264 903 2608 974 suscipiatis:
2632 899 2717 955 vel
2744 902 2798 954 in
2830 909 2969 953 terra
2997 901 3210 970 Operari
3232 900 3489 954 molimini
3516 900 3786 970 iniquitates,

2265 995 2317 1050 id
2339 1002 2423 1050 est
2444 994 2498 1049 in
2528 1001 2743 1048 terrena
2766 1005 2933 1047 carne
2962 990 3188 1056 Christi,
3209 991 3418 1046 scilicet
3440 1000 3497 1046 ut
3516 993 3786 1057 verberetis,

2262 1080 2593 1152 eonspuatis,
2641 1080 3001 1135 interliciatis.
3033 1080 3124 1135 Vel
3166 1081 3382 1151 operari
3426 1081 3668 1135 molimini
3709 1086 3789 1137 ini-

2261 1175 2485 1242 quitates
2515 1172 2568 1225 in
2598 1182 2763 1236 terra,
2792 1172 2843 1225 id
2869 1183 2952 1227 est
2983 1173 3037 1227 in
3068 1183 3285 1228 terrena
3324 1185 3380 1229 et
3403 1174 3558 1244 impia
3584 1174 3784 1229 ati‘ectio-

2262 1278 2330 1316 ne
2354 1272 2551 1317 vestra.
2576 1260 2728 1328 Quod
2756 1271 2842 1317 est
2863 1263 3044 1317 dicere
3070 1280 3085 1317 :
3116 1263 3436 1333 Iniquitates
3461 1278 3589 1332 quas
3630 1268 3786 1319 adver-

2262 1368 2354 1406 sus
2388 1353 2663 1407 Christum
2706 1353 2992 1420 tnoiimini,
3043 1370 3147 1408 non
3198 1354 3461 1408 molimini
3507 1356 3637 1411 bono
3682 1358 3785 1417 zelo.

2263 1452 2322 1495 ut
2351 1444 2551 1513 putetis
2598 1453 2787 1499 contra
2838 1458 2962 1497 eum
3035 1459 3215 1513 agere,
3268 1446 3424 1515 quasi
3474 1455 3646 1499 contra
3686 1446 3788 1513 legis

2263 1533 2678 1597 destructorem,
2708 1534 2802 1586 sed
2827 1533 2930 1587 hoc
2986 1532 3166 1587 facitis
3193 1532 3479 1588 aii'ectione
3519 1543 3722 1599 terrena,
3748 1536 3787 1588 id

2263 1634 2347 1679 est
2378 1624 2456 1677 ira
2485 1634 2539 1677 et
2561 1624 2721 1678 odio:
2752 1639 2873 1678 cum
2906 1640 3003 1694 per
3042 1639 3207 1693 opera
3249 1633 3303 1679 et
3344 1626 3697 1694 prophetarum
3732 1628 3786 1679 si-

2264 1731 2391 1786 gna,
2415 1716 2480 1769 de
2518 1730 2582 1769 eo
2609 1716 2887 1784 praedicta,
2946 1730 3068 1769 eum
3101 1716 3267 1769 Deum
3315 1725 3371 1770 et
3403 1731 3571 1785 regem
3620 1730 3719 1769 esse
3747 1726 3787 1768 et

2263 1820 2588 1875 cognoscere
2608 1804 2849 1873 possitis.
2879 1805 2991 1859 Non
3019 1805 3189 1860 solum
3209 1814 3393 1859 autem
3423 1805 3686 1873 operamini
3710 1805 3788 1857 ini-

2261 1901 2485 1968 quitates
2510 1900 2564 1952 in
2590 1899 2744 1952 corde
2773 1900 3082 1970 cogitando,
3117 1901 3210 1955 sed
3249 1900 3416 1954 etiam
3446 1914 3619 1950 manus
3643 1910 3786 1950 vestra:

2262 1991 2572 2044 concinnant
2597 1991 2908 2060 injustitias,
2938 1992 2988 2044 id
3013 2001 3095 2046 est
3116 1993 3464 2061 operationes
3487 1999 3661 2044 vestra:
3676 2003 3781 2042 cen-

2262 2080 2554 2134 cordanter
2579 2090 2837 2135 exercent
2893 2081 3211 2148 inquaututn
3262 2089 3490 2150 possunt
3527 2077 3783 2147 injustitias,

2263 2170 2315 2225 id
2344 2180 2432 2225 est
2486 2170 2554 2224 ad
2605 2182 2788 2225 actum
2838 2172 3143 2240 perducunt
3184 2171 3545 2240 cogitationes
3587 2169 3781 2237 injustas.

2262 2260 2413 2328 Quod
2458 2262 2786 2316 estdicere:
2827 2262 3184 2317 Concord'atis
3212 2263 3264 2317 in
3305 2262 3518 2332 injustis
3559 2261 3783 2330 cperilius,

2260 2362 2313 2406 et
2337 2351 2994 2423 injustiscogitationibus,
3026 2362 3088 2409 ut
3109 2355 3250 2409 sicut
3272 2354 3617 2425 cogitationes
3643 2364 3784 2406 vestra

2263 2441 2500 2510 injustic,
2532 2444 2612 2499 sic
2648 2454 2697 2498 et
2726 2459 2888 2513 opera
2919 2454 3096 2500 vestra
3123 2445 3325 2515 injusta
3352 2446 3483 2501 sint.
3512 2444 3555 2499 Α
3581 2443 3783 2499 similitu-

2260 2535 2388 2589 dine
2420 2536 2839 2600 concinentium,
2876 2536 2937 2591 id
2988 2546 3073 2593 est
3097 2538 3448 2593 concorditer
3498 2534 3780 2592 cantantium

2260 2625 2386 2696 quia
2410 2626 2550 2682 sicut
2576 2628 2650 2682 illi
2685 2629 2735 2683 in
2758 2639 2918 2684 cantu
2951 2630 3335 2692 'concordant,
3373 2630 3453 2685 sic
3482 2626 3783 2698 cogitationes

2258 2726 2316 2773 et
2342 2733 2506 2788 opera
2532 2730 2712 2775 vestra
2771 2722 2822 2774 in
2847 2721 3129 2789 injustitia.
3189 2720 3445 2777 Ostendit
3487 2727 3649 2775 autem
3692 2730 3781 2785 qua:

2259 2809 2332 2863 sit
2383 2824 2546 2864 causa
2596 2826 2768 2879 quare
2813 2820 3110 2879 operentur
3161 2812 3541 2880 iniquitatem,
3586 2807 3782 2862 iaciendo

2259 2900 2643 2969 apostmpham
2705 2900 2771 2954 ad
2834 2901 3147 2964 auditores,
3196 2908 3256 2955 ut
3323 2915 3420 2955 eos
3470 2902 3691 2960 instruat,
3732 2908 3782 2948 ue

2259 3000 2478 3060 propter
2501 2991 2745 3045 eannlem
2773 3006 2990 3045 causam
3008 3001 3303 3061 operentur
3335 2991 3655 3062 injustitiam.

2331 3082 2463 3138 Dico
2498 3084 2640 3152 quod
2684 3093 2978 3153 operantur
3018 3084 3356 3154 iniquitates,
3388 3092 3443 3137 et
3474 3084 3580 3136 ha-c
3615 3080 3712 3133 ideo
3728 3074 3781 3128 ia-

2258 3172 2427 3237 ciunt,
2456 3172 2580 3242 quia
2613 3173 2711 3243 ipsi
2740 3184 3031 3238 peccatores
3051 3174 3503 3234 antonomastice,
3527 3187 3636 3226 cum
3659 3170 3782 3223 debe-

2258 3274 2381 3320 rent
2407 3280 2502 3335 per
2522 3265 2678 3320 ﬁdem
2706 3266 2973 3336 generari,
3000 3274 3055 3321 u‘
3078 3278 3264 3321 essmt
3291 3266 3385 3320 lilii
3410 3264 3662 3324 Ecclesiae.
3687 3260 3783 3312 alit-

2258 3359 2366 3410 nuti
2388 3367 2504 3410 sunt
2536 3370 2631 3425 per
2662 3356 3085 3412 incredulitatem
3118 3376 3147 3411 a
3176 3349 3779 3424 uulra,idestaspiritualn

2258 3447 2512 3503 Ecclesia:
2556 3449 2822 3518 genitura.
2864 3448 3029 3504 Vulva
3058 3464 3151 3519 per
3174 3449 3575 3521 similitudinem
3610 3461 3692 3515 pro
3716 3458 3783 3513 ge-

2260 3540 2438 3594 nitura
2470 3541 2705 3609 ponitur,
2735 3556 2799 3596 eo
2828 3543 2972 3612 quod
3021 3542 3072 3596 in
3103 3542 3262 3596 vulva
3299 3544 3360 3597 lit
3392 3540 3666 3611 generatio.
3700 3537 3782 3590 Επ-

2258 3631 2409 3701 ponit
2436 3641 2616 3687 autem
2648 3648 2744 3702 per
2773 3642 2955 3702 partes
3013 3632 3224 3687 illorum
3264 3633 3655 3694 alienationem,
3688 3643 3782 3682 cum

2259 3724 2408 3778 addit
2442 3739 2455 3776 :
2486 3723 2706 3780 Scilicet
2752 3736 3056 3779 erraverunt
3107 3726 3159 3779 in
3208 3727 3536 3793 cogitatione
3578 3724 3636 3777 ab
3673 3732 3785 3775 utero

2262 3813 2513 3868 Ecclesia:
2542 3815 2759 3878 remoti,
2782 3814 2836 3869 id
2860 3823 2949 3869 est
2984 3815 3053 3870 ab
3080 3815 3196 3884 ejus
3238 3817 3507 3884 Spirilttali
3528 3812 3783 3882 conceptio-

2260 3920 2346 3961 ne.
2377 3905 2529 3973 Quod
2553 3915 2638 3962 cst
2668 3908 2849 3962 dicere
2882 3924 2896 3961 :
2932 3907 3189 3963 Nolentcs
3244 3907 3366 3977 ejus
3398 3908 3490 3963 lilii
3530 3902 3785 3978 spirituales

2259 3997 2421 4062 eﬂici,
2450 4008 2638 4053 uterus
2663 3999 2879 4069 quidem
2904 4000 3030 4071 quia
3059 3999 3110 4054 in
3133 4015 3200 4055 eo
3240 4000 3563 4071 concipitur,
3585 4011 3669 4067 pro
3688 4009 3787 4048 ωηο

2258 4089 2503 4157 ceptione
2535 4088 2773 4158 ponitur.
2807 4088 2906 4145 Hic
2938 4098 3119 4144 autem
3149 4089 3292 4144 idem
3326 4091 3668 4145 videturesse
3693 4093 3784 4137 ulc:

2260 4189 2418 4232 ruset
2447 4178 2622 4243 vulva,
2650 4193 2835 4233 ert-ate
2860 4194 2989 4233 vero
3031 4188 3087 4233 et
3136 4179 3364 4234 alienari
3411 4194 3515 4234 non
3544 4186 3655 4233 sunt
3676 4173 3784 4228 idem

2258 4282 2323 4321 ex
2350 4276 2483 4331 toto,
2520 4269 2646 4337 quia
2676 4284 2864 4324 errare
2898 4285 3025 4339 pars
3062 4269 3411 4326 alienationis
3450 4279 3549 4327 est.
3577 4265 3786 4336 Sequitur

2257 4373 2437 4419 autem
2464 4364 2569 4418 alia
2600 4380 2723 4433 pars
2764 4366 3126 4429 alienationis,
3159 4380 3282 4421 cum
3318 4366 3488 4428 addit,
3529 4363 3670 4417 locuti
3691 4365 3784 4411 ηηι

579 4452 894 4522 prophetico
919 4453 993 4507 ita
1042 4452 1283 4523 loquitur
1334 4451 1603 4523 Propheta
1651 4454 1719 4508 de
1748 4452 1965 4518 futuris,
1995 4454 2149 4523 quasi
2189 4469 2234 4526 ι)
2261 4454 2419 4523 falsa.
2455 4452 2605 4523 Quod
2629 4455 2916 4510 estdicere
2949 4495 2963 4509 .
2997 4454 3111 4510 Non
3158 4454 3355 4510 sullicit
3398 4456 3450 4509 in
3512 4450 3783 4522 cogitatione

580 4545 954 4613 prtesentibus.
992 4544 1051 4599 lu
1097 4546 1489 4616 posterioribus
1535 4555 1715 4601 autem
1765 4547 2056 4617 aliquando
2100 4557 2159 4601 ut

580 4634 887 4703 prmteritis.
913 4635 1046 4691 Cum
1075 4638 1218 4691 dicat
1262 4638 1476 4691 alienati
1501 4647 1644 4702 sunt,
1701 4645 1807 4692 etc.
1853 4637 2157 4707 Aliquando

579 4738 712 4779 vero
744 4735 801 4778 ut
825 4725 1040 4791 futuris,
1066 4743 1186 4783 cum
1216 4729 1348 4783 dicit
1371 4728 1512 4783 Deus
1534 4737 1899 4796 conteret,etc.
1934 4730 2159 4797 Semper

581 4823 760 4871 tamen
789 4815 965 4871 future
985 4819 1386 4891 intelligendum
1413 4830 1513 4876 est.
1539 4820 1792 4890 Sequitur
1814 4823 2021 4885 etenim,
2050 4838 2153 4877 etc.

580 4906 735 4975 Quod
764 4908 844 4964 sic
865 4909 1229 4976 continuatur,
1258 4914 1383 4981 quia
1440 4927 1536 4968 eos
1577 4914 1899 4970 adhortatus
1952 4926 2068 4971 erat
2091 4918 2157 4971 ad

582 5009 731 5054 recte
775 4998 1149 5067 indicandum,
1220 5010 1400 5073 posset
1433 5003 1537 5058 dici
1575 5020 1589 5058 :
1622 5005 1703 5058 Ad
1758 5005 1888 5074 qttid
1941 5022 2039 5062 nos
2078 5007 2158 5061 sic

581 5089 931 5144 adhortaris?
968 5088 1157 5146 Nonne
1211 5102 1353 5147 recte
1397 5093 1738 5160 iudicamus?
1779 5097 1861 5150 Ad
1910 5099 2053 5165 quod
2078 5099 2157 5154 sic

583 5178 1246 5248 respoudet:Necessaria
1308 5183 1461 5238 vobis
1508 5192 1592 5238 est
1647 5185 1955 5240 exhortatio
2011 5202 2154 5250 mea,

578 5285 704 5326 cum
729 5270 920 5338 injuste
937 5270 1213 5342 judicetis,
1250 5274 1436 5327 etenim
1472 5275 1525 5327 in
1559 5277 1714 5330 corde
1742 5278 2027 5344 operamini
2051 5279 2154 5332 ini-

582 5362 825 5432 quitatcs,
852 5362 901 5417 id
930 5373 1014 5418 est
1051 5364 1104 5419 in
1130 5366 1293 5420 corde
1323 5365 1585 5421 molimini
1642 5368 1855 5436 operari
1898 5369 2154 5440 iniquita-

582 5460 688 5516 tes,
716 5452 765 5505 id
788 5460 871 5507 est
892 5466 1085 5521 capere
1104 5452 1378 5510 Christum
1408 5466 1463 5511 et
1487 5456 1809 5525 interﬁcere,
1837 5468 1891 5514 et
1928 5475 2150 5531 regnum

582 5542 631 5611 ei
657 5541 891 5610 auferre,
931 5546 1075 5614 quod
1107 5548 1445 5615 reputabitur
1471 5548 1621 5603 vobis
1651 5564 1749 5619 pro
1794 5565 1979 5619 opere.
2015 5552 2151 5607 Cum

582 5633 726 5687 enim
752 5633 803 5687 in
830 5634 987 5690 vobis
1017 5638 1301 5707 cogitando
1334 5638 1446 5710 jam
1470 5640 1568 5710 ipsi
1612 5657 1834 5712 regnum
1865 5642 2147 5708 auieratis,

584 5721 723 5778 idem
755 5734 837 5779 cst
866 5740 927 5781 ac
953 5727 996 5782 si
1020 5728 1131 5798 jam
1161 5731 1536 5790 abstulissctis.
1567 5733 1693 5789 Dico
1718 5733 1860 5804 quod
1892 5737 2150 5804 operami-

2261 4562 2469 4611 errare,
2492 4547 2583 4603 sed
2612 4547 2776 4602 etiam
2801 4547 2866 4602 de
2887 4546 3104 4602 Christo
3154 4545 3291 4601 falsa
3314 4546 3618 4616 loquentur,
3639 4539 3787 4595 diten-

2261 4642 2366 4695 do:
2402 4656 2422 4690 ‹
2454 4637 2554 4694 ilic
2581 4640 2743 4693 homo
2792 4654 2895 4693 non
2927 4648 3011 4694 est
3034 4654 3063 4692 a
3098 4637 3229 4704 Deo,
3269 4639 3360 4707 qui
3395 4636 3672 4691 Sabbatum
3701 4642 3781 4681 non

2260 4730 2496 4787 custodit
2532 4729 2710 4801 (latin.
2745 4745 2823 4792 tx,
2848 4728 2958 4799 iii).
2999 4747 3018 4781 ι
3059 4729 3124 4782 Et
3152 4727 3323 4783 alibi:
3352 4746 3372 4780 ι
3413 4722 3691 4782 Commorit
3715 4733 3782 4786 p0-

2260 4821 2466 4891 pulum,
2489 4820 2690 4875 docens
2712 4836 2740 4873 a
2768 4819 2989 4875 Galilaia
3017 4834 3186 4888 usque
3213 4819 3319 4875 huc
3340 4817 3493 4886 (Luc.
3518 4830 3658 4879 xxtu,
3685 4811 3778 4877 5).»

2258 4912 2325 4966 Ει
2353 4912 2566 4967 iterum.
2590 4932 2607 4963 ι
2644 4911 2798 4967 Hunc
2825 4914 3128 4968 invenimus
3176 4912 3573 4967 subvertentem
3606 4916 3779 4977 gentem

2258 5012 2499 5059 nostram
2532 5002 2685 5072 (Luc.
2718 5019 2874 5067 xxnt,
2905 5004 2982 5074 2).
3024 5022 3043 5055 ι
3079 5003 3142 5057 Ει
3179 5016 3393 5058 rursum
3421 5018 3434 5054 :
3468 5017 3486 5050 σ
3518 4997 3622 5052 Non
3650 4993 3778 5049 babe-

2259 5110 2379 5150 mus
2409 5108 2590 5165 regem
2647 5093 2749 5149 nisi
2787 5094 3052 5150 Caesarem
3080 5094 3261 5166 (Joan.
3290 5108 3405 5157 xix,
3435 5090 3541 5159 15).
3571 5107 3589 5141 ι
3616 5084 3694 5140 Vel
3717 5083 3777 5136 sic

2256 5194 2474 5256 oportet
2494 5184 2616 5254 legi,
2638 5194 2697 5239 ut
2723 5186 3057 5242 continuatio
3078 5202 3185 5242 non
3214 5193 3470 5243 mutetur.
3518 5178 3776 5234 Percuteret

2256 5278 2682 5333 antonomastice
2706 5278 2867 5348 199
2886 5278 2979 5349 qui
3012 5278 3102 5334 lilii
3159 5276 3356 5334 ChriSIi
3399 5289 3519 5331 esse
3542 5272 3773 5329 deberent.

2256 5371 2471 5425 alienati
2491 5381 2611 5423 sunt
2642 5385 2673 5424 a
2697 5371 2956 5428 tiliatione
2999 5370 3117 5440 ejus
3143 5380 3198 5426 et
3237 5371 3349 5425 haec
3369 5362 3614 5420 alienatio
3637 5358 3775 5414 conli-

2254 5461 2391 5529 gita
2420 5460 2598 5526 vulva,
2641 5460 2693 5515 id
2737 5471 2822 5517 est
2870 5464 3125 5518 acarnali
3187 5461 3388 5518 Christi
3449 5455 3771 5529 conceptione.

2255 5552 2321 5606 Et
2361 5552 2583 5621 exponit
2635 5552 2806 5621 ipsam
2857 5554 3233 5611 alienationem
3284 5571 3378 5627 per
3424 5563 3633 5624 partes.
3673 5555 3770 5601 Cum

2254 5645 2438 5698 addit:
2467 5642 2684 5710 Scilicet
2711 5656 3034 5701 erraverunt
3067 5647 3120 5701 in
3152 5647 3275 5702 ﬁde.
3310 5647 3436 5714 Quae
3462 5641 3648 5700 erratio
3667 5649 3766 5692 con-

2256 5736 2373 5808 tigit
2416 5737 2479 5790 ab
2518 5745 2682 5807 utero,
2718 5738 2767 5792 id
2797 5749 2877 5795 est
2907 5754 2937 5793 a
2976 5739 3330 5811 conceptione
3358 5736 3551 5794 Christi
3575 5751 3587 5789 :
3611 5741 3656 5789 et
3674 5728 3765 5784 ideo
