3846 6334
104 353 171 410 901

990 337 1350 396 EXPOSITIO
1378 336 1448 394 1N
1478 333 1813 394 PSALMOS.
1840 366 1909 375 -
1948 334 2145 391 PSAL.
2188 333 2340 391 LVII.

3190 339 3296 396 992

106 470 220 526 loculi
243 473 347 523 sunt
367 464 517 534 falsa,
560 461 806 534 negando
826 475 948 516 eum
990 462 1156 516 Deum
1180 476 1301 516 esse
1331 471 1386 516 et
1413 473 1613 530 regem.
1648 460 1695 518 Α
1720 457 1857 512 catis
1879 456 2112 521 faciunt,
2147 456 2199 511 id
2239 466 2323 510 est
2353 467 2569 509 cessare
2594 493 2609 518 ,
2658 461 2714 509 et
2753 454 2833 510 sic
2876 470 2971 511 eos
2996 458 3293 517 secundum

106 559 214 628 Quod
231 566 304 611 est
328 555 499 609 dicere
522 570 534 607 :
558 552 683 608 Ideo
735 552 804 606 ab
848 551 965 620 ipso
990 561 1111 605 sunt
1139 550 1356 604 alienati
1380 558 1434 604 et
1461 564 1609 603 erra-

105 655 238 704 verum
277 652 326 700 et
355 641 489 712 falsa
548 641 707 694 locuti
750 649 896 703 sunt,
956 639 1082 708 quia
1112 639 1362 694 viderunt
1394 653 1517 693 enni
1554 637 1608 691 in

104 741 463 804 rulva,etutero
484 734 716 806 Virginis
760 733 972 802 concipi
1028 732 1326 788 secundum
1364 746 1606 798 carnem,

107 829 206 899 quod
228 826 423 881 minime
446 824 659 894 quidem
715 822 1133 893 ignominiosum
1170 831 1277 877 est.
1300 821 1396 877 Vel
1433 829 1612 891 potest

105 933 243 973 versus
266 918 354 972 iste
368 930 469 970 non
496 914 822 984 generaliter
852 915 918 969 de
944 913 1146 968 Jutlzeis
1191 913 1317 983 legi,
1345 914 1439 968 sed
1487 926 1610 982 spe—

105 1009 263 1065 cialiter
286 1009 344 1062 de
369 1005 657 1077 perdendis
682 1006 762 1060 sic
786 1022 801 1035 ·
858 1004 987 1059 Dico
1009 1004 1152 1075 quod
1187 1013 1483 1074 operantur
1508 1004 1604 1056 ini-

104 1099 270 1166 qaitater
289 1097 338 1150 in
383 1095 569 1160 corde;
614 1104 669 1150 et
718 1094 938 1162 quidam
988 1094 1228 1163 ipsorum
1271 1092 1609 1164 operantium

106 1189 266 1243 alienati
289 1199 420 1254 sunt,
453 1188 504 1243 id
552 1198 637 1245 est
689 1187 961 1258 repudiati
1002 1195 1129 1243 sunt
1152 1203 1182 1242 a
1214 1188 1343 1253 Deo,
1372 1204 1405 1241 a
1435 1195 1607 1253 antra,

108 1281 143 1334 id
163 1290 227 1335 est
247 1296 272 1335 a
298 1291 527 1351 tempore
578 1280 945 1350 conceptionis
997 1280 1105 1348 sui,
1131 1289 1177 1335 et
1204 1289 1527 1343 erraverunt,
1557 1279 1609 1334 id

106 1373 361 1429 csterronei
400 1373 598 1443 provisi
624 1383 751 1428 sunt
811 1387 842 1427 a
887 1373 1066 1429 divina
1114 1372 1487 1442 providentia;
1545 1373 1610 1427 ab

106 1472 229 1529 utero,
256 1462 300 1517 id
323 1473 400 1519 est
422 1479 450 1517 a
479 1464 831 1533 conceptione
854 1464 973 1529 sui,
1005 1472 1058 1519 et
1089 1463 1251 1519 locuti
1289 1474 1409 1518 sunt
1446 1463 1610 1531 falsa,

106 1553 218 1608 idest
239 1555 430 1622 praevisi
455 1564 582 1609 sunt
606 1554 834 1609 locuturi
875 1554 1032 1610 falsa.
1064 1554 1217 1622 Quod
1271 1565 1357 1610 est
1386 1556 1607 1610 dicere:

107 1641 191 1697 Ideo
230 1642 353 1699 Deus
375 1659 465 1699 eos
483 1644 744 1700 alienavit
783 1660 814 1699 a
852 1645 1032 1712 vulva,
1076 1646 1128 1700 td
1175 1654 1259 1700 est
1286 1645 1609 1716 repudiavit,

106 1737 190 1804 quia
208 1737 424 1807 praevidit
449 1740 894 1795 eoserraturosin
924 1739 1048 1804 ﬁde,
1071 1749 1126 1795 et
1153 1738 1284 1795 falsa
1308 1739 1605 1795 locuturos.

105 1828 198 1882 Cum
223 1844 333 1885 vero
352 1830 456 1885 sint
495 1831 737 1898 alienati,
777 1841 831 1887 et
877 1841 1124 1887 errantes
1149 1844 1205 1887 et
1247 1832 1375 1886 falsa
1393 1832 1613 1903 loquen-
1642 1803 1685 1862 Β

107 1930 176 1984 tes,
198 1922 340 1987 furor,
363 1922 411 1975 id
439 1932 524 1977 est
550 1923 819 1978 dementia
869 1931 954 1978 est
1000 1923 1107 1977 illis
1145 1925 1431 1978 secundum
1462 1924 1614 1978 simi-

108 2011 312 2066 libidinem
336 2015 611 2083 serpentis,
654 2014 706 2069 id
734 2023 817 2069 est
850 2014 1147 2070 secundum
1188 2014 1289 2070 hoc
1315 2014 1459 2084 quod
1490 2023 1617 2069 sunt

106 2101 252 2155 similes
270 2103 517 2171 serpenti.
555 2102 621 2158 Et
664 2104 752 2159 liic
774 2104 1008 2159 ostendit
1034 2105 1119 2159 cui
1166 2104 1426 2174 serpenti,
1490 2119 1613 2160 cuin

106 2190 237 2246 addit:
272 2191 404 2247 Sicut
432 2194 664 2262 aspidis,
696 2195 747 2248 id
774 2204 857 2250 est
883 2203 1070 2265 utpote
1102 2195 1326 2264 aspidis.

153 2280 403 2337 Notandum
428 2285 574 2353 quod
608 2301 712 2339 non
741 2285 871 2341 dicit
906 2300 1000 2341 eos
1042 2286 1245 2341 habere
1277 2286 1513 2341 furorem
1542 2285 1611 2341 ad

106 2375 485 2443 comparationem
530 2376 729 2447 aSpidis
755 2417 770 2440 ,
810 2391 932 2432 cum
976 2377 1064 2432 illa
1096 2394 1201 2433 non
1233 2378 1428 2434 habeat
1470 2378 1615 2434 furo-

106 2479 182 2517 rcin
203 2505 216 2530 ,
239 2465 320 2521 sed
347 2468 719 2523 calliditatem.
766 2467 899 2523 Cum
926 2484 1029 2524 non
1051 2471 1197 2525 audit
1227 2487 1403 2526 uocem
1431 2473 1614 2526 incan-

106 2557 299 2622 tantittm,
334 2559 419 2627 qui
470 2575 597 2615 eam
648 2559 1017 2617 interﬁcerent
1045 2563 1090 2617 si
1119 2577 1213 2618 eos
1238 2564 1483 2631 audiret;
1517 2565 1612 2621 sed

107 2646 195 2700 dicit
226 2664 307 2703 eos
336 2650 542 2707 habere
582 2650 819 2708 furorem
856 2655 1151 2709 secundum
1188 2656 1313 2723 hoc,
1340 2658 1486 2727 quod
1525 2674 1613 2714 as-

106 2736 178 2803 pidi
196 2738 370 2795 similes
396 2741 808 2799 suuLOstendit
830 2753 1009 2800 autem
1040 2745 1094 2799 in
1123 2761 1230 2816 quo
1254 2757 1381 2803 sunt
1408 2749 1613 2805 similes

106 2828 253 2896 aspidi,
278 2846 389 2885 cum
409 2830 689 2904 subjuugit
721 2848 736 2887 :
769 2834 981 2897 Surdic,
1017 2838 1157 2905 quod
1177 2847 1261 2893 est
1286 2840 1466 2894 dicere
1491 2854 1505 2893 :
1542 2841 1607 2894 Et

108 2916 143 2968 in
161 2918 237 2974 hoc
259 2932 374 2976 sunt
399 2923 607 2979 similes
630 2965 647 2992 ,
694 2926 821 2995 quia
843 2927 1234 2984 obsurdescunt
1260 2932 1400 2985 sicut
1429 2933 1573 3002 aspis
1595 2974 1609 2997 ,

107 3023 152 3062 ne
170 3026 273 3067 vero
306 3024 586 3083 putaretur
612 3017 757 3087 aspis
802 3020 1125 3075 naturaliter
1155 3035 1276 3076 esse
1303 3022 1503 3090 surda,
1544 3025 1610 3079 ad

109 3102 215 3171 cujus
242 3106 633 3164 similitudinem
659 3118 714 3165 et
748 3110 847 3180 ipsi
881 3113 1200 3169 naturaliter
1224 3115 1368 3170 surdi
1393 3126 1576 3171 essent
1594 3158 1609 3182 ,

102 3193 659 3269 ilicoqueexcusabiles;
688 3201 872 3269 addit,
896 3212 944 3258 et
965 3204 1256 3260 obturantis
1284 3223 1437 3260 attrcs
1466 3224 1613 3263 snas.
1643 3192 1685 3211 υ

106 3284 213 3350 Quod
236 3302 306 3347 cst
332 3294 506 3351 dicere
535 3314 549 3349 :
581 3295 712 3362 Quae
762 3304 951 3367 sponte
999 3312 1095 3353 sua
1141 3298 1304 3353 surda
1350 3310 1430 3354 est
1461 3300 1616 3355 obtu-

106 3384 226 3437 rando
247 3400 419 3453 aures,
448 3403 617 3442 unam
645 3388 863 3457 quidem
895 3398 1052 3444 terra:
1091 3389 1304 3446 fortiter
1336 3391 1615 3463 applican-

106 3469 175 3536 do,
194 3475 388 3532 alteram
419 3494 553 3535 vero
578 3480 746 3533 cauda
775 3481 1081 3536 obturando
1107 3498 1121 3535 :
1153 3481 1490 3537 demonstrat
1516 3498 1614 3537 au-

106 3565 177 3613 lem
205 3581 295 3634 qua
334 3582 496 3623 causa
528 3583 692 3623 aures
737 3570 986 3634 obturet,
1046 3570 1423 3641 subiungendo
1452 3590 1467 3627 :
1498 3590 1616 3643 quin

105 3662 322 3723 postquam
364 3675 526 3717 aures
578 3661 943 3726 obturaverit,
996 3679 1099 3716 non
1162 3665 1405 3718 exaudiet
1445 3681 1617 3721 vocent

103 3740 415 3805 incantantiunt
434 3793 449 3819 ,
479 3760 538 3807 et
574 3753 810 3807 ostendit
840 3768 939 3821 pro
978 3768 1084 3823 quo
1112 3753 1423 3810 incantante
1452 3758 1613 3811 obtu-

103 3843 165 3889 rat
188 3852 323 3896 aures
344 3858 464 3897 cum
488 3844 644 3899 addit
677 3861 691 3897 :
746 3843 814 3897 Et
840 3882 855 3908 ,
889 3844 938 3897 id
962 3854 1046 3900 est
1079 3846 1284 3901 scilicet
1314 3861 1421 3901 non
1449 3863 1617 3902 exau-

102 3924 408 3999 dieteeneﬁci,
458 3933 779 3987 incantantis
822 3934 1102 4003 sapienter.
1152 3934 1316 4002 Quasi
1364 3936 1611 3992 diceret:

102 4012 182 4069 Non
208 4021 404 4077 obturat
432 4033 660 4093 propter
687 4037 873 4079 vocem
903 4025 1210 4095 insipientis
1232 4027 1614 4095 incantatoris,

101 4121 183 4175 quae
205 4111 315 4166 nihil
360 4114 406 4169 ei
440 4124 694 4181 noceret,
732 4116 828 4170 sed
871 4116 939 4169 ad
980 4115 1080 4172 hoc
1110 4125 1169 4171 ut
1214 4132 1318 4172 non
1360 4120 1617 4175 exaudiat

101 4212 220 4253 recent
243 4206 444 4273 vene/ici
471 4208 794 4261 incantantis
824 4208 1104 4273 sapienter,
1137 4209 1226 4278 qui
1259 4224 1379 4265 eam
1416 4211 1615 4266 obdor-

101 4291 196 4347 mire
226 4294 415 4354 faceret
462 4308 520 4355 et
558 4299 922 4366 interﬁceret,
978 4309 1034 4355 et
1064 4301 1186 4355 inde
1220 4317 1486 4358 venenum
1517 4304 1616 4359 eli-

100 4394 221 4440 ceret.
247 4388 304 4443 Et
341 4392 443 4447 hoc
472 4400 649 4446 totum
694 4401 811 4454 est.
863 4406 927 4447 ac
962 4392 1005 4447 si
1053 4394 1133 4448 sic
1163 4406 1431 4463 poneret:
1463 4397 1613 4452 Adeo

1709 560 1851 616 quoa
1876 547 2000 601 mali
2026 556 2151 603 sunt
2184 545 2552 609 interﬁciunt,
2582 553 2638 600 et
2659 559 2927 600 venenum
2954 562 3133 617 prava
3166 567 3296 606 con-

1710 638 2060 707 cupiscentia:
2106 636 2411 691 auferunt:
2460 636 2604 691 sicut
2652 636 2879 691 veneﬁci
2930 638 3296 697 incantatores

1712 730 1953 799 aspidem
1982 729 2303 783 obdormire
2321 742 2453 783 voce
2480 742 2576 783 sua
2605 727 2812 783 faciunt
2839 738 2896 783 et
2924 730 3251 789 interﬁciunt
3277 776 3291 795 .

1712 832 1765 876 et
1803 836 2070 876 venenum
2100 821 2347 876 eliciunt.
2400 822 2554 889 Quod
2598 831 2680 877 est
2730 823 3119 893 aequipollens,
3172 842 3294 881 cum

1712 910 1931 965 alienati
1954 912 2091 978 sint,
2129 921 2339 967 tantum
2365 911 2606 968 furorem
2641 913 2843 968 habent
2869 918 3011 986 quod
3041 931 3137 985 per
3181 933 3292 970 ma-

1713 1004 1792 1061 las
1838 1006 2153 1063 aﬁ'ectiones
2206 1008 2511 1078 praeteritas
2574 1018 2630 1063 et
2683 1021 2980 1079 praesentes
3035 1013 3299 1067 obturant

1712 1098 1939 1155 rationis
1973 1116 2135 1156 aures
2161 1143 2174 1168 ,
2228 1117 2295 1156 ne
2334 1116 2521 1158 vocem
2571 1101 2987 1171 prmdicatorum
3023 1106 3243 1159 audiant
3280 1122 3293 1157 :

1713 1201 1769 1249 et
1796 1209 1824 1247 a
1855 1194 2095 1265 peccatis
2124 1204 2402 1251 cessantes
2428 1209 2637 1250 veneno
2663 1195 2818 1250 mala:
2840 1197 3296 1268 concupiscentiae

1711 1294 1966 1350 careant,
2000 1295 2056 1341 et
2078 1286 2156 1340 sic
2184 1286 2309 1340 boni
2354 1286 2507 1340 ﬁant.

1781 1374 2033 1431 Ostendit
2058 1385 2239 1431 autem
2271 1377 2629 1447 quorumdam
2662 1377 2902 1447 ipsorum
2933 1376 3295 1434 alienatorum

1713 1476 1767 1522 et
1796 1467 2178 1523 salvandorum
2225 1469 2435 1524 scilicet
2489 1469 2915 1524 destructionem
2965 1470 3015 1523 in
3050 1470 3192 1524 malo
3238 1480 3298 1524 ut

1714 1555 1836 1611 boni
1873 1556 2035 1624 ﬁant,
2073 1557 2190 1612 sic:
2222 1558 2384 1628 200
2432 1558 2548 1613 Dixi
2580 1558 2721 1628 quod
2753 1569 3047 1629 peccatores
3078 1559 3295 1615 alienati

1712 1658 1877 1713 sunt;
1910 1655 1966 1702 et
1994 1662 2116 1702 cum
2159 1649 2292 1703 tales
2317 1650 2420 1703 sint
2442 1690 2457 1713 ,
2491 1652 2745 1719 quoniam
2775 1650 2931 1704 aliter
2963 1652 3159 1706 salvari
3189 1668 3296 1706 non

1714 1744 1934 1807 possent
1954 1779 1970 1798 .
2004 1736 2145 1791 Deus
2172 1748 2394 1792 conteret
2422 1755 2517 1809 per
2546 1740 3006 1811 impugnationem
3037 1743 3298 1810 praedica—

1719 1839 1894 1883 torum
1925 1843 2145 1914 snorupr
2170 1831 2348 1885 dentes
2368 1848 2548 1885 eorum
2566 1873 2579 1894 ,
2624 1833 2675 1886 id
2701 1841 2784 1887 est
2812 1848 3008 1901 parvas
3030 1834 3297 1888 corrosio-

1716 1936 1812 1976 nes
1838 1930 1893 1976 et
1926 1922 2294 1978 detractiones
2322 1940 2511 1977 eorum
2536 1965 2549 1987 ,
2586 1926 2942 1994 quorumdam
2966 1926 3176 1981 scilicet
3204 1927 3297 1998 qui

1716 2014 1957 2069 salvandi
2000 2023 2145 2069 sunt.
2204 2014 2270 2069 Et
2305 2016 2565 2072 Dominus
2602 2018 2889 2088 confringet
2936 2034 3032 2088 per
3074 2020 3293 2074 eosdem

1715 2105 2096 2174 praedicatores
2137 2106 2304 2160 molas
2331 2109 2568 2175 leonum,
2610 2109 2660 2163 id
2686 2117 2769 2163 est
2799 2110 3065 2164 maximas
3106 2126 3296 2165 corro-

1713 2194 1896 2248 sioues
1926 2194 2163 2264 ipsorum
2190 2237 2205 2262 ,
2237 2196 2327 2266 qui
2358 2206 2483 2251 sunt
2503 2196 2718 2262 leones,
2748 2196 2801 2252 id
2827 2207 2912 2253 ost
2932 2208 3149 2253 sanctos
3179 2213 3300 2253 ver-

1714 2283 1799 2339 bis
1836 2285 1950 2340 suis
1983 2294 2038 2340 et
2082 2287 2523 2343 tribulationibus
2561 2289 2914 2354 devorantes,
2963 2292 3029 2344 ad
3073 2294 3291 2346 modum

1715 2376 1927 2431 leonum
1952 2376 2347 2432 devorantinni.
2377 2379 2441 2433 Et
2468 2379 2568 2435 hoc
2591 2380 2644 2433 in
2674 2396 2764 2433 ore
2794 2380 3027 2448 ipsorum
3048 2420 3063 2445 ,
3111 2381 3163 2435 id
3213 2390 3299 2434 est

1715 2465 1769 2520 iu
1800 2466 2151 2535 responsione
2176 2467 2289 2522 oris
2314 2468 2573 2538 ipsortnn.
2606 2467 2760 2535 Quod
2783 2478 2866 2523 est
2890 2470 3072 2524 dicere
3104 2490 3116 2523 :
3152 2470 3300 2525 Adeo

1715 2555 1878 2612 faciet
1930 2572 2060 2614 suos
2104 2569 2325 2614 sanctos
2375 2560 2666 2623 facundos,
2719 2561 2861 2630 quod
2918 2560 3166 2616 facundia
3198 2577 3296 2615 sua

1716 2655 2035 2722 destruent,
2067 2656 2326 2726 quidquid
2360 2657 2507 2727 impii
2545 2657 2687 2712 male
2726 2657 2794 2712 de
2831 2658 2942 2712 Deo
2984 2667 3039 2712 et
3076 2658 3141 2713 de
3168 2658 3302 2728 ipsis

1715 2743 2006 2815 loquentur
2058 2763 2071 2798 :
2118 2754 2172 2801 et
2213 2746 2315 2800 hoc
2367 2747 2531 2800 etiam
2581 2761 2680 2815 per
2725 2748 3129 2801 attestationem
3188 2750 3301 2803 oris

1713 2850 1926 2901 eorum,
1957 2836 2011 2891 id
2039 2844 2123 2891 est
2150 2836 2228 2891 sic
2255 2836 2648 2892 rationabiliter
2672 2851 2793 2890 cum
2816 2838 2896 2889 eis
2925 2838 3294 2905 disputabunt:

1715 2927 1858 2997 quod
1889 2927 2002 2995 ipsa
2032 2941 2164 2982 voce
2192 2941 2380 2982 eorum
2413 2942 2509 2996 per
2540 2927 2976 2983 inconvenientia
3006 2943 3101 2983 eos
3128 2929 3297 2983 dedu-

1715 3028 1872 3072 cente
1896 3019 2199 3081 destruent,
2228 3028 2282 3071 et
2304 3020 2541 3073 minores
2572 3020 2936 3089 blaspliemias
2950 3031 3004 3076 et
3028 3021 3296 3091 majores:

1716 3111 1892 3161 dentes
1914 3121 2012 3176 pro
2039 3110 2440 3162 corrosronibus
2471 3108 2759 3162 verborum
2792 3111 2940 3179 ponit
2959 3114 3104 3177 ,‘pro
3126 3110 3301 3165 mino-

1721 3197 1870 3252 ribus
1910 3197 2155 3265 scilicet,
2186 3206 2241 3252 et
2280 3198 2446 3251 molas
2486 3212 2584 3267 pro
2630 3198 2961 3265 majoribus,
3013 3199 3137 3269 quia
3168 3200 3297 3254 den-

1721 3287 1851 3342 tium
1874 3298 1954 3342 est
1982 3289 2276 3343 corradere
2300 3328 2314 3353 ,
2348 3297 2400 3342 et
2425 3290 2551 3357 quia
2583 3288 2819 3343 molares
2846 3290 3035 3344 dentes
3066 3289 3298 3359 majores

1718 3390 1844 3436 sunt
1867 3420 1883 3447 ,
1936 3396 2097 3450 quam
2124 3382 2314 3435 dentes
2342 3381 2432 3449 qui
2462 3396 2568 3436 non
2595 3392 2720 3437 sunt
2752 3383 2905 3437 molae
2935 3400 2948 3436 :
2997 3382 3298 3437 anteriores

1718 3473 1927 3529 scilicet
1947 3474 2138 3529 dentes
2165 3490 2180 3534 ;
2211 3474 2297 3529 vel
2327 3478 2504 3528 dentes
2530 3490 2710 3529 eorum
2734 3474 2823 3544 qui
2854 3484 2978 3529 sunt
3004 3475 3058 3528 in
3088 3489 3213 3537 ore,
3244 3475 3295 3528 id

1717 3575 1801 3622 est
1832 3567 1949 3622 illas
1976 3567 2319 3622 corrosiones
2346 3566 2588 3636 quzejam
2617 3574 2743 3621 sunt
2789 3567 2840 3621 in
2866 3576 3077 3637 aperto,
3126 3567 3184 3621 in
3208 3582 3299 3620 ore

1716 3656 1960 3723 scilicet,
1987 3656 2038 3711 id
2066 3664 2149 3711 est
2177 3656 2314 3709 mala
2343 3659 2504 3711 verba
2536 3670 2723 3711 eorum
2741 3695 2757 3719 ς
2811 3666 2859 3709 et
2892 3655 3058 3710 molas
3079 3697 3094 3723 ,
3139 3657 3190 3711 id
3216 3665 3299 3711 est

1717 3749 1957 3804 occultas
2003 3749 2379 3811 corrosiones,
2412 3748 2773 3819 cegitationes
2809 3750 3013 3804 scilicet
3040 3792 3054 3807 .
3101 3750 3298 3819 quibus

1718 3853 1901 3893 secum
1934 3840 2199 3893 devorant
2230 3839 2392 3893 Deum
2415 3850 2468 3893 et
2491 3846 2740 3904 sanctos,
2775 3852 2894 3908 qua:
2920 3840 3148 3895 occultae
3171 3848 3294 3893 sunt

1718 3940 1777 3987 ut
1808 3931 1997 3997 molae;
2030 3943 2257 3985 conteret
2290 3929 2571 3998 Dominus,
2618 3930 2669 3984 id
2702 3943 2785 3985 es:
2813 3931 3051 3986 destruet
3086 3945 3153 3984 ex
3182 3941 3296 3986 toto

1715 4037 1814 4093 per
1845 4020 2286 4092 praedicationem
2328 4020 2590 4086 ﬁdelium,
2629 4035 2698 4076 ne
2730 4021 2959 4091 amplius
2992 4036 3085 4076 eos
3111 4036 3296 4076 corro-

1716 4118 1866 4179 dant,
1910 4118 1996 4173 vel
2035 4115 2347 4184 cogitando,
2389 4113 2470 4171 vel
2508 4114 2805 4185 loquendo;
2846 4125 3132 4183 postquam
3164 4128 3297 4167 vero

1716 4209 1905 4265 dentes
1947 4218 2003 4263 et
2041 4206 2198 4263 mola:
2240 4213 2615 4271 conterentur,
2655 4204 2725 4257 ad
2765 4204 2986 4256 nihilum
3025 4203 3295 4256 devenient

1717 4300 1782 4356 de
1809 4300 2014 4355 malitia
2039 4315 2134 4355 sua
2160 4312 2409 4366 tanquam
2433 4313 2591 4364 aqua,
2617 4295 2669 4349 id
2692 4302 2775 4349 est
2800 4297 2867 4349 ad
2894 4298 3112 4349 modum
3136 4309 3292 4364 aqua:

1716 4394 2060 4449 decurrentis.
2092 4378 2245 4458 ρυοά
2285 4400 2368 4446 est
2399 4390 2580 4443 dicere
2616 4405 2630 4441 :
2669 4387 2823 4441 Sicut
2850 4402 2989 4456 aqua
3029 4401 3149 4455 quae
3178 4387 3294 4441 col-

100 4486 186 4531 squ
205 4478 425 4539 furentes
444 4526 458 4550 ,
488 4484 634 4556 quod
661 4492 853 4553 sponte
880 4499 1039 4539 aures
1066 4486 1290 4541 rationis
1309 4487 1564 4542 obtttran:
1593 4530 1609 4557 ,
1646 4499 1690 4554 ι)
1718 4484 1855 4539 lecta
1886 4484 2065 4553 pluvia
2092 4481 2308 4542 crescit,
2341 4481 2451 4535 cito
2482 4479 2745 4539 decurrit,
2774 4487 2825 4532 et
2854 4478 2920 4533 ad
2951 4478 3176 4531 nihilum
3205 4479 3298 4531 de-

101 4571 245 4630 partim
292 4576 497 4640 cauda,
549 4575 601 4629 id
652 4584 738 4630 est
785 4577 1179 4632 consuetudine
1213 4579 1612 4648 prmteritorum

104 4659 307 4719 malorum
333 4706 348 4731 ,
373 4683 495 4738 qua:
524 4682 621 4737 per
647 4667 877 4722 caudam
928 4668 1313 4739 designantur,
1343 4687 1462 4741 quae
1492 4688 1615 4742 pos-

101 4749 223 4802 terior
262 4769 381 4823 pars
420 4757 670 4826 corporis
694 4764 814 4823 est,
872 4772 938 4811 co
986 4762 1129 4827 quod
1170 4759 1282 4829 ipsa
1319 4761 1458 4814 mala
1501 4760 1612 4829 jam

101 4844 311 4902 prateﬁta
343 4846 643 4916 posteriora
674 4858 831 4912 sunt;
878 4848 1072 4917 partim
1103 4863 1235 4903 vero
1263 4865 1422 4905 aures
1451 4851 1616 4905 ratio-

101 4930 159 4983 nis
178 4934 449 5004 obturant,
507 4938 863 5009 applicatione
913 4948 1089 5004 terrae,
1148 4941 1199 4995 id
1246 4951 1331 4996 est
1379 4956 1474 5012 per
1515 4944 1615 4998 hoc

101 5027 203 5091 quod
234 5033 491 5101 applicant
517 5049 573 5089 se
601 5035 829 5089 terrenis
857 5043 909 5089 et
939 5034 1118 5105 impiis
1146 5034 1522 5093 affectionibus
1548 5040 1614 5093 ad

100 5116 266 5172 nodum
293 5123 490 5191 aspidis
511 5164 525 5188 ,
584 5138 704 5194 qua:
733 5139 894 5179 unam
946 5141 1129 5181 aurem
1161 5126 1405 5195 obturat,
1460 5138 1616 5184 teme

102 5217 187 5260 eam
225 5214 558 5282 applicando,
603 5215 833 5271 alteram
895 5232 1023 5273 vero
1077 5220 1269 5274 cauda.
1318 5220 1383 5274 Et
1413 5220 1617 5275 idcirco

103 5294 303 5356 obturant
336 5313 391 5358 ut
420 5321 525 5361 non
560 5307 783 5361 audiant
808 5322 1033 5362 vocem:
1090 5310 1140 5363 id
1166 5318 1249 5364 est
1275 5312 1615 5380 przrdicatio-

105 5396 193 5440 nem
214 5390 616 5465 incantantium,
667 5407 725 5453 et
768 5414 872 5453 non
913 5400 1281 5469 insipientium
1311 5401 1614 5457 incantato-

105 5487 191 5531 τυω
221 5520 236 5545 ο
284 5486 371 5540 sed
422 5489 790 5545 veneﬁcarum
848 5491 1245 5547 incantantium
1300 5494 1614 5565 sapienter,

106 5571 409 5633 apostolorum
440 5578 674 5647 scilicet,
703 5588 757 5634 et
782 5580 1011 5635 aliorum
1034 5582 1467 5652 praedicatorum,
1498 5600 1618 5654 qua:

107 5655 304 5719 dicuntur
331 5667 448 5723 ideo
477 5669 839 5727 incantatores
868 5682 923 5728 et
950 5674 1207 5740 veneﬁci,
1250 5689 1316 5731 eo
1362 5677 1504 5746 quod
1539 5677 1617 5746 ip-

108 5759 172 5803 ιοε
198 5767 480 5821 peccatores
516 5764 894 5833 prmdicatione
930 5780 1026 5821 sua
1064 5768 1375 5822 obdormire
1407 5769 1457 5821 iu
1491 5783 1615 5837 pec-

1716 4576 1952 4641 ducitur,
1989 4575 2044 4629 id
2073 4583 2155 4629 est
2178 4573 2247 4628 de
2283 4572 2401 4629 loco
2429 4587 2526 4642 per
2551 4585 2711 4640 quem
2739 4569 2911 4623 currit
2941 4572 3048 4625 cito
3078 4569 3292 4634 defluit;

1716 4669 1798 4725 sic
1840 4668 1943 4738 ipsi
1983 4667 2051 4722 de
2086 4665 2289 4720 malitia
2330 4680 2425 4719 sua
2469 4663 2579 4719 cito
2604 4662 3070 4721 annihilabuntur.
3112 4671 3169 4718 et
3201 4679 3300 4734 per

1716 4762 1821 4817 ltoc
1847 4759 2115 4814 devenient
2168 4757 2238 4811 ad
2288 4755 2545 4820 nihilum;
2586 4754 2711 4825 quia
2768 4754 3027 4809 Dominus
3076 4756 3297 4809 intendit

1718 4869 1899 4909 arcum
1922 4867 2095 4917 suum,
2131 4850 2184 4905 id
2216 4859 2303 4904 est
2326 4849 2595 4904 intonsam
2632 4847 2793 4903 faciet
2820 4849 3296 4905 comminationem

1718 4946 2016 5017 Scriptum
2062 4958 2173 4999 sua:
2221 4956 2320 5013 per
2355 4942 2775 5011 praedicatores,
2817 4941 2982 4995 donec
3030 4941 3303 5010 inﬁrmen-

1718 5052 1807 5095 tnr
1846 5040 1898 5094 in
1946 5036 2152 5093 malitia
2186 5050 2307 5102 sua,
2348 5034 2400 5090 id
2430 5043 2516 5092 est
2543 5034 2715 5091 donec
2744 5033 2949 5089 malitia
2985 5046 3177 5087 eorum
3206 5030 3301 5086 de-

1719 5131 1885 5187 ﬁciat.

1789 5222 2021 5279 Oslcnso
2058 5218 2162 5275 hoc
2195 5216 2340 5289 quod
2397 5217 2537 5274 Dens
2568 5226 2793 5275 conteret
2827 5216 3003 5269 dentes
3041 5223 3089 5268 et
3132 5211 3297 5267 molas

1720 5313 2103 5385 quorumdam,
2135 5318 2190 5366 et
2231 5310 2311 5365 sic
2338 5309 2788 5364 annihilabuntur
2826 5309 2893 5360 de
2928 5302 3134 5360 trialitia
3172 5319 3294 5367 sua,

1721 5419 1789 5459 ne
1837 5410 2085 5473 pereant,
2132 5400 2533 5456 damnationem
2577 5398 2805 5453 aliorum
2851 5394 3107 5461 ostendit,
3154 5393 3232 5449 sic
3281 5409 3295 5447 :

1722 5495 1842 5551 Dixi
1874 5494 2017 5564 quod
2057 5492 2199 5547 Deus
2240 5492 2418 5546 dentes
2454 5487 2813 5561 quorumdam
2842 5486 3202 5541 alienalorum
3243 5494 3297 5540 et

1722 5588 1890 5643 motas
1930 5596 2196 5647 conteret.
2237 5600 2293 5642 et
2330 5588 2409 5641 sic.
2450 5580 2896 5637 annihilabuntur
2942 5592 3009 5635 ne
3052 5588 3297 5649 pereant.

1723 5676 1917 5734 Caneri
1942 5691 2071 5733 vero
2100 5676 2191 5745 qui
2224 5671 2514 5730 damnandi
2536 5678 2683 5736 sunt,
2723 5669 3031 5734 auferantur
3059 5670 3126 5723 de
3156 5677 3299 5722 terra

1721 5769 1852 5822 sicut
1905 5784 2021 5822 cera
2068 5782 2185 5837 qnte
2218 5766 2355 5831 (luit,
2405 5763 2589 5845 idiest
2630 5762 2694 5817 ad
2727 5761 2939 5818 modum
2980 5775 3140 5826 certe,
3186 5776 3303 5831 quae
