3846 6334
570 302 675 359 905

566 415 686 472 ﬂuit
713 431 746 468 a
786 412 922 485 [acie
960 412 1114 485 ignis.
1144 412 1296 481 Quod
1324 421 1410 469 est
1443 414 1623 469 dicere
1654 430 1668 468 :
1710 413 1863 469 Sicut
1889 427 2015 468 cera
2056 411 2142 466 itt-

568 516 824 564 constans
851 512 935 560 est
960 513 1089 559 ante
1123 504 1466 574 praesentiam
1495 503 1656 575 ignis,
1699 504 1777 559 sic
1821 511 1878 558 et
1917 502 2018 573 ipsi
2056 502 2140 556 in-

567 604 884 653 constantes
907 604 1069 649 erunt
1091 603 1146 649 et
1169 595 1366 649 infirmi
1392 604 1516 649 ante
1545 596 1863 649 instantiam
1892 594 2142 649 inimico-

568 703 713 753 rum,
740 686 1107 740 Romanorum
1132 686 1356 741 scilicet.
1388 685 1471 739 Ab
1493 686 1573 741 eis
1596 686 1739 740 enim
1767 686 2140 752 devincentur,

566 787 623 831 ct
663 778 862 846 captivi
898 781 1182 832 ducentur.
1222 776 1525 831 Notandum
1568 787 1747 832 autem
1778 778 1920 848 quod
1956 778 2031 832 illi
2074 793 2143 833 ex

565 868 766 922 .ludzris
798 868 889 938 qui
917 869 1163 923 conversi
1194 867 1429 933 fuerant,
1469 883 1575 923 non
1608 877 1734 924 sunt
1765 868 1931 923 ablati
1974 877 2025 923 et
2054 884 2145 922 ea-

566 958 698 1027 ptivi
730 959 897 1013 ducti.
929 955 1085 1012 Prius
1115 957 1261 1012 enim
1294 973 1454 1027 quam
1496 956 1832 1013 Hierusalem
1863 959 2144 1014 obsidere-

567 1061 720 1116 tur,a
749 1050 951 1119 Spiritu
975 1059 1165 1105 sancto
1189 1051 1503 1105 commoniti
1535 1050 1771 1118 fuerunt,
1802 1060 1861 1106 ut
1886 1052 2143 1108 transfer-

566 1150 687 1193 rent
741 1155 801 1195 se
857 1141 908 1194 in
973 1156 1197 1208 regnum
1252 1143 1523 1213 Agrippaz,
1584 1143 1675 1198 ubi
1736 1144 1904 1214 quieti
1959 1153 2144 1201 essent

567 1232 783 1300 (Eusnn.
818 1231 912 1285 lib.
948 1248 1006 1286 Ill
1041 1232 1181 1286 llist.
1227 1249 1347 1303 cap.
1378 1234 1457 1304 5).
1488 1234 1583 1289 Vel
1622 1234 1703 1289 sic
1740 1236 2045 1305 auferenlur
2089 1238 2141 1293 in

562 1321 744 1376 futuro
782 1338 810 1375 a
842 1321 980 1377 facie
1016 1323 1312 1393 judicantis
1353 1324 1445 1379 Dei
1488 1340 1503 1379 :
1539 1326 1591 1380 in
1620 1326 1888 1381 infernum
1920 1328 2140 1397 ﬂnxnri,

560 1414 692 1465 sicut
720 1428 838 1467 cera
861 1430 979 1484 qua:
1000 1415 1119 1483 ﬂuit
1145 1430 1173 1467 a
1202 1416 1487 1484 praesentia
1519 1416 1679 1486 ignis.
1702 1417 1769 1471 Et
1798 1418 1889 1474 hic
1922 1420 2139 1476 interim

559 1503 613 1557 in
658 1503 762 1558 hoc
797 1505 1020 1571 mundo,
1050 1522 1208 1575 super
1240 1509 1423 1561 cecidit
1458 1508 1617 1578 ignis,
1663 1509 1714 1562 id
1746 1518 1827 1564 est
1859 1526 2022 1581 super
2048 1527 2141 1570 eos

558 1594 717 1649 cadet
754 1596 911 1667 ignis,
957 1598 1008 1652 id
1046 1607 1130 1653 est
1159 1599 1341 1655 fervor
1378 1601 1640 1656 malarum
1670 1606 2142 1673 concupiscentia-

558 1702 677 1740 rum
706 1703 719 1740 :
762 1705 884 1743 ctttn
921 1690 1052 1744 dicit
1078 1708 1257 1762 super,
1281 1692 1461 1748 innuit
1484 1694 1629 1763 quod
1654 1702 1837 1749 tantus
1864 1696 1968 1750 erit
2000 1696 2140 1768 ignis

558 1779 1147 1849 concupiscentiarum,
1188 1782 1331 1851 quod
1360 1797 1455 1839 eos
1494 1783 1714 1839 omnino
1755 1784 2038 1856 deprimet,
2072 1788 2140 1843 ad

557 1869 776 1923 modum
804 1871 986 1926 oneris
1018 1872 1247 1943 desuper
1279 1874 1545 1931 cadentis.
1582 1874 1735 1942 Quod
1760 1885 1842 1931 est
1873 1892 1937 1932 ac
1975 1875 2019 1931 si
2056 1877 2138 1932 di-

558 1973 708 2019 ceret
745 1982 758 2017 :
799 1963 932 2020 Cum
981 1966 1081 2035 ipsi
1129 1982 1226 2036 per
1272 1968 1445 2025 malas
1490 1969 1961 2040 concupiscentias
2010 1985 2139 2027 suas

557 2056 687 2112 caeci
733 2057 863 2123 sint,
904 2058 1298 2129 multiplicabit'
1330 2060 1383 2115 in
1428 2062 1511 2118 eis
1556 2060 1829 2118 fervorem
1872 2060 2136 2117 malarum

557 2148 1143 2216 concupiscentiarum,
1201 2160 1260 2205 ut
1305 2150 1478 2221 magis
1515 2160 1876 2207 excazcentur.
1927 2151 1996 2205 Et
2038 2152 2140 2208 hoc

558 2236 679 2291 ideo
703 2236 828 2301 erit,
855 2239 980 2307 quia
1006 2256 1108 2293 non
1133 2240 1370 2294 viderunt
1393 2256 1490 2310 per
1510 2241 1693 2307 fidem,
1716 2243 1876 2296 solem
1892 2240 2135 2309 iustitiae,

557 2327 852 2394 Christum,
884 2331 975 2401 qui
1013 2340 1181 2384 totum
1224 2332 1482 2386 mundum
1521 2332 1626 2387 fide
1657 2342 1711 2388 et
1744 2334 2037 2389 virtutibus
2072 2333 2136 2388 il-

558 2420 805 2486 luminat,
838 2423 904 2476 ad
933 2424 1153 2476 modum
1177 2422 1307 2478 solis
1341 2424 1598 2478 mundum
1626 2423 1915 2495 Splendore
1939 2424 2138 2480 illumi-

559 2512 756 2566 nantis.
793 2512 859 2567 Et
899 2512 1001 2568 istc
1040 2514 1181 2584 ignis
1212 2515 1447 2570 absorbet
1489 2533 1577 2570 eos
1632 2518 1765 2571 sicut
1809 2518 2051 2583 viventes,
2085 2517 2138 2573 id

556 2614 641 2657 est
669 2604 952 2659 devorabit
979 2606 1303 2662 excaecando
1336 2608 1600 2664 rationem
1636 2623 1846 2674 eorum,
1888 2609 1980 2679 qui
2013 2618 2140 2664 sunt

557 2710 665 2749 non
706 2710 893 2750 revera
939 2697 1201 2765 viventes,
1234 2698 1330 2753 sed
1370 2700 1503 2753 sicut
1540 2700 1782 2754 virentes.
1818 2700 1873 2755 In
1910 2714 2138 2770 corpore

558 2794 764 2840 tantum
802 2789 1099 2844 secundum
1129 2790 1535 2847 sensualitatem
1565 2792 1827 2847 viventes.
1854 2792 1912 2847 In
1953 2793 2135 2847 anima

555 2891 686 2933 vero
728 2893 826 2948 per
861 2888 1158 2949 peccatum'
1187 2883 1409 2936 mortui.
1449 2883 1582 2937 Dico
1616 2883 1759 2951 quod
1801 2882 2136 2950 absorbebit,

556 2978 611 3024 et
638 2969 740 3025 hoc
772 2970 913 3025 sicut
940 2972 995 3026 in
1016 2972 1117 3036 ira,
1150 2972 1203 3027 id
1226 2982 1335 3039 est,
1365 2988 1472 3029 non
1502 2975 1555 3028 in
1588 2974 1673 3029 illa
1705 2975 1817 3037 Dei,
1844 2974 1895 3029 id
1920 2986 2003 3030 est
2028 2976 2139 3029 vin-

555 3064 859 3135 dicta,qu:c
889 3081 1079 3121 revera
1102 3076 1186 3122 est
1210 3067 1436 3122 dicenda
1469 3068 1569 3135 ira,
1600 3069 1653 3123 id
1684 3077 1768 3124 est
1794 3068 1849 3123 in
1877 3069 2034 3138 201
2054 3068 2137 3123 ira

554 3165 834 3226 perpetua,
870 3156 965 3211 sed
985 3158 1139 3226 quasi
1160 3158 1214 3211 in
1239 3159 1339 3223 ira,
1371 3158 1423 3213 id
1449 3170 1534 3214 est
1560 3159 1613 3213 in
1655 3158 1743 3213 tali
1777 3158 1856 3213 ira
1890 3174 2009 3228 quae
2033 3160 2138 3214 erit

554 3248 710 3318 quasi
756 3248 862 3315 ira,
889 3248 941 3303 id
970 3257 1055 3305 est
1084 3249 1273 3304 umbra
1305 3251 1400 3305 iraa
1438 3261 1736 3322 perpetuae.
1767 3250 1921 3319 Quod
1947 3260 2032 3307 est
2052 3251 2137 3307 di-

553 3355 680 3395 cere
709 3357 723 3395 :
758 3339 885 3397 Haec
909 3342 1173 3406 vindicta,
1208 3358 1306 3412 per
1338 3359 1503 3413 quam
1548 3344 1690 3399 Deus
1718 3358 1814 3399 eos
1851 3342 1975 3415 igne
2010 3359 2139 3399 con-

554 3434 1016 3503 cupiscentiarum
1061 3434 1151 3490 hic
1194 3434 1477 3491 absorberi
1527 3436 1827 3505 permittet,
1876 3450 1983 3491 non
2033 3435 2139 3492 erit

555 3534 816 3593 perpetua
853 3523 933 3578 ira
962 3525 1403 3594 qua.damnandi
1443 3534 1589 3591 sunt,
1625 3527 1718 3581 sed
1762 3523 1956 3580 umbra
1996 3525 2138 3582 illius

556 3615 671 3667 irae.
701 3614 765 3667 Et
790 3615 895 3670 hoc
936 3615 1057 3670 ideo
1087 3616 1239 3682 dicit,
1270 3630 1338 3671 ne
1362 3616 1585 3685 quilibet
1609 3617 1968 3683 existimaret,
1995 3617 2139 3689 quod

555 3704 703 3758 nulla
733 3705 838 3759 alia
864 3710 944 3761 ira
966 3707 1257 3763 damnandi
1278 3720 1478 3776 essent,
1505 3710 1609 3765 nisi
1640 3711 1744 3765 hac
1772 3712 2139 3768 excmcatione

557 3794 863 3865 temporali.
906 3795 1062 3852 Facit
1093 3808 1276 3855 autem
1316 3800 1699 3869 apostropham
1735 3800 1804 3856 ad
1839 3800 1987 3869 ipsos
2032 3801 2138 3855 im-

557 3886 697 3956 pios,
732 3886 1005 3943 innuendo
1042 3887 1123 3943 eis
1164 3898 1423 3944 aeternam
1468 3890 1873 3947 damnationem
1914 3890 2139 3948 adfutu~

556 3992 696 4041 ram,
734 3985 794 4030 ut
818 3984 873 4031 et
910 3978 955 4032 si
995 3977 1070 4033 illi
1108 3994 1217 4034 non
1245 3989 1676 4048 exterrerentur,
1720 3981 1810 4036 alii
1847 3982 2037 4037 saltem
2070 3985 2137 4039 ab

555 4058 837 4137 impietate
865 4077 1269 4136 exterreamur,
1312 4072 1391 4153 sic
1431 4086 1447 4125 :
1492 4072 1623 4128 Dico
1652 4074 1797 4144 quod
1824 4074 2139 4130 ahsorbebit

552 4178 652 4217 vos
688 4162 830 4234 ignis
869 4171 925 4218 et
974 4164 1091 4221 hmo
1131 4165 1411 4236 absorptio
1453 4174 1575 4221 erat
1617 4168 1923 4238 priusquam
1972 4169 2138 4239 spina:

553 4263 737 4308 vestrm
773 4252 1117 4325 intelligerent
1166 4256 1467 4324 rhamnum,
1510 4256 1562 4311 id
1593 4266 1677 4312 est
1715 4273 1876 4327 quam
1916 4267 2136 4327 peccata

552 4353 758 4410 vestra,
810 4359 933 4415 qua:
974 4345 1301 4416 quandoque
1342 4346 1663 4416 intelligent,
1703 4348 1817 4419 ipsa
1858 4348 1935 4403 rei
1976 4362 2138 4418 expc«

554 4437 749 4493 rieutia
802 4437 1105 4509 intelligant
1152 4439 1464 4507 rhamnum,
1511 4438 1565 4494 id
1605 4448 1689 4495 est
1734 4439 2134 4494 damnationem

552 4540 832 4583 tcternam.
879 4528 995 4585 Non
1040 4531 1161 4586 ideo
1200 4531 1335 4586 dicit
1374 4541 1597 4601 peccata
1635 4532 1957 4604 intelligere,
1993 4534 2136 4604 quod

554 4619 759 4688 aliquid
783 4622 1087 4693 intelligere
1113 4635 1316 4693 queant
1343 4643 1358 4679 :
1388 4626 1483 4682 sed
1511 4641 1609 4695 per
1636 4626 2043 4692 metonomiam,
2072 4641 2137 4683 ac

554 4710 601 4764 si
633 4711 841 4767 diceret
879 4731 893 4767 :
942 4713 1266 4787 Priusquam
1306 4733 1402 4773 vos
1439 4726 1659 4788 propter
1704 4718 1912 4789 spinas,
1955 4717 2007 4773 id
2056 4727 2140 4774 est

552 4810 778 4870 propter
825 4813 1048 4871 peccata
1086 4815 1269 4861 vestra
1316 4807 1635 4876 intelligatis
1683 4807 1739 4862 in
1786 4807 1969 4863 futuro
2010 4822 2138 4863 sen-

556 4892 742 4949 tiendo
777 4904 1040 4951 aeternam
1076 4898 1503 4965 damnationem,
1538 4900 1631 4970 qui
1664 4899 1753 4955 hic
1779 4914 1900 4954 eam
1931 4898 2137 4954 intelli-

551 4997 683 5054 gere
710 4983 1002 5055 negligitis,
1040 4995 1100 5041 ut
1128 4989 1196 5043 ab
1225 5005 1287 5043 ca
1314 4990 1572 5046 caveatis.
1600 4989 1882 5045 Rhamnus
1910 4998 1994 5045 est
2022 4990 2135 5044 vir-

552 5075 787 5145 gultum,
820 5077 964 5148 quod
991 5077 1045 5133 in
1072 5077 1360 5148 juventute
1386 5096 1495 5136 non
1526 5082 1687 5135 habet
1725 5083 1929 5153 spinas,
1962 5096 2137 5151 neque

550 5182 806 5238 asperum
846 5177 976 5227 est:
1009 5179 1296 5241 postquam
1338 5186 1468 5228 vero
1509 5174 1779 5229 excrescit
1819 5182 1875 5229 et
1922 5172 2128 5229 indure~

553 5260 679 5325 scit,
718 5260 891 5331 spinis
928 5261 1116 5319 multis
1157 5261 1529 5318 circumdatur
1556 5273 1612 5318 et
1638 5262 1996 5332 asperrimum
2031 5272 2134 5318 est.

550 5352 779 5413 Ponitur
802 5369 932 5429 ergo
952 5372 1053 5428 pro
1081 5357 1429 5414 damnatione
1455 5364 1736 5428 perpetua,
1763 5371 1868 5411 non
1897 5370 1962 5411 ea
1992 5355 2135 5411 simi-

551 5445 801 5517 litndine,
833 5466 941 5522 qua
971 5451 1101 5507 dum
1131 5460 1218 5508 est
1244 5460 1491 5507 tenerum
1521 5449 1637 5507 leve
1671 5459 1818 5506 tactu
1848 5465 1955 5506 non
1983 5466 2113 5521 aspe

556 5553 674 5593 rum
696 5548 807 5607 est;
831 5543 927 5599 sed
954 5557 1019 5599 ea
1048 5542 1227 5615 potius
1250 5558 1358 5614 qua
1380 5552 1668 5616 postquam
1699 5541 1941 5597 induruit
1965 5542 2138 5613 spinis

550 5632 841 5700 horrescit,
895 5645 953 5693 et
1005 5638 1370 5710 asperrimum
1418 5647 1522 5695 est.
1585 5636 1867 5709 Perpetua
1905 5650 2139 5705 namque

552 5724 850 5796 damnatio,
878 5743 992 5800 pra:
1012 5732 1265 5789 omnibus
1286 5731 1589 5802 asperrima
1614 5728 1798 5786 tntura
1814 5737 1919 5784 est.
1940 5727 2008 5783 Et
2031 5728 2135 5785 hoc

1105 296 1164 355 S.
1207 296 1552 355 BRUNONIS
1587 293 2226 354 CARTllUSlANORUM
2258 292 2741 351 lNSTlTUTORlS
2780 289 2932 349 OPP.
2972 290 3152 348 PARS
3190 291 3231 347 1.

3672 302 3753 360 904

2172 424 2220 481 Α
2252 416 2423 463 totum
2468 418 2572 472 est,
2616 422 2681 462 ac
2720 406 2765 462 si
2811 406 2958 462 dicat
2991 423 3004 459 :
3039 405 3137 461 llic
3171 413 3452 475 antequam
3479 407 3538 462 ad
3574 408 3755 469 damna-

2246 500 2446 553 tionem
2488 507 2745 552 :eternam
2786 496 3037 563 veniatis,
3081 496 3206 566 igne
3233 497 3588 553 excmcationis
3607 498 3757 556 absor-

2244 588 2466 653 bemini,
2508 588 2561 643 in
2599 588 2784 644 futuro
2813 602 2943 643 vero
2968 586 3314 643 damnatione
3342 600 3583 659 perpetua
3602 606 3759 648 consu-

2244 680 2486 734 memini.

2313 771 2620 827 Notandum
2660 779 2839 827 autem
2883 772 3026 843 quod
3066 772 3360 828 secundum
3400 773 3499 829 hoc
3533 774 3653 844 quod
3686 791 3739 830 ex

2243 862 2544 933 posuimus,
2592 864 2661 919 ab
2696 866 2787 918 nlo
2822 862 2936 918 loco
2988 864 3079 919 ubi
3124 864 3349 931 dicitur;
3383 864 3513 920 Deus
3556 877 3757 933 conteret,

2243 970 2414 1025 usque
2450 957 2521 1012 ad
2565 955 2851 1023 lwtabitur,
2894 971 3016 1012 cum
3061 958 3172 1013 sint
3200 968 3430 1028 quatuor
3460 974 3643 1021 versus,
3678 961 3759 1016 duo

2243 1058 2370 1103 sunt
2401 1048 2635 1118 expositi
2676 1048 2742 1103 de
2770 1048 3098 1104 contritione
3136 1050 3490 1105 alienatorum
3528 1052 3761 1107 saltando-

2245 1157 2362 1195 rum
2395 1140 2448 1195 in
2485 1141 2628 1196 bono
2672 1156 2687 1194 :
2737 1140 2789 1194 bi
2830 1140 2937 1195 duo
2974 1140 3182 1196 scilicet
3220 1141 3361 1197 Deus
3392 1153 3619 1207 conteret,
3644 1142 3759 1196 etatl

2244 1230 2465 1284 nihilum
2488 1242 2507 1282 :
2533 1228 2625 1284 alii
2649 1243 2777 1284 vero
2801 1228 2907 1283 duo
2933 1228 3002 1285 de
3025 1231 3371 1285 damnatione
3397 1230 3758 1301 perdendorum,

2241 1328 2297 1374 et
2342 1320 2429 1375 hic
2473 1328 2529 1375 et
2573 1319 2629 1374 in
2661 1318 2864 1375 futuro.
2904 1318 2969 1374 lli
3012 1320 3119 1376 duo
3158 1320 3388 1386 scilicet,
3426 1322 3551 1375 sicut
3589 1338 3687 1375 cera
3720 1331 3762 1376 et

2240 1414 2546 1486 priusquam
2572 1430 2590 1468 :
2620 1422 2853 1485 possunt
2882 1423 3063 1469 autem
3099 1429 3289 1469 omnes
3331 1423 3552 1485 quatuor
3584 1414 3641 1468 de
3664 1429 3760 1483 per-

2242 1504 2429 1560 dendis
2456 1506 2581 1576 legi,
2613 1513 2675 1559 ut
2706 1506 2761 1560 in
2792 1514 2948 1575 parte
2977 1505 3264 1560 sententia:
3306 1504 3576 1560 diversitas
3606 1505 3762 1558 habeao

2244 1603 2350 1649 tur.
2382 1595 2438 1649 ln
2485 1605 2636 1666 parte
2666 1610 2797 1650 vero
2836 1593 3119 1663 identitas,
3158 1595 3205 1650 si
3236 1595 3317 1651 sic
3354 1603 3685 1665 evponantur,
3716 1601 3760 1646 ut

2242 1687 2317 1741 illi
2343 1689 2627 1742 sententiae
2654 1687 3065 1754 continuentur,
3091 1688 3392 1744 secundum
3426 1701 3574 1756 quam
3593 1685 3656 1739 illi
3679 1696 3760 1739 tres

2173 1771 2216 1831 Β
2243 1794 2452 1846 versus,
2480 1780 2689 1836 seilicet
2724 1780 2943 1835 alienati
2976 1789 3121 1847 sunt,
3168 1788 3224 1836 et
3252 1780 3408 1850 furor
3435 1778 3565 1844 illis;
3599 1787 3646 1833 et
3674 1793 3762 1847 qua

2242 1888 2344 1927 non
2375 1874 2639 1941 exaudiet,
2668 1872 2737 1928 de
2780 1873 3073 1944 perdendis
3110 1872 3426 1944 specialiter
3457 1880 3760 1942 exponuntur,

2239 1975 2296 2021 et
2319 1966 2399 2021 sic
2427 1966 2795 2021 continuatur.
2831 1963 2950 2021 Dixi
2976 1965 3121 2036 quod
3149 1966 3226 2020 illi
3266 1982 3301 2019 a
3346 1964 3511 2029 vulva,
3548 1963 3595 2018 id
3626 1970 3708 2027 est,
3737 1977 3760 2015 a

2238 2056 2591 2124 conceptione
2616 2057 2697 2112 sui
2724 2055 2941 2111 alienati
2969 2065 3111 2120 sunt,
3150 2055 3205 2111 id
3242 2064 3330 2112 est
3359 2053 3608 2125 repudiati
3648 2060 3758 2107 sunt.

2239 2147 2308 2204 Et
2333 2150 2435 2205 hoc
2465 2149 2606 2215 ideo,
2646 2149 2773 2220 quia
2809 2148 3046 2205 erraturi
3090 2155 3145 2204 et
3187 2148 3326 2203 falsa
3368 2146 3585 2202 locuturi
3622 2160 3647 2199 a
3679 2143 3761 2198 Deo

2239 2241 2454 2311 praevisi
2484 2249 2610 2297 sunt
2640 2258 2653 2295 :
2681 2250 2739 2295 et
2761 2241 2904 2310 quod
2934 2239 3042 2295 illis
3067 2248 3152 2295 est
3182 2239 3342 2309 furor
3369 2239 3628 2292 secundum
3647 2236 3761 2289 sitni-

2238 2331 2513 2388 litudinem
2543 2334 2741 2403 aspidis
2767 2333 2966 2401 surdae,
2999 2342 3054 2388 et
3092 2347 3216 2388 cum
3256 2331 3397 2386 tales
3424 2339 3477 2385 et
3510 2329 3630 2383 tales
3660 2327 3757 2394 sint,

2237 2433 2294 2479 et
2335 2424 2424 2480 hic
2463 2433 2521 2480 et
2565 2425 2619 2480 in
2666 2424 2851 2481 futuro
2892 2424 3321 2481 damnabuntnr.
3368 2425 3463 2480 llic
3492 2423 3620 2480 enim
3654 2421 3760 2474 Deus

2239 2528 2466 2572 conteret
2488 2533 2585 2588 per
2615 2517 2922 2574 facundiam
2955 2518 3377 2587 praadicatorum
3410 2518 3574 2571 dentes
3601 2528 3757 2577 eorum,

2239 2607 2291 2663 id
2314 2617 2399 2664 est
2426 2609 2664 2665 minores
2700 2609 3042 2663 eorrosiones
3069 2616 3123 2662 et
3151 2608 3533 2678 blasphemias,
3559 2619 3672 2677 quas
3702 2602 3760 2655 fa-

2238 2698 2390 2753 ciunt
2417 2699 2470 2753 in
2503 2700 2670 2754 Deum
2699 2706 2754 2753 et
2778 2699 2831 2753 in
2863 2708 3104 2766 sanctos,
3130 2706 3187 2754 et
3212 2698 3384 2753 molas
3408 2698 3617 2763 leonum,
3640 2695 3682 2749 id
3700 2701 3760 2747 est

2239 2789 2473 2859 majores
2510 2790 2871 2862 hlasphemias
2914 2792 3209 2862 confringet
3263 2790 3548 2856 Dominus;
3594 2798 3642 2845 et
3684 2789 3760 2843 hoc

2239 2893 2390 2934 more
2419 2879 2683 2950 ipsorum,
2710 2881 2761 2936 id
2785 2891 2869 2937 est
2895 2881 2949 2936 in
2977 2882 3198 2952 propria
3225 2896 3364 2938 voce
3385 2882 3626 2952 ipsorum,
3650 2875 3758 2948 quod

2237 2970 2458 3039 propria
2498 2971 2848 3042 responsione
2886 2988 2918 3026 a
2950 2973 3157 3028 sanctis
3200 2974 3567 3037 devincentur,
3604 2986 3689 3025 non
3717 2977 3760 3021 ut

2239 3064 2609 3121 erubescendo
2634 3066 2954 3137 poeniteant,
2983 3068 3121 3121 sicut
3153 3068 3407 3136 superius
3435 3066 3484 3121 in
3509 3064 3604 3119 alia
3626 3062 3759 3116 scien-

2164 3123 2211 3187 ς·
2244 3156 2339 3221 tia,
2367 3172 2486 3227 quze
2516 3123 2715 3214 fuitude
2743 3123 3047 3225 salvandis,
3091 3166 3184 3216 sed
3221 3123 3285 3214 ut
3327 3156 3639 3215 solummodo
3667 3167 3761 3208 eru-

2238 3243 2465 3303 bescant
2498 3264 2604 3304 non
2638 3250 2900 3305 habentes
2932 3250 3062 3321 quid
3100 3250 3408 3321 proferant,
3439 3259 3492 3306 et
3516 3248 3623 3303 aliis
3648 3258 3760 3299 men-

2240 3339 2403 3395 daces
2443 3351 2758 3412 appareant.
2806 3340 2905 3398 Vel
2952 3343 3032 3398 sic
3084 3358 3101 3398 :
3153 3343 3348 3398 Dentes
3394 3357 3583 3406 eorum,
3622 3337 3667 3392 id
3701 3342 3762 3389 est

2240 3443 2458 3503 apertas
2484 3434 2848 3505 blasphemias
2882 3446 2938 3491 et
2967 3434 3159 3500 molas,
3211 3435 3267 3490 id
3296 3444 3385 3493 est
3417 3433 3635 3491 occultas
3670 3444 3762 3480 cou-

2240 3524 2432 3597 fringet
2468 3526 2725 3582 Dominus
2766 3528 2821 3582 in
2863 3544 2951 3582 ore
2996 3529 3252 3599 ipsorum,
3288 3527 3351 3583 id
3379 3536 3461 3584 est
3504 3528 3552 3580 in
3594 3519 3763 3594 propria

2239 3628 2373 3672 voce
2418 3616 2678 3687 ipsorum.
2723 3617 2886 3673 Juxta
2929 3618 3071 3689 quod
3104 3618 3172 3674 de
3200 3618 3365 3675 beato
3394 3617 3643 3687 Stephano
3666 3607 3765 3678 legi-

2239 3715 2325 3762 tur
2374 3726 2388 3761 :
2433 3727 2453 3762 ι
2484 3707 2610 3780 ,Νοιι
2642 3720 2893 3781 poterant
2926 3712 3185 3767 resistere
3211 3711 3494 3781 sapientia:
3525 3717 3575 3765 et
3597 3700 3761 3775 spiritui

2240 3799 2333 3869 qui
2385 3797 2709 3870 loquebatur
2738 3802 2881 3872 (Act.
2923 3818 2998 3867 vr,
3046 3803 3157 3869 10).
3206 3823 3225 3857 ι
3263 3805 3335 3859 Et
3380 3821 3482 3860 non
3514 3804 3663 3859 solum
3688 3801 3763 3855 hoc

2240 3891 2364 3958 erit,
2407 3893 2550 3962 quod
2578 3893 2830 3951 dentibus
2863 3903 2920 3952 et
2956 3895 3117 3952 molis
3141 3911 3335 3953 eorum
3374 3896 3623 3960 contritis,
3648 3908 3765 3948 men-

2240 3982 2401 4039 daces
2420 3995 2748 4055 appareant;
2777 3986 2871 4042 sed
2896 3987 2963 4043 de
2986 3989 3090 4044 hac
3114 3990 3364 4059 potentia
3386 4000 3440 4046 et
3463 3986 3763 4061 prosperitate

2239 4088 2401 4143 quam
2430 4074 2667 4131 habeant
2694 4077 2765 4131 ad
2802 4079 3024 4133 nihilum
3066 4082 3360 4149 devenient,
3400 4090 3630 4152 tanquam
3659 4089 3763 4145 aqua

2239 4162 2542 4228 decurrens,
2578 4180 2702 4221 cum
2741 4183 2773 4222 a
2804 4168 3064 4226 Romanis
3089 4172 3503 4227 obsidebantur.
3541 4167 3672 4237 Quod
3702 4172 3765 4217 est

2240 4253 2424 4311 dicere
2454 4273 2468 4311 :
2503 4256 2842 4314 Transitoria
2870 4260 2977 4315 erit
3005 4260 3122 4317 hmo
3148 4277 3339 4318 eorum
3371 4264 3692 4334 prosperitas.
3713 4254 3763 4309 ad

2240 4347 2457 4402 modum
2485 4350 2747 4406 torrentis
2775 4352 3042 4408 citissime
3070 4353 3379 4421 detinentis,
3410 4364 3465 4411 et
3490 4367 3605 4407 vere
3626 4351 3683 4404 ad
3703 4348 3762 4400 ni-

2238 4437 2406 4491 Irilum
2430 4438 2719 4496 devenient.
2753 4442 2895 4498 Deus
2921 4444 3065 4498 enim
3095 4445 3318 4499 intendit
3352 4461 3531 4500 arcum
3556 4455 3702 4503 suum.
3724 4434 3764 4490 ίιι

2238 4538 2323 4583 est
2376 4529 2641 4587 inteusam
2694 4532 2748 4587 in
2806 4533 2889 4590 eis
2939 4533 3102 4591 faciet
3146 4536 3597 4608 impugnationem
3624 4546 3761 4591 suam.

2239 4620 2402 4675 donec
2456 4622 2790 4691 inﬁrmentur
2842 4639 2908 4682 ex
2957 4636 3069 4682 toto
3112 4641 3127 4682 :
3187 4629 3350 4699 202
3395 4629 3603 4699 Legitur
3651 4620 3763 4678 cuiut

2238 4724 2305 4763 ex
2343 4708 2598 4781 Josepho,
2649 4714 2794 4783 quod
2843 4730 2969 4770 cum
3016 4718 3086 4773 ab
3118 4717 3355 4774 inimicis
3396 4717 3765 4780 exteriusespu-

2237 4812 2557 4873 gnarentur,
2595 4803 2693 4874 ipsi
2734 4805 3036 4873 adinvicem
3075 4808 3212 4864 adeo
3255 4808 3509 4865 excaecati
3565 4807 3680 4860 iram
3723 4806 3765 4853 et

2237 4892 2419 4947 odium
2470 4904 2789 4951 exercentes
2831 4907 3006 4953 semet
3051 4899 3457 4970 impugnabant,
3513 4906 3568 4952 ut
3610 4891 3765 4961 sapius

2240 4982 2293 5037 in
2329 4983 2550 5041 civitate
2582 4986 2723 5042 inter
2756 5002 2816 5043 se
2848 4999 3175 5059 pugnarent,
3208 4992 3379 5046 donec
3418 4987 3618 5059 penitus
3643 4984 3763 5037 iutu-

2239 5076 2391 5145 mati,
2415 5086 2472 5131 et
2500 5092 2532 5131 a
2559 5092 2617 5134 se
2637 5089 2694 5133 et
2717 5080 2788 5134 ab
2815 5079 3048 5137 inimicis
3071 5082 3366 5139 deficerent
3384 5081 3606 5155 (Josern.
3647 5074 3720 5128 lib.
3739 5080 3763 5120 ν

2239 5167 2377 5223 Bell.
2406 5168 2441 5222 Ι
2449 5169 2539 5222 nd.
2569 5186 2688 5241 cap.
2718 5171 2833 5241 20).
2856 5177 3059 5229 Arcum
3090 5190 3188 5245 pro
3214 5175 3602 5248 eXpugnalione
3625 5163 3761 5237 Ροιιίιν

2239 5273 2305 5313 eo
2333 5260 2476 5328 quod
2515 5276 2644 5315 arcu
2680 5262 2960 5318 inimicum
3000 5280 3394 5336 expugnamus.
3433 5265 3496 5319 Et
3521 5261 3611 5333 ipsi
3644 5252 3762 5312 inlit-

2242 5351 2396 5417 mati,
2437 5352 2747 5421 auferenlur
2789 5354 2856 5408 de
2896 5363 3041 5410 terra
3079 5371 3197 5422 sua,
3233 5366 3290 5413 et
3327 5354 3520 5426 captivi
3546 5351 3761 5407 ducentur

2168 4472 2213 4528 D

2239 5446 2384 5501 sicut
2411 5462 2549 5501 caera
2576 5462 2698 5517 qua:
2723 5445 2857 5502 ﬂuit.
2886 5446 2980 5502 Vel
3004 5450 3312 5519 auferantur
3337 5451 3387 5504 in
3413 5448 3581 5503 futuro
3603 5457 3630 5496 a
3652 5433 3759 5492 facie

2233 5538 2531 5612 judicantis
2558 5539 2675 5606 Dei,
2703 5541 2837 5596 sicut
2868 5558 2988 5597 cera
3013 5560 3129 5613 qua:
3156 5545 3293 5614 ﬂuit.
3330 5542 3442 5598 Hoc
3461 5548 3624 5594 autem
3646 5524 3758 5600 (ιυοά

2238 5634 2487 5701 sequitur
2535 5648 2550 5687 :
2609 5630 2991 5703 Supercecidit,
3040 5643 3177 5704 etc.,
3225 5648 3394 5705 usque
3437 5630 3504 5689 ad
3542 5621 3758 5684 latabitsr

2224 5723 2386 5807 ‘ttttllo
2410 5724 2569 5780 modo
2593 5719 2835 5780 mutatur
