3846 6334
92 350 162 408 9,5
964 356 1335 420 nxrostrto
1362 363 1428 419 IN
1455 364 1795 423 nsanos.
1824 399 1895 411 -ρ
1922 371 2114 430 PSAL.
2162 380 2337 438 tvm.
3154 415 3255 471 sos

140 466 241 521 Dico
265 464 389 533 quod
418 466 565 539 impii
608 483 686 523 κιο
725 469 1144 529 damnabantur.
1185 476 1372 533 Justus
1403 489 1579 536 autem

88 555 320 625 quicunque
337 553 607 621 lwtabitur,
628 573 747 611 cum
777 559 959 614 viderit
984 563 1265 618 uindictam
1289 566 1575 637 impiorum

87 647 158 700 hic.
188 642 281 698 Non
317 644 378 698 de
412 645 642 701 vindicta
692 649 908 717 quidem
955 652 1243 724 impiorum
1288 657 1571 728 la'tabitur,

85 738 145 791 sed
165 737 215 790 de
240 736 521 792 innocentia
557 754 673 807 sua,
706 758 828 797 cum
867 744 933 799 de
965 745 1079 815 ipsa
1121 748 1422 817 huiusmodi
1460 754 1577 809 vin~

85 828 180 879 dicta
203 840 289 879 non
310 828 561 897 capiatur,
587 839 645 884 ut
670 835 981 901 supercidat
1005 837 1059 890 in
1080 853 1204 894 eum
1232 841 1372 911 ignis
1400 858 1574 899 excae-

83 918 263 981 cationis,
293 927 339 971 et
364 930 568 975 caeterze
602 923 981 984 damnationes
1007 946 1125 1000 qua:
1157 933 1209 987 in
1236 934 1415 1004 impiis
1446 953 1574 993 con-

82 1009 256 1077 tiugcnt:
279 1017 328 1062 et
350 1009 536 1065 iuvabit
560 1029 746 1069 manus
766 1034 891 1072 suas
916 1020 969 1074 in
990 1026 1246 1092 sanguine
1266 1026 1568 1095 peccatoris,

83 1099 115 1152 id
136 1109 210 1161 est.
243 1099 532 1157 affectiones
562 1119 689 1160 suas
729 1111 1016 1166 mundabit
1055 1114 1107 1168 in
1139 1117 1573 1179 consideratione

80 1190 294 1258 sanguinis,
338 1191 385 1244 id
424 1204 508 1248 est
548 1197 738 1252 mortis
770 1210 1138 1269 peccatorum.
1177 1207 1328 1273 Quod
1367 1221 1449 1266 est
1485 1214 1570 1267 di-

79 1293 158 1330 cere
176 1280 322 1334 :Cnm
345 1284 765 1344 consideraverit
799 1305 1025 1349 mortem
1059 1303 1379 1365 peccatoris,
1403 1315 1457 1358 et
1480 1304 1589 1363 hic

79 1374 291 1426 secundum
334 1380 782 1448 excaecationem,
832 1395 891 1440 et
938 1387 989 1441 in
1036 1388 1219 1446 futuro
1268 1397 1564 1455 secundum

77 1459 409 1530 datuuatiouem,
440 1482 509 1522 ne
534 1477 589 1523 et
615 1469 728 1539 ipse
750 1473 1002 1531 similiter
1030 1481 1313 1549 moriatur,
1343 1489 1567 1543 munda-

76 1549 393 1611 liitall’ectioncs
419 1574 570 1624 suas,
601 1571 660 1616 ut
690 1564 822 1619 nihil
852 1571 1061 1637 peccati
1092 1574 1392 1632 eritninalis
1426 1596 1559 1651 ope-

77 1654 185 1697 retur.
211 1646 263 1699 Et
296 1649 418 1703 dicet
455 1665 638 1706 secum
680 1654 860 1721 homo,
911 1660 958 1713 si
998 1672 1077 1715 est
1117 1664 1346 1733 fructus,
1387 1670 1440 1724 id
1478 1681 1562 1727 est

77 1736 225 1801 utilitas,
246 1738 375 1805 justo
410 1740 475 1797 de
506 1743 718 1812 justitia
742 1761 856 1814 sua,
885 1760 946 1803 nt
975 1754 1141 1822 magis
1171 1771 1201 1808 a
1232 1756 1344 1811 Deo
1361 1758 1562 1826 justifi-

1609 490 1655 547 Α
1685 500 1883 556 corpus
1919 488 2055 558 eius,
2096 503 2150 547 ct
2188 495 2426 556 dicerent
2449 504 2599 575 plebi
2639 511 2765 579 quia
2808 523 3061 591 surrexit,
3093 537 3148 583 et
3179 533 3258 590 sic

1680 573 1734 627 in
1775 591 1897 631 eum
1933 582 2155 639 credere
2194 573 2461 646 facerent
2538 612 2643 652 nou
2684 606 2855 669 potuit
2904 573 3081 669 tamen
3128 633 3255 676 eum

1678 664 2005 735 interﬁcere,
2043 673 2093 728 id
2128 687 2211 732 est
2245 677 2441 738 famam
2482 691 2714 747 nominis
2740 696 2857 766 ejus
2886 705 3249 775 exstinguere.

1678 755 1749 775 ,ψ
1778 773 1786 775 4
1932 774 1935 775 ν
2306 773 2333 775 η

2769 755 2786 766 ,

1677 755 1793 825 ipse
1823 774 2053 832 namque
2085 782 2190 822 non
2223 787 2251 823 a
2285 773 2562 847 discipulis
2597 782 2824 855 furatus,
2855 794 2949 847 sed
2979 795 3067 850 die
3098 806 3253 858 tertia

1668 846 1852 914 palam
1897 856 2211 914 custodibus
2250 846 2555 931 perterritis
2598 882 2947 948 resurgendo,
2992 886 3061 940 ab
3106 896 3252 949 omni

1674 952 1833 1008 gente
1882 947 2131 1016 cognitus
2176 966 2275 1021 per
2327 957 2775 1024 gloriﬁcationem
2839 982 3254 1039 resurrectionis

1672 1045 1802 1097 suae,
1838 1044 2005 1091 totum
2038 1045 2294 1099 mundum
2327 1051 2571 1119 regimini
2597 1071 2694 1113 suo
2735 1062 2895 1135 203
2925 1068 3247 1141 subjugavit.

1673 1122 1736 1141 η
1866 1126 1896 1141 ._
2097 1132 2146 1141 ..

1672 1122 1740 1177 Et
1769 1126 1994 1181 multum
2020 1132 2235 1199 quidem
2259 1143 2513 1198 custodes
2540 1148 2609 1202 ad
2637 1122 2944 1219 sepulcrali:
2970 1122 3151 1229 posiii,
3183 1166 3251 1221 ad

1672 1221 2089 1279 resurrectionis
2137 1225 2253 1295 ejus
2302 1233 2671 1294 testimonium
2720 1245 3025 1315 valuerunt,
3078 1270 3248 1324 quan-

1669 1320 1829 1377 quam
1873 1317 2101 1382 pecunia
2144 1326 2408 1392 corrupti,
2451 1342 2573 1385 eum
2610 1348 2640 1386 a
2683 1336 2960 1408 discipulis
3008 1317 3243 1405 furatum

1668 1411 1807 1465 esse,
1847 1416 1967 1457 sese
2005 1406 2394 1468 dormientibus
2428 1421 2639 1475 mentiti
2672 1406 2834 1481 sunt;
2861 1430 3102 1504 Namque
3148 1454 3246 1503 per

1665 1495 1976 1549 eorumdem
2010 1503 2290 1558 custodum
2341 1506 2634 1578 fallaciam,
2664 1515 2972 1578 Judaeornm
3016 1530 3243 1585 manife-

1665 1589 1747 1633 ste
1786 1580 1995 1640 f'alsitas
2030 1591 2221 1657 patuit,
2264 1594 2535 1653 Christum
2579 1604 2788 1662 scilicet
2829 1612 2917 1665 tibi
2965 1613 3063 1683 ipsi
3105 1619 3242 1675 falso

1662 1671 2018 1737 perhibebant
2042 1677 2093 1730 in
2130 1690 2303 1736 morte
2331 1684 2605 1744 detentum
2635 1710 2739 1748 non
2770 1696 2958 1766 fuisse,
2993 1706 3087 1759 sed
3117 1724 3242 1777 pre-

1662 1760 1747 1813 eul
1780 1762 1944 1819 dubio
1973 1771 2298 1827 surrexisse.
2326 1774 2459 1830 Cum
2484 1781 2627 1835 enim
2662 1790 2915 1846 custodes
2945 1808 3239 1862 praesentes

2490 1830 2627 1835 “""'
2666 1830 2915 1846 ’ν’-νυνι·νο
2945 1830 3239 1862 γιιιδυιιιζδ

74 1834 186 1892 retur,
206 1830 326 1897 quod
354 1832 538 1903 utique
565 1844 686 1891 est:
717 1838 859 1893 Deus
887 1843 1064 1913 utique
1091 1860 1165 1900 cst
1184 1848 1460 1917 judicans,
1504 1855 1555 1910 id
1593 1830 1634 1889 Β
1660 1864 1863 1917 essent,
1886 1856 1970 1908 'ad
2016 1858 2118 1914 hoc
2155 1863 2396 1932 deptttati
2447 1880 2506 1924 ut
2547 1879 2906 1947 custodirent,
2952 1888 3137 1957 utique
3180 1907 3241 1946 se

74 1919 361 1957 Nilnmnnnc
405 1940 499 1957 nnc
550 1928 743 1957 τηε-εἴρια
814 1938 1126 1957 η-.-...--.,.ι-
1180 1941 1191 1957 ρ
1280 1954 1289 1957 -
1457 1946 1471 1957 ι
1660 1954 1689 1957 μ
1735 1943 1747 1957 ι
1827 1944 1880 1957 ,η
2253 1953 2264 1957 -

72 1928 121 1968 est
148 1919 363 1977 itatnnans
404 1940 501 1981 eos
550 1928 764 1997 impios,
810 1938 1134 1992 excaecando
1172 1941 1226 1994 in
1273 1954 1410 1998 terra
1457 1946 1559 2003 hac

71 2012 258 2074 presenti,
292 2029 347 2069 ac
384 2015 426 2070 sl
455 2017 661 2074 diceret
699 2037 713 2074 :
747 2021 1057 2081 Cavendum
1095 2040 1177 2083 est
1213 2033 1345 2087 mihi
1376 2051 1405 2088 a
1438 2053 1555 2092 ma-

72 2098 138 2153 litia
165 2119 213 2157 nc
235 2121 475 2172 excmcer,
517 2126 641 2166 nam
670 2128 798 2170 vere
825 2132 1129 2175 excazcarer
1167 2138 1195 2175 n
1232 2126 1359 2180 Deo.
1401 2128 1554 2196 Quod

69 2200 181 2255 potest
204 2209 284 2261 per
306 2197 474 2254 simile
504 2201 698 2257 videri.
723 2204 857 2260 Nam
885 2222 1006 2262 cum
1026 2210 1204 2279 justus
1227 2230 1324 2284 pro
1341 2218 1552 2287 iustitia

69 2295 127 2334 sua
147 2288 279 2355 magis
304 2303 330 2341 a
363 2289 470 2344 Deo
503 2292 861 2362 justificetnr,
895 2303 1080 2372 utique
1106 2306 1300 2375 impius
1328 2325 1425 2378 pro
1455 2314 1555 2368 ima

68 2374 199 2440 pietate
216 2394 293 2433 sua
319 2396 645 2455 exerceatur,
676 2399 730 2444 ut
756 2391 806 2445 in
840 2392 1024 2449 futuro
1048 2398 1164 2452 sine
1193 2399 1298 2456 fine
1332 2406 1551 2463 damiie-

70 2473 131 2515 tur.
158 2467 243 2524 Hoc
277 2483 444 2529 autem
476 2477 712 2534 dicitad
740 2481 1150 2542 instructionem
1185 2501 1445 2563 nostram,
1492 2510 1550 2553 ut

68 2567 139 2608 tum
165 2566 540 2631 cognoverimus
575 2568 779 2639 justum
829 2584 928 2644 pro
961 2577 1172 2642 justitia
1214 2599 1308 2638 sua
1349 2587 1550 2655 justiﬁ-

66 2650 163 2713 επὶ,
199 2653 394 2723 impium
435 2668 622 2716 autem
669 2680 767 2734 pro
806 2667 1080 2739 impietate
1116 2680 1401 2743 exetecari,
1440 2681 1546 2736 im~

65 2738 234 2802 pietatem
253 2745 530 2818 fugiamus,
562 2754 861 2825 etjustitiaz
884 2738 1284 2823 adluereamus.
1315 2769 1411 2827 Vel
1442 2776 1542 2830 hoc

65 2830 137 2884 ideo
153 2836 253 2891 dicit
272 2850 322 2894 ut
346 2856 621 2901 removeat
652 2850 781 2905 illud
813 2855 954 2923 quod
983 2859 1202 2926 quidam
1228 2863 1540 2934 apinantor,

64 2923 192 2980 scilicet
225 2934 347 2999 quod
375 2948 631 2993 asserunt
670 2943 876 2999 ttullum
917 2946 970 3001 in
1011 2950 1111 3005 hoc
1152 2956 1353 3008 mundo
1384 2959 1541 3027 quid-

64 3031 161 3081 quam
191 3025 466 3085 detrimenti
510 3033 625 3103 pati
666 3032 878 3105 judicio
938 3050 993 3097 et
1024 3044 1377 3117 dispositione
1401 3025 1534 3123 —Dei,

63 3109 116 3160 sui
134 3118 268 3171 omnia
291 3135 411 3175 casu
441 3127 780 3199 contingere.

412 3215 478 3272 IN
517 3218 854 3281 PSALMUM
890 3226 1071 3285 LVlll.

100 3291 248 3356 Titulus
270 3306 693 3381 quinquagesimi
717 3320 913 3374 octavi.
943 3320 1009 3376 In
1032 3322 1190 3392 linem
1216 3342 1277 3382 ne
1300 3347 1535 3388 corrum-

46 3402 125 3449 Ἧι.
151 3394 226 3461 ipsi
258 3398 415 3456 David
458 3405 513 3459 in
560 3408 701 3463 tituli
731 3411 1100 3482 inscriptione,
1141 3423 1350 3489 quando
1392 3427 1533 3480 misit

59 3474 137 3532 Su!
164 3495 214 3540 ad
251 3498 638 3553 custodiendam
682 3502 894 3558 domum
929 3507 1073 3577 ejus,
1120 3520 1175 3564 ut
1218 3513 1533 3584 interﬁceret

57 3578 265 3644 ium.Qu0d
290 3588 363 3643 sic
384 3591 709 3661 exponitur:
729 3592 972 3655 Psalmus
1000 3602 1103 3658 iste
1128 3613 1211 3659 est
1236 3609 1531 3676 respiciens

57 3658 229 3733 inﬁrma,
254 3673 297 3727 id
319 3686 397 3732 est
426 3680 476 3733 in
506 3682 1120 3753 Christum,adhortans
1143 3695 1225 3750 sui
1258 3699 1527 3756 evidentia

55 3766 89 3801 ηε
105 3763 139 3807 tu
164 3763 431 3838 quicunque
473 3789 781 3846 corrumpas
802 3779 1007 3846 David,
1036 3783 1087 3838 id
1117 3795 1198 3840 est
1230 3786 1525 3859 Christum,

56 3843 252 3909 auferendo
278 3858 368 3926 ipsi
398 3879 623 3933 regnum
656 3880 914 3938 quantum
954 3874 1021 3928 ad
1074 3885 1144 3931 te.
1175 3877 1240 3932 In
1278 3882 1419 3935 tituli
1448 3885 1528 3936 in-

54 3938 237 4004 scriptione
261 3947 387 4005 facta
419 3955 518 4021 ipsi
553 3958 718 4013 David
748 3975 1098 4021 commutata.
1141 3968 1293 4036 Quod
1331 3983 1415 4028 est
1445 3974 1526 4030 di-

54 4036 126 4080 cere
153 4049 163 4083 :
194 4034 254 4091 Ne
276 4056 585 4116 corrumpas
619 4065 740 4113 enm
787 4060 1169 4114 commutando
1217 4060 1525 4133 inscriptio-

52 4125 123 4169 nem
157 4123 283 4193 tituli,
324 4147 438 4201 qua:
487 4136 721 4194 aﬂirmat
765 4141 939 4210 ipsum
982 4159 1161 4217 regem
1203 4163 1346 4214 esse,
1379 4155 1520 4223 quod

52 4216 167 4265 terum
190 4229 288 4274 est:
322 4224 446 4281 Dico
476 4246 541 4282 ne
563 4248 869 4303 corrumpas
900 4251 1022 4292 eum
1053 4239 1104 4293 in
1137 4242 1520 4300 commutando

1659 1941 1966 2000 videntibus
1991 1962 2188 2018 corpus
2217 1953 2334 2022 ejus
2368 1957 2509 2014 furto
2542 1964 2786 2022 subtrahi
2822 1988 2925 2026 non
2957 1941 3238 2044 pet-initte-

1659 2040 1799 2085 rent.
1843 2032 1898 2086 Si
1934 2051 2060 2091 vero
2086 2038 2168 2094 eis
2191 2041 2581 2106 dormientibus
2615 2054 2865 2126 discipuli
2896 2032 2972 2117 ad.
2990 2065 3122 2122 illud
3152 2068 3230 2123 fu-

1659 2125 1886 2178 randum
1926 2131 2306 2200 accessissent,
2352 2151 2474 2192 cum
2522 2142 2658 2212 lapis
2701 2155 3075 2221 snprapositus
3118 2162 3237 2216 sine

1656 2212 1885 2267 tumultu
1937 2217 2136 2274 auferri
2194 2236 2223 2275 a
2282 2224 2560 2297 discipulis
2607 2248 2712 2289 non
2767 2212 2972 2309 posset,
3044 2248 3233 2318 utique

1655 2306 1888 2360 tumultu
1917 2311 2135 2366 excitati
2167 2311 2417 2372 fuissent.

1722 2395 2065 2457 Concedatur
2096 2421 2244 2472 vero,
2291 2408 2415 2465 licet
2441 2415 2663 2469 omnino
2698 2417 2890 2476 falsum
2946 2427 3039 2492 sit,
3069 2429 3227 2485 disci-

1652 2486 1802 2556 pulos
1837 2491 1955 2546 sine
1988 2496 2213 2550 tumultu
2252 2498 2479 2570 lapidem
2510 2509 2746 2573 potuisse
2798 2516 3094 2583 revolvere,
3131 2538 3227 2580 nec

1653 2585 1828 2635 lanten
1883 2584 2060 2640 minus
2096 2591 2376 2646 custodum
2434 2593 2643 2653 falsitas
2708 2606 3009 2672 apparebit.
3077 2611 3225 2672 Unde

1648 2686 1881 2741 namque
1914 2677 2305 2750 seiuntcorpus
2341 2683 2455 2752 ejus
2481 2689 2817 2748 subtractum
2856 2696 3023 2758 fuisse
3058 2702 3223 2772 furto,

1647 2772 1766 2814 eum
1795 2779 1852 2816 se
1875 2767 2192 2832 perbibeant
2223 2781 2349 2827 tunc
2390 2780 2645 2846 temporis
2680 2781 2847 2839 fuisse
2876 2804 3070 2858 sopore
3095 2810 3226 2864 gra—

1645 2854 1830 2908 vatos?
1857 2855 1947 2910 Sic
1979 2857 2143 2929 igitur
2166 2867 2478 2921 earumdem
2513 2868 2803 2929 falsissimo
2847 2892 3099 2938 sermone
3124 2887 3219 2940 de-

1642 2947 1902 3015 prehendi
1940 2961 2136 3021 potest,
2170 2968 2290 3009 eum
2338 2960 2402 3013 de
2442 2963 2690 3031 sepulcro
2717 2974 3035 3029 surrexisse.
3067 2975 3220 3042 Quod

1642 3038 1948 3107 sepulcrum
1977 3043 2165 3098 domus
2188 3047 2303 3116 eius
2326 3047 2540 3119 dicitur,
2584 3071 2686 3110 non
2713 3061 2855 3127 quod
2882 3062 2932 3116 in
2967 3079 3031 3118 eo
3060 3066 3219 3140 longo

1643 3139 1902 3200 tempore,
1927 3136 2019 3189 sed
2050 3139 2190 3206 quod
2213 3154 2378 3207 parvo
2402 3146 2574 3213 spatio
2598 3162 2794 3218 corpus
2834 3152 2948 3221 ejus
2978 3156 3029 3210 in
3083 3175 3216 3230 pace

1641 3222 1866 3291 quievit.
1892 3224 2193 3281 Notandum
2226 3240 2403 3286 autem
2460 3239 2599 3305 quod
2627 3239 2728 3295 hoc
2781 3245 2845 3297 de
2878 3245 3056 3304 futuro
3080 3268 3213 3322 pro-

1636 3315 1800 3382 pheta
1831 3316 2055 3387 iutclligi
2109 3320 2294 3388 voluit,
2323 3324 2443 3381 licet
2481 3329 2689 3389 titulum
2723 3348 2871 3391 more
2898 3355 2910 3407 ι
2935 3343 3213 3410 rophctico

1640 3408 1910 3475 praeterito
1936 3414 2193 3480 posuerit.
2226 3414 2266 3467 N
2292 3419 2389 3472 .bis
2419 3432 2595 3477 autem
2619 3420 2775 3498 jamp
2791 3436 3082 3490 rarteritnm
3107 3447 3211 3493 est.

1637 3496 1822 3552 Notari
1853 3502 2016 3555 etiam
2073 3514 2248 3573 potest
2285 3513 2427 3578 quod
2475 3513 2527 3567 in
2580 3496 2750 3573 tribus
2788 3523 2955 3578 titulis
3008 3527 3206 3595 posuit,

1637 3603 1698 3641 ne
1752 3590 2047 3659 disperdas,
2104 3596 2184 3651 vel
2239 3614 2541 3672 corrumpas
2572 3605 2623 3660 in
2660 3609 2796 3665 tituli
2832 3612 3206 3686 inseriptione,

1633 3689 1858 3750 propter
1888 3685 1985 3737 tria
2010 3700 2205 3756 genera
2227 3689 2551 3762 linguarum,
2577 3701 2774 3768 quibus
2790 3685 3040 3763 omnibus
3075 3709 3206 3762 titu-

1631 3768 1715 3825 lus
1753 3772 1988 3843 seriptns
2030 3787 2135 3839 est,
2184 3783 2448 3849 posuisse.
2481 3789 2726 3859 Scriptus
2779 3811 3008 3865 namque
3039 3799 3207 3856 fuisse

1629 3861 1844 3932 legitur,
1876 3865 2160 3934 llebraice,
2193 3871 2377 3929 Graece
2405 3888 2456 3930 et
2483 3878 2669 3936 Latine
2703 3882 2883 3954 (.Ioan.
2923 3861 3016 3943 xix
3037 3931 3051 3953 ,
3084 3891 3199 3963 23).

1629 3953 1760 4007 Cum
1802 3955 1966 4026 igitur
1999 3966 2081 4013 ter
2112 3962 2285 4030 ponit,
2317 3982 2378 4019 ne
2412 3985 2737 4041 corrumpas,
2768 3976 2940 4033 innuit
2976 3980 3027 4035 in
3059 3983 3203 4039 nulla

1628 4041 1817 4099 harum
1844 4048 2318 4121 trintnlingnarum
2338 4057 2545 4113 titulum
2572 4070 3026 4136 corrumpendum
3054 4086 3197 4128 esse.

1624 4133 1929 4194 Notandum
1994 4158 2208 4214 quoque
2284 4149 2544 4217 psalmum
2599 4156 2763 4212 istum
2840 4175 2945 4215 non
2998 4167 3201 4232 apertis

1624 4231 1803 4285 verbis
1828 4234 2106 4295 adhortari
2156 4238 2416 4294 lectorem
2472 4260 2536 4298 ne
2574 4256 2913 4320 corrumpat,
2958 4256 3051 4309 sed
3084 4257 3199 4326 ipsa

2476 4296 2479 4297 ν
2515 4296 2530 4298 _
2580 4296 2599 4301 ν
2612 4296 2632 4302 ν.
2646 4296 2659 4300 -
2677 4296 2688 4301 -
2706 4296 2909 4320 «ω’-..ΙΙΙΙ,
2958 4296 3051 4309 υνιι
3085 4296 3197 4326 1³1011

49 4296 118 4359 ejus
142 4305 523 4386 inscrgpliouem’
560 4296 783 4394 quam“,
805 4327 942 4381 misi,
973 4327 1124 4397 sunt,
1160 4334 1210 4389 id
1236 4296 1520 4407 (δειλὼ-δῇ
1623 4320 1703 4373 sui
1728 4322 1993 4380 evidentia
2018 4337 2071 4381 et
2100 4329 2403 4387 devotione.
2435 4333 2566 4389 Cum
2590 4339 2732 4393 enim
2766 4340 2853 4396 hic
2885 4343 3197 4403 Dominicus

54 4387 79 4407 λγ
138 4397 173 4407 ι.

51 4387 262 4467 doquidem,
291 4408 386 4466 hoc
412 4422 496 4468 est
524 4387 667 4485 quod
697 4417 952 4477 Judaicus
992 4387 1215 4493 populiis
1422 4448 1517 4486 οη,
1620 4409 1782 4467 homo
1812 4415 1876 4469 de
1902 4420 2253 4477 conversione
2278 4424 2516 4492 gentium
2547 4429 2945 4499 etdispersione
2977 4432 3194 4494 Iudico-

50 4484 159 4539 studes
190 4494 362 4556 milites
390 4506 459 4557 αα
486 4484 882 4563 eamdi”,de
918 4484 1129 4568 άοξηιληι
1171 4516 1306 4586 ejus,
1353 4519 1404 4573 id
1431 4484 1517 4576 ves!
1552 4519 1594 4572 [)
1622 4518 1762 4568 rum,
1793 4518 1847 4558 et
1874 4507 1925 4559 in
1960 4508 2064 4563 line
2080 4512 2143 4565 de
2169 4513 2463 4570 salvatione
2483 4518 2828 4588 reliquiarum
2856 4524 3021 4582 Israel
3045 4541 3189 4600 agat,

50 4574 206 4600 haud..-“
537 4597 546 4600 —
685 4598 697 4600 ι

49 4574 254 4637 ἓἸδηιςηιηι
292 4601 342 4642 ut
375 4609 492 4647 eum
529 4597 859 4666 interﬁceret,
893 4604 1190 4659 secundum
1235 4607 1431 4663 famam
1463 4624 1516 4667 et.

49 4658 235 4737 tutorem,
261 4694 407 4749 quem
426 4685 541 4753 jam
569 4687 917 4746 interfecerat
941 4697 1234 4750 secundum
1267 4713 1511 4765 carnem,

46 4760 225 4820 ill-tmen
265 4777 495 4844 nequivit
543 4796 665 4834 eum
711 4782 791 4837 sic
838 4784 1163 4840 interficere.
1210 4787 1323 4843 Hoc
1372 4793 1512 4859 quod

47 4850 201 4934 ξ’(ηηῐνὶι
222 4874 327 4917 eum
352 4866 679 4935 interﬁcere,
716 4888 822 4926 non
852 4873 1082 4929 haoetnr
1108 4877 1160 4930 in
1189 4878 1343 4934 titulo
1373 4897 1386 4932 :
1419 4880 1511 4936 sed

47 4928 263 5038 intelligitur
301 4970 363 5008 ex
412 4959 641 5027 psalmo,
696 4963 784 5016 ubi
851 4963 982 5019 dicit
1031 4966 1082 5019 in
1132 4967 1238 5021 fine
1286 4969 1507 5038 psalmi,

413 5016 426 5027 .
625 5016 640 5027 .
1132 5016 1235 5021 ηη-
1286 5016 1507 5038 ι-ν--υ--τ

46 5016 203 5087 {atlases
225 5056 475 5114 susceptor
502 5067 667 5117 meus,
696 5052 748 5106 id
776 5065 858 5108 est
883 5056 1255 5113 resuscitator.
1279 5059 1511 5131 Ideoque

358 5112 365 5114 _
654 5112 663 5117 ν
1186 5112 1189 5113 ν
1313 5112 1317 5114 γ
1348 5112 1361 5114 _
1381 5112 1393 5114 _
1414 5112 1456 5131 νιν
1486 5112 1507 5116 -

46 5112 495 5214 ft'lrorrobot'andum
526 5154 746 5195 causam
787 5145 1066 5214 suppletur
1107 5148 1209 5201 hoc
1250 5158 1401 5205 extra
1444 5152 1508 5205 li-

790 5194 805 5197 ν-
855 5194 1054 5214 nnc"-
1108 5194 1209 5201 η--.
1445 5194 1480 5205 ..

46 5194 153 5271 hrum,
175 5226 217 5269 et
243 5232 311 5275 est
342 5229 688 5298 aequipottens
718 5248 783 5286 ac
821 5234 864 5287 si
908 5237 1156 5292 diceret:
1197 5232 1314 5295 Non
1344 5242 1507 5299 debes

44 5300 116 5403 ῗυιη
136 5316 432 5383 corrumpere
454 5322 769 5391 denegando
790 5339 910 5379 esse
932 5342 1135 5397 regem.
1166 5332 1506 5403 quandoqui-

310 5376 323 5383 _
594 5376 623 5391 υ
714 5376 717 5377 ,
750 5376 759 5377 ,
1170 5376 1475 5403 γηωνιι...

44 5376 115 5434 dem
139 5406 316 5464 apparet
336 5424 456 5463 eum
491 5428 667 5479 regem
698 5416 935 5470 omnium
967 5434 1107 5473 esse.
1138 5419 1271 5475 Cum
1306 5423 1407 5478 hoc
1436 5428 1508 5481 sit

42 5478 365 5549 iuuillndaicus
410 5478 635 5569 populus
676 5506 861 5561 volens
907 5523 1029 5562 eum
1067 5510 1394 5580 interficere,
1449 5517 1504 5571 id

42 5567 272 5658 0infernam
315 5596 367 5640 et
407 5592 663 5649 honorem
710 5599 942 5652 nominis
979 5600 1095 5668 ejus
1136 5604 1498 5676 exstinguere,

40 5658 130 5765 iuuit
153 5678 362 5733 custodes
392 5683 588 5741 milites
624 5690 689 5742 ad
718 5692 1130 5746 custodiendum
1168 5697 1499 5765 sepulcrum,

72 5756 155 5804 cens
182 5768 320 5833 quod,
347 5773 444 5827 nisi
486 5779 863 5851 custodiretur,
898 5782 1145 5854 discipuli
1185 5785 1501 5845 furarentur

134 5845 355 5923 ΡΔτιιοι..
400 5863 555 5949 CLll

1616 4604 1670 4648 et
1721 4597 1884 4650 etiam
1933 4599 1999 4653 de
2049 4618 2143 4656 sua
2202 4610 2637 4676 resurrectione,
2713 4630 2811 4683 per
2869 4632 3031 4687 quam
3078 4623 3196 4679 haec

1614 4689 1792 4740 omnia
1816 4691 2150 4762 contingent,
2181 4711 2279 4765 pro
2317 4709 2467 4754 certo
2513 4703 2673 4757 datur
2722 4705 2945 4781 intelligi
2982 4712 3095 4769 Rex
3139 4724 3195 4771 et
3284 4792 3293 4793 ί

1616 4775 1867 4833 Salvator
1904 4780 2208 4839 .ludatorum
2239 4797 2292 4841 et
2327 4793 2564 4859 gentium
2593 4807 2733 4851 esse.
2785 4798 2853 4854 Et
2897 4817 3018 4858 cum
3066 4821 3190 4863 eum
3278 4794 3281 4795 ν

1613 4884 1791 4939 regem
1821 4886 1942 4927 esse
1974 4876 2325 4948 intelligatur,
2354 4898 2458 4937 non
2484 4900 2603 4940 esse
2631 4897 3080 4962 corrumpendum
3105 4900 3189 4955 in-

1612 4964 1954 5032 scriptionem
1983 4969 2274 5041 tituli,qu:e
2292 4990 2413 5029 eum
2444 4992 2623 5049 regem
2650 4987 2863 5055 asserit,
2885 4989 3190 5048 certissime

1611 5054 1957 5123 probabitur.
1987 5058 2119 5114 Orat
2143 5072 2322 5118 autem
2347 5065 2402 5119 in
2431 5070 2697 5141 principio
2724 5054 2919 5143 psalmi
2969 5080 3038 5135 de
3097 5096 3182 5136 re-

1611 5147 1968 5215 rurreetione,
1997 5167 2063 5207 ne
2092 5152 2143 5207 in
2185 5157 2528 5226 mortejoxta
2556 5165 2691 5221 velle
2738 5167 3046 5226 Judzeorum
3087 5174 3185 5229 de-

1610 5236 1866 5305 tineatur,
1903 5256 2039 5310 quos
2086 5254 2271 5313 postea
2321 5249 2453 5306 dicit
2504 5268 2627 5309 eum
2674 5258 3073 5329 interfecturos,
3127 5273 3183 5319 et

1608 5328 1661 5382 in
1690 5339 1864 5386 morte
1892 5335 2130 5391 detinere
2174 5349 2477 5407 putaturos.
2504 5346 2633 5401 Orat
2683 5350 2843 5405 etiam
2900 5354 2965 5406 de
3011 5355 3185 5411 salute
3266 5391 3268 5395 ν

1608 5424 1845 5491 gentium
1871 5432 2378 5499 ronvertendarum,
2411 5445 2464 5491 et
2490 5439 2800 5495 conccssive
2840 5443 2952 5511 agit
2978 5445 3044 5500 de
3072 5446 3185 5501 dis-

1606 5518 2207 5589 persiunelmlaeornm,
2237 5536 2292 5582 et
2320 5539 2442 5584 orat
2490 5530 2557 5586 de
2603 5531 2777 5589 salute
2827 5536 3180 5609 reliquiarum

1602 5607 1657 5659 in
1687 5608 1793 5663 fine
1820 5613 2002 5665 mundi
2034 5622 2544 5677 convertendarum.

1671 5699 1831 5769 Eripe
1864 5718 1943 5755 me
1964 5705 2027 5757 de
2066 5700 2305 5762 inimicis.
2342 5713 2484 5775 meis,
2524 5713 2663 5770 Deus
2696 5734 2862 5772 meus.
2900 5720 3065 5787 Quod
3091 5731 3177 5778 est

1604 5791 1783 5850 dicere
1810 5810 1823 5848 ε
1856 5794 1989 5852 Cum
2044 5800 2284 5857 omnium
2313 5801 2454 5858 Deus
2474 5818 2557 5873 es,
2582 5823 2728 5864 meus
2756 5811 3065 5881 Specinliter
3090 5829 3170 5885 es,

2578 5900 2653 5963 '29
