3856 6322
599 308 698 362 9οῚ

1169 302 1223 358 s.
1260 287 1605 359 nuunouts
1646 289 2283 353 canrnusmonun
2329 293 2817 359 INSTITUTORIS
2844 299 2996 358 ore.
3041 293 3221 358 rans
3259 299 3299 357 ι.
3707 311 3773 373 εις

596 421 680 475 vel
703 418 827 490 quia
849 415 1289 489 pcrsonaliteres
1321 416 1500 470 nnitus
1549 415 1701 481 mihi,
1753 411 1837 465 vel
1895 407 2019 478 quia
2069 423 2177 478 prre
2213 416 2256 472 Α
2286 426 2401 463 sum
2417 428 2586 464 meum
2609 413 2805 468 eundo.
2840 415 2890 468 id
2905 421 2985 469 cst
3000 411 3436 469 resuscitandoct
3453 415 3775 482 exaltandome.

597 513 852 568 omnibus
877 509 1073 565 obcdio
1104 508 1220 562 libi.
1261 507 1404 577 Ergo
1425 508 1562 576 eripe
1585 521 1664 560 me
1689 505 1754 559 de
1781 503 2047 577 desiderio
2079 501 2176 556 ini-

599 606 862 660 micorum
896 602 1465 656 meorumJudteorum
1487 639 1500 662 ,
1527 598 1619 666 qui
1662 597 1793 650 mihi
1831 595 2180 650 inimicantur

589 688 799 753 invidia
821 705 876 752 et
903 699 1002 763 ira,
1033 716 1099 754 ne
1126 710 1212 751 me
1240 695 1292 748 in
1323 699 1494 747 morte
1516 691 1817 756 detineant,
1863 697 1920 744 et
1949 688 2192 760 gloriam-

599 788 836 844 nominis
871 789 973 844 mei
1002 788 1366 856 exstinguant,
1397 790 1448 836 et
1489 781 1567 836 sic
1592 795 1815 850 regnum
1860 778 1992 834 mihi
2029 777 2178 834 aufe-

599 887 744 934 rant.
774 878 842 932 Et
880 879 944 932 ab
984 873 1368 947 insurgentibus
1399 873 1452 924 in
1481 887 1560 926 me
1587 869 1752 924 libera
1796 887 1897 934 me,
1931 869 1982 924 id
2009 878 2116 936 est,
2147 884 2176 923 ιι

597 971 816 1033 ιυιιιεὶε,
847 985 914 1024 ne
944 969 998 1023 in
1029 974 1200 1022 morte
1227 963 1525 1028 detineam,
1550 961 1688 1030 eripe
1706 977 1809 1027 me,
1829 959 2075 1015 faciendo
2097 974 2180 1016 re-

596 1077 851 1133 surgere;
883 1061 946 1116 de
993 1057 1325 1128 operantibus
1368 1054 1718 1123 iniquitatem,
1768 1052 1821 1108 id
1847 1061 1932 1108 est
1987 1052 2053 1108 de
2085 1050 2180 1107 Ju-

595 1155 729 1209 dteis
757 1151 1106 1223 operantibus
1133 1155 1364 1203 mortem
1395 1159 1592 1207 meam,
1616 1159 1738 1214 qua:
1768 1142 2178 1198 :intonomatice

595 1253 678 1300 est
707 1243 964 1314 iniquitas
993 1249 1258 1312 quantum
1289 1238 1355 1293 ad
1387 1251 1502 1291 eos.
1527 1233 1596 1288 Et
1622 1253 1653 1290 a
1681 1235 1802 1289 viris
1833 1235 2171 1305 sanguinum,

595 1337 650 1390 id
673 1343 774 1400 cst,
801 1350 828 1388 a
852 1342 1119 1404 potestate
1148 1329 1458 1398 indecorum
1477 1327 1566 1398 qui
1592 1326 1829 1384 sunt'viri
1856 1328 2178 1399 sanguinum

593 1437 903 1498 exemptum
939 1425 1084 1479 salva
1109 1441 1189 1478 me
1211 1464 1226 1490 ,
1261 1420 1659 1477 resuscitando.
1694 1418 1987 1474 Sciendum
2036 1419 2177 1474 idem

591 1535 734 1585 csse,
758 1521 895 1588 eripe
919 1527 974 1574 et
1001 1517 1184 1581 libera,
1214 1524 1269 1571 et
1304 1513 1472 1578 salva,
1505 1522 1560 1570 et
1585 1513 1805 1567 eosdem
1855 1527 1977 1568 esse
2000 1511 2179 1567 inimi-

591 1627 685 1667 cos
733 1619 790 1666 et
846 1610 1207 1679 insurgentes,
1269 1615 1324 1660 et
1373 1612 1664 1676 Operantes
1726 1603 2092 1674 iniquitatem.
2123 1610 2178 1658 ει

590 1703 738 1756 viros
763 1699 1107 1770 sanguinum.
1139 1696 1245 1751 Sed
1286 1696 1405 1751 ideo
1437 1695 1596 1750 toties
1641 1694 1856 1762 repetit,
1888 1701 1947 1747 ut
1989 1701 2174 1748 osten-

2285 501 2438 568 Quod
2463 513 2551 558 est
2580 504 2763 560 dicere
2796 523 2808 559 :
2833 504 2976 560 Cum
3004 506 3101 560 tibi
3124 521 3414 560 occurram
3459 523 3556 562 non
3583 509 3777 584 localiter,
3854 499 3856 502 l

2268 595 2376 671 used
2403 593 2539 648 bene
2561 596 2792 666 agendo,
2817 611 2916 666 pro
2950 605 3002 651 te
3024 597 3372 665 patiendo,et
3397 606 3449 650 tu
3482 600 3598 653 mihi
3615 617 3779 665 eccum

2283 688 2700 754 remunerando,
2749 689 3122 744 resuscitando
3153 689 3447 743 scilicet-et
3493 693 3783 764 exaltando,a
3854 731 3856 736 -

2280 783 2634 839 similitudine
2677 784 2891 854 patroni
2923 784 3014 854 qui
3066 784 3133 837 ad
3157 799 3217 838 se
3267 783 3492 853 fugienti
3523 790 3731 852 occurrit,
3748 801 3785 847 ιιι

2283 889 2410 928 eum
2441 873 2493 927 in
2524 875 2876 928 securitatem
2928 872 3180 928 deducat.
3206 870 3276 925 Et
3322 872 3458 937 vide,
3490 872 3537 926 id
3561 883 3631 928 est
3667 877 3785 935 videri

2281 962 2369 1018 fac
2398 980 2496 1034 per
2521 973 2690 1020 totum
2717 962 2977 1018 mundum
3005 978 3293 1020 occursum
3321 971 3489 1027 tuum,
3521 963 3612 1018 hoc
3638 967 3787 1023 scilicet

2281 1056 2424 1124 quod
2455 1071 2541 1110 me
2562 1057 2913 1112 resuscitabis
2934 1069 2988 1111 et
3014 1056 3297 1112 exultabis.
3329 1053 3483 1122 Quod
3504 1066 3582 1111 est
3621 1059 3786 1115 dicere:

2280 1145 2631 1202 Manifestum
2688 1147 2774 1203 fac
2803 1149 3004 1218 ubique
3044 1149 3288 1220 gentium
3343 1165 3441 1218 per
3487 1151 3790 1220 praedicatores

2280 1253 2432 1292 meos
2481 1240 2939 1294 resurrectionem
2997 1251 3053 1296 et
3088 1241 3476 1296 exultationem
3516 1258 3682 1298 meam.
3718 1244 3790 1300 iiu-

2282 1328 2501 1383 tandutn
2543 1329 2681 1385 idem
2713 1345 2833 1385 esse.
2867 1349 2881 1384 :
2917 1331 3156 1402 Exsurge
3200 1333 3255 1386 in
3294 1349 3564 1388 occursum
3597 1343 3645 1388 et
3679 1337 3792 1406 eripe,

2277 1419 2464 1486 libera,
2491 1422 2657 1487 salva,
2685 1423 2830 1492 quod
2867 1424 3115 1494 superius
3145 1425 3295 1480 dicit.

2353 1510 2460 1567 Sed
2492 1512 2611 1567 ideo
2640 1515 2876 1584 repetiit,
2895 1523 2952 1568 ut
2974 1515 3219 1580 adderet,
3250 1524 3305 1570 et
3324 1516 3459 1570 vide.
3490 1516 3608 1571 Dico
3632 1534 3796 1587 exsurge

2280 1613 2328 1658 et
2354 1604 2482 1658 vide.
2517 1604 2582 1658 Et
2605 1605 2683 1660 sic
2712 1615 2792 1670 tu,
2822 1605 2979 1671 Deus,
3012 1607 3103 1676 qui
3130 1617 3322 1677 potens
3343 1623 3426 1672 es,
3452 1617 3526 1672 tu,
3554 1609 3672 1675 dico,
3699 1611 3797 1664 Deus

2279 1698 2530 1750 virtutum
2555 1697 2859 1752 cmlestium
2885 1733 2901 1764 ,
2933 1709 2979 1751 et
3005 1698 3146 1752 Deus
3163 1697 3425 1763 Isracl,-id
3441 1708 3520 1754 est
3537 1698 3796 1754 Judzcorutn.

591 1794 688 1850 dat
739 1792 1006 1864 gradatim
1043 1805 1138 1846 eos
1186 1791 1245 1844 in.
1297 1788 1489 1857 primis
1546 1787 1797 1841 inimicos
1837 1785 2070 1852 futuros,
2121 1785 2173 1839 in
2209 1799 2251 1854 Β
2278 1786 2430 1853 Quod
2454 1795 2539 1843 est
2571 1787 2792 1842 dicere;
2829 1789 2908 1842 Τιι
2942 1803 3104 1857 quer
3149 1788 3260 1857 jam
3313 1800 3662 1860 cognovi-runt
3707 1808 3793 1845 esse.

590 1884 757 1940 corde
789 1883 931 1938 male
958 1883 1024 1936 de
1053 1897 1118 1936 eo
1149 1880 1468 1951 cogitando;
1501 1887 1687 1948 postea
1717 1877 1934 1946 quidem
1970 1877 2024 1932 in
2049 1892 2172 1932 eum

591 1975 1017 2038 iusurrecturos,
1054 1970 1406 2042 blasphemiis
1435 1979 1490 2025 et
1519 1969 1955 2024 accusationibus
1971 1979 2026 2023 et
2056 1985 2172 2024 ver-

587 2066 850 2132 beribus;
886 2072 1081 2136 postea
1141 2077 1270 2118 vero
1326 2061 1664 2130 iniquitatem
1726 2072 2046 2129 operaturos
2095 2060 2176 2114 in-

592 2156 910 2213 terficiendo
935 2171 1057 2211 eum
1078 2173 1092 2208 :
1110 2153 1177 2209 ad
1203 2153 1448 2208 ultimum
1473 2164 1653 2207 autem
1680 2151 1826 2206 viros
1849 2152 2174 2222 sanguinum

589 2251 827 2313 futuros,
861 2249 913 2303 id
942 2256 1026 2303 cst
1085 2247 1232 2302 viros
1275 2245 1677 2306 interfectores,
1707 2250 1762 2297 et
1807 2244 1890 2298 sui
1929 2243 2097 2313 ipsius
2123 2252 2178 2298 et

593 2341 828 2396 ﬁliorum
857 2354 1100 2408 suorum,
1126 2353 1223 2408 per
1253 2346 1531 2408 peccatum
1556 2345 1609 2392 et
1638 2335 1839 2389 malum
1869 2335 2176 2405 exemplum

594 2453 777 2501 suum,
829 2435 970 2491 sicut
1001 2433 1218 2504 ipsimet
1273 2440 1673 2487 concesserunt.
1715 2449 1733 2482 ι
1761 2431 1996 2500 Sanguis
2035 2430 2176 2501 ejus,

594 2528 649 2581 id
679 2537 764 2581 est
787 2535 1066 2596 peccatum
1095 2525 1287 2580 mortis
1317 2523 1454 2592 ejus,
1482 2538 1643 2594 super
1700 2537 1798 2577 nos
1841 2532 1894 2576 et
1927 2537 2087 2591 super
2117 2522 2179 2576 [i-

591 2620 696 2688 lios
745 2629 961 2676 nostros
1003 2617 1220 2688 (Matth.
1252 2633 1420 2681 χχιιι,
1445 2616 1534 2686 25)
1558 2635 1574 2667 ι
1606 2617 1696 2671 Vel
1722 2616 1819 2670 viri
1855 2616 2176 2686 sanguinum

595 2711 858 2766 ell‘usores
899 2709 1134 2773 fuerunt,
1159 2709 1251 2778 qui
1289 2718 1471 2764 autem
1505 2724 1607 2762 non
1639 2707 1977 2762 solmnniodo
2017 2708 2176 2763 Chri-

591 2815 758 2870 stum,
795 2805 887 2858 sed
919 2802 1116 2858 multos
1145 2801 1309 2858 etiam
1358 2809 1668 2856 sanctorum
1698 2799 1862 2872 2-34
1890 2800 2178 2855 interfece-

593 2905 742 2959 runt,
772 2895 914 2949 sicut
953 2891 1285 2963 Stephanum
1316 2901 1370 2946 et
1399 2891 1684 2956 Jacobum,
1735 2891 1934 2945 multos
1963 2905 2177 2961 quoque

593 2984 697 3039 etsi
726 2999 830 3039 non
869 2983 1208 3045 occiderunt,
1236 2997 1408 3050 usque
1435 2982 1501 3036 ad
1533 2982 1824 3052 sanguinis
1853 2980 2177 3037 effusionem

592 3073 918 3131 afﬂixerunt.
969 3072 1201 3127 Necesse
1247 3073 1464 3141 quidem
1516 3080 1601 3125 est
1651 3080 1709 3125 ut
1753 3087 1950 3126 orem:
1995 3070 2175 3141 Eripe,

2277 1878 2449 1933 Deum
2495 1888 2549 1933 ct
2579 1878 2832 1934 cmlcstes
2874 1880 3120 1948 spiritus,
3157 1888 3212 1934 et
3248 1879 3480 1950 populus
3511 1879 3794 1934 Israeliticus.

2283 1971 2528 2036 Intende,
2560 1972 2610 2025 id
2635 1982 2719 2026 est
2751 1972 3018 2026 intentum
3045 1981 3097 2025 te
3128 1972 3234 2038 fac,
3261 1971 3331 2026 ad
3359 1972 3652 2025 uisitandum
3671 1989 3800 2026 omnes

2277 2073 2472 2132 gentes,
2505 2062 2554 2116 id
2591 2075 2678 2119 est
2704 2063 3030 2119 ontnismodi
3079 2074 3285 2134 gentes.
3339 2063 3493 2131 Quod
3528 2075 3604 2120 est
3633 2065 3799 2119 dicere:

2280 2153 2358 2207 Tn
2393 2155 2484 2224 qui
2510 2155 2622 2223 jam
2663 2157 2738 2210 tui
2771 2156 3015 2212 notitiam
3041 2157 3357 2212 cwlestibus
3390 2157 3652 2226 spiritibus
3689 2172 3801 2211 rere-

2280 2245 2424 2312 lasti,
2477 2256 2531 2302 et
2575 2248 2770 2312 Israel,
2807 2248 2856 2302 id
2889 2258 2974 2303 est
3019 2250 3220 2319 popqu
3285 2249 3531 2312 Judaico,
3580 2249 3802 2304 manifesta

2280 2339 2442 2393 etiam
2467 2341 2719 2409 gentibus
2768 2351 2824 2395 et
2855 2342 2934 2396 sic
2979 2341 3141 2397 visita
3166 2357 3262 2397 eas
3294 2351 3353 2396 ut
3378 2342 3447 2395 ad
3479 2343 3624 2397 tidem
3665 2344 3805 2396 venire

2281 2430 2469 2496 facias,
2509 2441 2564 2486 et
2589 2432 2670 2488 sic
2709 2434 2888 2489 salvcs
2917 2448 2931 2488 :
2965 2442 3021 2490 ct
3049 2435 3152 2490 hoc
3179 2435 3427 2502 intense,
3453 2436 3536 2490 hic
3561 2436 3733 2490 scilicet
3759 2441 3806 2490 ab

2280 2522 2526 2592 originali
2577 2525 2824 2592 crimine,
2879 2534 2932 2580 et
2983 2527 3038 2580 in
3067 2525 3247 2581 futuro
3297 2537 3504 2583 wterna
3548 2527 3804 2584 salvatione.

2281 2611 2524 2669 Virtutes
2555 2615 2687 2669 dicit
2715 2631 2907 2672 omnes
2939 2616 3190 2672 ctelcstes
3211 2619 3461 2686 spiritus,
3521 2637 3698 2690 ponens
3717 2638 3807 2690 par-

2247 2711 2386 2784 .tem
2410 2721 2508 2774 pro
2542 2717 2672 2762 toto.
2705 2705 2842 2761 Cum
2894 2722 3021 2778 pars
3075 2723 3265 2763 eorum
3316 2711 3551 2768 virtutes
3595 2715 3806 2769 dicantur.

2288 2793 2355 2848 Et
2385 2796 2522 2850 bene
2553 2797 2803 2862 virtutes,
2835 2812 2956 2852 cum
2985 2797 3067 2852 eis
3088 2798 3159 2851 sit
3193 2799 3366 2854 virtus
3400 2803 3624 2855 maxima
3661 2803 3810 2856 divisae

2286 2886 2659 2941 contnitionis.
2696 2884 2826 2941 Dico
2869 2904 2884 2941 :
2934 2885 3136 2944 Gentes
3183 2888 3367 2945 visita.
3406 2891 3475 2945 Et
3516 2907 3576 2946 ex
3617 2895 3810 2962 opposito

2279 2979 2540 3044 concedo,
2582 2979 2724 3049 quod
2759 2979 2967 3049 justum
3018 2991 3122 3047 est,
3181 2982 3286 3038 hoc
3317 2985 3529 3040 scilicet
3575 2987 3700 3055 quod
3736 3003 3809 3039 aea

2281 3068 2571 3122 miserearis
2595 3070 2861 3126 visitando
2890 3088 2989 3142 per
3014 3072 3174 3128 fidem
3199 3076 3442 3130 omnibus
3471 3079 3560 3147 qui
3583 3088 3811 3147 apemtum

591 3167 714 3237 quia
745 3181 872 3222 ecce
897 3165 947 3218 in
970 3165 1221 3235 praesenti
1255 3176 1496 3234 ceperunt
1524 3163 1758 3216 animam
1789 3179 1979 3228 meant,
2002 3164 2054 3218 id
2076 3173 2182 3232 εει,
2211 3157 2254 3214 C
2287 3159 2636 3228 iniquitatem,
2663 3161 2713 3216 id
2742 3171 2824 3217 est
2845 3172 3071 3218 mortem
3105 3178 3304 3228 meam,
3360 3165 3440 3221 sic
3465 3178 3523 3223 ut
3544 3183 3640 3223 non
3679 3169 3813 3239 ptumi-

594 3272 654 3312 sc
690 3271 885 3327 capere
913 3266 1176 3326 putabunt
1231 3255 1684 3318 animammeam,
1713 3256 1762 3309 id
1789 3263 1874 3310 est
1903 3255 1956 3309 in
2000 3264 2177 3311 morte

593 3349 862 3415 detinere,
891 3363 959 3401 ne
991 3362 1276 3417 resurgere
1303 3348 1474 3416 possit
1506 3365 1516 3398 :
1561 3362 1589 3400 a
1625 3346 1975 3402 similitudine
2009 3348 2176 3417 capti,

597 3443 690 3510 qni
717 3441 960 3494 inclusus
983 3439 1034 3492 in
1070 3453 1291 3493 carcere
1319 3439 1508 3508 nequit
1543 3439 1665 3494 inde
1717 3440 1885 3494 exire.
1929 3440 1994 3494 Et
2027 3441 2178 3508 prius

594 3533 882 3592 irrueru-nt,
912 3528 962 3583 id
992 3537 1075 3583 est
1105 3528 1334 3594 it‘ruent,
1360 3530 1509 3583 inme
1535 3529 1716 3599 fortes,
1744 3531 1895 3586 idest
1923 3531 2174 3587 desiderii

594 3621 676 3676 sui
706 3620 980 3685 efﬁcaces,
1032 3628 1090 3674 ιιι
1137 3634 1223 3674 me
1258 3621 1385 3676 dent
1424 3622 1475 3675 in
1509 3633 1759 3690 mortem,
1819 3638 1911 3677 seu
1961 3623 2176 3678 deside-

593 3719 735 3765 rant.
769 3710 883 3766 lloc
905 3722 1084 3766 autem
1119 3721 1563 3782 prmpostcrattnn
1615 3721 1726 3779 est,
1752 3730 1816 3769 ac
1840 3715 1884 3768 si
1923 3713 2125 3768 diceret
2157 3732 2171 3767 :

593 3799 930 3870 lntcrlicient
954 3817 1076 3856 me:
1105 3813 1159 3856 ct
1191 3802 1532 3857 interfectum
1577 3803 1709 3859 etin
1735 3803 1982 3874 sepulcro
2035 3807 2175 3874 posi-

595 3901 731 3959 tum,
765 3907 872 3946 non
905 3902 1332 3947 resurrecturum
1363 3895 1645 3962 putabunt.

663 3985 968 4042 Notandum
997 3989 1141 4056 quod
1177 3987 1310 4043 dicit
1346 4002 1441 4042 eos
1467 3987 1718 4044 inimicos
1745 3996 1798 4042 ct
1829 3997 2025 4043 caetera
2053 4004 2171 4058 qua:

590 4087 778 4148 postea
811 4078 981 4148 ponit.
1009 4078 1134 4134 ldeo
1163 4077 1296 4132 facit
1325 4087 1383 4132 ιιι
1420 4078 1664 4147 ipsorum
1715 4078 2045 4147 impietatem
2077 4095 2169 4133 os-

593 4171 797 4240 tendat,
826 4171 1244 4239 et~contprobct
1273 4185 1378 4224 non
1429 4186 1617 4234 eorum
1674 4170 2000 4224 desiderium
2052 4185 2173 4225 esse

591 4260 994 4330 complendum,
1047 4267 1104 4313 ut
1149 4275 1273 4313 eum
1317 4261 1528 4328 possint
1577 4260 1630 4314 in
1683 4275 1855 4316 morte
1904 4261 2168 4316 detinere.

589 4355 662 4410 Se
686 4368 923 4424 quoque,
966 4362 1024 4407 ιιι
1054 4351 1267 4407 facilius
1321 4353 1572 4423 impetret
1623 4355 1766 4423 quod
1814 4365 1956 4420 orat,
2013 4355 2170 4408 inno-

590 4455 803 4502 centem
829 4461 948 4500 esse
981 4445 1059 4500 sic
1077 4430 1500 4524 ost_endit:0ro,
1523 4445 1842 4515 eripe,quod
1873 4445 2053 4501 facere
2077 4447 2170 4502 de-

2284 3254 2453 3301 teant.
2493 3249 2654 3305 Facta
2695 3252 2943 3308 oratione
2983 3255 3049 3308 de
3082 3256 3446 3312 conversione
3491 3260 3724 3329 gerititnn,
3750 3277 3814 3313 ea.

2281 3353 2398 3392 rum
2419 3342 2828 3397 conversionem
2865 3345 3119 3412 ostendit,
3142 3348 3226 3401 sic
3269 3366 3280 3400 :
3319 3347 3483 3403 Dixi:
3533 3349 3728 3404 Intende
3764 3351 3814 3400 ad

2279 3430 2565 3486 uisitandas
2589 3449 2764 3487 omnes
2791 3445 2986 3503 gentes,
3019 3445 3074 3490 et
3103 3437 3184 3491 sic
3227 3438 3356 3504 erit,
3387 3454 3514 3494 vere
3561 3441 3816 3494 visitalua-

2281 3529 2387 3575 tur.
2413 3521 2570 3576 vNa.n
2608 3536 2971 3580 convertentur
3009 3528 3079 3583 ab
3106 3543 3295 3585 errore
3329 3530 3398 3584 ad
3451 3530 3611 3586 ﬁdem
3641 3540 3720 3586 :et
3742 3533 3814 3585 bne

2281 3615 2350 3666 ad
2381 3629 2673 3682 res;erum,
2699 3616 2746 3668 id
2777 3627 2859 3671 est
2888 3618 2938 3671 in
2971 3631 3120 3672 sexta
3164 3631 3346 3687 aetate,
3398 3637 3464 3677 ac
3521 3624 3564 3676 si
3597 3632 3813 3692 poneret:

2278 3706 2385 3761 Illa:
2427 3722 2544 3776 qua:
2575 3723 2602 3760 a
2636 3714 2818 3763 mundi
2873 3711 3138 3783 principio
3161 3715 3353 3770 otiosa:
3398 3714 3619 3770 fuerunt
3655 3731 3682 3768 a
3707 3716 3816 3769 bona

2269 3797 2385 3851 vita
2407 3839 2422 3864 ,
2441 3800 2654 3854 tandem
2685 3802 2910 3856 modoin
2943 3803 3047 3858 fine
3070 3805 3420 3872 saaculorum,
3451 3809 3504 3862 in
3533 3819 3676 3863 sexta
3694 3818 3820 3862 (etate

2276 3888 2486 3943 scilicet
2508 3928 2523 3954 ,
2553 3900 2954 3946 convertentur.
2982 3894 3190 3949 Dicitur
3211 3906 3394 3952 autem
3422 3908 3575 3952 sexta
3614 3908 3731 3953 tetas
3755 3914 3820 3951 ιε-

2277 3993 2517 4048 sperum,
2553 3997 2618 4034 eo
2642 3983 2784 4050 quod
2810 3983 2955 4037 sitin
2991 3985 3094 4038 fine
3137 3988 3348 4054 mundi,
3389 3989 3530 4042 sicut.
3581 4003 3816 4058 vcspemza

2273 4081 2356 4126 est
2381 4072 2554 4128 finalis
2588 4087 2716 4143 pars
2754 4075 2882 4130 dici.
2945 4076 3152 4131 Dicitur
3202 4088 3385 4133 autem
3437 4095 3710 4150 vesperum
3755 4080 3820 4131 ilia

2273 4176 2561 4235 tetas,qu:e
2591 4177 2675 4223 est
2721 4184 2749 4222 a
2795 4178 3039 4239 tempore
3081 4169 3311 4235 Christi,
3363 4188 3538 4243 usque
3573 4174 3637 4228 ad
3689 4173 3816 4226 linem

2275 4259 2616 4324 tnundi.Qua3
2645 4260 2812 4313 etiam
2837 4276 2866 4314 a
2923 4260 3148 4314 Omnino
3182 4263 3234 4315 in
3265 4262 3560 4334 Evangelia
3589 4280 3680 4334 per
3701 4265 3821 4317 sinti-

2272 4350 2552 4404 litudinem
2595 4351 2876 4406 undecima
2934 4352 3068 4406 liora
3123 4362 3350 4408 vocatur
3398 4354 3618 4426 (Matth.
3647 4371 3730 4418 ιι,
3761 4353 3818 4420 ﬁ].

2273 4443 2338 4496 Et
2372 4458 2478 4498 non
2507 4443 2682 4499 solum
2720 4454 3126 4512 convertentur,
3160 4449 3255 4502 sed
3289 4457 3345 4503 et
3366 4450 3592 4519 quidam
3617 4461 3668 4504 ut
3698 4465 3821 4503 canes

588 4536 686 4591 bes
721 4553 882 4590 :nant
912 4553 1072 4607 neque
1115 4537 1362 4606 iniquitas
1397 4553 1510 4590 mea
1548 4536 1654 4590 ulla
1693 4546 1796 4603 est,
1852 4554 2014 4608 neque
2048 4554 2166 4608 pec-
2196 4549 2241 4607 ι)
2270 4535 2430 4606 205
2469 4538 2786 4602 existentes,
2816 4538 2868 4592 id
2911 4547 2994 4592 est
3048 4540 3433 4606 praedicatores
3493 4543 3822 4598 custodientes

590 4638 764 4680 catum
797 4644 966 4680 nteant
1000 4627 1165 4680 ullum
1189 4637 1290 4692 est,
1323 4627 1562 4681 Domine.
1593 4627 1855 4698 Iniquitas
1885 4629 2090 4684 scilicet
2116 4631 2168 4684 in

590 4717 940 4786 cogitatione,
975 4727 1246 4787 peccatum
1287 4718 1338 4771 in
1388 4719 1730 4787 operatione.
1770 4719 1860 4774 Vel
1913 4720 2168 4791 iniqmtas

589 4819 851 4876 quantum
877 4809 944 4863 ad
967 4811 1290 4878 proximum,
1322 4811 1465 4880 quod
1502 4810 1718 4879 proprie
1773 4812 1992 4880 ponitur
2046 4829 2169 4881 pec-

587 4908 788 4964 catum,
845 4909 1105 4969 quantum
1157 4899 1224 4954 ad
1279 4915 1359 4954 se.
1417 4899 1569 4974 Quod
1619 4901 1946 4956 estdicere:
1978 4901 2164 4978 Neque

591 5004 794 5048 nocens
823 5005 942 5044 sum
974 4991 1026 5043 in
1059 4990 1406 5061 cogitatione,
1433 5005 1607 5058 neque
1632 4991 1683 5044 in
1713 5007 1899 5061 opere.
1919 4992 2013 5048 Vel
2033 4997 2123 5050 ‘sic
2151 5014 2163 5050 :

593 5089 764 5148 neque
819 5091 1070 5149 peccator
1097 5081 1278 5144 inme,
1310 5095 1482 5150 neque
1497 5091 1951 5150 peccatorcontra
1980 5088 2164 5156 proxi-

585 5185 758 5228 mum.
809 5171 927 5224 Non
981 5172 1154 5226 solum
1208 5181 1389 5228 autem
1429 5187 1536 5227 non
1601 5173 1862 5242 iniquus,
1921 5179 2014 5231 sed
2064 5193 2166 5248 ego

587 5261 832 5316 existens
857 5261 968 5314 sine
999 5261 1293 5332 iniquitate,
1324 5263 1373 5316 id
1397 5271 1480 5316 est
1509 5278 1614 5317 non
1643 5265 1863 5334 iniquus
1887 5303 1902 5331 ,
1931 5271 2164 5336 cucurri,

587 5349 640 5404 id
665 5361 752 5404 est
785 5350 894 5405 cito
936 5351 1114 5423 peregi
1137 5366 1300 5420 opera
1330 5352 1487 5417 bona,
1547 5362 1602 5407 et
1640 5369 1746 5408 non
1797 5356 1972 5412 solum
2018 5359 2121 5414 hoc
2145 5401 2161 5428 ,

585 5443 679 5520 sed
705 5453 754 5497 et
783 5443 951 5496 direxi
981 5443 1114 5498 alios
1136 5484 1152 5511 ,
1185 5443 1276 5514 qui
1311 5445 1536 5503 distorto
1563 5447 1732 5515 ibant,
1761 5450 1829 5504 ad
1859 5451 1998 5504 viam
2023 5451 2159 5512 bene

585 5535 869 5608 operandi,
929 5537 1230 5612 discipulos.
1271 5553 1422 5596 meos
1474 5541 1699 5600 scilicet.
1735 5543 1802 5599 Et
1859 5544 1981 5600 ideo
2034 5545 2162 5615 quia

588 5647 750 5700 neque
792 5629 1060 5697 iniquitas,
1091 5645 1254 5701 neque
1291 5644 1560 5701 peccatum
1587 5651 1755 5690 meum
1783 5653 1801 5691 :
1829 5644 1886 5692 et
1917 5637 2041 5707 quia
2074 5653 2164 5689 cu-

587 5723 730 5774 curri
749 5731 794 5774 et
822 5722 1010 5786 direxi,
1035 5739 1272 5794 exsurge,
1300 5727 1442 5783 idest
1461 5741 1652 5800 potens
1677 5731 1964 5801 appare,in
1983 5746 2163 5785 occur-

2273 4627 2572 4682 Ecclesiam
2601 4628 2852 4693 fideliter,
2888 4637 2943 4682 et
2975 4629 3312 4686 oblatrantes
3359 4632 3596 4690 inimicis
3643 4633 3824 4689 haereti-

2273 4724 2351 4778 cis
2381 4763 2397 4789 ,
2445 4723 2654 4779 scilicet
2692 4740 2786 4795 per
2815 4725 3142 4782 sententias.
3179 4745 3246 4784 ne
3281 4707 3550 4802 impetum
3587 4733 3638 4788 in
3671 4732 3824 4786 Eccle-

2271 4815 2405 4870 siatn
2436 4815 2634 4872 faciant
2669 4833 2819 4874 more
2856 4834 3076 4882 canum,
3113 4821 3330 4877 domum
3369 4825 3574 4880 domini
3621 4826 3822 4881 ﬁdeliter

2272 4908 2714 4976 custodientimn,
2741 4922 2796 4967 et
2837 4914 3082 4970 hostinns
3109 4929 3163 4970 et
3205 4917 3413 4970 turibus
3448 4919 3822 4982 oblatrantium,

2269 5004 2537 5070 patientur
2566 5003 2782 5073 famem,
2811 5007 2863 5060 id
2885 5019 2965 5062 est
2997 5008 3326 5062 desiderium
3351 5011 3452 5064 sibi
3481 5013 3824 5083 incorporandi

2271 5093 2405 5148 alios
2435 5109 2532 5163 per
2575 5097 3032 5164 praedicationem.
3069 5099 3135 5152 Et
3167 5101 3264 5169 ipsi
3296 5102 3388 5170 qui
3419 5113 3583 5156 erunt
3609 5115 3666 5158 ut
3691 5119 3829 5158 canes

2268 5185 2559 5238 circuibuut
2588 5187 2936 5254 cieitatem,id
2981 5201 3086 5257 εει,
3115 5191 3252 5246 bene
3291 5193 3542 5247 nuntient
3573 5205 3628 5250 et
3672 5206 3831 5251 custo-

2269 5277 2420 5332 dient
2453 5277 2774 5346 Ecclesium,
2799 5297 2920 5350 quae
2955 5293 3040 5337 est
3086 5283 3280 5339 civitas
3314 5285 3432 5347 Dei,
3481 5301 3511 5339 a
3559 5287 3835 5342 visibilibus

2265 5361 2536 5434 hostibus,
2563 5370 2615 5424 id
2641 5380 2724 5425 est
2744 5371 3036 5436 haereticis,
3069 5383 3124 5429 et
3148 5375 3537 5441 invisibilibns,
3564 5379 3617 5432 id
3637 5389 3718 5435 est
3743 5393 3834 5432 ma-

2272 5457 2434 5527 lignis
2468 5458 2769 5542 spiritibus,
2793 5463 3176 5530 praedicatione
3199 5474 3254 5519 et
3281 5467 3536 5537 exetnplo
3558 5468 3712 5523 bona:
3735 5473 3834 5522 vitae

2267 5561 2378 5602 sure
2407 5555 2463 5602 et
2484 5547 2751 5624 oratione,
2783 5563 2853 5604 ne
2899 5550 3001 5620 ipsi
3053 5552 3235 5608 hostes
3280 5554 3336 5608 in
3370 5555 3616 5611 Ecclesia
3665 5573 3836 5627 pram-

2266 5635 2449 5693 lcant:
2486 5653 2516 5692 a
2555 5639 2904 5696 similitudine
2933 5643 3194 5698 bonorum
3251 5649 3570 5714 custodum,
3609 5652 3700 5720 qui
3739 5651 3840 5704 dili-

2266 5732 2789 5808 gentereustadiunt
2807 5735 3080 5793 civitatem
3100 5736 3203 5794 sibi
3226 5741 3616 5808 commissam.
3637 5745 3840 5800 cii-mm-
