3846 6334
35 402 110 465 με)
864 420 869 427 ν
902 388 1265 451 ΕΧΡΟΒΙΉΟ
1290 385 1355 442 1N
1386 384 1575 441 PSALI

1680 384 1702 441 5
1732 416 1800 429 -—
1824 388 2016 447 PSAL.
2047 390 2223 484 LVlll.

3122 402 3228 461 9H)

51 522 169 576 unde
194 531 325 583 eam,
355 529 421 571 ne
451 512 631 569 hostes
676 513 933 583 impetum
966 511 1167 568 faciant
1196 519 1249 569 et
1298 507 1445 562 fures
1476 505 1555 560 la-
1582 512 1630 569 Α
1658 506 1895 562 ostendit
1924 507 1975 561 tn
2012 508 2219 563 ratione
2250 520 2388 569 mea,
2419 522 2475 562 ut
2505 522 2601 577 pro
2624 510 2705 565 eis
2752 524 2922 579 orem,
2970 528 3041 574 ne
3084 519 3232 576 oeci.

40 620 173 666 tenter
198 612 433 661 subeant.
479 602 589 657 Non
619 602 792 657 solum
821 611 999 657 autem
1027 602 1292 669 patientur
1318 600 1510 668 famem
1536 609 1556 659 ;

39 699 105 754 sed
127 712 241 760 ecce,
273 695 321 749 id
347 702 428 748 est
454 693 653 763 palam,
682 690 958 760 loquentur
978 728 993 753 ,
1029 705 1135 742 non
1182 689 1234 741 in
1264 687 1446 753 corde,
1477 686 1559 741 vel

40 790 78 842 in
102 787 300 855 scripto,
329 784 421 839 scd
460 784 515 835 in
543 798 628 836 ore
653 798 748 836 suo
773 781 1057 850 loquentur
1102 778 1319 834 verbum
1367 777 1560 848 prmdi-

40 877 215 934 rationis
236 895 248 931 :
273 887 318 931 et
348 875 558 945 gladius
585 874 690 927 erit
720 874 775 927 in
815 873 969 926 labiis
994 889 1197 937 eorum,
1227 886 1292 926 ac
1331 871 1378 927 si
1414 872 1559 926 dice-

42 982 128 1023 ret:
153 968 449 1022 Prmdicatio
479 981 664 1020 eorum
694 979 800 1019 non
822 964 929 1019 erit
971 962 1235 1026 ineliicax,
1267 963 1360 1017 sed
1390 962 1444 1016 in
1474 963 1559 1016 la-

43 1060 267 1112 biiscorurn
281 1059 379 1112 erit
391 1056 623 1127 gladius,
638 1056 687 1110 id
700 1064 803 1122 cst,
821 1054 943 1109 talis
954 1054 1262 1124 praedicatio
1276 1069 1396 1123 qua:
1407 1067 1559 1109 com-

45 1149 238 1218 parabilis
264 1147 365 1201 erit
408 1146 628 1216 gladio:
664 1143 993 1200 inter-ﬁciens
1040 1143 1092 1197 in
1123 1144 1304 1196 anima
1338 1143 1465 1197 vitia
1504 1150 1562 1199 et

46 1238 80 1290 in
101 1250 290 1305 corpore
314 1234 452 1289 mala
481 1248 665 1303 opera,
696 1234 763 1286 ad
789 1232 1004 1286 modum
1033 1230 1193 1303 gladii
1224 1230 1558 1287 interﬁcien-

47 1328 106 1380 tis.
128 1326 398 1380 Notandum
425 1325 570 1396 quod
605 1340 717 1379 ecce
747 1323 866 1378 ideo
901 1322 1053 1392 ponit
1081 1337 1179 1391 pro
1204 1322 1402 1393 palam,
1428 1322 1559 1393 quia

46 1418 157 1473 dere
178 1433 284 1488 quin
312 1418 362 1473 in
390 1416 646 1489 prarscnti
694 1424 776 1471 est
822 1423 875 1469 et
905 1414 1083 1486 palam
1114 1424 1427 1471 consuetum
1475 1422 1560 1471 est

46 1511 118 1563 dici
144 1525 259 1564 ecce.
824 1548 827 1549 ν

96 1600 267 1653 Diceret
287 1599 482 1669 aliquis
506 1614 521 1652 :
564 1598 707 1655 Dicis
736 1598 875 1668 quod
910 1598 1089 1669 palam
1115 1598 1402 1670 loquentur
1425 1612 1488 1654 ac
1510 1598 1554 1654 si

1660 596 1859 650 dantur
1905 598 2168 666 corporali
2218 597 2515 664 occisione,
2564 608 2620 654 ut
2670 604 2777 657 sint
2831 614 2996 660 testes
3039 610 3229 670 mortis

1660 702 1828 752 meze;
1874 697 1931 742 et
1962 699 2235 744 reservent
2283 688 2449 744 libros
2475 701 2857 763 prophetarum
2887 698 2954 752 ad
2980 701 3230 757 testimo-

1661 782 1808 833 nium
1838 781 2002 853 206
2030 782 2156 847 mei,
2203 784 2294 853 qui
2340 786 2389 839 in
2431 786 2534 842 illis
2563 790 2854 858 praedictus
2887 805 3029 859 sum,
3071 805 3126 848 et
3165 795 3231 850 ad

1660 869 2070 928 instructionem
2118 872 2242 929 fidei
2291 890 2558 934 meorum.
2609 879 2742 935 Nam
2773 882 2818 937 si
2863 883 2963 953 ipsi
2992 884 3236 939 destrue-

1660 973 1869 1028 rentur,
1900 977 2074 1034 neque
2116 966 2221 1021 mei
2270 966 2535 1024 haberent
2562 969 2729 1027 libros
2757 974 3143 1044 prophetarum
3179 973 3233 1028 in

1658 1055 1854 1123 quibus
1900 1056 2265 1111 testimonium
2314 1063 2726 1119 resurrectionis
2780 1073 2836 1119 ct
2883 1064 3073 1119 mortis
3104 1079 3238 1120 meas

1659 1145 1988 1213 continetur,
2035 1156 2092 1202 ct
2139 1149 2462 1220 quandoque
2505 1152 2758 1209 oblivioni
2802 1155 3238 1212 traderenhscd

1659 1235 2017 1293 eumJudzeos
2053 1237 2251 1307 ubique
2285 1238 2557 1310 dispersos
2599 1253 2821 1314 propter
2856 1245 2959 1301 mei
3004 1256 3237 1301 mortem

1659 1327 1942 1394 videbunt,
1973 1328 2216 1398 ejusdem
2255 1331 2444 1386 mortis
2471 1334 2788 1389 memoriam
2818 1335 2936 1390 sine
2967 1335 3072 1389 line
3112 1335 3241 1390 reti-

1660 1420 1883 1475 nebunt.
1914 1419 2045 1474 Dico
2073 1436 2087 1473 :
2120 1417 2203 1474 Ne
2229 1422 2459 1487 occidas,
2498 1424 2593 1479 sed
2620 1424 2858 1496 disperge
2899 1424 3014 1479 illos
3043 1426 3240 1494 ubi-que

1660 1516 1930 1563 terrarum
1960 1509 2013 1561 in
2039 1508 2223 1564 virtute
2251 1519 2363 1575 tua,
2397 1509 2448 1565 id
2477 1513 2642 1577 estin
2670 1514 2910 1583 potentia
2958 1523 3086 1566 tua:
3116 1529 3238 1568 cum

1657 1600 1736 1655 sis
1770 1610 1959 1671 potens
1985 1601 2053 1655 ad
2082 1602 2498 1674 dispergcnuum
2529 1619 2643 1659 eos.
2675 1606 2810 1671 Quia
2857 1619 2986 1660 vero
3018 1606 3097 1658 sic
3129 1606 3243 1659 dis-

49 1693 117 1746 hrc
139 1694 304 1746 mirum
333 1702 549 1751 essetet
576 1708 852 1763 magnum.
883 1692 1071 1747 Nonne
1095 1692 1277 1748 conteri
1311 1691 1556 1747 homines
1656 1691 1804 1762 pergi
1833 1701 2074 1761 possent,
2098 1703 2154 1748 ut
2186 1692 2381 1749 alicubi
2404 1694 2666 1750 honorem
2697 1695 2990 1750 retinerent
3011 1737 3024 1761 ,
3050 1697 3239 1750 addit:

50 1784 174 1850 palam
194 1785 495 1853 loquuntur?
515 1784 594 1837 Ad
611 1783 752 1853 quod
774 1784 855 1838 sic
867 1784 1048 1838 addit:
1077 1782 1213 1838 Vere
1233 1783 1427 1837 mirum
1449 1790 1551 1847 est,
1659 1784 1724 1838 Et
1748 1794 1826 1848 tu,
1852 1782 2091 1849 Domine,
2109 1785 2198 1854 qui
2220 1801 2279 1840 es
2298 1795 2555 1855 protector
2574 1802 2737 1852 uicus,
2764 1801 2830 1843 ne
2846 1790 3056 1856 cedam,
3083 1788 3242 1857 depo-

50 1880 230 1944 quoniam
256 1880 363 1947 quis
390 1876 590 1930 audivit
619 1893 701 1942 ea,
728 1892 849 1945 qua:
871 1877 969 1945 ipsi
1001 1874 1330 1945 loquentur?
1355 1872 1555 1939 Nemo;
1591 1860 1635 1916 Β
1663 1893 1725 1930 ne
1744 1893 1829 1931 eos
1857 1879 1925 1932 ab
1953 1878 2098 1933 omni
2128 1878 2348 1933 honore.
2383 1877 2713 1933 Oratautem
2752 1881 2815 1934 de
2846 1881 3017 1935 salute
3046 1882 3097 1934 in
3132 1880 3237 1935 fine

54 1970 142 2022 acsi
166 1971 321 2023 dicat:
355 1968 636 2038 Incognita
667 1967 951 2036 loquentur
985 1979 1039 2022 et
1089 1968 1346 2030 inaudita,
1389 1966 1560 2021 homi-

55 2075 136 2113 nem
160 2061 337 2115 scilicet
363 2060 430 2115 de
460 2060 686 2130 Virgine
717 2068 925 2121 natum,
973 2058 1141 2114 fuisse
1186 2068 1457 2113 mortuum
1507 2065 1562 2112 et

57 2154 165 2206 tertia
184 2153 259 2207 die
282 2152 668 2214 resurrexisse,
694 2160 749 2205 ct
771 2149 938 2205 cmlos
965 2150 1292 2215 ascendisse,
1322 2158 1397 2216 et,
1420 2149 1563 2221 quod

56 2240 285 2296 mirabilius
313 2249 414 2307 est,
456 2240 627 2294 Deum
669 2248 729 2294 et
761 2238 1034 2293 hominem
1059 2252 1201 2294 esse.
1244 2238 1369 2308 Agit
1401 2239 1563 2293 etiam

58 2333 352 2387 annuutiative
382 2334 449 2387 de
492 2331 844 2387 damnatione
874 2330 1214 2386 inimicorum
1235 2370 1250 2397 ,
1299 2330 1415 2385 sic:
1444 2328 1564 2383 Dixi

59 2426 154 2493 quod
168 2442 250 2478 non
277 2425 567 2479 miserearis
594 2424 832 2478 erunibus
849 2423 1200 2492 operantibus
1217 2422 1563 2492 iniquitatem.

61 2516 103 2569 Et
114 2534 190 2571 non
202 2518 356 2572 solum
377 2531 481 2570 non
502 2515 870 2580 misereberis,
890 2515 983 2570 sed
1002 2524 1051 2567 et
1081 2524 1158 2580 tu,
1179 2512 1341 2578 Deus,
1359 2513 1447 2583 qui
1472 2527 1567 2583 po-

64 2614 141 2663 lens
159 2625 206 2663 es
223 2618 268 2664 et
283 2608 478 2678 justus,
504 2607 766 2662 deridebis
789 2623 898 2672 eos,
914 2606 965 2660 id
984 2615 1064 2661 est
1084 2604 1275 2676 dignos
1301 2605 1569 2659 derisione

62 2701 246 2757 ostendes
271 2717 377 2766 cos,
402 2717 528 2757 cum
556 2699 779 2768 dejicies
808 2698 876 2752 ab
904 2698 1109 2752 honore
1135 2709 1186 2751 et
1217 2697 1337 2751 loco
1351 2712 1469 2751 suo.
1505 2696 1563 2749 Et

65 2788 135 2841 dixi
155 2792 253 2860 quia
281 2802 466 2863 gentes
493 2796 900 2855 convertentur,
937 2797 992 2842 et
1019 2802 1196 2840 omnes
1228 2796 1401 2856 gentes
1443 2800 1572 2839 con-

67 2891 193 2934 ursas
227 2882 435 2935 deduce;
476 2880 547 2934 ad
590 2877 811 2933 nihilum
850 2878 915 2932 de
944 2876 1220 2946 impietate
1274 2885 1327 2929 et
1369 2875 1571 2928 malitia

68 2980 143 3020 sua.
169 2971 281 3037 Quia
310 2985 434 3026 vero
465 2969 534 3026 de
565 2967 801 3023 inimicis
840 2967 1050 3022 dixerat
1077 2984 1090 3020 :
1130 2966 1254 3020 Non
1279 2967 1572 3019 miserearis

68 3068 99 3109 et
125 3062 334 3117 deridebis
363 3079 473 3128 eos,
524 3070 711 3133 posset
750 3060 946 3131 aliquis
977 3060 1156 3116 dicere
1184 3075 1195 3111 :
1229 3056 1575 3127 Quandoqui-

72 3150 168 3215 dem,
186 3168 213 3208 o
237 3153 461 3219 Christe,
488 3154 583 3223 qui
610 3159 900 3222 opera‘ntes
925 3160 1050 3207 sunt
1080 3151 1443 3221 iniquitatem,
1475 3150 1572 3203 mi-

72 3243 342 3301 scricordiam
372 3262 478 3301 non
511 3253 639 3301 sunt
667 3242 1032 3309 consecuturi,
1082 3242 1148 3295 ad
1193 3240 1322 3311 quid
1372 3254 1466 3295 eos
1506 3239 1574 3293 ad

75 3349 243 3401 presens
289 3355 351 3394 ex
399 3348 512 3394 toto
572 3353 680 3393 non
726 3334 1016 3392 destruis?
1064 3336 1204 3404 quod
1248 3334 1327 3388 sic
1372 3333 1569 3388 solvit:

75 3430 260 3489 Qiiaiuvis
295 3433 527 3487 concedo
560 3430 702 3499 quod
750 3427 1176 3483 miscricordiam
1226 3441 1332 3480 non
1382 3439 1575 3480 consed-

77 3530 261 3585 quantur,
287 3537 388 3576 non
417 3530 600 3575 tamen
626 3533 720 3573 eos
741 3517 829 3571 hic
849 3531 915 3571 ex
944 3526 1055 3571 toto
1076 3515 1346 3569 destruam
1372 3513 1423 3568 in
1449 3529 1575 3569 cor-

80 3620 163 3670 mre
184 3625 225 3663 ct
251 3612 296 3665 in
321 3612 521 3675 anima,
553 3608 647 3663 sed
676 3607 969 3661 custodiam
996 3604 1354 3675 fortitudinem
1384 3620 1574 3670 meam,

81 3695 112 3746 il
131 3709 189 3752 cst
207 3703 479 3768 potentiam
513 3714 691 3754 meum
714 3698 1006 3752 reservabo
1035 3711 1207 3765 usque
1237 3698 1289 3751 in
1319 3699 1575 3761 futurum,

82 3802 207 3844 ncces
227 3793 459 3847 damnent
491 3808 557 3847 ex
591 3799 721 3855 toto,
753 3790 823 3844 ad
849 3797 921 3854 te,
958 3788 1140 3854 Pater,
1177 3788 1493 3857 respiciens,
1525 3788 1580 3843 id

81 3890 133 3930 est
151 3882 200 3933 ad
220 3883 609 3952 dispositionem
636 3890 805 3949 tuam,
838 3896 939 3950 qua
973 3878 1281 3948 disposuisti
1312 3880 1374 3932 ut'
1396 3887 1580 3933 custo-

84 3968 191 4022 diam.
216 3971 550 4028 Facitautcm
575 3972 955 4041 apostropham
985 3970 1052 4024 ad
1082 3970 1372 4035 auditores,
1402 3977 1582 4023 osten-

84 4056 337 4130 dcusquare
366 4065 737 4120 fortitudinem
783 4078 936 4117 suam
982 4063 1271 4127 custodiet,
1312 4060 1427 4116 sic:
1461 4058 1582 4114 Dixi

84 4152 179 4215 Quod
201 4159 469 4210 custodiant
501 4155 864 4225 fortitudinem
894 4171 1059 4209 meam
1086 4169 1106 4220 ,'
1144 4164 1199 4209 et
1227 4153 1329 4208 hoc
1356 4152 1478 4207 ideo
1504 4148 1584 4205 fa-

88 4241 194 4308 ciaui,
216 4248 323 4316 quia
351 4248 492 4302 Deus
521 4247 704 4311 Pater,
740 4255 1007 4316 susceptor
1032 4260 1198 4312 meus,
1220 4254 1280 4299 ut
1303 4243 1585 4299 resuscitet

90 4326 182 4389 Deus
198 4354 324 4394 incus
343 4348 578 4403 creator,
603 4346 655 4391 et
677 4337 1037 4391 misericordia
1056 4335 1169 4405 ejus
1190 4335 1460 4405 prwveniet
1481 4350 1582 4400 me,

91 4419 125 4474 id
142 4436 312 4498 cst‘przc
337 4432 455 4486 aliis
502 4429 679 4485 veniet
712 4428 765 4482 in
795 4442 901 4482 me.
948 4425 1102 4494 Quod
1127 4434 1211 4481 est
1235 4426 1413 4481 dicere
1439 4442 1452 4478 :
1481 4423 1588 4478 Ma-

1661 1968 1846 2021 mundi
1876 1969 2385 2034 convertendomm,
2439 1969 2517 2023 sic
2544 1986 2554 2023 :
2600 1968 2726 2023 Dico
2756 1987 2769 2022 :
2800 1969 2881 2023 Ne
2910 1970 3117 2023 occidas
3156 1987 3245 2024 eos

1662 2058 1749 2113 hic
1783 2057 1834 2112 in
1859 2072 2109 2129 corpore,
2140 2060 2233 2114 sed
2262 2060 2312 2113 in
2347 2059 2618 2115 salvandis
2658 2060 2842 2114 occide
2865 2060 3111 2114 delictum
3134 2062 3245 2113 oris

1661 2165 1861 2213 eorum,
1878 2150 2045 2215 idest,
2061 2150 2275 2205 destrue
2288 2150 2535 2206 delictum
2553 2152 2692 2221 quod
2709 2150 3006 2215 habebunt,
3020 2151 3142 2219 quia
3160 2166 3249 2207 me

1663 2257 1757 2298 ore
1781 2242 2222 2311 blasphemahunt
2244 2244 2490 2314 exemplo
2516 2254 2728 2313 patrum
2756 2260 2996 2300 suorum.
3023 2245 3086 2299 Et
3100 2255 3248 2315 post-

1665 2348 1824 2405 quam
1849 2334 2091 2389 delictum
2103 2335 2581 2399 occideris,occide
2591 2345 2646 2392 el
2664 2337 3029 2407 blasphemum
3045 2353 3249 2392 sermo-

1666 2441 1789 2479 nem
1804 2424 2059 2479 labiorum
2078 2427 2326 2495 ipsorum,
2346 2426 2515 2491 idest,
2531 2443 2597 2482 ne
2618 2428 2846 2497 amplius
2861 2428 2912 2482 in
2928 2444 3013 2483 me
3027 2428 3250 2499 loquan-

1668 2524 1754 2569 tur
1770 2514 2169 2583 blasphemiam.
2190 2514 2254 2569 Et
2269 2515 2345 2570 sic
2362 2515 2863 2585 comprehendantur
2885 2532 2914 2570 a
2937 2518 3141 2571 ratione
3155 2533 3250 2572 sua

1666 2608 1719 2660 in
1736 2608 1976 2675 superbia
2000 2623 2093 2661 sua
2117 2621 2351 2670 errasse,
2371 2607 2421 2661 id
2441 2618 2544 2674 est,
2571 2609 2774 2663 ratione
2795 2611 3253 2679 comprehendant

1669 2710 1726 2751 se
1748 2711 1982 2761 errasse,
2010 2711 2129 2751 cum
2154 2698 2383 2765 superbe
2411 2696 2571 2752 locuti
2598 2696 2799 2752 fuerint
2823 2699 2873 2751 in
2899 2714 2985 2754 me
3008 2699 3255 2769 blasphe-

1670 2789 1830 2841 niiam
1861 2798 1913 2842 et
1955 2786 2083 2841 mihi
2125 2786 2323 2841 cultum
2364 2786 2766 2857 denegaverint.

1742 2878 1966 2932 (istensa
2006 2893 2168 2932 causa
2210 2892 2314 2930 una
2346 2892 2512 2946 quare
2563 2878 2928 2932 fortitudinem
2976 2893 3127 2932 suam
3160 2891 3254 2933 eu-

1672 2968 1895 3031 stodiat,
1933 2980 2102 3035 usque
2132 2967 2182 3019 in
2218 2964 2456 3018 futurum
2486 2965 2712 3031 scilicet,
2746 2967 2872 3036 quia
2902 2966 3039 3021 Deus
3071 2977 3253 3022 osten-

1674 3059 1751 3114 dit
1780 3059 1826 3113 ci
1869 3066 1926 3112 nt
1969 3072 2068 3128 pro
2112 3057 2240 3127 ipsis
2286 3065 2489 3121 oraret,
2540 3058 2782 3128 adjungit
2820 3059 3001 3124 aliam,
3036 3061 3153 3115 sic:
3188 3060 3252 3113 Et

1676 3148 1797 3203 ideo
1842 3148 2015 3202 adhuc
2058 3147 2357 3202 custodiam
2396 3146 2785 3212 fortitudinem,
2818 3150 2941 3217 quia
2971 3150 3256 3201 annuntia-

1679 3243 1889 3305 buutur,
1910 3240 1959 3294 id
1988 3250 2068 3295 est
2091 3241 2494 3294 alumntialione
2511 3239 2942 3310 praedicatorum,
2961 3240 3128 3305 idest,
3154 3239 3252 3293 du-

1678 3335 1850 3390 ctrina
1874 3342 2256 3389 convertentur
2292 3333 2357 3387 de
2384 3332 2757 3387 exsecratione
2787 3338 2840 3386 et
2877 3333 3157 3386 mendacio
3202 3334 3253 3385 in

1678 3440 1785 3495 quo
1808 3425 1957 3493 prius
1982 3433 2139 3478 erant
2169 3463 2184 3486 ,
2214 3421 2267 3475 in
2294 3422 2817 3485 consummationem,
2854 3422 2904 3475 id
2934 3431 3018 3475 est
3049 3422 3101 3475 in
3133 3437 3255 3491 per-

1681 3517 1965 3574 fectionem
1993 3516 2271 3571 virtutum.
2304 3512 2455 3579 Quod
2499 3522 2580 3567 cst
2619 3513 2838 3567 dicere:
2871 3514 2941 3566 Dc
2972 3513 3071 3566 hoc
3112 3514 3256 3582 quod

1679 3610 1831 3679 prius
1866 3618 2021 3663 erant
2058 3606 2305 3675 exemplo
2361 3616 2572 3675 patrum
2622 3621 2862 3669 suorum,
2911 3616 3258 3660 exsecrantes

1682 3719 1790 3767 me,
1819 3712 1871 3758 et
1899 3702 2183 3756 mendaces
2216 3700 2446 3753 dicendo
2479 3714 2562 3752 me
2592 3714 2696 3753 non
2728 3714 2845 3754 esse
2874 3699 3039 3753 Deum
3072 3710 3125 3753 et
3157 3698 3260 3754 lte-

1682 3811 1825 3865 gem,
1855 3794 2152 3849 eflicicntur
2180 3792 2232 3845 in
2272 3790 2562 3845 virtutibus
2590 3792 2965 3855 consunnnnti,
2997 3808 3094 3862 per
3118 3808 3257 3861 pra:-

1683 3887 2006 3942 dicationem
2033 3884 2445 3955 pratdicatorum
2481 3883 2663 3948 Heliae,
2705 3885 2910 3940 scilicet
2936 3894 2989 3939 ct
3016 3884 3259 3948 llenocli,

1682 3993 1737 4037 et
1761 3990 2097 4036 creterorum.
2138 3976 2265 4030 Dico
2288 3977 2429 4046 quod
2455 3986 2855 4043 convertentur,
2879 3987 2933 4031 ct
2966 3978 3064 4031 hoc.
3100 3982 3149 4029 in
3182 3978 3258 4030 ira

1685 4068 2168 4131 consummationis,
2200 4066 2251 4121 id
2282 4075 2366 4120 est
2390 4067 2439 4119 in
2468 4066 2900 4120 consideratione
2929 4066 3020 4119 irte
3046 4065 3257 4125 futurae,

1686 4178 1805 4233 qua:
1833 4162 1935 4217 erit
1966 4160 2043 4214 ira
2070 4166 2462 4219 consuunnata,
2500 4155 2549 4211 id
2576 4167 2657 4211 est
2692 4158 2924 4225 perfecta
2954 4174 2966 4207 :
3002 4171 3104 4208 non
3138 4154 3259 4209 talis

1686 4252 1893 4309 scilicet
1926 4267 2045 4321 qua:
2078 4250 2149 4304 sit
2195 4246 2546 4310 transitoria,
2602 4247 2696 4300 sed
2745 4261 2862 4314 qua:
2917 4248 2986 4300 sit
3036 4254 3258 4299 interna.

1689 4343 1841 4412 Quod
1877 4351 1959 4397 est
1992 4342 2213 4396 dicere:
2249 4337 2398 4404 Quod
2430 4335 2849 4390 considerabunt
2893 4335 3029 4389 iram
3076 4348 3265 4403 perpe-

1692 4450 1837 4495 tuam
1866 4451 2029 4505 super
2058 4448 2151 4487 cos
2196 4432 2450 4494 futuram,
2486 4429 2680 4482 timore
2733 4427 2873 4482 illius
2916 4428 3007 4482 ine
3036 4442 3264 4483 conver-

91 4513 145 4583 litt
160 4526 237 4579 erit
255 4527 298 4580 in
327 4544 428 4591 me,
456 4542 618 4598 quam
651 4526 702 4580 in
740 4524 860 4579 aliis
885 4540 899 4590 ;
933 4533 990 4578 ut
1022 4538 1105 4578 me
1130 4521 1335 4578 scilicet
1364 4519 1575 4583 exaltet,

1692 4538 1893 4594 tentur,
1924 4536 1978 4581 et
2010 4533 2127 4595 post
2155 4538 2257 4577 non
2287 4528 2449 4575 erunt
2492 4519 2638 4588 impii
2666 4520 2807 4589 quod
2839 4520 3008 4589 prius.
3058 4519 3124 4574 Et
3164 4518 3265 4588 ipsi

93 4618 128 4663 et
151 4623 278 4672 totout
322 4622 577 4676 mundum
612 4619 743 4674 milii
789 4618 1079 4687 subjiciat:
1118 4616 1289 4683 Deus,
1324 4616 1543 4686 inquam
1572 4654 1587 4680 ,

94 4712 248 4764 ostemtit
278 4716 394 4768 mihi
428 4717 482 4770 in
529 4712 771 4769 interiori
804 4727 947 4775 meo,
997 4712 1127 4765 mihi
1174 4710 1314 4774 dico,
1343 4706 1590 4763 conside-

99 4801 190 4853 ranti
209 4820 335 4871 super
355 4808 591 4859 inimicos
616 4821 781 4868 meos,
810 4800 1203 4856 rationabiliter
1229 4795 1591 4869 perscrutanti

98 4890 181 4953 quid
204 4892 256 4948 de
282 4898 353 4950 eis
381 4907 526 4951 esset
552 4895 839 4965 agendum.
867 4892 978 4945 llnc
1006 4890 1216 4944 scilicet
1259 4887 1481 4942 ostendit
1522 4900 1592 4940 ne

100 4975 372 5050 destrucrcm,
411 4986 506 5041 sed
543 5001 637 5053 pro
664 4984 741 5040 eis
770 4984 942 5052 ipsum
989 4981 1203 5035 Patrem
1252 4979 1330 5033 sic
1356 4991 1589 5031 orarem.

100 5064 253 5127 Oileus
277 5074 443 5141 l’ater,
478 5094 539 5130 nc
570 5076 779 5129 occidas
809 5091 895 5127 cos
934 5073 1000 5127 ad
1046 5085 1281 5141 przescns
1330 5080 1499 5136 usque
1542 5066 1593 5120 in

102 5152 272 5218 futurum
292 5177 340 5220 et
366 5168 415 5220 in
447 5181 672 5235 corpore
695 5174 749 5219 ct
775 5164 830 5217 in
854 5163 1052 5226 anima,
1081 5178 1141 5216 ne
1173 5161 1405 5231 quando,
1432 5159 1484 5212 id
1513 5166 1596 5213 est

105 5250 335 5326 aliquando,
365 5260 541 5329 populi
574 5256 863 5313 Christiani
894 5255 1263 5308 obliviscantur
1290 5267 1395 5317 me,
1422 5252 1472 5306 id
1514 5261 1598 5307 est

106 5336 283 5402 beneficii
332 5364 357 5402 a
389 5364 474 5403 me
502 5347 749 5421 itnpensi.
781 5346 988 5401 scilicet
1025 5345 1166 5413 quod
1203 5359 1300 5411 pro
1337 5344 1416 5398 eis
1448 5359 1594 5398 mor-

107 5435 189 5484 tuus
206 5449 301 5489 sum
325 5449 380 5493 ut
407 5438 774 5501 salvareutur,
808 5435 908 5501 vel,
932 5451 994 5489 ne
1014 5435 1382 5488 obliviscantur
1418 5433 1596 5502 papuli

107 5520 171 5599 ἔπεὲ
192 5522 452 5582 Christiani
502 5529 912 5599 prophetarum,
955 5529 1044 5595 qui
1086 5541 1170 5580 me
1211 5526 1594 5595 praedixerunt.

109 5598 151 5658 El
182 5609 260 5667 hoc
282 5629 356 5671 est
401 5634 464 5673 ac
508 5598 553 5674 si
584 5619 825 5674 diceret:
856 5616 987 5673 Cum
1024 5618 1124 5671 hoc
1162 5617 1234 5670 sit
1278 5617 1419 5685 quod
1458 5617 1599 5671 Deus

110 5690 220 5754 Pater
238 5707 295 5760 sit
315 5722 569 5779 susceptor
590 5727 734 5766 meus
758 5720 812 5765 ct
833 5719 1042 5765 creator
1061 5720 1115 5765 et
1140 5710 1280 5781 quod
1309 5711 1601 5765 misericor-

112 5786 558 5871 έίαελιιερτωυεηίει
598 5822 702 5875 me,
746 5804 965 5861 obedire
1014 5804 1063 5860 ei
1111 5804 1299 5873 debeo,
1332 5805 1422 5875 qui
1470 5806 1601 5861 mihi

1694 4621 1784 4691 qui
1818 4618 1969 4689 prius
1998 4631 2103 4671 non
2139 4621 2462 4684 cognoscent
2493 4626 2578 4667 me
2608 4612 2872 4667 dominari
2905 4622 2957 4665 et
2983 4611 3180 4666 Judaeis
3214 4621 3269 4666 ct

1697 4711 1967 4782 gentibus,
1998 4707 2187 4768 scient,
2218 4705 2266 4758 id
2290 4712 2372 4758 est
2403 4713 2728 4774 cognoscent,
2760 4706 2882 4773 quia
2917 4704 3055 4759 Deus
3098 4704 3267 4757 domis

1699 4804 1907 4857 nubitur
1931 4798 2098 4852 Iacob
2127 4809 2171 4851 et
2213 4797 2394 4864 ﬁnium
2424 4806 2595 4849 teme.
2625 4795 2777 4862 Quod
2806 4805 2890 4850 est
2916 4796 3095 4851 dicere
3129 4813 3142 4849 :
3168 4795 3270 4849 Co-

1698 4901 1959 4963 gnoscent
1987 4891 2124 4959 quod
2150 4903 2246 4958 ego
2273 4889 2360 4956 qui
2413 4901 2519 4941 non
2574 4884 2797 4955 simplex
2851 4887 3033 4951 homo,
3082 4889 3172 4941 sed
3215 4895 3271 4941 (ι

1701 4982 1844 5036 Deus
1874 4996 2014 5043 sum,
2058 4979 2376 5033 dominabor
2400 4986 2453 5031 et
2481 4976 2667 5042 Jacob,
2704 4979 2753 5033 id
2788 4986 2871 5031 est
2908 4975 3129 5031 Judaico
3179 4992 3270 5046 po-

1699 5074 1843 5143 pulo,
1873 5081 1928 5125 et
1955 5070 2206 5125 omnibus
2235 5068 2484 5138 gentibus
2514 5083 2682 5137 usque
2708 5068 2773 5122 ad
2807 5070 2942 5123 lines
2974 5052 3268 5123 terraedFi-

1700 5183 1796 5222 nes
1827 5176 1981 5220 terra:
2002 5181 2095 5234 pro
2130 5162 2259 5232 ipsis
2281 5162 2528 5231 gentibus
2559 5161 2707 5231 ponit
2746 5176 2840 5231 per
2869 5160 3267 5215 metonomiam.

1700 5258 1949 5316 Ostendit
1979 5266 2157 5311 autent
2198 5255 2248 5307 in
2293 5267 2399 5322 quo
2432 5262 2689 5322 tempore,
2718 5253 2795 5307 sic
2821 5271 2833 5305 :
2861 5252 2988 5306 Dico
3011 5252 3151 5321 quod
3176 5266 3271 5304 an-

1702 5350 2058 5412 nuntiatioue,
2072 5348 2126 5402 id
2144 5355 2227 5401 est
2249 5346 2491 5400 doctrina
2507 5345 2913 5413 prtedicatorum
2929 5389 2942 5407 ,
2955 5350 3273 5397 converten-

1707 5454 1811 5509 tur,
1842 5452 1898 5498 et
1922 5442 2037 5496 hinc
2064 5438 2343 5495 conversio
2372 5452 2479 5491 non
2505 5436 2611 5492 erit
2655 5435 2720 5487 ad
2760 5448 3016 5504 praesens,
3064 5436 3159 5488 sed
3204 5434 3272 5485 ad

1703 5548 1965 5601 vesperum
1979 5541 2356 5594 convertentur,
2373 5527 2513 5582 idest
2529 5526 2579 5579 in
2595 5526 2698 5578 fine
2712 5523 3079 5578 sextmtntatis.
3097 5521 3151 5576 In
3168 5522 3274 5577 [ine

1706 5626 1889 5680 mundi
1917 5623 2143 5686 scilicet,
2175 5632 2220 5676 et
2252 5631 2306 5674 ut
2329 5636 2479 5673 canes
2506 5617 2724 5688 quidam
2768 5617 3060 5670 existentes
3086 5629 3275 5669 eorum

1708 5716 1898 5785 famem
1928 5714 2210 5782 patientur,
2241 5709 2619 5778 incon-perandi
2660 5707 2762 5762 sibi
2811 5707 2969 5770 alios,
3013 5715 3061 5759 et
3087 5706 3278 5760 circui-

1710 5807 1833 5859 bnnt
1855 5806 2128 5870 civitatem,
2159 5802 2211 5858 id
2237 5810 2320 5858 est
2342 5800 2476 5858 bene
2506 5800 2814 5857 custodicnt
2842 5796 3280 5862 Eccicsiam..llic
