  <div class='ocr_page' id='page_1' title='image "/cluster/home/n/w/nwhite01/storage/ocr_20150623/152/hvd.32044015473804/461.png"; bbox 0 0 3856 6322; ppageno 0'>
   <div class='ocr_carea' id='block_1_1' title="bbox 551 361 650 417">
    <p class='ocr_par' dir='ltr' id='par_1_1' title="bbox 551 361 650 417">
     <span class='ocr_line' id='line_1_1' title="bbox 551 361 650 417; baseline 0 -1"><span class='ocrx_word' id='word_1_1' title='bbox 551 361 650 417; x_wconf 65' lang='grc' dir='ltr'><strong>9η</strong></span> 
     </span>
    </p>
   </div>
   <div class='ocr_carea' id='block_1_2' title="bbox 1141 334 3747 415">
    <p class='ocr_par' dir='ltr' id='par_1_2' title="bbox 1141 334 3747 415">
     <span class='ocr_line' id='line_1_2' title="bbox 1141 334 3747 415; baseline -0.001 -2"><span class='ocrx_word' id='word_1_2' title='bbox 1141 358 1200 413; x_wconf 89' lang='lat' dir='ltr'><strong>S.</strong></span> <span class='ocrx_word' id='word_1_3' title='bbox 1241 352 1592 415; x_wconf 74' lang='lat' dir='ltr'><strong>BRUNONIS</strong></span> <span class='ocrx_word' id='word_1_4' title='bbox 1627 349 2267 411; x_wconf 75' lang='lat' dir='ltr'><strong>CARTHUSIANORUM</strong></span> <span class='ocrx_word' id='word_1_5' title='bbox 2309 348 2797 409; x_wconf 78' lang='lat' dir='ltr'><strong>INSTITUTORIS</strong></span> <span class='ocrx_word' id='word_1_6' title='bbox 2832 348 2981 408; x_wconf 85' lang='lat' dir='ltr'><strong>OPP.</strong></span> <span class='ocrx_word' id='word_1_7' title='bbox 3013 343 3194 405; x_wconf 75' lang='lat' dir='ltr'><strong>PARS</strong></span> <span class='ocrx_word' id='word_1_8' title='bbox 3224 343 3265 404; x_wconf 86' lang='lat' dir='ltr'><strong>L</strong></span> <span class='ocrx_word' id='word_1_9' title='bbox 3366 334 3367 339; x_wconf 8' lang='grc' dir='ltr'>γ</span> <span class='ocrx_word' id='word_1_10' title='bbox 3673 354 3747 411; x_wconf 68' lang='lat' dir='ltr'><strong>illi</strong></span> 
     </span>
    </p>
   </div>
   <div class='ocr_carea' id='block_1_3' title="bbox 554 461 3748 543">
    <p class='ocr_par' dir='ltr' id='par_1_3' title="bbox 554 461 3748 543">
     <span class='ocr_line' id='line_1_3' title="bbox 554 461 3748 543; baseline -0.003 -9"><span class='ocrx_word' id='word_1_11' title='bbox 554 490 734 534; x_wconf 85' lang='lat' dir='ltr'><strong>autem</strong></span> <span class='ocrx_word' id='word_1_12' title='bbox 758 492 970 541; x_wconf 81' lang='lat' dir='ltr'><strong>versus,</strong></span> <span class='ocrx_word' id='word_1_13' title='bbox 998 476 1084 529; x_wconf 86' lang='lat' dir='ltr'><strong>hic</strong></span> <span class='ocrx_word' id='word_1_14' title='bbox 1126 472 1476 543; x_wconf 75' lang='lat' dir='ltr'><strong>ut°superius</strong></span> <span class='ocrx_word' id='word_1_15' title='bbox 1512 470 1823 539; x_wconf 76' lang='lat' dir='ltr'><strong>exponitur,</strong></span> <span class='ocrx_word' id='word_1_16' title='bbox 1860 466 1959 522; x_wconf 88' lang='lat' dir='ltr'><strong>nisi</strong></span> <span class='ocrx_word' id='word_1_17' title='bbox 1992 465 2132 534; x_wconf 79' lang='lat' dir='ltr'><strong>quod</strong></span> <span class='ocrx_word' id='word_1_18' title='bbox 2162 469 2208 528; x_wconf 87' lang='lat' dir='ltr'><strong>A</strong></span> <span class='ocrx_word' id='word_1_19' title='bbox 2236 465 2580 535; x_wconf 64' lang='lat' dir='ltr'><strong>Jtldtnis&#39;qum</strong></span> <span class='ocrx_word' id='word_1_20' title='bbox 2600 478 2859 521; x_wconf 74' lang='lat' dir='ltr'><strong>succensa</strong></span> <span class='ocrx_word' id='word_1_21' title='bbox 2887 472 2972 519; x_wconf 70' lang='grc' dir='ltr'><strong>εει</strong></span> <span class='ocrx_word' id='word_1_22' title='bbox 2996 478 3025 516; x_wconf 74' lang='lat'><strong>8</strong></span> <span class='ocrx_word' id='word_1_23' title='bbox 3060 461 3283 517; x_wconf 77' lang='lat' dir='ltr'><strong>Clll‘iSlo</strong></span> <span class='ocrx_word' id='word_1_24' title='bbox 3329 474 3457 516; x_wconf 74' lang='grc' dir='ltr'><strong>νθΐο</strong></span> <span class='ocrx_word' id='word_1_25' title='bbox 3489 461 3635 518; x_wconf 72' lang='lat' dir='ltr'><strong>DaVid</strong></span> <span class='ocrx_word' id='word_1_26' title='bbox 3663 465 3748 537; x_wconf 81' lang='lat' dir='ltr'><strong>igne</strong></span> 
     </span>
    </p>
   </div>
   <div class='ocr_carea' id='block_1_4' title="bbox 553 558 2131 637">
    <p class='ocr_par' dir='ltr' id='par_1_4' title="bbox 553 558 2131 637">
     <span class='ocr_line' id='line_1_4' title="bbox 553 558 2131 637; baseline -0.009 -16"><span class='ocrx_word' id='word_1_27' title='bbox 553 582 841 637; x_wconf 86' lang='lat' dir='ltr'><strong>vesperum</strong></span> <span class='ocrx_word' id='word_1_28' title='bbox 870 565 1118 634; x_wconf 84' lang='lat' dir='ltr'><strong>superius</strong></span> <span class='ocrx_word' id='word_1_29' title='bbox 1150 562 1359 632; x_wconf 90' lang='lat' dir='ltr'><strong>accepit</strong></span> <span class='ocrx_word' id='word_1_30' title='bbox 1390 576 1486 630; x_wconf 90' lang='lat' dir='ltr'><strong>pro</strong></span> <span class='ocrx_word' id='word_1_31' title='bbox 1513 558 1776 630; x_wconf 89' lang='lat' dir='ltr'><strong>principio</strong></span> <span class='ocrx_word' id='word_1_32' title='bbox 1811 563 1981 611; x_wconf 78' lang='lat' dir='ltr'><strong>sexta:</strong></span> <span class='ocrx_word' id='word_1_33' title='bbox 2006 566 2131 608; x_wconf 69' lang='lat' dir='ltr'><strong>aeta-</strong></span> 
     </span>
    </p>
   </div>
   <div class='ocr_carea' id='block_1_5' title="bbox 558 650 2133 727">
    <p class='ocr_par' dir='ltr' id='par_1_5' title="bbox 558 650 2133 727">
     <span class='ocr_line' id='line_1_5' title="bbox 558 650 2133 727; baseline -0.009 -15"><span class='ocrx_word' id='word_1_34' title='bbox 558 661 651 724; x_wconf 89' lang='lat' dir='ltr'><strong>tis,</strong></span> <span class='ocrx_word' id='word_1_35' title='bbox 679 672 799 727; x_wconf 68' lang='lat' dir='ltr'><strong>qua:</strong></span> <span class='ocrx_word' id='word_1_36' title='bbox 826 665 932 710; x_wconf 88' lang='lat' dir='ltr'><strong>tota</strong></span> <span class='ocrx_word' id='word_1_37' title='bbox 964 670 1243 725; x_wconf 86' lang='lat' dir='ltr'><strong>vesperum</strong></span> <span class='ocrx_word' id='word_1_38' title='bbox 1271 652 1470 706; x_wconf 90' lang='lat' dir='ltr'><strong>dicitur</strong></span> <span class='ocrx_word' id='word_1_39' title='bbox 1497 666 1512 716; x_wconf 88' lang='lat'><strong>;</strong></span> <span class='ocrx_word' id='word_1_40' title='bbox 1556 650 1643 703; x_wconf 89' lang='lat' dir='ltr'><strong>hic</strong></span> <span class='ocrx_word' id='word_1_41' title='bbox 1673 662 1803 701; x_wconf 88' lang='lat' dir='ltr'><strong>vero</strong></span> <span class='ocrx_word' id='word_1_42' title='bbox 1850 659 2133 714; x_wconf 87' lang='lat' dir='ltr'><strong>vesperum</strong></span> 
     </span>
    </p>
   </div>
   <div class='ocr_carea' id='block_1_6' title="bbox 489 740 2136 823">
    <p class='ocr_par' dir='ltr' id='par_1_6' title="bbox 489 740 2136 823">
     <span class='ocr_line' id='line_1_6' title="bbox 489 740 2136 823; baseline -0.007 -19"><span class='ocrx_word' id='word_1_43' title='bbox 563 752 695 807; x_wconf 90' lang='lat' dir='ltr'><strong>dicit</strong></span> <span class='ocrx_word' id='word_1_44' title='bbox 725 749 886 804; x_wconf 92' lang='lat' dir='ltr'><strong>ﬁnem</strong></span> <span class='ocrx_word' id='word_1_45' title='bbox 914 758 1077 803; x_wconf 62' lang='lat' dir='ltr'><strong>sexu:</strong></span> <span class='ocrx_word' id='word_1_46' title='bbox 1105 746 1303 809; x_wconf 65' lang='lat' dir='ltr'><strong>artatis,</strong></span> <span class='ocrx_word' id='word_1_47' title='bbox 1340 752 1394 797; x_wconf 88' lang='lat' dir='ltr'><strong>et</strong></span> <span class='ocrx_word' id='word_1_48' title='bbox 1429 745 1530 797; x_wconf 88' lang='lat' dir='ltr'><strong>hoc</strong></span> <span class='ocrx_word' id='word_1_49' title='bbox 1568 740 1784 810; x_wconf 85' lang='lat' dir='ltr'><strong>preprie</strong></span> <span class='ocrx_word' id='word_1_50' title='bbox 1818 777 1833 804; x_wconf 86' lang='lat'><strong>,</strong></span> <span class='ocrx_word' id='word_1_51' title='bbox 1871 740 1999 807; x_wconf 91' lang='lat' dir='ltr'><strong>quia</strong></span> <span class='ocrx_word' id='word_1_52' title='bbox 2041 753 2136 793; x_wconf 71' lang='lat' dir='ltr'><strong>ve~</strong></span> 
     </span>
    </p>
   </div>
   <div class='ocr_carea' id='block_1_7' title="bbox 562 828 2135 913">
    <p class='ocr_par' dir='ltr' id='par_1_7' title="bbox 562 828 2135 913">
     <span class='ocr_line' id='line_1_7' title="bbox 562 828 2135 913; baseline -0.01 -15"><span class='ocrx_word' id='word_1_53' title='bbox 562 858 781 913; x_wconf 89' lang='lat' dir='ltr'><strong>sperum</strong></span> <span class='ocrx_word' id='word_1_54' title='bbox 813 841 1104 909; x_wconf 82' lang='lat' dir='ltr'><strong>accipimus</strong></span> <span class='ocrx_word' id='word_1_55' title='bbox 1144 837 1355 890; x_wconf 88' lang='lat' dir='ltr'><strong>ﬁnalem</strong></span> <span class='ocrx_word' id='word_1_56' title='bbox 1395 844 1601 903; x_wconf 89' lang='lat' dir='ltr'><strong>partem</strong></span> <span class='ocrx_word' id='word_1_57' title='bbox 1632 831 1758 886; x_wconf 89' lang='lat' dir='ltr'><strong>diei.</strong></span> <span class='ocrx_word' id='word_1_58' title='bbox 1798 830 1913 884; x_wconf 83' lang='lat' dir='ltr'><strong>Non</strong></span> <span class='ocrx_word' id='word_1_59' title='bbox 1962 828 2135 884; x_wconf 88' lang='lat' dir='ltr'><strong>solum</strong></span> 
     </span>
    </p>
   </div>
   <div class='ocr_carea' id='block_1_8' title="bbox 562 923 2139 1000">
    <p class='ocr_par' dir='ltr' id='par_1_8' title="bbox 562 923 2139 1000">
     <span class='ocr_line' id='line_1_8' title="bbox 562 923 2139 1000; baseline -0.007 -14"><span class='ocrx_word' id='word_1_60' title='bbox 562 942 741 987; x_wconf 86' lang='lat' dir='ltr'><strong>autem</strong></span> <span class='ocrx_word' id='word_1_61' title='bbox 780 931 968 1000; x_wconf 80' lang='lat' dir='ltr'><strong>famem</strong></span> <span class='ocrx_word' id='word_1_62' title='bbox 1003 929 1282 998; x_wconf 83' lang='lat' dir='ltr'><strong>patientur,</strong></span> <span class='ocrx_word' id='word_1_63' title='bbox 1315 925 1408 979; x_wconf 91' lang='lat' dir='ltr'><strong>sed</strong></span> <span class='ocrx_word' id='word_1_64' title='bbox 1452 934 1498 977; x_wconf 83' lang='lat' dir='ltr'><strong>et</strong></span> <span class='ocrx_word' id='word_1_65' title='bbox 1531 923 1627 988; x_wconf 86' lang='lat' dir='ltr'><strong>ipsi</strong></span> <span class='ocrx_word' id='word_1_66' title='bbox 1657 923 2016 992; x_wconf 84' lang='lat' dir='ltr'><strong>dispergentur</strong></span> <span class='ocrx_word' id='word_1_67' title='bbox 2043 936 2139 992; x_wconf 88' lang='lat' dir='ltr'><strong>per</strong></span> 
     </span>
    </p>
   </div>
   <div class='ocr_carea' id='block_1_9' title="bbox 565 1011 2138 1079">
    <p class='ocr_par' dir='ltr' id='par_1_9' title="bbox 565 1011 2138 1079">
     <span class='ocr_line' id='line_1_9' title="bbox 565 1011 2138 1079; baseline -0.007 -4"><span class='ocrx_word' id='word_1_68' title='bbox 565 1021 729 1077; x_wconf 88' lang='lat' dir='ltr'><strong>multa</strong></span> <span class='ocrx_word' id='word_1_69' title='bbox 754 1019 870 1073; x_wconf 90' lang='lat' dir='ltr'><strong>loca</strong></span> <span class='ocrx_word' id='word_1_70' title='bbox 909 1018 978 1070; x_wconf 87' lang='lat' dir='ltr'><strong>ad</strong></span> <span class='ocrx_word' id='word_1_71' title='bbox 1004 1012 1447 1078; x_wconf 72' lang='lat' dir='ltr'><strong>manducandum,</strong></span> <span class='ocrx_word' id='word_1_72' title='bbox 1481 1011 1531 1065; x_wconf 97' lang='lat' dir='ltr'><strong>id</strong></span> <span class='ocrx_word' id='word_1_73' title='bbox 1561 1019 1644 1065; x_wconf 88' lang='lat' dir='ltr'><strong>est</strong></span> <span class='ocrx_word' id='word_1_74' title='bbox 1681 1011 1747 1064; x_wconf 85' lang='lat' dir='ltr'><strong>ad</strong></span> <span class='ocrx_word' id='word_1_75' title='bbox 1787 1011 2138 1079; x_wconf 70' lang='lat' dir='ltr'><strong>incorporeu-</strong></span> 
     </span>
    </p>
   </div>
   <div class='ocr_carea' id='block_1_10' title="bbox 562 1101 2137 1171">
    <p class='ocr_par' dir='ltr' id='par_1_10' title="bbox 562 1101 2137 1171">
     <span class='ocr_line' id='line_1_10' title="bbox 562 1101 2137 1171; baseline -0.004 -7"><span class='ocrx_word' id='word_1_76' title='bbox 562 1112 690 1164; x_wconf 92' lang='lat' dir='ltr'><strong>dum</strong></span> <span class='ocrx_word' id='word_1_77' title='bbox 720 1106 823 1163; x_wconf 86' lang='lat' dir='ltr'><strong>sibi</strong></span> <span class='ocrx_word' id='word_1_78' title='bbox 856 1106 987 1160; x_wconf 90' lang='lat' dir='ltr'><strong>alios</strong></span> <span class='ocrx_word' id='word_1_79' title='bbox 1018 1104 1229 1158; x_wconf 77' lang='lat' dir='ltr'><strong>Judaeos</strong></span> <span class='ocrx_word' id='word_1_80' title='bbox 1260 1102 1524 1168; x_wconf 87' lang='lat' dir='ltr'><strong>inﬁdeles,</strong></span> <span class='ocrx_word' id='word_1_81' title='bbox 1559 1115 1709 1157; x_wconf 90' lang='lat' dir='ltr'><strong>more</strong></span> <span class='ocrx_word' id='word_1_82' title='bbox 1738 1101 1865 1168; x_wconf 87' lang='lat' dir='ltr'><strong>cibi,</strong></span> <span class='ocrx_word' id='word_1_83' title='bbox 1896 1103 1985 1171; x_wconf 92' lang='lat' dir='ltr'><strong>qui</strong></span> <span class='ocrx_word' id='word_1_84' title='bbox 2008 1103 2137 1157; x_wconf 90' lang='lat' dir='ltr'><strong>dum</strong></span> 
     </span>
    </p>
   </div>
   <div class='ocr_carea' id='block_1_11' title="bbox 562 1194 2140 1267">
    <p class='ocr_par' dir='ltr' id='par_1_11' title="bbox 562 1194 2140 1267">
     <span class='ocr_line' id='line_1_11' title="bbox 562 1194 2140 1267; baseline -0.005 -13"><span class='ocrx_word' id='word_1_85' title='bbox 562 1199 917 1255; x_wconf 88' lang='lat' dir='ltr'><strong>manducatur</strong></span> <span class='ocrx_word' id='word_1_86' title='bbox 954 1196 1354 1265; x_wconf 86' lang='lat' dir='ltr'><strong>incorporatur.</strong></span> <span class='ocrx_word' id='word_1_87' title='bbox 1394 1194 1453 1249; x_wconf 87' lang='lat' dir='ltr'><strong>Si</strong></span> <span class='ocrx_word' id='word_1_88' title='bbox 1484 1212 1601 1249; x_wconf 85' lang='lat' dir='ltr'><strong>vero</strong></span> <span class='ocrx_word' id='word_1_89' title='bbox 1635 1212 1737 1251; x_wconf 85' lang='lat' dir='ltr'><strong>non</strong></span> <span class='ocrx_word' id='word_1_90' title='bbox 1769 1202 1960 1267; x_wconf 78' lang='lat' dir='ltr'><strong>fuerint</strong></span> <span class='ocrx_word' id='word_1_91' title='bbox 1990 1207 2140 1252; x_wconf 57' lang='lat' dir='ltr'><strong>satu.</strong></span> 
     </span>
    </p>
   </div>
   <div class='ocr_carea' id='block_1_12' title="bbox 560 1285 2138 1357">
    <p class='ocr_par' dir='ltr' id='par_1_12' title="bbox 560 1285 2138 1357">
     <span class='ocr_line' id='line_1_12' title="bbox 560 1285 2138 1357; baseline -0.003 -13"><span class='ocrx_word' id='word_1_92' title='bbox 560 1290 685 1354; x_wconf 86' lang='lat' dir='ltr'><strong>rati,</strong></span> <span class='ocrx_word' id='word_1_93' title='bbox 718 1286 1151 1357; x_wconf 88' lang='lat' dir='ltr'><strong>incorporatioue</strong></span> <span class='ocrx_word' id='word_1_94' title='bbox 1180 1285 1432 1350; x_wconf 87' lang='lat' dir='ltr'><strong>aliorum,</strong></span> <span class='ocrx_word' id='word_1_95' title='bbox 1473 1286 1524 1340; x_wconf 98' lang='lat' dir='ltr'><strong>id</strong></span> <span class='ocrx_word' id='word_1_96' title='bbox 1556 1296 1663 1353; x_wconf 90' lang='lat' dir='ltr'><strong>est,</strong></span> <span class='ocrx_word' id='word_1_97' title='bbox 1699 1288 1740 1342; x_wconf 90' lang='lat' dir='ltr'><strong>si</strong></span> <span class='ocrx_word' id='word_1_98' title='bbox 1789 1290 1984 1343; x_wconf 88' lang='lat' dir='ltr'><strong>multos</strong></span> <span class='ocrx_word' id='word_1_99' title='bbox 2035 1287 2138 1343; x_wconf 87' lang='lat' dir='ltr'><strong>sibi</strong></span> 
     </span>
    </p>
   </div>
   <div class='ocr_carea' id='block_1_13' title="bbox 561 1375 2139 1448">
    <p class='ocr_par' dir='ltr' id='par_1_13' title="bbox 561 1375 2139 1448">
     <span class='ocr_line' id='line_1_13' title="bbox 561 1375 2139 1448; baseline -0.001 -15"><span class='ocrx_word' id='word_1_100' title='bbox 561 1381 906 1448; x_wconf 89' lang='lat' dir='ltr'><strong>incorporare</strong></span> <span class='ocrx_word' id='word_1_101' title='bbox 932 1375 1301 1445; x_wconf 84' lang='lat' dir='ltr'><strong>nequiverint,</strong></span> <span class='ocrx_word' id='word_1_102' title='bbox 1334 1392 1437 1429; x_wconf 90' lang='lat' dir='ltr'><strong>non</strong></span> <span class='ocrx_word' id='word_1_103' title='bbox 1469 1377 1643 1431; x_wconf 90' lang='lat' dir='ltr'><strong>solum</strong></span> <span class='ocrx_word' id='word_1_104' title='bbox 1671 1378 1929 1433; x_wconf 90' lang='lat' dir='ltr'><strong>dolebunt</strong></span> <span class='ocrx_word' id='word_1_105' title='bbox 1954 1378 2139 1444; x_wconf 88' lang='lat' dir='ltr'><strong>corde,</strong></span> 
     </span>
    </p>
   </div>
   <div class='ocr_carea' id='block_1_14' title="bbox 557 1465 2142 1538">
    <p class='ocr_par' dir='ltr' id='par_1_14' title="bbox 557 1465 2142 1538">
     <span class='ocr_line' id='line_1_14' title="bbox 557 1465 2142 1538; baseline 0 -16"><span class='ocrx_word' id='word_1_106' title='bbox 557 1468 654 1523; x_wconf 87' lang='lat' dir='ltr'><strong>sed</strong></span> <span class='ocrx_word' id='word_1_107' title='bbox 702 1476 747 1519; x_wconf 85' lang='lat' dir='ltr'><strong>et</strong></span> <span class='ocrx_word' id='word_1_108' title='bbox 792 1465 1190 1519; x_wconf 87' lang='lat' dir='ltr'><strong>murmurabunt</strong></span> <span class='ocrx_word' id='word_1_109' title='bbox 1228 1480 1340 1528; x_wconf 92' lang='lat' dir='ltr'><strong>ore,</strong></span> <span class='ocrx_word' id='word_1_110' title='bbox 1398 1465 1449 1519; x_wconf 90' lang='lat' dir='ltr'><strong>id</strong></span> <span class='ocrx_word' id='word_1_111' title='bbox 1503 1474 1586 1521; x_wconf 90' lang='lat' dir='ltr'><strong>est</strong></span> <span class='ocrx_word' id='word_1_112' title='bbox 1630 1477 2028 1538; x_wconf 88' lang='lat' dir='ltr'><strong>conquerentur</strong></span> <span class='ocrx_word' id='word_1_113' title='bbox 2075 1468 2142 1522; x_wconf 84' lang='lat' dir='ltr'><strong>ad</strong></span> 
     </span>
    </p>
   </div>
   <div class='ocr_carea' id='block_1_15' title="bbox 558 1554 2144 1617">
    <p class='ocr_par' dir='ltr' id='par_1_15' title="bbox 558 1554 2144 1617">
     <span class='ocr_line' id='line_1_15' title="bbox 558 1554 2144 1617; baseline 0.003 -6"><span class='ocrx_word' id='word_1_114' title='bbox 558 1557 729 1611; x_wconf 87' lang='lat' dir='ltr'><strong>Deum</strong></span> <span class='ocrx_word' id='word_1_115' title='bbox 759 1556 966 1609; x_wconf 89' lang='lat' dir='ltr'><strong>orando</strong></span> <span class='ocrx_word' id='word_1_116' title='bbox 996 1563 1055 1608; x_wconf 91' lang='lat' dir='ltr'><strong>ut</strong></span> <span class='ocrx_word' id='word_1_117' title='bbox 1082 1555 1365 1609; x_wconf 80' lang='lat' dir='ltr'><strong>satientur.</strong></span> <span class='ocrx_word' id='word_1_118' title='bbox 1407 1554 1464 1608; x_wconf 83' lang='lat' dir='ltr'><strong>in</strong></span> <span class='ocrx_word' id='word_1_119' title='bbox 1496 1556 1599 1611; x_wconf 80' lang='lat' dir='ltr'><strong>ltoc</strong></span> <span class='ocrx_word' id='word_1_120' title='bbox 1643 1568 1823 1613; x_wconf 88' lang='lat' dir='ltr'><strong>autem</strong></span> <span class='ocrx_word' id='word_1_121' title='bbox 1854 1559 2026 1617; x_wconf 87' lang='lat' dir='ltr'><strong>innuit</strong></span> <span class='ocrx_word' id='word_1_122' title='bbox 2052 1576 2144 1616; x_wconf 81' lang='lat' dir='ltr'><strong>eos</strong></span> 
     </span>
    </p>
   </div>
   <div class='ocr_carea' id='block_1_16' title="bbox 557 1644 2145 1718">
    <p class='ocr_par' dir='ltr' id='par_1_16' title="bbox 557 1644 2145 1718">
     <span class='ocr_line' id='line_1_16' title="bbox 557 1644 2145 1718; baseline 0.006 -19"><span class='ocrx_word' id='word_1_123' title='bbox 557 1646 713 1701; x_wconf 86' lang='lat' dir='ltr'><strong>valde</strong></span> <span class='ocrx_word' id='word_1_124' title='bbox 744 1644 1015 1715; x_wconf 88' lang='lat' dir='ltr'><strong>perfectos</strong></span> <span class='ocrx_word' id='word_1_125' title='bbox 1036 1644 1268 1712; x_wconf 87' lang='lat' dir='ltr'><strong>futuros,</strong></span> <span class='ocrx_word' id='word_1_126' title='bbox 1298 1661 1420 1700; x_wconf 89' lang='lat' dir='ltr'><strong>cum</strong></span> <span class='ocrx_word' id='word_1_127' title='bbox 1448 1648 1609 1702; x_wconf 90' lang='lat' dir='ltr'><strong>etiam</strong></span> <span class='ocrx_word' id='word_1_128' title='bbox 1638 1664 1737 1718; x_wconf 90' lang='lat' dir='ltr'><strong>pro</strong></span> <span class='ocrx_word' id='word_1_129' title='bbox 1758 1649 1986 1707; x_wconf 88' lang='lat' dir='ltr'><strong>aliorum</strong></span> <span class='ocrx_word' id='word_1_130' title='bbox 2014 1666 2145 1708; x_wconf 87' lang='lat' dir='ltr'><strong>con-</strong></span> 
     </span>
    </p>
   </div>
   <div class='ocr_carea' id='block_1_17' title="bbox 556 1739 1200 1807">
    <p class='ocr_par' dir='ltr' id='par_1_17' title="bbox 556 1739 1200 1807">
     <span class='ocr_line' id='line_1_17' title="bbox 556 1739 1200 1807; baseline -0.002 -14"><span class='ocrx_word' id='word_1_131' title='bbox 556 1739 809 1807; x_wconf 84' lang='lat' dir='ltr'><strong>versione</strong></span> <span class='ocrx_word' id='word_1_132' title='bbox 839 1740 1045 1794; x_wconf 91' lang='lat' dir='ltr'><strong>oraturi</strong></span> <span class='ocrx_word' id='word_1_133' title='bbox 1073 1739 1200 1798; x_wconf 88' lang='lat' dir='ltr'><strong>sint.</strong></span> 
     </span>
    </p>
   </div>
   <div class='ocr_carea' id='block_1_18' title="bbox 2235 550 3748 625">
    <p class='ocr_par' dir='ltr' id='par_1_18' title="bbox 2235 550 3748 625">
     <span class='ocr_line' id='line_1_18' title="bbox 2235 550 3748 625; baseline -0.001 -16"><span class='ocrx_word' id='word_1_134' title='bbox 2235 554 2471 625; x_wconf 84' lang='lat' dir='ltr'><strong>Spiritus</strong></span> <span class='ocrx_word' id='word_1_135' title='bbox 2494 555 2668 610; x_wconf 85' lang='lat' dir='ltr'><strong>sancti</strong></span> <span class='ocrx_word' id='word_1_136' title='bbox 2702 572 2716 608; x_wconf 92' lang='lat'><strong>:</strong></span> <span class='ocrx_word' id='word_1_137' title='bbox 2748 553 3139 624; x_wconf 82' lang='lat' dir='ltr'><strong>Mesopotamia</strong></span> <span class='ocrx_word' id='word_1_138' title='bbox 3177 566 3419 619; x_wconf 86' lang='lat' dir='ltr'><strong>namque</strong></span> <span class='ocrx_word' id='word_1_139' title='bbox 3444 550 3621 605; x_wconf 69' lang='lat' dir='ltr'><strong>elevata</strong></span> <span class='ocrx_word' id='word_1_140' title='bbox 3639 572 3748 608; x_wconf 76' lang='lat' dir='ltr'><strong>rora-</strong></span> 
     </span>
    </p>
   </div>
   <div class='ocr_carea' id='block_1_19' title="bbox 2234 640 3749 715">
    <p class='ocr_par' dir='ltr' id='par_1_19' title="bbox 2234 640 3749 715">
     <span class='ocr_line' id='line_1_19' title="bbox 2234 640 3749 715; baseline 0.001 -19"><span class='ocrx_word' id='word_1_141' title='bbox 2234 644 2308 699; x_wconf 88' lang='lat' dir='ltr'><strong>tio</strong></span> <span class='ocrx_word' id='word_1_142' title='bbox 2361 644 2778 715; x_wconf 87' lang='lat' dir='ltr'><strong>interpretatur;</strong></span> <span class='ocrx_word' id='word_1_143' title='bbox 2812 640 2973 713; x_wconf 86' lang='lat' dir='ltr'><strong>Syria</strong></span> <span class='ocrx_word' id='word_1_144' title='bbox 3019 655 3174 705; x_wconf 88' lang='lat' dir='ltr'><strong>vero,</strong></span> <span class='ocrx_word' id='word_1_145' title='bbox 3203 640 3521 693; x_wconf 74' lang='lat' dir='ltr'><strong>sublimitas.</strong></span> <span class='ocrx_word' id='word_1_146' title='bbox 3566 640 3749 697; x_wconf 69' lang='lat' dir='ltr'><strong>Ecclesia</strong></span> 
     </span>
    </p>
   </div>
   <div class='ocr_carea' id='block_1_20' title="bbox 2235 729 3752 801">
    <p class='ocr_par' dir='ltr' id='par_1_20' title="bbox 2235 729 3752 801">
     <span class='ocr_line' id='line_1_20' title="bbox 2235 729 3752 801; baseline 0.001 -15"><span class='ocrx_word' id='word_1_147' title='bbox 2235 741 2415 787; x_wconf 89' lang='lat' dir='ltr'><strong>autem</strong></span> <span class='ocrx_word' id='word_1_148' title='bbox 2458 733 2527 789; x_wconf 89' lang='lat' dir='ltr'><strong>de</strong></span> <span class='ocrx_word' id='word_1_149' title='bbox 2577 731 2780 787; x_wconf 69' lang='lat' dir='ltr'><strong>Judaais</strong></span> <span class='ocrx_word' id='word_1_150' title='bbox 2835 745 3073 801; x_wconf 83' lang='lat' dir='ltr'><strong>congrue</strong></span> <span class='ocrx_word' id='word_1_151' title='bbox 3115 730 3318 785; x_wconf 90' lang='lat' dir='ltr'><strong>dicitur</strong></span> <span class='ocrx_word' id='word_1_152' title='bbox 3366 729 3569 784; x_wconf 84' lang='lat' dir='ltr'><strong>elevata</strong></span> <span class='ocrx_word' id='word_1_153' title='bbox 3612 744 3752 788; x_wconf 74' lang='lat' dir='ltr'><strong>vocata</strong></span> 
     </span>
    </p>
   </div>
   <div class='ocr_carea' id='block_1_21' title="bbox 2236 820 3752 896">
    <p class='ocr_par' dir='ltr' id='par_1_21' title="bbox 2236 820 3752 896">
     <span class='ocr_line' id='line_1_21' title="bbox 2236 820 3752 896; baseline -0.001 -16"><span class='ocrx_word' id='word_1_154' title='bbox 2236 824 2503 881; x_wconf 89' lang='lat' dir='ltr'><strong>sublimis.</strong></span> <span class='ocrx_word' id='word_1_155' title='bbox 2533 825 2663 896; x_wconf 82' lang='lat' dir='ltr'><strong>igne</strong></span> <span class='ocrx_word' id='word_1_156' title='bbox 2686 838 2922 893; x_wconf 86' lang='lat' dir='ltr'><strong>namque</strong></span> <span class='ocrx_word' id='word_1_157' title='bbox 2949 820 3175 893; x_wconf 84' lang='lat' dir='ltr'><strong>spiritus</strong></span> <span class='ocrx_word' id='word_1_158' title='bbox 3207 836 3304 889; x_wconf 89' lang='lat' dir='ltr'><strong>per</strong></span> <span class='ocrx_word' id='word_1_159' title='bbox 3350 831 3570 875; x_wconf 88' lang='lat' dir='ltr'><strong>mortem</strong></span> <span class='ocrx_word' id='word_1_160' title='bbox 3605 822 3752 879; x_wconf 74' lang='lat' dir='ltr'><strong>Christi</strong></span> 
     </span>
    </p>
   </div>
   <div class='ocr_carea' id='block_1_22' title="bbox 2235 911 3755 981">
    <p class='ocr_par' dir='ltr' id='par_1_22' title="bbox 2235 911 3755 981">
     <span class='ocr_line' id='line_1_22' title="bbox 2235 911 3755 981; baseline 0.001 -11"><span class='ocrx_word' id='word_1_161' title='bbox 2235 914 2612 971; x_wconf 74' lang='lat' dir='ltr'><strong>suceendenda</strong></span> <span class='ocrx_word' id='word_1_162' title='bbox 2638 922 2830 969; x_wconf 81' lang='lat' dir='ltr'><strong>vocata</strong></span> <span class='ocrx_word' id='word_1_163' title='bbox 2857 919 2939 968; x_wconf 85' lang='lat' dir='ltr'><strong>est</strong></span> <span class='ocrx_word' id='word_1_164' title='bbox 2973 912 3040 967; x_wconf 90' lang='lat' dir='ltr'><strong>ad</strong></span> <span class='ocrx_word' id='word_1_165' title='bbox 3095 911 3257 966; x_wconf 90' lang='lat' dir='ltr'><strong>ﬁdem</strong></span> <span class='ocrx_word' id='word_1_166' title='bbox 3313 925 3411 979; x_wconf 91' lang='lat' dir='ltr'><strong>per</strong></span> <span class='ocrx_word' id='word_1_167' title='bbox 3454 912 3696 981; x_wconf 73' lang='lat' dir='ltr'><strong>apostolos.</strong></span> <span class='ocrx_word' id='word_1_168' title='bbox 3718 925 3755 971; x_wconf 76' lang='lat' dir='ltr'><strong>et</strong></span> 
     </span>
    </p>
   </div>
   <div class='ocr_carea' id='block_1_23' title="bbox 2234 1001 3755 1078">
    <p class='ocr_par' dir='ltr' id='par_1_23' title="bbox 2234 1001 3755 1078">
     <span class='ocr_line' id='line_1_23' title="bbox 2234 1001 3755 1078; baseline 0.001 -17"><span class='ocrx_word' id='word_1_169' title='bbox 2234 1019 2332 1078; x_wconf 85' lang='lat' dir='ltr'><strong>per</strong></span> <span class='ocrx_word' id='word_1_170' title='bbox 2352 1005 2736 1076; x_wconf 68' lang='lat' dir='ltr'><strong>pmnitentiam</strong></span> <span class='ocrx_word' id='word_1_171' title='bbox 2765 1020 2793 1059; x_wconf 87' lang='lat' dir='ltr'><strong>a</strong></span> <span class='ocrx_word' id='word_1_172' title='bbox 2824 1003 2976 1060; x_wconf 83' lang='lat' dir='ltr'><strong>vitiis</strong></span> <span class='ocrx_word' id='word_1_173' title='bbox 2999 1001 3231 1069; x_wconf 84' lang='lat' dir='ltr'><strong>elevata,</strong></span> <span class='ocrx_word' id='word_1_174' title='bbox 3257 1011 3314 1057; x_wconf 91' lang='lat' dir='ltr'><strong>et</strong></span> <span class='ocrx_word' id='word_1_175' title='bbox 3346 1002 3427 1058; x_wconf 88' lang='lat' dir='ltr'><strong>sic</strong></span> <span class='ocrx_word' id='word_1_176' title='bbox 3455 1004 3508 1057; x_wconf 91' lang='lat' dir='ltr'><strong>in</strong></span> <span class='ocrx_word' id='word_1_177' title='bbox 3533 1004 3755 1063; x_wconf 76' lang='lat' dir='ltr'><strong>virtutibus</strong></span> 
     </span>
    </p>
   </div>
   <div class='ocr_carea' id='block_1_24' title="bbox 2240 1093 3754 1166">
    <p class='ocr_par' dir='ltr' id='par_1_24' title="bbox 2240 1093 3754 1166">
     <span class='ocr_line' id='line_1_24' title="bbox 2240 1093 3754 1166; baseline -0.003 -12"><span class='ocrx_word' id='word_1_178' title='bbox 2240 1097 2492 1154; x_wconf 74' lang='lat' dir='ltr'><strong>sublimis</strong></span> <span class='ocrx_word' id='word_1_179' title='bbox 2540 1096 2709 1152; x_wconf 86' lang='lat' dir='ltr'><strong>facta.</strong></span> <span class='ocrx_word' id='word_1_180' title='bbox 2746 1095 2853 1151; x_wconf 90' lang='lat' dir='ltr'><strong>Per</strong></span> <span class='ocrx_word' id='word_1_181' title='bbox 2884 1093 3105 1166; x_wconf 78' lang='lat' dir='ltr'><strong>Syriam</strong></span> <span class='ocrx_word' id='word_1_182' title='bbox 3155 1107 3289 1147; x_wconf 86' lang='lat' dir='ltr'><strong>vero</strong></span> <span class='ocrx_word' id='word_1_183' title='bbox 3334 1108 3524 1148; x_wconf 84' lang='lat' dir='ltr'><strong>rursus</strong></span> <span class='ocrx_word' id='word_1_184' title='bbox 3566 1096 3754 1164; x_wconf 87' lang='lat' dir='ltr'><strong>positam,</strong></span> 
     </span>
    </p>
   </div>
   <div class='ocr_carea' id='block_1_25' title="bbox 2238 1189 3758 1261">
    <p class='ocr_par' dir='ltr' id='par_1_25' title="bbox 2238 1189 3758 1261">
     <span class='ocr_line' id='line_1_25' title="bbox 2238 1189 3758 1261; baseline -0.001 -17"><span class='ocrx_word' id='word_1_185' title='bbox 2238 1206 2359 1261; x_wconf 72' lang='lat' dir='ltr'><strong>qua:</strong></span> <span class='ocrx_word' id='word_1_186' title='bbox 2386 1190 2527 1245; x_wconf 80' lang='lat' dir='ltr'><strong>sicut</strong></span> <span class='ocrx_word' id='word_1_187' title='bbox 2550 1189 2803 1256; x_wconf 82' lang='lat' dir='ltr'><strong>dicimus,</strong></span> <span class='ocrx_word' id='word_1_188' title='bbox 2853 1189 3150 1244; x_wconf 74' lang='lat' dir='ltr'><strong>sublimitas</strong></span> <span class='ocrx_word' id='word_1_189' title='bbox 3190 1192 3593 1260; x_wconf 82' lang='lat' dir='ltr'><strong>interpretatur,</strong></span> <span class='ocrx_word' id='word_1_190' title='bbox 3625 1198 3668 1242; x_wconf 89' lang='lat' dir='ltr'><strong>et</strong></span> <span class='ocrx_word' id='word_1_191' title='bbox 3691 1206 3758 1258; x_wconf 80' lang='lat' dir='ltr'><strong>per</strong></span> 
     </span>
    </p>
   </div>
   <div class='ocr_carea' id='block_1_26' title="bbox 2240 1279 3757 1353">
    <p class='ocr_par' dir='ltr' id='par_1_26' title="bbox 2240 1279 3757 1353">
     <span class='ocr_line' id='line_1_26' title="bbox 2240 1279 3757 1353; baseline -0.003 -15"><span class='ocrx_word' id='word_1_192' title='bbox 2240 1281 2403 1338; x_wconf 88' lang='lat' dir='ltr'><strong>Sobal</strong></span> <span class='ocrx_word' id='word_1_193' title='bbox 2428 1296 2547 1353; x_wconf 73' lang='lat' dir='ltr'><strong>qua:</strong></span> <span class='ocrx_word' id='word_1_194' title='bbox 2571 1298 2704 1336; x_wconf 80' lang='lat' dir='ltr'><strong>vana</strong></span> <span class='ocrx_word' id='word_1_195' title='bbox 2729 1290 2955 1337; x_wconf 81' lang='lat' dir='ltr'><strong>vetustas</strong></span> <span class='ocrx_word' id='word_1_196' title='bbox 2980 1290 3159 1347; x_wconf 90' lang='lat' dir='ltr'><strong>sonat,</strong></span> <span class='ocrx_word' id='word_1_197' title='bbox 3183 1281 3475 1338; x_wconf 84' lang='lat' dir='ltr'><strong>denotatur</strong></span> <span class='ocrx_word' id='word_1_198' title='bbox 3500 1279 3757 1345; x_wconf 78' lang='lat' dir='ltr'><strong>sublimitas,</strong></span> 
     </span>
    </p>
   </div>
   <div class='ocr_carea' id='block_1_27' title="bbox 2241 1372 3756 1445">
    <p class='ocr_par' dir='ltr' id='par_1_27' title="bbox 2241 1372 3756 1445">
     <span class='ocr_line' id='line_1_27' title="bbox 2241 1372 3756 1445; baseline -0.004 -16"><span class='ocrx_word' id='word_1_199' title='bbox 2241 1373 2394 1429; x_wconf 88' lang='lat' dir='ltr'><strong>idest</strong></span> <span class='ocrx_word' id='word_1_200' title='bbox 2430 1373 2683 1443; x_wconf 83' lang='lat' dir='ltr'><strong>superbia</strong></span> <span class='ocrx_word' id='word_1_201' title='bbox 2732 1373 2937 1429; x_wconf 78' lang='lat' dir='ltr'><strong>veteris</strong></span> <span class='ocrx_word' id='word_1_202' title='bbox 2983 1373 3120 1445; x_wconf 87' lang='lat' dir='ltr'><strong>legis</strong></span> <span class='ocrx_word' id='word_1_203' title='bbox 3150 1390 3167 1439; x_wconf 84' lang='lat'><strong>;</strong></span> <span class='ocrx_word' id='word_1_204' title='bbox 3194 1388 3318 1444; x_wconf 67' lang='lat' dir='ltr'><strong>quas</strong></span> <span class='ocrx_word' id='word_1_205' title='bbox 3364 1372 3449 1427; x_wconf 78' lang='lat' dir='ltr'><strong>lex</strong></span> <span class='ocrx_word' id='word_1_206' title='bbox 3502 1386 3623 1424; x_wconf 86' lang='lat' dir='ltr'><strong>vana</strong></span> <span class='ocrx_word' id='word_1_207' title='bbox 3660 1383 3756 1433; x_wconf 79' lang='lat' dir='ltr'><strong>erat,</strong></span> 
     </span>
    </p>
   </div>
   <div class='ocr_carea' id='block_1_28' title="bbox 2243 1463 3760 1538">
    <p class='ocr_par' dir='ltr' id='par_1_28' title="bbox 2243 1463 3760 1538">
     <span class='ocr_line' id='line_1_28' title="bbox 2243 1463 3760 1538; baseline -0.002 -16"><span class='ocrx_word' id='word_1_208' title='bbox 2243 1482 2349 1522; x_wconf 87' lang='lat' dir='ltr'><strong>non</strong></span> <span class='ocrx_word' id='word_1_209' title='bbox 2381 1467 2525 1537; x_wconf 85' lang='lat' dir='ltr'><strong>quod</strong></span> <span class='ocrx_word' id='word_1_210' title='bbox 2553 1467 2691 1522; x_wconf 87' lang='lat' dir='ltr'><strong>bona</strong></span> <span class='ocrx_word' id='word_1_211' title='bbox 2716 1482 2825 1522; x_wconf 90' lang='lat' dir='ltr'><strong>non</strong></span> <span class='ocrx_word' id='word_1_212' title='bbox 2868 1476 3037 1533; x_wconf 87' lang='lat' dir='ltr'><strong>esset,</strong></span> <span class='ocrx_word' id='word_1_213' title='bbox 3086 1467 3183 1522; x_wconf 88' lang='lat' dir='ltr'><strong>sed</strong></span> <span class='ocrx_word' id='word_1_214' title='bbox 3210 1467 3337 1538; x_wconf 86' lang='lat' dir='ltr'><strong>quia</strong></span> <span class='ocrx_word' id='word_1_215' title='bbox 3372 1481 3479 1520; x_wconf 89' lang='lat' dir='ltr'><strong>non</strong></span> <span class='ocrx_word' id='word_1_216' title='bbox 3527 1463 3760 1519; x_wconf 73' lang='lat' dir='ltr'><strong>subiciebat</strong></span> 
     </span>
    </p>
   </div>
   <div class='ocr_carea' id='block_1_29' title="bbox 2243 1554 3758 1626">
    <p class='ocr_par' dir='ltr' id='par_1_29' title="bbox 2243 1554 3758 1626">
     <span class='ocr_line' id='line_1_29' title="bbox 2243 1554 3758 1626; baseline -0.003 -13"><span class='ocrx_word' id='word_1_217' title='bbox 2243 1558 2311 1613; x_wconf 87' lang='lat' dir='ltr'><strong>ad</strong></span> <span class='ocrx_word' id='word_1_218' title='bbox 2336 1558 2521 1614; x_wconf 91' lang='lat' dir='ltr'><strong>mundi</strong></span> <span class='ocrx_word' id='word_1_219' title='bbox 2568 1557 2799 1612; x_wconf 90' lang='lat' dir='ltr'><strong>salutem</strong></span> <span class='ocrx_word' id='word_1_220' title='bbox 2841 1556 2982 1612; x_wconf 89' lang='lat' dir='ltr'><strong>sicut</strong></span> <span class='ocrx_word' id='word_1_221' title='bbox 3010 1554 3166 1612; x_wconf 88' lang='lat' dir='ltr'><strong>multi</strong></span> <span class='ocrx_word' id='word_1_222' title='bbox 3210 1557 3589 1626; x_wconf 83' lang='lat' dir='ltr'><strong>Opinabantur.</strong></span> <span class='ocrx_word' id='word_1_223' title='bbox 3638 1555 3758 1621; x_wconf 83' lang='lat' dir='ltr'><strong>Quam</strong></span> 
     </span>
    </p>
   </div>
   <div class='ocr_carea' id='block_1_30' title="bbox 2244 1644 3761 1718">
    <p class='ocr_par' dir='ltr' id='par_1_30' title="bbox 2244 1644 3761 1718">
     <span class='ocr_line' id='line_1_30' title="bbox 2244 1644 3761 1718; baseline -0.001 -18"><span class='ocrx_word' id='word_1_224' title='bbox 2244 1647 2552 1715; x_wconf 84' lang='lat' dir='ltr'><strong>superbiam</strong></span> <span class='ocrx_word' id='word_1_225' title='bbox 2583 1645 2708 1718; x_wconf 86' lang='lat' dir='ltr'><strong>igne</strong></span> <span class='ocrx_word' id='word_1_226' title='bbox 2727 1644 2962 1716; x_wconf 84' lang='lat' dir='ltr'><strong>Spiritus</strong></span> <span class='ocrx_word' id='word_1_227' title='bbox 2990 1647 3162 1701; x_wconf 86' lang='lat' dir='ltr'><strong>sancti</strong></span> <span class='ocrx_word' id='word_1_228' title='bbox 3215 1646 3411 1711; x_wconf 82' lang='lat' dir='ltr'><strong>David,</strong></span> <span class='ocrx_word' id='word_1_229' title='bbox 3459 1646 3509 1699; x_wconf 89' lang='lat' dir='ltr'><strong>id</strong></span> <span class='ocrx_word' id='word_1_230' title='bbox 3547 1656 3619 1701; x_wconf 90' lang='lat' dir='ltr'><strong>est</strong></span> <span class='ocrx_word' id='word_1_231' title='bbox 3647 1646 3761 1699; x_wconf 81' lang='lat' dir='ltr'><strong>Clui-</strong></span> 
     </span>
    </p>
   </div>
   <div class='ocr_carea' id='block_1_31' title="bbox 2245 1733 3761 1804">
    <p class='ocr_par' dir='ltr' id='par_1_31' title="bbox 2245 1733 3761 1804">
     <span class='ocr_line' id='line_1_31' title="bbox 2245 1733 3761 1804; baseline -0.002 -15"><span class='ocrx_word' id='word_1_232' title='bbox 2245 1743 2380 1801; x_wconf 88' lang='lat' dir='ltr'><strong>stus,</strong></span> <span class='ocrx_word' id='word_1_233' title='bbox 2423 1734 2511 1790; x_wconf 89' lang='lat' dir='ltr'><strong>vel</strong></span> <span class='ocrx_word' id='word_1_234' title='bbox 2555 1735 2795 1791; x_wconf 87' lang='lat' dir='ltr'><strong>Ecclesia</strong></span> <span class='ocrx_word' id='word_1_235' title='bbox 2822 1736 2889 1790; x_wconf 89' lang='lat' dir='ltr'><strong>de</strong></span> <span class='ocrx_word' id='word_1_236' title='bbox 2914 1733 3118 1790; x_wconf 66' lang='lat' dir='ltr'><strong>Judazis</strong></span> <span class='ocrx_word' id='word_1_237' title='bbox 3146 1735 3458 1801; x_wconf 87' lang='lat' dir='ltr'><strong>succendit,</strong></span> <span class='ocrx_word' id='word_1_238' title='bbox 3486 1735 3535 1788; x_wconf 93' lang='lat' dir='ltr'><strong>id</strong></span> <span class='ocrx_word' id='word_1_239' title='bbox 3557 1743 3629 1788; x_wconf 89' lang='lat' dir='ltr'><strong>est</strong></span> <span class='ocrx_word' id='word_1_240' title='bbox 3652 1736 3761 1804; x_wconf 78' lang='lat' dir='ltr'><strong>peni-</strong></span> 
     </span>
    </p>
   </div>
   <div class='ocr_carea' id='block_1_32' title="bbox 630 1812 3762 1904">
    <p class='ocr_par' dir='ltr' id='par_1_32' title="bbox 630 1812 3762 1904">
     <span class='ocr_line' id='line_1_32' title="bbox 630 1812 3762 1904; baseline -0.001 -23"><span class='ocrx_word' id='word_1_241' title='bbox 630 1829 857 1885; x_wconf 89' lang='lat' dir='ltr'><strong>Ostcnsa</strong></span> <span class='ocrx_word' id='word_1_242' title='bbox 904 1829 1258 1885; x_wconf 84' lang='lat' dir='ltr'><strong>conversione</strong></span> <span class='ocrx_word' id='word_1_243' title='bbox 1300 1827 1604 1885; x_wconf 62' lang='lat' dir='ltr'><strong>Iudaeorum</strong></span> <span class='ocrx_word' id='word_1_244' title='bbox 1641 1839 1696 1887; x_wconf 80' lang='lat' dir='ltr'><strong>ct</strong></span> <span class='ocrx_word' id='word_1_245' title='bbox 1725 1833 1988 1904; x_wconf 74' lang='lat' dir='ltr'><strong>gentium,</strong></span> <span class='ocrx_word' id='word_1_246' title='bbox 2030 1834 2142 1904; x_wconf 65' lang='lat' dir='ltr'><strong>agi;</strong></span> <span class='ocrx_word' id='word_1_247' title='bbox 2172 1822 2216 1879; x_wconf 86' lang='grc' dir='ltr'>Β</span> <span class='ocrx_word' id='word_1_248' title='bbox 2244 1834 2328 1881; x_wconf 88' lang='lat' dir='ltr'><strong>tus</strong></span> <span class='ocrx_word' id='word_1_249' title='bbox 2356 1826 2646 1882; x_wconf 75' lang='lat' dir='ltr'><strong>destruxit.</strong></span> <span class='ocrx_word' id='word_1_250' title='bbox 2688 1826 2794 1882; x_wconf 86' lang='lat' dir='ltr'><strong>Per</strong></span> <span class='ocrx_word' id='word_1_251' title='bbox 2813 1823 2949 1883; x_wconf 79' lang='lat' dir='ltr'><strong>Joab</strong></span> <span class='ocrx_word' id='word_1_252' title='bbox 2977 1835 3155 1882; x_wconf 90' lang='lat' dir='ltr'><strong>autem</strong></span> <span class='ocrx_word' id='word_1_253' title='bbox 3181 1827 3272 1896; x_wconf 89' lang='lat' dir='ltr'><strong>qui</strong></span> <span class='ocrx_word' id='word_1_254' title='bbox 3302 1812 3544 1881; x_wconf 59' lang='lat' dir='ltr'><strong>inimicus</strong></span> <span class='ocrx_word' id='word_1_255' title='bbox 3566 1827 3762 1895; x_wconf 62' lang='lat' dir='ltr'><strong>interpre</strong></span> 
     </span>
    </p>
   </div>
   <div class='ocr_carea' id='block_1_33' title="bbox 559 1918 2139 1991">
    <p class='ocr_par' dir='ltr' id='par_1_33' title="bbox 559 1918 2139 1991">
     <span class='ocr_line' id='line_1_33' title="bbox 559 1918 2139 1991; baseline 0.002 -17"><span class='ocrx_word' id='word_1_256' title='bbox 559 1922 724 1975; x_wconf 78' lang='lat' dir='ltr'><strong>etiam</strong></span> <span class='ocrx_word' id='word_1_257' title='bbox 749 1922 856 1975; x_wconf 91' lang='lat' dir='ltr'><strong>Deo</strong></span> <span class='ocrx_word' id='word_1_258' title='bbox 880 1921 1082 1990; x_wconf 77' lang='lat' dir='ltr'><strong>gratias</strong></span> <span class='ocrx_word' id='word_1_259' title='bbox 1104 1920 1170 1974; x_wconf 89' lang='lat' dir='ltr'><strong>de</strong></span> <span class='ocrx_word' id='word_1_260' title='bbox 1193 1918 1506 1975; x_wconf 88' lang='lat' dir='ltr'><strong>fortitudine</strong></span> <span class='ocrx_word' id='word_1_261' title='bbox 1528 1928 1583 1974; x_wconf 91' lang='lat' dir='ltr'><strong>et</strong></span> <span class='ocrx_word' id='word_1_262' title='bbox 1607 1921 1977 1977; x_wconf 89' lang='lat' dir='ltr'><strong>misericordia</strong></span> <span class='ocrx_word' id='word_1_263' title='bbox 2002 1922 2139 1991; x_wconf 84' lang='lat' dir='ltr'><strong>ejus.</strong></span> 
     </span>
    </p>
   </div>
   <div class='ocr_carea' id='block_1_34' title="bbox 558 2010 2146 2085">
    <p class='ocr_par' dir='ltr' id='par_1_34' title="bbox 558 2010 2146 2085">
     <span class='ocr_line' id='line_1_34' title="bbox 558 2010 2146 2085; baseline -0.005 -19"><span class='ocrx_word' id='word_1_264' title='bbox 558 2012 883 2082; x_wconf 81' lang='lat' dir='ltr'><strong>promittens</strong></span> <span class='ocrx_word' id='word_1_265' title='bbox 937 2011 1079 2081; x_wconf 87' lang='lat' dir='ltr'><strong>quod</strong></span> <span class='ocrx_word' id='word_1_266' title='bbox 1131 2010 1371 2065; x_wconf 86' lang='lat' dir='ltr'><strong>laudabit</strong></span> <span class='ocrx_word' id='word_1_267' title='bbox 1428 2012 1595 2065; x_wconf 82' lang='lat' dir='ltr'><strong>Deum</strong></span> <span class='ocrx_word' id='word_1_268' title='bbox 1627 2052 1643 2076; x_wconf 85' lang='lat'><strong>,</strong></span> <span class='ocrx_word' id='word_1_269' title='bbox 1698 2022 1753 2070; x_wconf 86' lang='lat' dir='ltr'><strong>et</strong></span> <span class='ocrx_word' id='word_1_270' title='bbox 1814 2013 1952 2069; x_wconf 85' lang='lat' dir='ltr'><strong>bene</strong></span> <span class='ocrx_word' id='word_1_271' title='bbox 2016 2030 2146 2085; x_wconf 85' lang='lat' dir='ltr'><strong>Ope-</strong></span> 
     </span>
    </p>
   </div>
   <div class='ocr_carea' id='block_1_35' title="bbox 562 2101 2142 2162">
    <p class='ocr_par' dir='ltr' id='par_1_35' title="bbox 562 2101 2142 2162">
     <span class='ocr_line' id='line_1_35' title="bbox 562 2101 2142 2162; baseline 0.003 -6"><span class='ocrx_word' id='word_1_272' title='bbox 562 2104 773 2156; x_wconf 85' lang='lat' dir='ltr'><strong>rabitur</strong></span> <span class='ocrx_word' id='word_1_273' title='bbox 796 2102 1040 2157; x_wconf 89' lang='lat' dir='ltr'><strong>contuitu</strong></span> <span class='ocrx_word' id='word_1_274' title='bbox 1087 2101 1421 2157; x_wconf 89' lang='lat' dir='ltr'><strong>fortitudinis</strong></span> <span class='ocrx_word' id='word_1_275' title='bbox 1465 2112 1519 2158; x_wconf 91' lang='lat' dir='ltr'><strong>et</strong></span> <span class='ocrx_word' id='word_1_276' title='bbox 1548 2103 1934 2160; x_wconf 73' lang='lat' dir='ltr'><strong>misericordia:</strong></span> <span class='ocrx_word' id='word_1_277' title='bbox 1978 2106 2142 2162; x_wconf 91' lang='lat' dir='ltr'><strong>illius.</strong></span> 
     </span>
    </p>
   </div>
   <div class='ocr_carea' id='block_1_36' title="bbox 558 2190 2146 2265">
    <p class='ocr_par' dir='ltr' id='par_1_36' title="bbox 558 2190 2146 2265">
     <span class='ocr_line' id='line_1_36' title="bbox 558 2190 2146 2265; baseline 0.003 -19"><span class='ocrx_word' id='word_1_278' title='bbox 558 2193 722 2262; x_wconf 79' lang='grc'><strong>207</strong></span> <span class='ocrx_word' id='word_1_279' title='bbox 762 2192 878 2247; x_wconf 79' lang='lat' dir='ltr'><strong>Dixi</strong></span> <span class='ocrx_word' id='word_1_280' title='bbox 909 2192 1050 2261; x_wconf 90' lang='lat' dir='ltr'><strong>quod</strong></span> <span class='ocrx_word' id='word_1_281' title='bbox 1078 2201 1268 2262; x_wconf 79' lang='lat' dir='ltr'><strong>gentes</strong></span> <span class='ocrx_word' id='word_1_282' title='bbox 1295 2202 1350 2246; x_wconf 88' lang='lat' dir='ltr'><strong>et</strong></span> <span class='ocrx_word' id='word_1_283' title='bbox 1394 2190 1568 2247; x_wconf 77' lang='lat' dir='ltr'><strong>Judtei</strong></span> <span class='ocrx_word' id='word_1_284' title='bbox 1625 2203 2012 2249; x_wconf 85' lang='lat' dir='ltr'><strong>convertentur</strong></span> <span class='ocrx_word' id='word_1_285' title='bbox 2049 2210 2146 2265; x_wconf 90' lang='lat' dir='ltr'><strong>per</strong></span> 
     </span>
    </p>
   </div>
   <div class='ocr_carea' id='block_1_37' title="bbox 563 2283 2146 2353">
    <p class='ocr_par' dir='ltr' id='par_1_37' title="bbox 563 2283 2146 2353">
     <span class='ocr_line' id='line_1_37' title="bbox 563 2283 2146 2353; baseline 0.002 -16"><span class='ocrx_word' id='word_1_286' title='bbox 563 2293 795 2339; x_wconf 86' lang='lat' dir='ltr'><strong>mortem</strong></span> <span class='ocrx_word' id='word_1_287' title='bbox 821 2291 875 2337; x_wconf 90' lang='lat' dir='ltr'><strong>et</strong></span> <span class='ocrx_word' id='word_1_288' title='bbox 906 2283 1360 2337; x_wconf 87' lang='lat' dir='ltr'><strong>resurrectionem</strong></span> <span class='ocrx_word' id='word_1_289' title='bbox 1390 2296 1587 2349; x_wconf 88' lang='lat' dir='ltr'><strong>meam;</strong></span> <span class='ocrx_word' id='word_1_290' title='bbox 1617 2300 1708 2353; x_wconf 84' lang='lat' dir='ltr'><strong>ego</strong></span> <span class='ocrx_word' id='word_1_291' title='bbox 1730 2293 1927 2350; x_wconf 88' lang='lat' dir='ltr'><strong>autem,</strong></span> <span class='ocrx_word' id='word_1_292' title='bbox 1951 2293 2011 2339; x_wconf 90' lang='lat' dir='ltr'><strong>ut</strong></span> <span class='ocrx_word' id='word_1_293' title='bbox 2031 2285 2146 2339; x_wconf 61' lang='lat' dir='ltr'><strong>haec</strong></span> 
     </span>
    </p>
   </div>
   <div class='ocr_carea' id='block_1_38' title="bbox 561 2376 2144 2446">
    <p class='ocr_par' dir='ltr' id='par_1_38' title="bbox 561 2376 2144 2446">
     <span class='ocr_line' id='line_1_38' title="bbox 561 2376 2144 2446; baseline 0.001 -16"><span class='ocrx_word' id='word_1_294' title='bbox 561 2379 741 2430; x_wconf 86' lang='lat' dir='ltr'><strong>omnia</strong></span> <span class='ocrx_word' id='word_1_295' title='bbox 770 2377 920 2441; x_wconf 89' lang='lat' dir='ltr'><strong>ﬁant,</strong></span> <span class='ocrx_word' id='word_1_296' title='bbox 949 2377 1171 2430; x_wconf 86' lang='lat' dir='ltr'><strong>cantabo</strong></span> <span class='ocrx_word' id='word_1_297' title='bbox 1205 2390 1299 2429; x_wconf 89' lang='lat' dir='ltr'><strong>ore</strong></span> <span class='ocrx_word' id='word_1_298' title='bbox 1339 2383 1395 2430; x_wconf 91' lang='lat' dir='ltr'><strong>et</strong></span> <span class='ocrx_word' id='word_1_299' title='bbox 1444 2376 1728 2431; x_wconf 88' lang='lat' dir='ltr'><strong>devotione</strong></span> <span class='ocrx_word' id='word_1_300' title='bbox 1779 2378 2144 2446; x_wconf 69' lang='lat' dir='ltr'><strong>fortitudinem</strong></span> 
     </span>
    </p>
   </div>
   <div class='ocr_carea' id='block_1_39' title="bbox 561 2467 2142 2533">
    <p class='ocr_par' dir='ltr' id='par_1_39' title="bbox 561 2467 2142 2533">
     <span class='ocr_line' id='line_1_39' title="bbox 561 2467 2142 2533; baseline 0.001 -10"><span class='ocrx_word' id='word_1_301' title='bbox 561 2470 694 2523; x_wconf 83' lang='lat' dir='ltr'><strong>mihi</strong></span> <span class='ocrx_word' id='word_1_302' title='bbox 718 2469 972 2533; x_wconf 85' lang='lat' dir='ltr'><strong>dandam,</strong></span> <span class='ocrx_word' id='word_1_303' title='bbox 1001 2479 1048 2522; x_wconf 90' lang='lat' dir='ltr'><strong>et</strong></span> <span class='ocrx_word' id='word_1_304' title='bbox 1086 2467 1377 2533; x_wconf 71' lang='lat' dir='ltr'><strong>exsultabo,</strong></span> <span class='ocrx_word' id='word_1_305' title='bbox 1405 2468 1458 2522; x_wconf 90' lang='lat' dir='ltr'><strong>id</strong></span> <span class='ocrx_word' id='word_1_306' title='bbox 1484 2476 1567 2523; x_wconf 88' lang='lat' dir='ltr'><strong>est</strong></span> <span class='ocrx_word' id='word_1_307' title='bbox 1592 2469 1931 2525; x_wconf 76' lang='lat' dir='ltr'><strong>exsultanter</strong></span> <span class='ocrx_word' id='word_1_308' title='bbox 1955 2470 2142 2525; x_wconf 87' lang='lat' dir='ltr'><strong>lauda-</strong></span> 
     </span>
    </p>
   </div>
   <div class='ocr_carea' id='block_1_40' title="bbox 558 2562 2145 2631">
    <p class='ocr_par' dir='ltr' id='par_1_40' title="bbox 558 2562 2145 2631">
     <span class='ocr_line' id='line_1_40' title="bbox 558 2562 2145 2631; baseline 0.004 -16"><span class='ocrx_word' id='word_1_309' title='bbox 558 2564 631 2617; x_wconf 83' lang='lat' dir='ltr'><strong>bo</strong></span> <span class='ocrx_word' id='word_1_310' title='bbox 662 2562 1079 2615; x_wconf 85' lang='lat' dir='ltr'><strong>misericordiam</strong></span> <span class='ocrx_word' id='word_1_311' title='bbox 1101 2571 1243 2614; x_wconf 82' lang='lat' dir='ltr'><strong>luant</strong></span> <span class='ocrx_word' id='word_1_312' title='bbox 1274 2577 1424 2615; x_wconf 87' lang='lat' dir='ltr'><strong>mane</strong></span> <span class='ocrx_word' id='word_1_313' title='bbox 1452 2562 1582 2616; x_wconf 90' lang='lat' dir='ltr'><strong>mihi</strong></span> <span class='ocrx_word' id='word_1_314' title='bbox 1626 2563 1958 2619; x_wconf 90' lang='lat' dir='ltr'><strong>adfuturam.</strong></span> <span class='ocrx_word' id='word_1_315' title='bbox 1991 2564 2145 2631; x_wconf 89' lang='lat' dir='ltr'><strong>Quod</strong></span> 
     </span>
    </p>
   </div>
   <div class='ocr_carea' id='block_1_41' title="bbox 561 2651 2141 2720">
    <p class='ocr_par' dir='ltr' id='par_1_41' title="bbox 561 2651 2141 2720">
     <span class='ocr_line' id='line_1_41' title="bbox 561 2651 2141 2720; baseline 0.003 -14"><span class='ocrx_word' id='word_1_316' title='bbox 561 2661 647 2707; x_wconf 89' lang='lat' dir='ltr'><strong>est</strong></span> <span class='ocrx_word' id='word_1_317' title='bbox 672 2653 853 2706; x_wconf 89' lang='lat' dir='ltr'><strong>dicere</strong></span> <span class='ocrx_word' id='word_1_318' title='bbox 880 2666 893 2704; x_wconf 93' lang='lat'>:</span> <span class='ocrx_word' id='word_1_319' title='bbox 923 2651 1178 2705; x_wconf 79' lang='lat' dir='ltr'><strong>Laudabo</strong></span> <span class='ocrx_word' id='word_1_320' title='bbox 1204 2661 1253 2704; x_wconf 89' lang='lat' dir='ltr'><strong>te</strong></span> <span class='ocrx_word' id='word_1_321' title='bbox 1279 2666 1375 2707; x_wconf 89' lang='lat' dir='ltr'><strong>ore</strong></span> <span class='ocrx_word' id='word_1_322' title='bbox 1399 2661 1452 2707; x_wconf 86' lang='lat' dir='ltr'><strong>et</strong></span> <span class='ocrx_word' id='word_1_323' title='bbox 1486 2652 1802 2720; x_wconf 71' lang='lat' dir='ltr'><strong>affectione;</strong></span> <span class='ocrx_word' id='word_1_324' title='bbox 1841 2665 1895 2709; x_wconf 91' lang='lat' dir='ltr'><strong>et</strong></span> <span class='ocrx_word' id='word_1_325' title='bbox 1936 2656 2001 2712; x_wconf 91' lang='lat' dir='ltr'><strong>de</strong></span> <span class='ocrx_word' id='word_1_326' title='bbox 2029 2656 2141 2711; x_wconf 88' lang='lat' dir='ltr'><strong>for-</strong></span> 
     </span>
    </p>
   </div>
   <div class='ocr_carea' id='block_1_42' title="bbox 558 2740 2141 2816">
    <p class='ocr_par' dir='ltr' id='par_1_42' title="bbox 558 2740 2141 2816">
     <span class='ocr_line' id='line_1_42' title="bbox 558 2740 2141 2816; baseline 0.006 -23"><span class='ocrx_word' id='word_1_327' title='bbox 558 2740 812 2796; x_wconf 83' lang='lat' dir='ltr'><strong>titudinis</strong></span> <span class='ocrx_word' id='word_1_328' title='bbox 832 2740 1134 2796; x_wconf 83' lang='lat' dir='ltr'><strong>constantia</strong></span> <span class='ocrx_word' id='word_1_329' title='bbox 1155 2781 1169 2806; x_wconf 92' lang='lat'><strong>,</strong></span> <span class='ocrx_word' id='word_1_330' title='bbox 1202 2756 1365 2811; x_wconf 89' lang='lat' dir='ltr'><strong>quam</strong></span> <span class='ocrx_word' id='word_1_331' title='bbox 1418 2743 1551 2797; x_wconf 87' lang='lat' dir='ltr'><strong>mihi</strong></span> <span class='ocrx_word' id='word_1_332' title='bbox 1599 2745 1754 2799; x_wconf 88' lang='lat' dir='ltr'><strong>dabis</strong></span> <span class='ocrx_word' id='word_1_333' title='bbox 1784 2746 1836 2813; x_wconf 86' lang='lat' dir='ltr'><strong>in</strong></span> <span class='ocrx_word' id='word_1_334' title='bbox 1869 2748 2141 2816; x_wconf 83' lang='lat' dir='ltr'><strong>passione,</strong></span> 
     </span>
    </p>
   </div>
   <div class='ocr_carea' id='block_1_43' title="bbox 558 2832 2145 2908">
    <p class='ocr_par' dir='ltr' id='par_1_43' title="bbox 558 2832 2145 2908">
     <span class='ocr_line' id='line_1_43' title="bbox 558 2832 2145 2908; baseline 0.004 -22"><span class='ocrx_word' id='word_1_335' title='bbox 558 2841 614 2886; x_wconf 87' lang='lat' dir='ltr'><strong>et</strong></span> <span class='ocrx_word' id='word_1_336' title='bbox 639 2837 703 2887; x_wconf 89' lang='lat' dir='ltr'><strong>de</strong></span> <span class='ocrx_word' id='word_1_337' title='bbox 734 2832 1105 2887; x_wconf 88' lang='lat' dir='ltr'><strong>misericordia</strong></span> <span class='ocrx_word' id='word_1_338' title='bbox 1140 2833 1559 2889; x_wconf 88' lang='lat' dir='ltr'><strong>resurrectionis</strong></span> <span class='ocrx_word' id='word_1_339' title='bbox 1585 2836 1884 2891; x_wconf 64' lang='lat' dir='ltr'><strong>matutina}.</strong></span> <span class='ocrx_word' id='word_1_340' title='bbox 1912 2838 2145 2908; x_wconf 81' lang='lat' dir='ltr'><strong>Exponit</strong></span> 
     </span>
    </p>
   </div>
   <div class='ocr_carea' id='block_1_44' title="bbox 561 2923 2141 2993">
    <p class='ocr_par' dir='ltr' id='par_1_44' title="bbox 561 2923 2141 2993">
     <span class='ocr_line' id='line_1_44' title="bbox 561 2923 2141 2993; baseline 0.006 -16"><span class='ocrx_word' id='word_1_341' title='bbox 561 2933 741 2978; x_wconf 87' lang='lat' dir='ltr'><strong>autem</strong></span> <span class='ocrx_word' id='word_1_342' title='bbox 784 2923 926 2993; x_wconf 89' lang='lat' dir='ltr'><strong>quod</strong></span> <span class='ocrx_word' id='word_1_343' title='bbox 956 2924 1010 2978; x_wconf 87' lang='lat' dir='ltr'><strong>in</strong></span> <span class='ocrx_word' id='word_1_344' title='bbox 1050 2924 1149 2978; x_wconf 90' lang='lat' dir='ltr'><strong>hoc</strong></span> <span class='ocrx_word' id='word_1_345' title='bbox 1175 2938 1333 2979; x_wconf 88' lang='lat' dir='ltr'><strong>versu</strong></span> <span class='ocrx_word' id='word_1_346' title='bbox 1371 2926 1523 2989; x_wconf 83' lang='lat' dir='ltr'><strong>dixit,</strong></span> <span class='ocrx_word' id='word_1_347' title='bbox 1582 2942 1703 2981; x_wconf 90' lang='lat' dir='ltr'><strong>cum</strong></span> <span class='ocrx_word' id='word_1_348' title='bbox 1747 2930 1928 2984; x_wconf 87' lang='lat' dir='ltr'><strong>subdit</strong></span> <span class='ocrx_word' id='word_1_349' title='bbox 1962 2945 1976 2984; x_wconf 89' lang='lat'><strong>:</strong></span> <span class='ocrx_word' id='word_1_350' title='bbox 2024 2932 2141 2987; x_wconf 82' lang='lat' dir='ltr'><strong>Dixi</strong></span> 
     </span>
    </p>
   </div>
   <div class='ocr_carea' id='block_1_45' title="bbox 557 3014 2143 3085">
    <p class='ocr_par' dir='ltr' id='par_1_45' title="bbox 557 3014 2143 3085">
     <span class='ocr_line' id='line_1_45' title="bbox 557 3014 2143 3085; baseline 0.004 -16"><span class='ocrx_word' id='word_1_351' title='bbox 557 3015 702 3084; x_wconf 90' lang='lat' dir='ltr'><strong>quod</strong></span> <span class='ocrx_word' id='word_1_352' title='bbox 736 3014 969 3069; x_wconf 89' lang='lat' dir='ltr'><strong>laudabo</strong></span> <span class='ocrx_word' id='word_1_353' title='bbox 997 3022 1047 3068; x_wconf 92' lang='lat' dir='ltr'><strong>te</strong></span> <span class='ocrx_word' id='word_1_354' title='bbox 1084 3016 1148 3069; x_wconf 88' lang='lat' dir='ltr'><strong>de</strong></span> <span class='ocrx_word' id='word_1_355' title='bbox 1177 3015 1551 3072; x_wconf 80' lang='lat' dir='ltr'><strong>misericordia</strong></span> <span class='ocrx_word' id='word_1_356' title='bbox 1591 3020 1880 3085; x_wconf 89' lang='lat' dir='ltr'><strong>matutina,</strong></span> <span class='ocrx_word' id='word_1_357' title='bbox 1935 3020 2143 3076; x_wconf 85' lang='lat' dir='ltr'><strong>scilicet</strong></span> 
     </span>
    </p>
   </div>
   <div class='ocr_carea' id='block_1_46' title="bbox 556 3106 2139 3181">
    <p class='ocr_par' dir='ltr' id='par_1_46' title="bbox 556 3106 2139 3181">
     <span class='ocr_line' id='line_1_46' title="bbox 556 3106 2139 3181; baseline 0.003 -20"><span class='ocrx_word' id='word_1_358' title='bbox 556 3106 790 3161; x_wconf 85' lang='lat' dir='ltr'><strong>laudabo</strong></span> <span class='ocrx_word' id='word_1_359' title='bbox 816 3116 866 3160; x_wconf 92' lang='lat' dir='ltr'><strong>te</strong></span> <span class='ocrx_word' id='word_1_360' title='bbox 897 3106 1022 3176; x_wconf 84' lang='lat' dir='ltr'><strong>quia</strong></span> <span class='ocrx_word' id='word_1_361' title='bbox 1053 3106 1222 3176; x_wconf 83' lang='lat' dir='ltr'><strong>factus</strong></span> <span class='ocrx_word' id='word_1_362' title='bbox 1249 3123 1325 3162; x_wconf 66' lang='lat' dir='ltr'><strong>es.</strong></span> <span class='ocrx_word' id='word_1_363' title='bbox 1348 3108 1400 3163; x_wconf 91' lang='lat' dir='ltr'><strong>id</strong></span> <span class='ocrx_word' id='word_1_364' title='bbox 1431 3118 1515 3162; x_wconf 88' lang='lat' dir='ltr'><strong>est</strong></span> <span class='ocrx_word' id='word_1_365' title='bbox 1540 3107 1657 3174; x_wconf 86' lang='lat' dir='ltr'><strong>ﬁes,</strong></span> <span class='ocrx_word' id='word_1_366' title='bbox 1683 3121 1951 3181; x_wconf 80' lang='lat' dir='ltr'><strong>susceptor</strong></span> <span class='ocrx_word' id='word_1_367' title='bbox 1972 3129 2139 3177; x_wconf 86' lang='lat' dir='ltr'><strong>meus,</strong></span> 
     </span>
    </p>
   </div>
   <div class='ocr_carea' id='block_1_47' title="bbox 2242 1918 3764 1989">
    <p class='ocr_par' dir='ltr' id='par_1_47' title="bbox 2242 1918 3764 1989">
     <span class='ocr_line' id='line_1_47' title="bbox 2242 1918 3764 1989; baseline 0 -18"><span class='ocrx_word' id='word_1_368' title='bbox 2242 1926 2412 1984; x_wconf 85' lang='lat' dir='ltr'><strong>tatur,</strong></span> <span class='ocrx_word' id='word_1_369' title='bbox 2433 1930 2490 1975; x_wconf 84' lang='lat' dir='ltr'><strong>et</strong></span> <span class='ocrx_word' id='word_1_370' title='bbox 2520 1919 2689 1974; x_wconf 85' lang='lat' dir='ltr'><strong>Edom</strong></span> <span class='ocrx_word' id='word_1_371' title='bbox 2716 1918 2806 1989; x_wconf 90' lang='lat' dir='ltr'><strong>qui</strong></span> <span class='ocrx_word' id='word_1_372' title='bbox 2829 1927 3063 1973; x_wconf 84' lang='lat' dir='ltr'><strong>terrenus</strong></span> <span class='ocrx_word' id='word_1_373' title='bbox 3092 1918 3177 1974; x_wconf 80' lang='lat' dir='ltr'><strong>vel</strong></span> <span class='ocrx_word' id='word_1_374' title='bbox 3212 1919 3554 1989; x_wconf 80' lang='lat' dir='ltr'><strong>sanguineus,</strong></span> <span class='ocrx_word' id='word_1_375' title='bbox 3585 1919 3764 1987; x_wconf 80' lang='lat' dir='ltr'><strong>gentium</strong></span> 
     </span>
    </p>
   </div>
   <div class='ocr_carea' id='block_1_48' title="bbox 2243 2006 3762 2079">
    <p class='ocr_par' dir='ltr' id='par_1_48' title="bbox 2243 2006 3762 2079">
     <span class='ocr_line' id='line_1_48' title="bbox 2243 2006 3762 2079; baseline -0.001 -18"><span class='ocrx_word' id='word_1_376' title='bbox 2243 2006 2473 2079; x_wconf 89' lang='lat' dir='ltr'><strong>populus</strong></span> <span class='ocrx_word' id='word_1_377' title='bbox 2500 2008 2568 2063; x_wconf 89' lang='lat' dir='ltr'><strong>ad</strong></span> <span class='ocrx_word' id='word_1_378' title='bbox 2608 2007 2772 2063; x_wconf 86' lang='lat' dir='ltr'><strong>ﬁdem</strong></span> <span class='ocrx_word' id='word_1_379' title='bbox 2815 2022 3113 2063; x_wconf 85' lang='lat' dir='ltr'><strong>conversus</strong></span> <span class='ocrx_word' id='word_1_380' title='bbox 3164 2007 3510 2079; x_wconf 85' lang='lat' dir='ltr'><strong>intelligitur,</strong></span> <span class='ocrx_word' id='word_1_381' title='bbox 3564 2008 3640 2076; x_wconf 91' lang='lat' dir='ltr'><strong>qui</strong></span> <span class='ocrx_word' id='word_1_382' title='bbox 3670 2023 3762 2061; x_wconf 79' lang='lat' dir='ltr'><strong>cen-</strong></span> 
     </span>
    </p>
   </div>
   <div class='ocr_carea' id='block_1_49' title="bbox 2244 2098 3765 2167">
    <p class='ocr_par' dir='ltr' id='par_1_49' title="bbox 2244 2098 3765 2167">
     <span class='ocr_line' id='line_1_49' title="bbox 2244 2098 3765 2167; baseline 0 -16"><span class='ocrx_word' id='word_1_383' title='bbox 2244 2112 2433 2153; x_wconf 84' lang='lat' dir='ltr'><strong>versus</strong></span> <span class='ocrx_word' id='word_1_384' title='bbox 2453 2107 2536 2153; x_wconf 90' lang='lat' dir='ltr'><strong>est</strong></span> <span class='ocrx_word' id='word_1_385' title='bbox 2566 2099 2635 2153; x_wconf 89' lang='lat' dir='ltr'><strong>de</strong></span> <span class='ocrx_word' id='word_1_386' title='bbox 2662 2098 2968 2164; x_wconf 90' lang='lat' dir='ltr'><strong>inimicitia,</strong></span> <span class='ocrx_word' id='word_1_387' title='bbox 3015 2112 3180 2167; x_wconf 91' lang='lat' dir='ltr'><strong>quam</strong></span> <span class='ocrx_word' id='word_1_388' title='bbox 3227 2108 3423 2153; x_wconf 89' lang='lat' dir='ltr'><strong>contra</strong></span> <span class='ocrx_word' id='word_1_389' title='bbox 3474 2099 3625 2153; x_wconf 89' lang='lat' dir='ltr'><strong>Deum</strong></span> <span class='ocrx_word' id='word_1_390' title='bbox 3668 2100 3765 2151; x_wconf 75' lang='lat' dir='ltr'><strong>male</strong></span> 
     </span>
    </p>
   </div>
   <div class='ocr_carea' id='block_1_50' title="bbox 2243 2184 3764 2254">
    <p class='ocr_par' dir='ltr' id='par_1_50' title="bbox 2243 2184 3764 2254">
     <span class='ocr_line' id='line_1_50' title="bbox 2243 2184 3764 2254; baseline -0.003 -15"><span class='ocrx_word' id='word_1_391' title='bbox 2243 2184 2474 2240; x_wconf 83' lang='lat' dir='ltr'><strong>vivendo</strong></span> <span class='ocrx_word' id='word_1_392' title='bbox 2501 2184 2755 2252; x_wconf 85' lang='lat' dir='ltr'><strong>habebat,</strong></span> <span class='ocrx_word' id='word_1_393' title='bbox 2793 2185 2860 2239; x_wconf 92' lang='lat' dir='ltr'><strong>ad</strong></span> <span class='ocrx_word' id='word_1_394' title='bbox 2878 2198 3066 2254; x_wconf 90' lang='lat' dir='ltr'><strong>pacem</strong></span> <span class='ocrx_word' id='word_1_395' title='bbox 3115 2184 3255 2238; x_wconf 89' lang='lat' dir='ltr'><strong>bene</strong></span> <span class='ocrx_word' id='word_1_396' title='bbox 3286 2184 3518 2238; x_wconf 88' lang='lat' dir='ltr'><strong>vivendo</strong></span> <span class='ocrx_word' id='word_1_397' title='bbox 3548 2201 3561 2249; x_wconf 90' lang='lat'><strong>;</strong></span> <span class='ocrx_word' id='word_1_398' title='bbox 3591 2192 3657 2250; x_wconf 89' lang='lat' dir='ltr'><strong>et,</strong></span> <span class='ocrx_word' id='word_1_399' title='bbox 3678 2200 3764 2237; x_wconf 84' lang='lat' dir='ltr'><strong>cum</strong></span> 
     </span>
    </p>
   </div>
   <div class='ocr_carea' id='block_1_51' title="bbox 2246 2273 3764 2344">
    <p class='ocr_par' dir='ltr' id='par_1_51' title="bbox 2246 2273 3764 2344">
     <span class='ocr_line' id='line_1_51' title="bbox 2246 2273 3764 2344; baseline -0.002 -14"><span class='ocrx_word' id='word_1_400' title='bbox 2246 2283 2498 2330; x_wconf 89' lang='lat' dir='ltr'><strong>terrenus</strong></span> <span class='ocrx_word' id='word_1_401' title='bbox 2522 2282 2688 2344; x_wconf 82' lang='lat' dir='ltr'><strong>esset,</strong></span> <span class='ocrx_word' id='word_1_402' title='bbox 2723 2275 2777 2330; x_wconf 92' lang='lat' dir='ltr'><strong>id</strong></span> <span class='ocrx_word' id='word_1_403' title='bbox 2807 2282 2890 2331; x_wconf 85' lang='lat' dir='ltr'><strong>est</strong></span> <span class='ocrx_word' id='word_1_404' title='bbox 2917 2273 3150 2330; x_wconf 87' lang='lat' dir='ltr'><strong>terrenis</strong></span> <span class='ocrx_word' id='word_1_405' title='bbox 3192 2275 3454 2339; x_wconf 90' lang='lat' dir='ltr'><strong>intentus,</strong></span> <span class='ocrx_word' id='word_1_406' title='bbox 3506 2284 3557 2330; x_wconf 90' lang='lat' dir='ltr'><strong>et</strong></span> <span class='ocrx_word' id='word_1_407' title='bbox 3602 2276 3764 2344; x_wconf 71' lang='lat' dir='ltr'><strong>Sangui-</strong></span> 
     </span>
    </p>
   </div>
   <div class='ocr_carea' id='block_1_52' title="bbox 2244 2363 3762 2435">
    <p class='ocr_par' dir='ltr' id='par_1_52' title="bbox 2244 2363 3762 2435">
     <span class='ocr_line' id='line_1_52' title="bbox 2244 2363 3762 2435; baseline -0.002 -15"><span class='ocrx_word' id='word_1_408' title='bbox 2244 2380 2402 2429; x_wconf 87' lang='lat' dir='ltr'><strong>neus,</strong></span> <span class='ocrx_word' id='word_1_409' title='bbox 2458 2365 2511 2420; x_wconf 92' lang='lat' dir='ltr'><strong>id</strong></span> <span class='ocrx_word' id='word_1_410' title='bbox 2542 2375 2627 2420; x_wconf 90' lang='lat' dir='ltr'><strong>est</strong></span> <span class='ocrx_word' id='word_1_411' title='bbox 2663 2363 2865 2420; x_wconf 82' lang='lat' dir='ltr'><strong>eﬁ‘usor</strong></span> <span class='ocrx_word' id='word_1_412' title='bbox 2891 2366 3172 2435; x_wconf 78' lang='lat' dir='ltr'><strong>sanguinis</strong></span> <span class='ocrx_word' id='word_1_413' title='bbox 3199 2365 3466 2430; x_wconf 83' lang='lat' dir='ltr'><strong>ﬁdelium,</strong></span> <span class='ocrx_word' id='word_1_414' title='bbox 3507 2381 3762 2435; x_wconf 81' lang='lat' dir='ltr'><strong>persequen-</strong></span> 
     </span>
    </p>
   </div>
   <div class='ocr_carea' id='block_1_53' title="bbox 2245 2456 3763 2530">
    <p class='ocr_par' dir='ltr' id='par_1_53' title="bbox 2245 2456 3763 2530">
     <span class='ocr_line' id='line_1_53' title="bbox 2245 2456 3763 2530; baseline -0.002 -18"><span class='ocrx_word' id='word_1_415' title='bbox 2245 2459 2337 2524; x_wconf 89' lang='lat' dir='ltr'><strong>do,</strong></span> <span class='ocrx_word' id='word_1_416' title='bbox 2369 2458 2455 2513; x_wconf 90' lang='lat' dir='ltr'><strong>vel</strong></span> <span class='ocrx_word' id='word_1_417' title='bbox 2488 2459 2837 2530; x_wconf 85' lang='lat' dir='ltr'><strong>sanguineus,</strong></span> <span class='ocrx_word' id='word_1_418' title='bbox 2867 2458 2921 2513; x_wconf 88' lang='lat' dir='ltr'><strong>id</strong></span> <span class='ocrx_word' id='word_1_419' title='bbox 2937 2467 3021 2515; x_wconf 85' lang='lat' dir='ltr'><strong>est</strong></span> <span class='ocrx_word' id='word_1_420' title='bbox 3048 2456 3252 2514; x_wconf 76' lang='lat' dir='ltr'><strong>eli‘usor</strong></span> <span class='ocrx_word' id='word_1_421' title='bbox 3274 2458 3550 2528; x_wconf 82' lang='lat' dir='ltr'><strong>sanguinis</strong></span> <span class='ocrx_word' id='word_1_422' title='bbox 3577 2458 3763 2511; x_wconf 75' lang='lat' dir='ltr'><strong>victima-</strong></span> 
     </span>
    </p>
   </div>
   <div class='ocr_carea' id='block_1_54' title="bbox 2245 2553 3766 2624">
    <p class='ocr_par' dir='ltr' id='par_1_54' title="bbox 2245 2553 3766 2624">
     <span class='ocr_line' id='line_1_54' title="bbox 2245 2553 3766 2624; baseline -0.003 -16"><span class='ocrx_word' id='word_1_423' title='bbox 2245 2569 2385 2619; x_wconf 89' lang='lat' dir='ltr'><strong>rum,</strong></span> <span class='ocrx_word' id='word_1_424' title='bbox 2411 2570 2544 2624; x_wconf 87' lang='lat' dir='ltr'><strong>quas</strong></span> <span class='ocrx_word' id='word_1_425' title='bbox 2583 2553 2737 2609; x_wconf 89' lang='lat' dir='ltr'><strong>idolis</strong></span> <span class='ocrx_word' id='word_1_426' title='bbox 2766 2553 3101 2621; x_wconf 89' lang='lat' dir='ltr'><strong>immolabat,</strong></span> <span class='ocrx_word' id='word_1_427' title='bbox 3127 2569 3420 2623; x_wconf 86' lang='lat' dir='ltr'><strong>percussus</strong></span> <span class='ocrx_word' id='word_1_428' title='bbox 3446 2564 3525 2608; x_wconf 88' lang='lat' dir='ltr'><strong>est</strong></span> <span class='ocrx_word' id='word_1_429' title='bbox 3562 2571 3588 2607; x_wconf 92' lang='lat' dir='ltr'><strong>a</strong></span> <span class='ocrx_word' id='word_1_430' title='bbox 3605 2553 3766 2608; x_wconf 68' lang='lat' dir='ltr'><strong>Cluisw</strong></span> 
     </span>
    </p>
   </div>
   <div class='ocr_carea' id='block_1_55' title="bbox 2243 2648 3763 2717">
    <p class='ocr_par' dir='ltr' id='par_1_55' title="bbox 2243 2648 3763 2717">
     <span class='ocr_line' id='line_1_55' title="bbox 2243 2648 3763 2717; baseline -0.003 -15"><span class='ocrx_word' id='word_1_431' title='bbox 2243 2661 2340 2717; x_wconf 86' lang='lat' dir='ltr'><strong>per</strong></span> <span class='ocrx_word' id='word_1_432' title='bbox 2373 2648 2779 2717; x_wconf 63' lang='lat' dir='ltr'><strong>praedicatores,</strong></span> <span class='ocrx_word' id='word_1_433' title='bbox 2836 2654 3066 2701; x_wconf 88' lang='lat' dir='ltr'><strong>mortem</strong></span> <span class='ocrx_word' id='word_1_434' title='bbox 3116 2656 3438 2716; x_wconf 88' lang='lat' dir='ltr'><strong>perpetuam</strong></span> <span class='ocrx_word' id='word_1_435' title='bbox 3466 2663 3565 2701; x_wconf 90' lang='lat' dir='ltr'><strong>non</strong></span> <span class='ocrx_word' id='word_1_436' title='bbox 3595 2661 3763 2700; x_wconf 79' lang='lat' dir='ltr'><strong>conver-</strong></span> 
     </span>
    </p>
   </div>
   <div class='ocr_carea' id='block_1_56' title="bbox 2232 2733 3757 2808">
    <p class='ocr_par' dir='ltr' id='par_1_56' title="bbox 2232 2733 3757 2808">
     <span class='ocr_line' id='line_1_56' title="bbox 2232 2733 3757 2808; baseline 0 -17"><span class='ocrx_word' id='word_1_437' title='bbox 2232 2733 2421 2807; x_wconf 48' lang='lat' dir='ltr'><strong>gtendis</strong></span> <span class='ocrx_word' id='word_1_438' title='bbox 2477 2738 2889 2800; x_wconf 86' lang='lat' dir='ltr'><strong>comminantes,</strong></span> <span class='ocrx_word' id='word_1_439' title='bbox 2922 2738 3195 2806; x_wconf 81' lang='lat' dir='ltr'><strong>vitamque</strong></span> <span class='ocrx_word' id='word_1_440' title='bbox 3252 2749 3564 2808; x_wconf 69' lang='lat' dir='ltr'><strong>perpetuam</strong></span> <span class='ocrx_word' id='word_1_441' title='bbox 3598 2754 3757 2792; x_wconf 77' lang='lat' dir='ltr'><strong>conver-</strong></span> 
     </span>
    </p>
   </div>
   <div class='ocr_carea' id='block_1_57' title="bbox 2232 2811 3763 2896">
    <p class='ocr_par' dir='ltr' id='par_1_57' title="bbox 2232 2811 3763 2896">
     <span class='ocr_line' id='line_1_57' title="bbox 2232 2811 3763 2896; baseline 0.001 -15"><span class='ocrx_word' id='word_1_442' title='bbox 2232 2811 2423 2881; x_wconf 47' lang='lat' dir='ltr'><strong>‘tendis</strong></span> <span class='ocrx_word' id='word_1_443' title='bbox 2478 2827 2814 2896; x_wconf 86' lang='lat' dir='ltr'><strong>pollicentes.</strong></span> <span class='ocrx_word' id='word_1_444' title='bbox 2850 2826 3005 2893; x_wconf 83' lang='lat' dir='ltr'><strong>Quod</strong></span> <span class='ocrx_word' id='word_1_445' title='bbox 3056 2836 3140 2882; x_wconf 86' lang='lat' dir='ltr'><strong>est</strong></span> <span class='ocrx_word' id='word_1_446' title='bbox 3171 2828 3394 2883; x_wconf 88' lang='lat' dir='ltr'><strong>dicere:</strong></span> <span class='ocrx_word' id='word_1_447' title='bbox 3432 2829 3683 2883; x_wconf 82' lang='lat' dir='ltr'><strong>Destrurta</strong></span> <span class='ocrx_word' id='word_1_448' title='bbox 3711 2838 3763 2882; x_wconf 72' lang='lat' dir='ltr'><strong>cs!</strong></span> 
     </span>
    </p>
   </div>
   <div class='ocr_carea' id='block_1_58' title="bbox 2246 2917 3767 2991">
    <p class='ocr_par' dir='ltr' id='par_1_58' title="bbox 2246 2917 3767 2991">
     <span class='ocr_line' id='line_1_58' title="bbox 2246 2917 3767 2991; baseline 0.003 -20"><span class='ocrx_word' id='word_1_449' title='bbox 2246 2917 2299 2972; x_wconf 90' lang='lat' dir='ltr'><strong>in</strong></span> <span class='ocrx_word' id='word_1_450' title='bbox 2326 2919 2405 2973; x_wconf 91' lang='lat' dir='ltr'><strong>eis</strong></span> <span class='ocrx_word' id='word_1_451' title='bbox 2430 2920 2741 2983; x_wconf 88' lang='lat' dir='ltr'><strong>terrenitas,</strong></span> <span class='ocrx_word' id='word_1_452' title='bbox 2774 2929 2828 2974; x_wconf 92' lang='lat' dir='ltr'><strong>et</strong></span> <span class='ocrx_word' id='word_1_453' title='bbox 2857 2919 3092 2974; x_wconf 88' lang='lat' dir='ltr'><strong>ﬁdelimn</strong></span> <span class='ocrx_word' id='word_1_454' title='bbox 3123 2922 3454 2991; x_wconf 90' lang='lat' dir='ltr'><strong>persecutio,</strong></span> <span class='ocrx_word' id='word_1_455' title='bbox 3483 2932 3532 2977; x_wconf 92' lang='lat' dir='ltr'><strong>et</strong></span> <span class='ocrx_word' id='word_1_456' title='bbox 3561 2922 3767 2977; x_wconf 76' lang='lat' dir='ltr'><strong>idolorum</strong></span> 
     </span>
    </p>
   </div>
   <div class='ocr_carea' id='block_1_59' title="bbox 2244 3011 3759 3083">
    <p class='ocr_par' dir='ltr' id='par_1_59' title="bbox 2244 3011 3759 3083">
     <span class='ocr_line' id='line_1_59' title="bbox 2244 3011 3759 3083; baseline 0 -18"><span class='ocrx_word' id='word_1_457' title='bbox 2244 3011 2485 3078; x_wconf 91' lang='lat' dir='ltr'><strong>cultura;</strong></span> <span class='ocrx_word' id='word_1_458' title='bbox 2517 3027 2613 3083; x_wconf 91' lang='lat' dir='ltr'><strong>per</strong></span> <span class='ocrx_word' id='word_1_459' title='bbox 2647 3012 2841 3067; x_wconf 80' lang='lat' dir='ltr'><strong>vallem</strong></span> <span class='ocrx_word' id='word_1_460' title='bbox 2884 3027 3016 3067; x_wconf 88' lang='lat' dir='ltr'><strong>vero</strong></span> <span class='ocrx_word' id='word_1_461' title='bbox 3054 3028 3176 3083; x_wconf 73' lang='lat' dir='ltr'><strong>qtae</strong></span> <span class='ocrx_word' id='word_1_462' title='bbox 3229 3029 3317 3068; x_wconf 89' lang='lat' dir='ltr'><strong>res</strong></span> <span class='ocrx_word' id='word_1_463' title='bbox 3372 3015 3583 3071; x_wconf 90' lang='lat' dir='ltr'><strong>humilis</strong></span> <span class='ocrx_word' id='word_1_464' title='bbox 3604 3023 3675 3070; x_wconf 84' lang='lat' dir='ltr'><strong>‘est</strong></span> <span class='ocrx_word' id='word_1_465' title='bbox 3698 3016 3759 3068; x_wconf 50' lang='lat' dir='ltr'><strong>bu.</strong></span> 
     </span>
    </p>
   </div>
   <div class='ocr_carea' id='block_1_60' title="bbox 2244 3104 3759 3179">
    <p class='ocr_par' dir='ltr' id='par_1_60' title="bbox 2244 3104 3759 3179">
     <span class='ocr_line' id='line_1_60' title="bbox 2244 3104 3759 3179; baseline 0.001 -20"><span class='ocrx_word' id='word_1_466' title='bbox 2244 3104 2446 3159; x_wconf 90' lang='lat' dir='ltr'><strong>militas</strong></span> <span class='ocrx_word' id='word_1_467' title='bbox 2469 3122 2484 3171; x_wconf 87' lang='lat'><strong>;</strong></span> <span class='ocrx_word' id='word_1_468' title='bbox 2510 3120 2605 3175; x_wconf 83' lang='lat' dir='ltr'><strong>per</strong></span> <span class='ocrx_word' id='word_1_469' title='bbox 2630 3105 2833 3160; x_wconf 89' lang='lat' dir='ltr'><strong>salinas</strong></span> <span class='ocrx_word' id='word_1_470' title='bbox 2858 3108 3250 3162; x_wconf 86' lang='lat' dir='ltr'><strong>metonomieos</strong></span> <span class='ocrx_word' id='word_1_471' title='bbox 3286 3122 3318 3162; x_wconf 90' lang='lat' dir='ltr'><strong>e</strong></span> <span class='ocrx_word' id='word_1_472' title='bbox 3354 3109 3600 3179; x_wconf 85' lang='lat' dir='ltr'><strong>contiguo</strong></span> <span class='ocrx_word' id='word_1_473' title='bbox 3620 3109 3759 3163; x_wconf 74' lang='lat' dir='ltr'><strong>salar-</strong></span> 
     </span>
    </p>
   </div>
   <div class='ocr_carea' id='block_1_61' title="bbox 558 3184 3767 3265">
    <p class='ocr_par' dir='ltr' id='par_1_61' title="bbox 558 3184 3767 3265">
     <span class='ocr_line' id='line_1_61' title="bbox 558 3184 3767 3265; baseline 0.002 -19"><span class='ocrx_word' id='word_1_474' title='bbox 558 3200 611 3254; x_wconf 79' lang='lat' dir='ltr'><strong>id</strong></span> <span class='ocrx_word' id='word_1_475' title='bbox 633 3208 717 3254; x_wconf 75' lang='lat' dir='ltr'><strong>cst</strong></span> <span class='ocrx_word' id='word_1_476' title='bbox 739 3199 1002 3265; x_wconf 70' lang='lat' dir='ltr'><strong>medicus,</strong></span> <span class='ocrx_word' id='word_1_477' title='bbox 1027 3199 1399 3254; x_wconf 75' lang='lat' dir='ltr'><strong>resuscitando</strong></span> <span class='ocrx_word' id='word_1_478' title='bbox 1451 3207 1506 3253; x_wconf 78' lang='lat' dir='ltr'><strong>ct</strong></span> <span class='ocrx_word' id='word_1_479' title='bbox 1555 3199 1622 3254; x_wconf 84' lang='lat' dir='ltr'><strong>ad</strong></span> <span class='ocrx_word' id='word_1_480' title='bbox 1677 3201 2139 3258; x_wconf 78' lang='lat' dir='ltr'><strong>immortalitatem</strong></span> <span class='ocrx_word' id='word_1_481' title='bbox 2169 3184 2209 3241; x_wconf 63' lang='grc' dir='ltr'><strong>(ἶ</strong></span> <span class='ocrx_word' id='word_1_482' title='bbox 2243 3195 2464 3265; x_wconf 90' lang='lat' dir='ltr'><strong>cipitur,</strong></span> <span class='ocrx_word' id='word_1_483' title='bbox 2496 3196 2751 3265; x_wconf 88' lang='lat' dir='ltr'><strong>quoniam</strong></span> <span class='ocrx_word' id='word_1_484' title='bbox 2787 3196 2867 3250; x_wconf 89' lang='lat' dir='ltr'><strong>sal</strong></span> <span class='ocrx_word' id='word_1_485' title='bbox 2891 3198 2943 3251; x_wconf 82' lang='lat' dir='ltr'><strong>itt</strong></span> <span class='ocrx_word' id='word_1_486' title='bbox 2971 3199 3162 3254; x_wconf 86' lang='lat' dir='ltr'><strong>salinis</strong></span> <span class='ocrx_word' id='word_1_487' title='bbox 3190 3201 3498 3255; x_wconf 86' lang='lat' dir='ltr'><strong>conﬁcitur.</strong></span> <span class='ocrx_word' id='word_1_488' title='bbox 3537 3203 3623 3255; x_wconf 82' lang='lat' dir='ltr'><strong>l&#39;er</strong></span> <span class='ocrx_word' id='word_1_489' title='bbox 3644 3201 3767 3253; x_wconf 77' lang='lat' dir='ltr'><strong>salem</strong></span> 
     </span>
    </p>
   </div>
   <div class='ocr_carea' id='block_1_62' title="bbox 555 3290 2137 3361">
    <p class='ocr_par' dir='ltr' id='par_1_62' title="bbox 555 3290 2137 3361">
     <span class='ocr_line' id='line_1_62' title="bbox 555 3290 2137 3361; baseline 0 -15"><span class='ocrx_word' id='word_1_490' title='bbox 555 3292 892 3357; x_wconf 86' lang='lat' dir='ltr'><strong>deducendo;</strong></span> <span class='ocrx_word' id='word_1_491' title='bbox 915 3300 971 3345; x_wconf 92' lang='lat' dir='ltr'><strong>et</strong></span> <span class='ocrx_word' id='word_1_492' title='bbox 993 3291 1101 3345; x_wconf 77' lang='lat' dir='ltr'><strong>dixi</strong></span> <span class='ocrx_word' id='word_1_493' title='bbox 1124 3291 1265 3359; x_wconf 88' lang='lat' dir='ltr'><strong>quod</strong></span> <span class='ocrx_word' id='word_1_494' title='bbox 1292 3290 1586 3346; x_wconf 90' lang='lat' dir='ltr'><strong>landabote</strong></span> <span class='ocrx_word' id='word_1_495' title='bbox 1599 3291 1665 3346; x_wconf 90' lang='lat' dir='ltr'><strong>de</strong></span> <span class='ocrx_word' id='word_1_496' title='bbox 1690 3290 2002 3347; x_wconf 85' lang='lat' dir='ltr'><strong>fortitudine</strong></span> <span class='ocrx_word' id='word_1_497' title='bbox 2025 3304 2137 3361; x_wconf 90' lang='lat' dir='ltr'><strong>tua,</strong></span> 
     </span>
    </p>
   </div>
   <div class='ocr_carea' id='block_1_63' title="bbox 557 3381 2138 3450">
    <p class='ocr_par' dir='ltr' id='par_1_63' title="bbox 557 3381 2138 3450">
     <span class='ocr_line' id='line_1_63' title="bbox 557 3381 2138 3450; baseline -0.001 -12"><span class='ocrx_word' id='word_1_498' title='bbox 557 3383 841 3438; x_wconf 89' lang='lat' dir='ltr'><strong>scilicetde</strong></span> <span class='ocrx_word' id='word_1_499' title='bbox 856 3387 956 3436; x_wconf 88' lang='lat' dir='ltr'><strong>hoc</strong></span> <span class='ocrx_word' id='word_1_500' title='bbox 969 3383 1109 3449; x_wconf 90' lang='lat' dir='ltr'><strong>quod</strong></span> <span class='ocrx_word' id='word_1_501' title='bbox 1127 3382 1221 3435; x_wconf 91' lang='lat' dir='ltr'><strong>ﬁes</strong></span> <span class='ocrx_word' id='word_1_502' title='bbox 1232 3381 1489 3450; x_wconf 76' lang='lat' dir='ltr'><strong>refugiunt</strong></span> <span class='ocrx_word' id='word_1_503' title='bbox 1501 3383 1748 3445; x_wconf 88' lang='lat' dir='ltr'><strong>meum,id</strong></span> <span class='ocrx_word' id='word_1_504' title='bbox 1762 3394 1843 3438; x_wconf 84' lang='lat' dir='ltr'><strong>est</strong></span> <span class='ocrx_word' id='word_1_505' title='bbox 1856 3384 2138 3450; x_wconf 88' lang='lat' dir='ltr'><strong>securitas,</strong></span> 
     </span>
    </p>
   </div>
   <div class='ocr_carea' id='block_1_64' title="bbox 564 3472 2137 3544">
    <p class='ocr_par' dir='ltr' id='par_1_64' title="bbox 564 3472 2137 3544">
     <span class='ocr_line' id='line_1_64' title="bbox 564 3472 2137 3544; baseline 0 -14"><span class='ocrx_word' id='word_1_506' title='bbox 564 3490 636 3530; x_wconf 88' lang='lat' dir='ltr'><strong>ne</strong></span> <span class='ocrx_word' id='word_1_507' title='bbox 663 3475 852 3528; x_wconf 90' lang='lat' dir='ltr'><strong>cedam</strong></span> <span class='ocrx_word' id='word_1_508' title='bbox 881 3476 936 3526; x_wconf 84' lang='lat' dir='ltr'><strong>in</strong></span> <span class='ocrx_word' id='word_1_509' title='bbox 959 3474 1042 3526; x_wconf 87' lang='lat' dir='ltr'><strong>die</strong></span> <span class='ocrx_word' id='word_1_510' title='bbox 1063 3472 1440 3537; x_wconf 83' lang='lat' dir='ltr'><strong>tribulationis,</strong></span> <span class='ocrx_word' id='word_1_511' title='bbox 1480 3473 1531 3527; x_wconf 88' lang='lat' dir='ltr'><strong>id</strong></span> <span class='ocrx_word' id='word_1_512' title='bbox 1570 3482 1655 3529; x_wconf 89' lang='lat' dir='ltr'><strong>est</strong></span> <span class='ocrx_word' id='word_1_513' title='bbox 1691 3475 1962 3544; x_wconf 89' lang='lat' dir='ltr'><strong>passionis</strong></span> <span class='ocrx_word' id='word_1_514' title='bbox 1986 3490 2137 3530; x_wconf 79' lang='lat' dir='ltr'><strong>meae.</strong></span> 
     </span>
    </p>
   </div>
   <div class='ocr_carea' id='block_1_65' title="bbox 560 3564 2140 3634">
    <p class='ocr_par' dir='ltr' id='par_1_65' title="bbox 560 3564 2140 3634">
     <span class='ocr_line' id='line_1_65' title="bbox 560 3564 2140 3634; baseline 0.001 -15"><span class='ocrx_word' id='word_1_515' title='bbox 560 3566 680 3619; x_wconf 79' lang='lat' dir='ltr'><strong>Dixi</strong></span> <span class='ocrx_word' id='word_1_516' title='bbox 706 3566 847 3634; x_wconf 88' lang='lat' dir='ltr'><strong>quod</strong></span> <span class='ocrx_word' id='word_1_517' title='bbox 879 3564 1101 3617; x_wconf 87' lang='lat' dir='ltr'><strong>cantabo</strong></span> <span class='ocrx_word' id='word_1_518' title='bbox 1133 3564 1227 3618; x_wconf 88' lang='lat' dir='ltr'><strong>tibi</strong></span> <span class='ocrx_word' id='word_1_519' title='bbox 1252 3572 1306 3619; x_wconf 84' lang='lat' dir='ltr'><strong>et</strong></span> <span class='ocrx_word' id='word_1_520' title='bbox 1336 3565 1401 3621; x_wconf 89' lang='lat' dir='ltr'><strong>de</strong></span> <span class='ocrx_word' id='word_1_521' title='bbox 1426 3565 1743 3621; x_wconf 82' lang='lat' dir='ltr'><strong>fortitudine</strong></span> <span class='ocrx_word' id='word_1_522' title='bbox 1766 3576 1819 3621; x_wconf 87' lang='lat' dir='ltr'><strong>et</strong></span> <span class='ocrx_word' id='word_1_523' title='bbox 1871 3567 1937 3621; x_wconf 87' lang='lat' dir='ltr'><strong>de</strong></span> <span class='ocrx_word' id='word_1_524' title='bbox 1974 3568 2140 3621; x_wconf 88' lang='lat' dir='ltr'><strong>mise-</strong></span> 
     </span>
    </p>
   </div>
   <div class='ocr_carea' id='block_1_66' title="bbox 558 3652 2138 3722">
    <p class='ocr_par' dir='ltr' id='par_1_66' title="bbox 558 3652 2138 3722">
     <span class='ocr_line' id='line_1_66' title="bbox 558 3652 2138 3722; baseline 0.001 -12"><span class='ocrx_word' id='word_1_525' title='bbox 558 3656 814 3711; x_wconf 88' lang='lat' dir='ltr'><strong>ricordia.</strong></span> <span class='ocrx_word' id='word_1_526' title='bbox 842 3652 957 3708; x_wconf 84' lang='lat' dir='ltr'><strong>Non</strong></span> <span class='ocrx_word' id='word_1_527' title='bbox 982 3654 1153 3709; x_wconf 85' lang='lat' dir='ltr'><strong>solum</strong></span> <span class='ocrx_word' id='word_1_528' title='bbox 1177 3664 1354 3710; x_wconf 89' lang='lat' dir='ltr'><strong>autem</strong></span> <span class='ocrx_word' id='word_1_529' title='bbox 1379 3657 1599 3711; x_wconf 83' lang='lat' dir='ltr'><strong>cantabo</strong></span> <span class='ocrx_word' id='word_1_530' title='bbox 1627 3672 1722 3711; x_wconf 90' lang='lat' dir='ltr'><strong>ore</strong></span> <span class='ocrx_word' id='word_1_531' title='bbox 1744 3666 1798 3712; x_wconf 89' lang='lat' dir='ltr'><strong>et</strong></span> <span class='ocrx_word' id='word_1_532' title='bbox 1827 3657 2138 3722; x_wconf 79' lang='lat' dir='ltr'><strong>devotione,</strong></span> 
     </span>
    </p>
   </div>
   <div class='ocr_carea' id='block_1_67' title="bbox 560 3744 2138 3818">
    <p class='ocr_par' dir='ltr' id='par_1_67' title="bbox 560 3744 2138 3818">
     <span class='ocr_line' id='line_1_67' title="bbox 560 3744 2138 3818; baseline 0.001 -17"><span class='ocrx_word' id='word_1_533' title='bbox 560 3749 653 3801; x_wconf 88' lang='lat' dir='ltr'><strong>sed</strong></span> <span class='ocrx_word' id='word_1_534' title='bbox 684 3744 906 3816; x_wconf 85' lang='lat' dir='ltr'><strong>psallam</strong></span> <span class='ocrx_word' id='word_1_535' title='bbox 933 3745 1048 3810; x_wconf 87' lang='lat' dir='ltr'><strong>tibi,</strong></span> <span class='ocrx_word' id='word_1_536' title='bbox 1079 3746 1130 3801; x_wconf 89' lang='lat' dir='ltr'><strong>id</strong></span> <span class='ocrx_word' id='word_1_537' title='bbox 1160 3755 1242 3801; x_wconf 91' lang='lat' dir='ltr'><strong>est</strong></span> <span class='ocrx_word' id='word_1_538' title='bbox 1287 3747 1422 3802; x_wconf 89' lang='lat' dir='ltr'><strong>bene</strong></span> <span class='ocrx_word' id='word_1_539' title='bbox 1467 3748 1734 3818; x_wconf 85' lang='lat' dir='ltr'><strong>cperabor</strong></span> <span class='ocrx_word' id='word_1_540' title='bbox 1773 3748 1840 3803; x_wconf 91' lang='lat' dir='ltr'><strong>ad</strong></span> <span class='ocrx_word' id='word_1_541' title='bbox 1879 3749 2138 3804; x_wconf 89' lang='lat' dir='ltr'><strong>honorem</strong></span> 
     </span>
    </p>
   </div>
   <div class='ocr_carea' id='block_1_68' title="bbox 559 3839 2138 3911">
    <p class='ocr_par' dir='ltr' id='par_1_68' title="bbox 559 3839 2138 3911">
     <span class='ocr_line' id='line_1_68' title="bbox 559 3839 2138 3911; baseline 0 -18"><span class='ocrx_word' id='word_1_542' title='bbox 559 3840 660 3905; x_wconf 92' lang='lat' dir='ltr'><strong>tui,</strong></span> <span class='ocrx_word' id='word_1_543' title='bbox 692 3849 746 3893; x_wconf 91' lang='lat' dir='ltr'><strong>et</strong></span> <span class='ocrx_word' id='word_1_544' title='bbox 769 3839 897 3908; x_wconf 90' lang='lat' dir='ltr'><strong>quia</strong></span> <span class='ocrx_word' id='word_1_545' title='bbox 928 3839 1038 3894; x_wconf 90' lang='lat' dir='ltr'><strong>eris</strong></span> <span class='ocrx_word' id='word_1_546' title='bbox 1061 3840 1267 3909; x_wconf 78' lang='lat' dir='ltr'><strong>adjutot</strong></span> <span class='ocrx_word' id='word_1_547' title='bbox 1305 3856 1448 3894; x_wconf 84' lang='lat' dir='ltr'><strong>meus</strong></span> <span class='ocrx_word' id='word_1_548' title='bbox 1495 3856 1562 3896; x_wconf 90' lang='lat' dir='ltr'><strong>ne</strong></span> <span class='ocrx_word' id='word_1_549' title='bbox 1591 3841 1802 3907; x_wconf 86' lang='lat' dir='ltr'><strong>cedam,</strong></span> <span class='ocrx_word' id='word_1_550' title='bbox 1834 3843 2033 3911; x_wconf 75' lang='lat' dir='ltr'><strong>etquia</strong></span> <span class='ocrx_word' id='word_1_551' title='bbox 2059 3852 2138 3907; x_wconf 88' lang='lat' dir='ltr'><strong>tu,</strong></span> 
     </span>
    </p>
   </div>
   <div class='ocr_carea' id='block_1_69' title="bbox 560 3929 2142 4000">
    <p class='ocr_par' dir='ltr' id='par_1_69' title="bbox 560 3929 2142 4000">
     <span class='ocr_line' id='line_1_69' title="bbox 560 3929 2142 4000; baseline 0.001 -16"><span class='ocrx_word' id='word_1_552' title='bbox 560 3931 701 3985; x_wconf 85' lang='lat' dir='ltr'><strong>Deus</strong></span> <span class='ocrx_word' id='word_1_553' title='bbox 736 3929 917 3995; x_wconf 80' lang='lat' dir='ltr'><strong>Pater,</strong></span> <span class='ocrx_word' id='word_1_554' title='bbox 944 3930 1051 3984; x_wconf 90' lang='lat' dir='ltr'><strong>eris</strong></span> <span class='ocrx_word' id='word_1_555' title='bbox 1075 3939 1341 4000; x_wconf 86' lang='lat' dir='ltr'><strong>susceptor</strong></span> <span class='ocrx_word' id='word_1_556' title='bbox 1369 3947 1529 3994; x_wconf 86' lang='lat' dir='ltr'><strong>meus,</strong></span> <span class='ocrx_word' id='word_1_557' title='bbox 1562 3940 1623 3985; x_wconf 89' lang='lat' dir='ltr'><strong>ut</strong></span> <span class='ocrx_word' id='word_1_558' title='bbox 1644 3946 1728 3985; x_wconf 89' lang='lat' dir='ltr'><strong>me</strong></span> <span class='ocrx_word' id='word_1_559' title='bbox 1754 3931 2061 3998; x_wconf 88' lang='lat' dir='ltr'><strong>resuscites,</strong></span> <span class='ocrx_word' id='word_1_560' title='bbox 2086 3939 2142 3986; x_wconf 87' lang='lat' dir='ltr'><strong>et</strong></span> 
     </span>
    </p>
   </div>
   <div class='ocr_carea' id='block_1_70' title="bbox 559 4019 2139 4091">
    <p class='ocr_par' dir='ltr' id='par_1_70' title="bbox 559 4019 2139 4091">
     <span class='ocr_line' id='line_1_70' title="bbox 559 4019 2139 4091; baseline 0.001 -17"><span class='ocrx_word' id='word_1_561' title='bbox 559 4021 685 4091; x_wconf 90' lang='lat' dir='ltr'><strong>quia</strong></span> <span class='ocrx_word' id='word_1_562' title='bbox 716 4036 775 4075; x_wconf 88' lang='lat' dir='ltr'><strong>es</strong></span> <span class='ocrx_word' id='word_1_563' title='bbox 796 4019 937 4075; x_wconf 84' lang='lat' dir='ltr'><strong>Deus</strong></span> <span class='ocrx_word' id='word_1_564' title='bbox 971 4037 1139 4086; x_wconf 86' lang='lat' dir='ltr'><strong>meus,</strong></span> <span class='ocrx_word' id='word_1_565' title='bbox 1194 4021 1244 4075; x_wconf 90' lang='lat' dir='ltr'><strong>id</strong></span> <span class='ocrx_word' id='word_1_566' title='bbox 1284 4030 1366 4075; x_wconf 89' lang='lat' dir='ltr'><strong>est</strong></span> <span class='ocrx_word' id='word_1_567' title='bbox 1394 4030 1608 4076; x_wconf 85' lang='lat' dir='ltr'><strong>creator</strong></span> <span class='ocrx_word' id='word_1_568' title='bbox 1655 4022 1952 4077; x_wconf 88' lang='lat' dir='ltr'><strong>secundum</strong></span> <span class='ocrx_word' id='word_1_569' title='bbox 1996 4022 2139 4091; x_wconf 83' lang='lat' dir='ltr'><strong>quod</strong></span> 
     </span>
    </p>
   </div>
   <div class='ocr_carea' id='block_1_71' title="bbox 562 4111 2138 4182">
    <p class='ocr_par' dir='ltr' id='par_1_71' title="bbox 562 4111 2138 4182">
     <span class='ocr_line' id='line_1_71' title="bbox 562 4111 2138 4182; baseline 0 -15"><span class='ocrx_word' id='word_1_570' title='bbox 562 4114 723 4167; x_wconf 80' lang='lat' dir='ltr'><strong>homo</strong></span> <span class='ocrx_word' id='word_1_571' title='bbox 752 4127 890 4175; x_wconf 91' lang='lat' dir='ltr'><strong>sum,</strong></span> <span class='ocrx_word' id='word_1_572' title='bbox 918 4120 972 4165; x_wconf 90' lang='lat' dir='ltr'><strong>et</strong></span> <span class='ocrx_word' id='word_1_573' title='bbox 1000 4111 1123 4180; x_wconf 91' lang='lat' dir='ltr'><strong>quia</strong></span> <span class='ocrx_word' id='word_1_574' title='bbox 1151 4126 1209 4166; x_wconf 90' lang='lat' dir='ltr'><strong>es</strong></span> <span class='ocrx_word' id='word_1_575' title='bbox 1230 4112 1592 4166; x_wconf 82' lang='lat' dir='ltr'><strong>misericordia</strong></span> <span class='ocrx_word' id='word_1_576' title='bbox 1647 4129 1782 4177; x_wconf 85' lang='lat' dir='ltr'><strong>mea,</strong></span> <span class='ocrx_word' id='word_1_577' title='bbox 1833 4114 2138 4182; x_wconf 89' lang='lat' dir='ltr'><strong>cmphatica</strong></span> 
     </span>
    </p>
   </div>
   <div class='ocr_carea' id='block_1_72' title="bbox 558 4202 2137 4276">
    <p class='ocr_par' dir='ltr' id='par_1_72' title="bbox 558 4202 2137 4276">
     <span class='ocr_line' id='line_1_72' title="bbox 558 4202 2137 4276; baseline 0.003 -21"><span class='ocrx_word' id='word_1_578' title='bbox 558 4202 747 4258; x_wconf 90' lang='lat' dir='ltr'><strong>dictio.</strong></span> <span class='ocrx_word' id='word_1_579' title='bbox 775 4202 928 4269; x_wconf 89' lang='lat' dir='ltr'><strong>Quod</strong></span> <span class='ocrx_word' id='word_1_580' title='bbox 950 4210 1032 4256; x_wconf 89' lang='lat' dir='ltr'><strong>est</strong></span> <span class='ocrx_word' id='word_1_581' title='bbox 1063 4203 1244 4258; x_wconf 88' lang='lat' dir='ltr'><strong>dicere</strong></span> <span class='ocrx_word' id='word_1_582' title='bbox 1276 4222 1289 4257; x_wconf 87' lang='lat'><strong>:</strong></span> <span class='ocrx_word' id='word_1_583' title='bbox 1323 4203 1633 4259; x_wconf 82' lang='lat' dir='ltr'><strong>Misericors</strong></span> <span class='ocrx_word' id='word_1_584' title='bbox 1661 4220 1720 4260; x_wconf 89' lang='lat' dir='ltr'><strong>es</strong></span> <span class='ocrx_word' id='word_1_585' title='bbox 1744 4221 1871 4276; x_wconf 87' lang='lat' dir='ltr'><strong>erga</strong></span> <span class='ocrx_word' id='word_1_586' title='bbox 1896 4221 2003 4273; x_wconf 90' lang='lat' dir='ltr'><strong>me,</strong></span> <span class='ocrx_word' id='word_1_587' title='bbox 2031 4216 2137 4261; x_wconf 86' lang='lat' dir='ltr'><strong>non</strong></span> 
     </span>
    </p>
   </div>
   <div class='ocr_carea' id='block_1_73' title="bbox 558 4294 2140 4365">
    <p class='ocr_par' dir='ltr' id='par_1_73' title="bbox 558 4294 2140 4365">
     <span class='ocr_line' id='line_1_73' title="bbox 558 4294 2140 4365; baseline 0.003 -17"><span class='ocrx_word' id='word_1_588' title='bbox 558 4295 611 4348; x_wconf 82' lang='lat' dir='ltr'><strong>in</strong></span> <span class='ocrx_word' id='word_1_589' title='bbox 641 4295 742 4349; x_wconf 90' lang='lat' dir='ltr'><strong>hoc</strong></span> <span class='ocrx_word' id='word_1_590' title='bbox 764 4294 935 4349; x_wconf 87' lang='lat' dir='ltr'><strong>solum</strong></span> <span class='ocrx_word' id='word_1_591' title='bbox 960 4295 1103 4363; x_wconf 91' lang='lat' dir='ltr'><strong>quod</strong></span> <span class='ocrx_word' id='word_1_592' title='bbox 1135 4294 1508 4359; x_wconf 86' lang='lat' dir='ltr'><strong>resuscitabis,</strong></span> <span class='ocrx_word' id='word_1_593' title='bbox 1544 4296 1637 4349; x_wconf 89' lang='lat' dir='ltr'><strong>sed</strong></span> <span class='ocrx_word' id='word_1_594' title='bbox 1669 4297 1795 4365; x_wconf 90' lang='lat' dir='ltr'><strong>quia</strong></span> <span class='ocrx_word' id='word_1_595' title='bbox 1841 4297 2140 4352; x_wconf 89' lang='lat' dir='ltr'><strong>immunem</strong></span> 
     </span>
    </p>
   </div>
   <div class='ocr_carea' id='block_1_74' title="bbox 556 4384 2043 4457">
    <p class='ocr_par' dir='ltr' id='par_1_74' title="bbox 556 4384 2043 4457">
     <span class='ocr_line' id='line_1_74' title="bbox 556 4384 2043 4457; baseline 0.003 -17"><span class='ocrx_word' id='word_1_596' title='bbox 556 4402 588 4440; x_wconf 87' lang='lat' dir='ltr'><strong>a</strong></span> <span class='ocrx_word' id='word_1_597' title='bbox 612 4393 836 4457; x_wconf 88' lang='lat' dir='ltr'><strong>peccato</strong></span> <span class='ocrx_word' id='word_1_598' title='bbox 856 4384 1053 4448; x_wconf 84' lang='lat' dir='ltr'><strong>fecisti,</strong></span> <span class='ocrx_word' id='word_1_599' title='bbox 1078 4394 1131 4438; x_wconf 89' lang='lat' dir='ltr'><strong>et</strong></span> <span class='ocrx_word' id='word_1_600' title='bbox 1156 4384 1321 4439; x_wconf 88' lang='lat' dir='ltr'><strong>multa</strong></span> <span class='ocrx_word' id='word_1_601' title='bbox 1353 4384 1454 4438; x_wconf 89' lang='lat' dir='ltr'><strong>alia</strong></span> <span class='ocrx_word' id='word_1_602' title='bbox 1481 4385 1741 4442; x_wconf 89' lang='lat' dir='ltr'><strong>beneﬁcia</strong></span> <span class='ocrx_word' id='word_1_603' title='bbox 1773 4386 2043 4444; x_wconf 84' lang='lat' dir='ltr'><strong>conferes.</strong></span> 
     </span>
    </p>
   </div>
   <div class='ocr_carea' id='block_1_75' title="bbox 1030 4474 1633 4532">
    <p class='ocr_par' dir='ltr' id='par_1_75' title="bbox 1030 4474 1633 4532">
     <span class='ocr_line' id='line_1_75' title="bbox 1030 4474 1633 4532; baseline 0.003 -3"><span class='ocrx_word' id='word_1_604' title='bbox 1030 4474 1107 4529; x_wconf 70' lang='grc' dir='ltr'><strong>ΙΝ</strong></span> <span class='ocrx_word' id='word_1_605' title='bbox 1123 4474 1451 4531; x_wconf 79' lang='lat' dir='ltr'><strong>PSALMUM</strong></span> <span class='ocrx_word' id='word_1_606' title='bbox 1502 4476 1633 4532; x_wconf 83' lang='lat' dir='ltr'><strong>LIX.</strong></span> 
     </span>
    </p>
   </div>
   <div class='ocr_carea' id='block_1_76' title="bbox 2244 3286 3751 3361">
    <p class='ocr_par' dir='ltr' id='par_1_76' title="bbox 2244 3286 3751 3361">
     <span class='ocr_line' id='line_1_76' title="bbox 2244 3286 3751 3361; baseline 0.003 -22"><span class='ocrx_word' id='word_1_607' title='bbox 2244 3286 2464 3355; x_wconf 91' lang='lat' dir='ltr'><strong>quippe,</strong></span> <span class='ocrx_word' id='word_1_608' title='bbox 2496 3288 2586 3356; x_wconf 88' lang='lat' dir='ltr'><strong>qui</strong></span> <span class='ocrx_word' id='word_1_609' title='bbox 2614 3287 2762 3341; x_wconf 90' lang='lat' dir='ltr'><strong>cibos</strong></span> <span class='ocrx_word' id='word_1_610' title='bbox 2788 3303 2980 3343; x_wconf 88' lang='lat' dir='ltr'><strong>omnes</strong></span> <span class='ocrx_word' id='word_1_611' title='bbox 3012 3291 3191 3344; x_wconf 89' lang='lat' dir='ltr'><strong>condit</strong></span> <span class='ocrx_word' id='word_1_612' title='bbox 3226 3302 3279 3346; x_wconf 89' lang='lat' dir='ltr'><strong>et</strong></span> <span class='ocrx_word' id='word_1_613' title='bbox 3302 3308 3528 3361; x_wconf 88' lang='lat' dir='ltr'><strong>sapores</strong></span> <span class='ocrx_word' id='word_1_614' title='bbox 3564 3294 3751 3354; x_wconf 77' lang='lat' dir='ltr'><strong>facit,sa</strong></span> 
     </span>
    </p>
   </div>
   <div class='ocr_carea' id='block_1_77' title="bbox 2244 3374 3749 3449">
    <p class='ocr_par' dir='ltr' id='par_1_77' title="bbox 2244 3374 3749 3449">
     <span class='ocr_line' id='line_1_77' title="bbox 2244 3374 3749 3449; baseline 0.005 -23"><span class='ocrx_word' id='word_1_615' title='bbox 2244 3388 2344 3442; x_wconf 88' lang='lat' dir='ltr'><strong>por</strong></span> <span class='ocrx_word' id='word_1_616' title='bbox 2397 3374 2715 3428; x_wconf 87' lang='lat' dir='ltr'><strong>humilitatis</strong></span> <span class='ocrx_word' id='word_1_617' title='bbox 2763 3376 3101 3449; x_wconf 80' lang='lat' dir='ltr'><strong>intelligitur.</strong></span> <span class='ocrx_word' id='word_1_618' title='bbox 3138 3379 3431 3436; x_wconf 85' lang='lat' dir='ltr'><strong>llumilitas</strong></span> <span class='ocrx_word' id='word_1_619' title='bbox 3463 3396 3669 3449; x_wconf 84' lang='lat' dir='ltr'><strong>namque</strong></span> <span class='ocrx_word' id='word_1_620' title='bbox 3690 3384 3749 3435; x_wconf 80' lang='lat' dir='ltr'><strong>vir</strong></span> 
     </span>
    </p>
   </div>
   <div class='ocr_carea' id='block_1_78' title="bbox 2245 3464 3770 3537">
    <p class='ocr_par' dir='ltr' id='par_1_78' title="bbox 2245 3464 3770 3537">
     <span class='ocr_line' id='line_1_78' title="bbox 2245 3464 3770 3537; baseline 0.003 -19"><span class='ocrx_word' id='word_1_621' title='bbox 2245 3472 2387 3519; x_wconf 84' lang='lat' dir='ltr'><strong>tutes</strong></span> <span class='ocrx_word' id='word_1_622' title='bbox 2424 3464 2558 3518; x_wconf 89' lang='lat' dir='ltr'><strong>alias</strong></span> <span class='ocrx_word' id='word_1_623' title='bbox 2580 3466 2784 3529; x_wconf 91' lang='lat' dir='ltr'><strong>condit,</strong></span> <span class='ocrx_word' id='word_1_624' title='bbox 2825 3477 2879 3520; x_wconf 91' lang='lat' dir='ltr'><strong>et</strong></span> <span class='ocrx_word' id='word_1_625' title='bbox 2906 3469 3268 3537; x_wconf 88' lang='lat' dir='ltr'><strong>acceptabiles</strong></span> <span class='ocrx_word' id='word_1_626' title='bbox 3308 3470 3422 3526; x_wconf 92' lang='lat' dir='ltr'><strong>Deo</strong></span> <span class='ocrx_word' id='word_1_627' title='bbox 3481 3473 3648 3537; x_wconf 81' lang='lat' dir='ltr'><strong>cilicii,</strong></span> <span class='ocrx_word' id='word_1_628' title='bbox 3678 3489 3770 3526; x_wconf 66' lang='lat' dir='ltr'><strong>enitr</strong></span> 
     </span>
    </p>
   </div>
   <div class='ocr_carea' id='block_1_79' title="bbox 2252 3554 3764 3618">
    <p class='ocr_par' dir='ltr' id='par_1_79' title="bbox 2252 3554 3764 3618">
     <span class='ocr_line' id='line_1_79' title="bbox 2252 3554 3764 3618; baseline 0.005 -7"><span class='ocrx_word' id='word_1_629' title='bbox 2252 3554 2370 3611; x_wconf 84' lang='lat' dir='ltr'><strong>sine</strong></span> <span class='ocrx_word' id='word_1_630' title='bbox 2400 3568 2462 3608; x_wconf 91' lang='lat' dir='ltr'><strong>ea</strong></span> <span class='ocrx_word' id='word_1_631' title='bbox 2517 3556 2636 3609; x_wconf 81' lang='lat' dir='ltr'><strong>aliae</strong></span> <span class='ocrx_word' id='word_1_632' title='bbox 2669 3557 2898 3611; x_wconf 85' lang='lat' dir='ltr'><strong>virtutes</strong></span> <span class='ocrx_word' id='word_1_633' title='bbox 2943 3559 3140 3613; x_wconf 72' lang='lat' dir='ltr'><strong>habita:</strong></span> <span class='ocrx_word' id='word_1_634' title='bbox 3176 3561 3399 3617; x_wconf 83' lang='lat' dir='ltr'><strong>inutiles</strong></span> <span class='ocrx_word' id='word_1_635' title='bbox 3437 3564 3764 3618; x_wconf 69' lang='lat' dir='ltr'><strong>essentetllet‘</strong></span> 
     </span>
    </p>
   </div>
   <div class='ocr_carea' id='block_1_80' title="bbox 2244 3646 3767 3723">
    <p class='ocr_par' dir='ltr' id='par_1_80' title="bbox 2244 3646 3767 3723">
     <span class='ocr_line' id='line_1_80' title="bbox 2244 3646 3767 3723; baseline 0.005 -23"><span class='ocrx_word' id='word_1_636' title='bbox 2244 3646 2684 3716; x_wconf 84' lang='lat' dir='ltr'><strong>inacceptabiles,</strong></span> <span class='ocrx_word' id='word_1_637' title='bbox 2720 3665 2818 3705; x_wconf 88' lang='lat' dir='ltr'><strong>nec</strong></span> <span class='ocrx_word' id='word_1_638' title='bbox 2833 3651 3001 3704; x_wconf 82' lang='lat' dir='ltr'><strong>etiam</strong></span> <span class='ocrx_word' id='word_1_639' title='bbox 3035 3654 3262 3709; x_wconf 84' lang='lat' dir='ltr'><strong>virtutes</strong></span> <span class='ocrx_word' id='word_1_640' title='bbox 3292 3656 3347 3709; x_wconf 83' lang='lat' dir='ltr'><strong>in</strong></span> <span class='ocrx_word' id='word_1_641' title='bbox 3379 3666 3433 3711; x_wconf 88' lang='lat' dir='ltr'><strong>te</strong></span> <span class='ocrx_word' id='word_1_642' title='bbox 3483 3668 3767 3723; x_wconf 79' lang='lat' dir='ltr'><strong>vocarentur,</strong></span> 
     </span>
    </p>
   </div>
   <div class='ocr_carea' id='block_1_81' title="bbox 2242 3739 3762 3820">
    <p class='ocr_par' dir='ltr' id='par_1_81' title="bbox 2242 3739 3762 3820">
     <span class='ocr_line' id='line_1_81' title="bbox 2242 3739 3762 3820; baseline 0.005 -26"><span class='ocrx_word' id='word_1_643' title='bbox 2242 3739 2333 3794; x_wconf 84' lang='lat' dir='ltr'><strong>sed</strong></span> <span class='ocrx_word' id='word_1_644' title='bbox 2364 3748 2621 3795; x_wconf 80' lang='lat' dir='ltr'><strong>Virtutum</strong></span> <span class='ocrx_word' id='word_1_645' title='bbox 2648 3742 3044 3798; x_wconf 88' lang='lat' dir='ltr'><strong>simulationes.</strong></span> <span class='ocrx_word' id='word_1_646' title='bbox 3091 3745 3241 3801; x_wconf 86' lang='lat' dir='ltr'><strong>Unde</strong></span> <span class='ocrx_word' id='word_1_647' title='bbox 3273 3751 3441 3803; x_wconf 89' lang='lat' dir='ltr'><strong>etiam</strong></span> <span class='ocrx_word' id='word_1_648' title='bbox 3490 3762 3762 3820; x_wconf 85' lang='lat' dir='ltr'><strong>nttncupalut</strong></span> 
     </span>
    </p>
   </div>
   <div class='ocr_carea' id='block_1_82' title="bbox 2244 3832 3699 3910">
    <p class='ocr_par' dir='ltr' id='par_1_82' title="bbox 2244 3832 3699 3910">
     <span class='ocr_line' id='line_1_82' title="bbox 2244 3832 3699 3910; baseline 0.007 -25"><span class='ocrx_word' id='word_1_649' title='bbox 2244 3832 2429 3900; x_wconf 77' lang='lat' dir='ltr'><strong>regina</strong></span> <span class='ocrx_word' id='word_1_650' title='bbox 2474 3833 2758 3897; x_wconf 85' lang='lat' dir='ltr'><strong>virtutum,</strong></span> <span class='ocrx_word' id='word_1_651' title='bbox 2790 3835 2930 3889; x_wconf 90' lang='lat' dir='ltr'><strong>sicut</strong></span> <span class='ocrx_word' id='word_1_652' title='bbox 2961 3839 3213 3906; x_wconf 87' lang='lat' dir='ltr'><strong>superbia</strong></span> <span class='ocrx_word' id='word_1_653' title='bbox 3246 3842 3431 3910; x_wconf 82' lang='lat' dir='ltr'><strong>regina</strong></span> <span class='ocrx_word' id='word_1_654' title='bbox 3460 3843 3699 3897; x_wconf 85' lang='lat' dir='ltr'><strong>vitiorum.</strong></span> 
     </span>
    </p>
   </div>
   <div class='ocr_carea' id='block_1_83' title="bbox 2311 3924 3767 4003">
    <p class='ocr_par' dir='ltr' id='par_1_83' title="bbox 2311 3924 3767 4003">
     <span class='ocr_line' id='line_1_83' title="bbox 2311 3924 3767 4003; baseline 0.005 -24"><span class='ocrx_word' id='word_1_655' title='bbox 2311 3924 2367 3979; x_wconf 81' lang='lat' dir='ltr'><strong>In</strong></span> <span class='ocrx_word' id='word_1_656' title='bbox 2401 3941 2505 3995; x_wconf 88' lang='lat' dir='ltr'><strong>qua</strong></span> <span class='ocrx_word' id='word_1_657' title='bbox 2533 3926 2699 3996; x_wconf 76' lang='lat'><strong>208</strong></span> <span class='ocrx_word' id='word_1_658' title='bbox 2739 3928 3043 3983; x_wconf 87' lang='lat' dir='ltr'><strong>lmmilitate</strong></span> <span class='ocrx_word' id='word_1_659' title='bbox 3092 3930 3345 3988; x_wconf 86' lang='lat' dir='ltr'><strong>Christus</strong></span> <span class='ocrx_word' id='word_1_660' title='bbox 3382 3934 3767 4003; x_wconf 63' lang='lat' dir='ltr'><strong>Mesopotamiam</strong></span> 
     </span>
    </p>
   </div>
   <div class='ocr_carea' id='block_1_84' title="bbox 2242 4017 3767 4090">
    <p class='ocr_par' dir='ltr' id='par_1_84' title="bbox 2242 4017 3767 4090">
     <span class='ocr_line' id='line_1_84' title="bbox 2242 4017 3767 4090; baseline 0.004 -18"><span class='ocrx_word' id='word_1_661' title='bbox 2242 4017 2414 4090; x_wconf 80' lang='lat' dir='ltr'><strong>Syriae</strong></span> <span class='ocrx_word' id='word_1_662' title='bbox 2442 4034 2782 4085; x_wconf 88' lang='lat' dir='ltr'><strong>succensam,</strong></span> <span class='ocrx_word' id='word_1_663' title='bbox 2815 4030 2869 4075; x_wconf 91' lang='lat' dir='ltr'><strong>et</strong></span> <span class='ocrx_word' id='word_1_664' title='bbox 2903 4020 3039 4075; x_wconf 76' lang='lat' dir='ltr'><strong>Joab</strong></span> <span class='ocrx_word' id='word_1_665' title='bbox 3093 4032 3147 4077; x_wconf 90' lang='lat' dir='ltr'><strong>et</strong></span> <span class='ocrx_word' id='word_1_666' title='bbox 3200 4025 3367 4079; x_wconf 73' lang='lat' dir='ltr'><strong>Edon)</strong></span> <span class='ocrx_word' id='word_1_667' title='bbox 3410 4044 3697 4082; x_wconf 70' lang='lat' dir='ltr'><strong>conversum</strong></span> <span class='ocrx_word' id='word_1_668' title='bbox 3728 4036 3767 4080; x_wconf 88' lang='lat' dir='ltr'><strong>et</strong></span> 
     </span>
    </p>
   </div>
   <div class='ocr_carea' id='block_1_85' title="bbox 2240 4113 3769 4190">
    <p class='ocr_par' dir='ltr' id='par_1_85' title="bbox 2240 4113 3769 4190">
     <span class='ocr_line' id='line_1_85' title="bbox 2240 4113 3769 4190; baseline 0.005 -27"><span class='ocrx_word' id='word_1_669' title='bbox 2240 4125 2557 4180; x_wconf 88' lang='lat' dir='ltr'><strong>percussum</strong></span> <span class='ocrx_word' id='word_1_670' title='bbox 2618 4113 2819 4182; x_wconf 87' lang='lat' dir='ltr'><strong>posuit.</strong></span> <span class='ocrx_word' id='word_1_671' title='bbox 2880 4113 3163 4169; x_wconf 81' lang='lat' dir='ltr'><strong>Judaicum</strong></span> <span class='ocrx_word' id='word_1_672' title='bbox 3219 4118 3429 4174; x_wconf 75' lang='lat' dir='ltr'><strong>scilicet</strong></span> <span class='ocrx_word' id='word_1_673' title='bbox 3481 4120 3698 4190; x_wconf 86' lang='lat' dir='ltr'><strong>populum</strong></span> <span class='ocrx_word' id='word_1_674' title='bbox 3728 4128 3769 4172; x_wconf 77' lang='lat' dir='ltr'><strong>ct</strong></span> 
     </span>
    </p>
   </div>
   <div class='ocr_carea' id='block_1_86' title="bbox 2241 4200 3765 4274">
    <p class='ocr_par' dir='ltr' id='par_1_86' title="bbox 2241 4200 3765 4274">
     <span class='ocr_line' id='line_1_86' title="bbox 2241 4200 3765 4274; baseline 0.003 -19"><span class='ocrx_word' id='word_1_675' title='bbox 2241 4200 2606 4273; x_wconf 85' lang='lat' dir='ltr'><strong>gentilem,ut</strong></span> <span class='ocrx_word' id='word_1_676' title='bbox 2641 4205 2691 4257; x_wconf 90' lang='lat' dir='ltr'><strong>in</strong></span> <span class='ocrx_word' id='word_1_677' title='bbox 2736 4220 2797 4259; x_wconf 87' lang='lat' dir='ltr'><strong>ea</strong></span> <span class='ocrx_word' id='word_1_678' title='bbox 2847 4208 3248 4274; x_wconf 83' lang='lat' dir='ltr'><strong>perseverando</strong></span> <span class='ocrx_word' id='word_1_679' title='bbox 3310 4211 3377 4263; x_wconf 88' lang='lat' dir='ltr'><strong>ad</strong></span> <span class='ocrx_word' id='word_1_680' title='bbox 3438 4212 3765 4266; x_wconf 74' lang='lat' dir='ltr'><strong>exultationem</strong></span> 
     </span>
    </p>
   </div>
   <div class='ocr_carea' id='block_1_87' title="bbox 2240 4294 3773 4362">
    <p class='ocr_par' dir='ltr' id='par_1_87' title="bbox 2240 4294 3773 4362">
     <span class='ocr_line' id='line_1_87' title="bbox 2240 4294 3773 4362; baseline 0.003 -15"><span class='ocrx_word' id='word_1_681' title='bbox 2240 4295 2608 4362; x_wconf 87' lang='lat' dir='ltr'><strong>pervenirent.</strong></span> <span class='ocrx_word' id='word_1_682' title='bbox 2652 4294 2755 4348; x_wconf 85' lang='lat' dir='ltr'><strong>Per</strong></span> <span class='ocrx_word' id='word_1_683' title='bbox 2794 4296 3077 4351; x_wconf 82' lang='lat' dir='ltr'><strong>duodecim</strong></span> <span class='ocrx_word' id='word_1_684' title='bbox 3137 4300 3301 4353; x_wconf 90' lang='lat' dir='ltr'><strong>millia</strong></span> <span class='ocrx_word' id='word_1_685' title='bbox 3345 4302 3474 4356; x_wconf 91' lang='lat' dir='ltr'><strong>illud</strong></span> <span class='ocrx_word' id='word_1_686' title='bbox 3508 4305 3631 4356; x_wconf 81' lang='lat' dir='ltr'><strong>idem</strong></span> <span class='ocrx_word' id='word_1_687' title='bbox 3658 4301 3773 4354; x_wconf 64' lang='lat' dir='ltr'><strong>acci-</strong></span> 
     </span>
    </p>
   </div>
   <div class='ocr_carea' id='block_1_88' title="bbox 2241 4386 3769 4465">
    <p class='ocr_par' dir='ltr' id='par_1_88' title="bbox 2241 4386 3769 4465">
     <span class='ocr_line' id='line_1_88' title="bbox 2241 4386 3769 4465; baseline 0.006 -29"><span class='ocrx_word' id='word_1_688' title='bbox 2241 4386 2407 4455; x_wconf 87' lang='lat' dir='ltr'><strong>pitur,</strong></span> <span class='ocrx_word' id='word_1_689' title='bbox 2436 4386 2575 4454; x_wconf 90' lang='lat' dir='ltr'><strong>quod</strong></span> <span class='ocrx_word' id='word_1_690' title='bbox 2603 4395 2656 4440; x_wconf 88' lang='lat' dir='ltr'><strong>et</strong></span> <span class='ocrx_word' id='word_1_691' title='bbox 2678 4402 2772 4455; x_wconf 84' lang='lat' dir='ltr'><strong>per</strong></span> <span class='ocrx_word' id='word_1_692' title='bbox 2795 4386 3238 4457; x_wconf 65' lang='lat' dir='ltr'><strong>Mesqtotamiam</strong></span> <span class='ocrx_word' id='word_1_693' title='bbox 3271 4392 3467 4464; x_wconf 77' lang='lat' dir='ltr'><strong>Syriae,</strong></span> <span class='ocrx_word' id='word_1_694' title='bbox 3492 4406 3545 4449; x_wconf 87' lang='lat' dir='ltr'><strong>et</strong></span> <span class='ocrx_word' id='word_1_695' title='bbox 3570 4410 3653 4465; x_wconf 89' lang='lat' dir='ltr'><strong>per</strong></span> <span class='ocrx_word' id='word_1_696' title='bbox 3668 4394 3769 4447; x_wconf 78' lang='lat' dir='ltr'><strong>Juab</strong></span> 
     </span>
    </p>
   </div>
   <div class='ocr_carea' id='block_1_89' title="bbox 2241 4475 3764 4557">
    <p class='ocr_par' dir='ltr' id='par_1_89' title="bbox 2241 4475 3764 4557">
     <span class='ocr_line' id='line_1_89' title="bbox 2241 4475 3764 4557; baseline 0.005 -28"><span class='ocrx_word' id='word_1_697' title='bbox 2241 4486 2293 4529; x_wconf 92' lang='lat' dir='ltr'><strong>et</strong></span> <span class='ocrx_word' id='word_1_698' title='bbox 2326 4475 2492 4531; x_wconf 86' lang='lat' dir='ltr'><strong>Edom</strong></span> <span class='ocrx_word' id='word_1_699' title='bbox 2527 4495 2539 4530; x_wconf 95' lang='lat'>:</span> <span class='ocrx_word' id='word_1_700' title='bbox 2582 4476 2840 4532; x_wconf 86' lang='lat' dir='ltr'><strong>.Indaicus</strong></span> <span class='ocrx_word' id='word_1_701' title='bbox 2864 4480 3071 4535; x_wconf 90' lang='lat' dir='ltr'><strong>scilicet</strong></span> <span class='ocrx_word' id='word_1_702' title='bbox 3095 4485 3323 4554; x_wconf 87' lang='lat' dir='ltr'><strong>populus</strong></span> <span class='ocrx_word' id='word_1_703' title='bbox 3360 4497 3420 4541; x_wconf 91' lang='lat' dir='ltr'><strong>et</strong></span> <span class='ocrx_word' id='word_1_704' title='bbox 3465 4489 3676 4557; x_wconf 60' lang='lat' dir='ltr'><strong>gentilir;</strong></span> <span class='ocrx_word' id='word_1_705' title='bbox 3700 4487 3764 4539; x_wconf 74' lang='lat' dir='ltr'><strong>sed</strong></span> 
     </span>
    </p>
   </div>
   <div class='ocr_carea' id='block_1_90' title="bbox 628 4551 3765 4649">
    <p class='ocr_par' dir='ltr' id='par_1_90' title="bbox 628 4551 3765 4649">
     <span class='ocr_line' id='line_1_90' title="bbox 628 4551 3765 4649; baseline 0.004 -32"><span class='ocrx_word' id='word_1_706' title='bbox 628 4566 840 4623; x_wconf 83' lang='lat' dir='ltr'><strong>Titulus</strong></span> <span class='ocrx_word' id='word_1_707' title='bbox 873 4566 1305 4636; x_wconf 81' lang='lat' dir='ltr'><strong>quinquagesimi</strong></span> <span class='ocrx_word' id='word_1_708' title='bbox 1355 4567 1502 4620; x_wconf 91' lang='lat' dir='ltr'><strong>noni.</strong></span> <span class='ocrx_word' id='word_1_709' title='bbox 1533 4566 1600 4621; x_wconf 89' lang='lat' dir='ltr'><strong>In</strong></span> <span class='ocrx_word' id='word_1_710' title='bbox 1625 4569 1783 4637; x_wconf 80' lang='lat' dir='ltr'><strong>ﬁnem</strong></span> <span class='ocrx_word' id='word_1_711' title='bbox 1810 4588 1903 4641; x_wconf 78' lang='lat' dir='ltr'><strong>pro</strong></span> <span class='ocrx_word' id='word_1_712' title='bbox 1944 4574 2025 4627; x_wconf 81' lang='lat' dir='ltr'><strong>Itis</strong></span> <span class='ocrx_word' id='word_1_713' title='bbox 2045 4575 2134 4643; x_wconf 85' lang='lat' dir='ltr'><strong>qui</strong></span> <span class='ocrx_word' id='word_1_714' title='bbox 2168 4551 2215 4611; x_wconf 71' lang='grc' dir='ltr'><strong>θ</strong></span> <span class='ocrx_word' id='word_1_715' title='bbox 2241 4566 2383 4620; x_wconf 88' lang='lat' dir='ltr'><strong>aliud</strong></span> <span class='ocrx_word' id='word_1_716' title='bbox 2410 4568 2665 4637; x_wconf 88' lang='lat' dir='ltr'><strong>quiddam</strong></span> <span class='ocrx_word' id='word_1_717' title='bbox 2693 4570 3002 4625; x_wconf 89' lang='lat' dir='ltr'><strong>denotatur.</strong></span> <span class='ocrx_word' id='word_1_718' title='bbox 3032 4551 3180 4628; x_wconf 40' lang='lat' dir='ltr'><strong>Cum—</strong></span> <span class='ocrx_word' id='word_1_719' title='bbox 3203 4551 3686 4649; x_wconf 49' lang='lat' dir='ltr'><strong>superius-namque</strong></span> <span class='ocrx_word' id='word_1_720' title='bbox 3704 4578 3765 4630; x_wconf 82' lang='lat' dir='ltr'><strong>in-</strong></span> 
     </span>
    </p>
   </div>
   <div class='ocr_carea' id='block_1_91' title="bbox 558 4657 2132 4733">
    <p class='ocr_par' dir='ltr' id='par_1_91' title="bbox 558 4657 2132 4733">
     <span class='ocr_line' id='line_1_91' title="bbox 558 4657 2132 4733; baseline 0.005 -21"><span class='ocrx_word' id='word_1_721' title='bbox 558 4660 1039 4720; x_wconf 86' lang='lat' dir='ltr'><strong>commutabuntur,</strong></span> <span class='ocrx_word' id='word_1_722' title='bbox 1070 4658 1170 4727; x_wconf 83' lang='lat' dir='ltr'><strong>ipsi</strong></span> <span class='ocrx_word' id='word_1_723' title='bbox 1192 4657 1363 4710; x_wconf 84' lang='lat' dir='ltr'><strong>David</strong></span> <span class='ocrx_word' id='word_1_724' title='bbox 1388 4660 1441 4711; x_wconf 87' lang='lat' dir='ltr'><strong>in</strong></span> <span class='ocrx_word' id='word_1_725' title='bbox 1474 4659 1615 4712; x_wconf 82' lang='lat' dir='ltr'><strong>tituli</strong></span> <span class='ocrx_word' id='word_1_726' title='bbox 1656 4662 2008 4733; x_wconf 84' lang='lat' dir='ltr'><strong>inscriptione.</strong></span> <span class='ocrx_word' id='word_1_727' title='bbox 2065 4665 2132 4719; x_wconf 89' lang='lat' dir='ltr'><strong>In</strong></span> 
     </span>
    </p>
   </div>
   <div class='ocr_carea' id='block_1_92' title="bbox 556 4747 2133 4824">
    <p class='ocr_par' dir='ltr' id='par_1_92' title="bbox 556 4747 2133 4824">
     <span class='ocr_line' id='line_1_92' title="bbox 556 4747 2133 4824; baseline 0.005 -22"><span class='ocrx_word' id='word_1_728' title='bbox 556 4749 849 4817; x_wconf 77' lang='lat' dir='ltr'><strong>doctrinam</strong></span> <span class='ocrx_word' id='word_1_729' title='bbox 901 4766 1018 4803; x_wconf 87' lang='lat' dir='ltr'><strong>cum</strong></span> <span class='ocrx_word' id='word_1_730' title='bbox 1073 4748 1337 4800; x_wconf 82' lang='lat' dir='ltr'><strong>succendit</strong></span> <span class='ocrx_word' id='word_1_731' title='bbox 1390 4747 1819 4819; x_wconf 80' lang='lat' dir='ltr'><strong>Mesopotamiam</strong></span> <span class='ocrx_word' id='word_1_732' title='bbox 1871 4754 2040 4824; x_wconf 72' lang='lat' dir='ltr'><strong>Syria:</strong></span> <span class='ocrx_word' id='word_1_733' title='bbox 2085 4766 2133 4810; x_wconf 86' lang='lat' dir='ltr'><strong>et</strong></span> 
     </span>
    </p>
   </div>
   <div class='ocr_carea' id='block_1_93' title="bbox 558 4837 2133 4911">
    <p class='ocr_par' dir='ltr' id='par_1_93' title="bbox 558 4837 2133 4911">
     <span class='ocr_line' id='line_1_93' title="bbox 558 4837 2133 4911; baseline 0.004 -16"><span class='ocrx_word' id='word_1_734' title='bbox 558 4841 769 4911; x_wconf 87' lang='lat' dir='ltr'><strong>Syriam</strong></span> <span class='ocrx_word' id='word_1_735' title='bbox 795 4839 977 4903; x_wconf 87' lang='lat' dir='ltr'><strong>Sobal,</strong></span> <span class='ocrx_word' id='word_1_736' title='bbox 1009 4847 1055 4892; x_wconf 88' lang='lat' dir='ltr'><strong>et</strong></span> <span class='ocrx_word' id='word_1_737' title='bbox 1078 4837 1323 4891; x_wconf 83' lang='lat' dir='ltr'><strong>convertit</strong></span> <span class='ocrx_word' id='word_1_738' title='bbox 1347 4838 1481 4893; x_wconf 84' lang='lat' dir='ltr'><strong>Joab</strong></span> <span class='ocrx_word' id='word_1_739' title='bbox 1508 4851 1555 4893; x_wconf 84' lang='lat' dir='ltr'><strong>et</strong></span> <span class='ocrx_word' id='word_1_740' title='bbox 1590 4845 1843 4911; x_wconf 79' lang='lat' dir='ltr'><strong>percussit</strong></span> <span class='ocrx_word' id='word_1_741' title='bbox 1876 4843 2045 4899; x_wconf 78' lang='lat' dir='ltr'><strong>Edam</strong></span> <span class='ocrx_word' id='word_1_742' title='bbox 2079 4848 2133 4901; x_wconf 88' lang='lat' dir='ltr'><strong>in</strong></span> 
     </span>
    </p>
   </div>
   <div class='ocr_carea' id='block_1_94' title="bbox 555 4926 2131 4992">
    <p class='ocr_par' dir='ltr' id='par_1_94' title="bbox 555 4926 2131 4992">
     <span class='ocr_line' id='line_1_94' title="bbox 555 4926 2131 4992; baseline 0.004 -7"><span class='ocrx_word' id='word_1_743' title='bbox 555 4931 687 4985; x_wconf 79' lang='lat' dir='ltr'><strong>valle</strong></span> <span class='ocrx_word' id='word_1_744' title='bbox 742 4928 1053 4984; x_wconf 81' lang='lat' dir='ltr'><strong>Salinarum</strong></span> <span class='ocrx_word' id='word_1_745' title='bbox 1083 4926 1356 4980; x_wconf 84' lang='lat' dir='ltr'><strong>duodecim</strong></span> <span class='ocrx_word' id='word_1_746' title='bbox 1388 4930 1574 4985; x_wconf 87' lang='lat' dir='ltr'><strong>millia.</strong></span> <span class='ocrx_word' id='word_1_747' title='bbox 1613 4932 1668 4985; x_wconf 88' lang='lat' dir='ltr'><strong>In</strong></span> <span class='ocrx_word' id='word_1_748' title='bbox 1697 4934 1798 4988; x_wconf 90' lang='lat' dir='ltr'><strong>hoc</strong></span> <span class='ocrx_word' id='word_1_749' title='bbox 1834 4935 1988 4990; x_wconf 91' lang='lat' dir='ltr'><strong>titulo</strong></span> <span class='ocrx_word' id='word_1_750' title='bbox 2031 4938 2131 4992; x_wconf 88' lang='lat' dir='ltr'><strong>etsi</strong></span> 
     </span>
    </p>
   </div>
   <div class='ocr_carea' id='block_1_95' title="bbox 554 5019 2135 5094">
    <p class='ocr_par' dir='ltr' id='par_1_95' title="bbox 554 5019 2135 5094">
     <span class='ocr_line' id='line_1_95' title="bbox 554 5019 2135 5094; baseline 0.006 -19"><span class='ocrx_word' id='word_1_751' title='bbox 554 5023 801 5077; x_wconf 86' lang='lat' dir='ltr'><strong>videatur</strong></span> <span class='ocrx_word' id='word_1_752' title='bbox 833 5020 1057 5073; x_wconf 86' lang='lat' dir='ltr'><strong>historia</strong></span> <span class='ocrx_word' id='word_1_753' title='bbox 1090 5019 1263 5083; x_wconf 89' lang='lat' dir='ltr'><strong>innui,</strong></span> <span class='ocrx_word' id='word_1_754' title='bbox 1296 5035 1400 5076; x_wconf 90' lang='lat' dir='ltr'><strong>non</strong></span> <span class='ocrx_word' id='word_1_755' title='bbox 1440 5031 1618 5079; x_wconf 87' lang='lat' dir='ltr'><strong>tamen</strong></span> <span class='ocrx_word' id='word_1_756' title='bbox 1665 5025 1820 5094; x_wconf 81' lang='lat' dir='ltr'><strong>juxta</strong></span> <span class='ocrx_word' id='word_1_757' title='bbox 1879 5028 2135 5084; x_wconf 85' lang='lat' dir='ltr'><strong>similitu-</strong></span> 
     </span>
    </p>
   </div>
   <div class='ocr_carea' id='block_1_96' title="bbox 556 5110 2133 5189">
    <p class='ocr_par' dir='ltr' id='par_1_96' title="bbox 556 5110 2133 5189">
     <span class='ocr_line' id='line_1_96' title="bbox 556 5110 2133 5189; baseline 0.006 -23"><span class='ocrx_word' id='word_1_758' title='bbox 556 5114 737 5167; x_wconf 91' lang='lat' dir='ltr'><strong>dinem</strong></span> <span class='ocrx_word' id='word_1_759' title='bbox 786 5110 1025 5164; x_wconf 74' lang='lat' dir='ltr'><strong>historia:</strong></span> <span class='ocrx_word' id='word_1_760' title='bbox 1070 5110 1309 5179; x_wconf 87' lang='lat' dir='ltr'><strong>psalmus</strong></span> <span class='ocrx_word' id='word_1_761' title='bbox 1362 5113 1574 5170; x_wconf 87' lang='lat' dir='ltr'><strong>videtur</strong></span> <span class='ocrx_word' id='word_1_762' title='bbox 1617 5133 1736 5172; x_wconf 80' lang='lat' dir='ltr'><strong>esse</strong></span> <span class='ocrx_word' id='word_1_763' title='bbox 1781 5121 2133 5189; x_wconf 88' lang='lat' dir='ltr'><strong>compositus.</strong></span> 
     </span>
    </p>
   </div>
   <div class='ocr_carea' id='block_1_97' title="bbox 555 5198 2134 5271">
    <p class='ocr_par' dir='ltr' id='par_1_97' title="bbox 555 5198 2134 5271">
     <span class='ocr_line' id='line_1_97' title="bbox 555 5198 2134 5271; baseline 0.009 -18"><span class='ocrx_word' id='word_1_764' title='bbox 555 5204 689 5259; x_wconf 76' lang='lat' dir='ltr'><strong>Cum</strong></span> <span class='ocrx_word' id='word_1_765' title='bbox 716 5201 860 5255; x_wconf 87' lang='lat' dir='ltr'><strong>enim</strong></span> <span class='ocrx_word' id='word_1_766' title='bbox 893 5200 944 5253; x_wconf 90' lang='lat' dir='ltr'><strong>in</strong></span> <span class='ocrx_word' id='word_1_767' title='bbox 970 5198 1192 5254; x_wconf 84' lang='lat' dir='ltr'><strong>historia</strong></span> <span class='ocrx_word' id='word_1_768' title='bbox 1244 5202 1528 5271; x_wconf 82' lang='lat' dir='ltr'><strong>habeatur,</strong></span> <span class='ocrx_word' id='word_1_769' title='bbox 1579 5206 1746 5262; x_wconf 79' lang='lat' dir='ltr'><strong>David</strong></span> <span class='ocrx_word' id='word_1_770' title='bbox 1787 5210 1981 5266; x_wconf 89' lang='lat' dir='ltr'><strong>vicisse</strong></span> <span class='ocrx_word' id='word_1_771' title='bbox 2032 5213 2134 5267; x_wconf 89' lang='lat' dir='ltr'><strong>ini-</strong></span> 
     </span>
    </p>
   </div>
   <div class='ocr_carea' id='block_1_98' title="bbox 556 5290 2132 5371">
    <p class='ocr_par' dir='ltr' id='par_1_98' title="bbox 556 5290 2132 5371">
     <span class='ocr_line' id='line_1_98' title="bbox 556 5290 2132 5371; baseline 0.008 -26"><span class='ocrx_word' id='word_1_772' title='bbox 556 5293 726 5345; x_wconf 87' lang='lat' dir='ltr'><strong>micos</strong></span> <span class='ocrx_word' id='word_1_773' title='bbox 752 5298 806 5344; x_wconf 91' lang='lat' dir='ltr'><strong>et</strong></span> <span class='ocrx_word' id='word_1_774' title='bbox 844 5290 1137 5358; x_wconf 89' lang='lat' dir='ltr'><strong>occidisse,</strong></span> <span class='ocrx_word' id='word_1_775' title='bbox 1175 5293 1261 5347; x_wconf 91' lang='lat' dir='ltr'><strong>hic</strong></span> <span class='ocrx_word' id='word_1_776' title='bbox 1311 5310 1415 5349; x_wconf 87' lang='lat' dir='ltr'><strong>non</strong></span> <span class='ocrx_word' id='word_1_777' title='bbox 1448 5296 1513 5351; x_wconf 92' lang='lat' dir='ltr'><strong>de</strong></span> <span class='ocrx_word' id='word_1_778' title='bbox 1541 5297 1764 5357; x_wconf 86' lang='lat' dir='ltr'><strong>victoria</strong></span> <span class='ocrx_word' id='word_1_779' title='bbox 1814 5302 2009 5371; x_wconf 86' lang='lat' dir='ltr'><strong>agitur,</strong></span> <span class='ocrx_word' id='word_1_780' title='bbox 2038 5306 2132 5361; x_wconf 83' lang='lat' dir='ltr'><strong>sed</strong></span> 
     </span>
    </p>
   </div>
   <div class='ocr_carea' id='block_1_99' title="bbox 556 5383 2132 5454">
    <p class='ocr_par' dir='ltr' id='par_1_99' title="bbox 556 5383 2132 5454">
     <span class='ocr_line' id='line_1_99' title="bbox 556 5383 2132 5454; baseline 0.011 -18"><span class='ocrx_word' id='word_1_781' title='bbox 556 5386 623 5438; x_wconf 87' lang='lat' dir='ltr'><strong>de</strong></span> <span class='ocrx_word' id='word_1_782' title='bbox 673 5383 979 5453; x_wconf 88' lang='lat' dir='ltr'><strong>repulsione</strong></span> <span class='ocrx_word' id='word_1_783' title='bbox 1030 5394 1084 5439; x_wconf 86' lang='lat' dir='ltr'><strong>et</strong></span> <span class='ocrx_word' id='word_1_784' title='bbox 1130 5386 1535 5454; x_wconf 89' lang='lat' dir='ltr'><strong>destructione;</strong></span> <span class='ocrx_word' id='word_1_785' title='bbox 1568 5392 1710 5447; x_wconf 91' lang='lat' dir='ltr'><strong>unde</strong></span> <span class='ocrx_word' id='word_1_786' title='bbox 1746 5397 2132 5453; x_wconf 88' lang='lat' dir='ltr'><strong>convenienter</strong></span> 
     </span>
    </p>
   </div>
   <div class='ocr_carea' id='block_1_100' title="bbox 556 5473 2137 5555">
    <p class='ocr_par' dir='ltr' id='par_1_100' title="bbox 556 5473 2137 5555">
     <span class='ocr_line' id='line_1_100' title="bbox 556 5473 2137 5555; baseline 0.009 -29"><span class='ocrx_word' id='word_1_787' title='bbox 556 5473 770 5529; x_wconf 85' lang='lat' dir='ltr'><strong>videtur</strong></span> <span class='ocrx_word' id='word_1_788' title='bbox 797 5474 981 5531; x_wconf 88' lang='lat' dir='ltr'><strong>titulus</strong></span> <span class='ocrx_word' id='word_1_789' title='bbox 1016 5476 1119 5530; x_wconf 90' lang='lat' dir='ltr'><strong>iste</strong></span> <span class='ocrx_word' id='word_1_790' title='bbox 1144 5476 1418 5544; x_wconf 74' lang='lat' dir='ltr'><strong>nonjuxta</strong></span> <span class='ocrx_word' id='word_1_791' title='bbox 1449 5480 1689 5535; x_wconf 73' lang='lat' dir='ltr'><strong>historia:</strong></span> <span class='ocrx_word' id='word_1_792' title='bbox 1742 5484 1912 5555; x_wconf 86' lang='lat' dir='ltr'><strong>accipi</strong></span> <span class='ocrx_word' id='word_1_793' title='bbox 1941 5487 2137 5541; x_wconf 81' lang='lat' dir='ltr'><strong>simili-</strong></span> 
     </span>
    </p>
   </div>
   <div class='ocr_carea' id='block_1_101' title="bbox 555 5567 2129 5641">
    <p class='ocr_par' dir='ltr' id='par_1_101' title="bbox 555 5567 2129 5641">
     <span class='ocr_line' id='line_1_101' title="bbox 555 5567 2129 5641; baseline 0.01 -20"><span class='ocrx_word' id='word_1_794' title='bbox 555 5567 829 5637; x_wconf 73' lang='lat' dir='ltr'><strong>tudinem,</strong></span> <span class='ocrx_word' id='word_1_795' title='bbox 874 5569 967 5624; x_wconf 89' lang='lat' dir='ltr'><strong>sed</strong></span> <span class='ocrx_word' id='word_1_796' title='bbox 1008 5568 1162 5637; x_wconf 82' lang='lat' dir='ltr'><strong>juxta</strong></span> <span class='ocrx_word' id='word_1_797' title='bbox 1205 5585 1395 5625; x_wconf 84' lang='lat' dir='ltr'><strong>vocum</strong></span> <span class='ocrx_word' id='word_1_798' title='bbox 1446 5572 1966 5641; x_wconf 86' lang='lat' dir='ltr'><strong>interpretationem.</strong></span> <span class='ocrx_word' id='word_1_799' title='bbox 2026 5581 2129 5637; x_wconf 87' lang='lat' dir='ltr'><strong>Per</strong></span> 
     </span>
    </p>
   </div>
   <div class='ocr_carea' id='block_1_102' title="bbox 557 5659 2126 5740">
    <p class='ocr_par' dir='ltr' id='par_1_102' title="bbox 557 5659 2126 5740">
     <span class='ocr_line' id='line_1_102' title="bbox 557 5659 2126 5740; baseline 0.011 -26"><span class='ocrx_word' id='word_1_800' title='bbox 557 5659 730 5715; x_wconf 89' lang='lat' dir='ltr'><strong>David</strong></span> <span class='ocrx_word' id='word_1_801' title='bbox 756 5662 916 5731; x_wconf 89' lang='lat' dir='ltr'><strong>igitur</strong></span> <span class='ocrx_word' id='word_1_802' title='bbox 938 5661 1185 5717; x_wconf 87' lang='lat' dir='ltr'><strong>Christus</strong></span> <span class='ocrx_word' id='word_1_803' title='bbox 1222 5663 1483 5733; x_wconf 86' lang='lat' dir='ltr'><strong>accipitur</strong></span> <span class='ocrx_word' id='word_1_804' title='bbox 1518 5682 1531 5719; x_wconf 87' lang='lat'><strong>:</strong></span> <span class='ocrx_word' id='word_1_805' title='bbox 1562 5680 1657 5736; x_wconf 88' lang='lat' dir='ltr'><strong>per</strong></span> <span class='ocrx_word' id='word_1_806' title='bbox 1686 5667 2126 5740; x_wconf 69' lang='lat' dir='ltr'><strong>MCSOIlOlftlliiall‘l</strong></span> 
     </span>
    </p>
   </div>
   <div class='ocr_carea' id='block_1_103' title="bbox 556 5747 2125 5829">
    <p class='ocr_par' dir='ltr' id='par_1_103' title="bbox 556 5747 2125 5829">
     <span class='ocr_line' id='line_1_103' title="bbox 556 5747 2125 5829; baseline 0.011 -29"><span class='ocrx_word' id='word_1_807' title='bbox 556 5747 753 5818; x_wconf 66' lang='lat' dir='ltr'><strong>Syriae,</strong></span> <span class='ocrx_word' id='word_1_808' title='bbox 774 5757 830 5802; x_wconf 88' lang='lat' dir='ltr'><strong>et</strong></span> <span class='ocrx_word' id='word_1_809' title='bbox 858 5764 952 5817; x_wconf 89' lang='lat' dir='ltr'><strong>per</strong></span> <span class='ocrx_word' id='word_1_810' title='bbox 978 5747 1189 5818; x_wconf 87' lang='lat' dir='ltr'><strong>Syriam</strong></span> <span class='ocrx_word' id='word_1_811' title='bbox 1212 5748 1395 5816; x_wconf 82' lang='lat' dir='ltr'><strong>Sobal,</strong></span> <span class='ocrx_word' id='word_1_812' title='bbox 1426 5751 1665 5808; x_wconf 82' lang='lat' dir='ltr'><strong>Ecclesia</strong></span> <span class='ocrx_word' id='word_1_813' title='bbox 1698 5754 2016 5829; x_wconf 81' lang='lat' dir='ltr'><strong>intelligitur</strong></span> <span class='ocrx_word' id='word_1_814' title='bbox 2060 5763 2125 5818; x_wconf 81' lang='lat' dir='ltr'><strong>de</strong></span> 
     </span>
    </p>
   </div>
   <div class='ocr_carea' id='block_1_104' title="bbox 2239 4662 3764 4742">
    <p class='ocr_par' dir='ltr' id='par_1_104' title="bbox 2239 4662 3764 4742">
     <span class='ocr_line' id='line_1_104' title="bbox 2239 4662 3764 4742; baseline 0.005 -26"><span class='ocrx_word' id='word_1_815' title='bbox 2239 4662 2459 4719; x_wconf 88' lang='lat' dir='ltr'><strong>deﬁnite</strong></span> <span class='ocrx_word' id='word_1_816' title='bbox 2488 4679 2584 4733; x_wconf 89' lang='lat' dir='ltr'><strong>per</strong></span> <span class='ocrx_word' id='word_1_817' title='bbox 2612 4664 3053 4736; x_wconf 84' lang='lat' dir='ltr'><strong>Mesopotamiam</strong></span> <span class='ocrx_word' id='word_1_818' title='bbox 3098 4669 3272 4740; x_wconf 75' lang='lat' dir='ltr'><strong>Syria:</strong></span> <span class='ocrx_word' id='word_1_819' title='bbox 3294 4670 3549 4728; x_wconf 64' lang='lat' dir='ltr'><strong>Iudaicus</strong></span> <span class='ocrx_word' id='word_1_820' title='bbox 3586 4670 3764 4742; x_wconf 76' lang='lat' dir='ltr'><strong>populus</strong></span> 
     </span>
    </p>
   </div>
   <div class='ocr_carea' id='block_1_105' title="bbox 2239 4754 3761 4833">
    <p class='ocr_par' dir='ltr' id='par_1_105' title="bbox 2239 4754 3761 4833">
     <span class='ocr_line' id='line_1_105' title="bbox 2239 4754 3761 4833; baseline 0.004 -26"><span class='ocrx_word' id='word_1_821' title='bbox 2239 4754 2663 4825; x_wconf 84' lang='lat' dir='ltr'><strong>intelligeretur,</strong></span> <span class='ocrx_word' id='word_1_822' title='bbox 2716 4773 2814 4826; x_wconf 89' lang='lat' dir='ltr'><strong>per</strong></span> <span class='ocrx_word' id='word_1_823' title='bbox 2863 4758 2998 4813; x_wconf 88' lang='lat' dir='ltr'><strong>Joab</strong></span> <span class='ocrx_word' id='word_1_824' title='bbox 3054 4770 3232 4815; x_wconf 88' lang='lat' dir='ltr'><strong>autem</strong></span> <span class='ocrx_word' id='word_1_825' title='bbox 3268 4773 3324 4816; x_wconf 90' lang='lat' dir='ltr'><strong>et</strong></span> <span class='ocrx_word' id='word_1_826' title='bbox 3352 4763 3522 4817; x_wconf 87' lang='lat' dir='ltr'><strong>Edom</strong></span> <span class='ocrx_word' id='word_1_827' title='bbox 3572 4762 3761 4833; x_wconf 78' lang='lat' dir='ltr'><strong>gentilis.</strong></span> 
     </span>
    </p>
   </div>
   <div class='ocr_carea' id='block_1_106' title="bbox 2240 4846 3761 4922">
    <p class='ocr_par' dir='ltr' id='par_1_106' title="bbox 2240 4846 3761 4922">
     <span class='ocr_line' id='line_1_106' title="bbox 2240 4846 3761 4922; baseline 0.005 -23"><span class='ocrx_word' id='word_1_828' title='bbox 2240 4846 2485 4901; x_wconf 76' lang='lat' dir='ltr'><strong>similiter</strong></span> <span class='ocrx_word' id='word_1_829' title='bbox 2521 4848 2797 4904; x_wconf 76' lang='lat' dir='ltr'><strong>indeﬁnite</strong></span> <span class='ocrx_word' id='word_1_830' title='bbox 2824 4866 2920 4921; x_wconf 89' lang='lat' dir='ltr'><strong>per</strong></span> <span class='ocrx_word' id='word_1_831' title='bbox 2982 4853 3344 4909; x_wconf 88' lang='lat' dir='ltr'><strong>millenarium</strong></span> <span class='ocrx_word' id='word_1_832' title='bbox 3402 4871 3665 4911; x_wconf 88' lang='lat' dir='ltr'><strong>numerum</strong></span> <span class='ocrx_word' id='word_1_833' title='bbox 3700 4852 3761 4922; x_wconf 74' lang='lat' dir='ltr'><strong>qui</strong></span> 
     </span>
    </p>
   </div>
   <div class='ocr_carea' id='block_1_107' title="bbox 2241 4935 3765 5013">
    <p class='ocr_par' dir='ltr' id='par_1_107' title="bbox 2241 4935 3765 5013">
     <span class='ocr_line' id='line_1_107' title="bbox 2241 4935 3765 5013; baseline 0.007 -24"><span class='ocrx_word' id='word_1_834' title='bbox 2241 4935 2374 4991; x_wconf 85' lang='lat' dir='ltr'><strong>adeo</strong></span> <span class='ocrx_word' id='word_1_835' title='bbox 2410 4938 2680 5006; x_wconf 87' lang='lat' dir='ltr'><strong>perfectus</strong></span> <span class='ocrx_word' id='word_1_836' title='bbox 2705 4949 2810 5005; x_wconf 89' lang='lat' dir='ltr'><strong>est,</strong></span> <span class='ocrx_word' id='word_1_837' title='bbox 2854 4942 2991 4996; x_wconf 90' lang='lat' dir='ltr'><strong>ultra</strong></span> <span class='ocrx_word' id='word_1_838' title='bbox 3022 4959 3183 5012; x_wconf 86' lang='lat' dir='ltr'><strong>quem</strong></span> <span class='ocrx_word' id='word_1_839' title='bbox 3212 4962 3497 5001; x_wconf 85' lang='lat' dir='ltr'><strong>munerum</strong></span> <span class='ocrx_word' id='word_1_840' title='bbox 3529 4946 3656 5001; x_wconf 83' lang='lat' dir='ltr'><strong>nulla</strong></span> <span class='ocrx_word' id='word_1_841' title='bbox 3678 4960 3765 5013; x_wconf 76' lang='lat' dir='ltr'><strong>ptu-</strong></span> 
     </span>
    </p>
   </div>
   <div class='ocr_carea' id='block_1_108' title="bbox 2241 5030 3761 5109">
    <p class='ocr_par' dir='ltr' id='par_1_108' title="bbox 2241 5030 3761 5109">
     <span class='ocr_line' id='line_1_108' title="bbox 2241 5030 3761 5109; baseline 0.005 -25"><span class='ocrx_word' id='word_1_842' title='bbox 2241 5030 2383 5084; x_wconf 86' lang='lat' dir='ltr'><strong>cedit</strong></span> <span class='ocrx_word' id='word_1_843' title='bbox 2412 5031 2684 5098; x_wconf 87' lang='lat' dir='ltr'><strong>varietas,</strong></span> <span class='ocrx_word' id='word_1_844' title='bbox 2736 5035 2972 5102; x_wconf 85' lang='lat' dir='ltr'><strong>perfecta</strong></span> <span class='ocrx_word' id='word_1_845' title='bbox 3002 5036 3284 5105; x_wconf 90' lang='lat' dir='ltr'><strong>plenitudo</strong></span> <span class='ocrx_word' id='word_1_846' title='bbox 3328 5041 3606 5109; x_wconf 86' lang='lat' dir='ltr'><strong>utriusque</strong></span> <span class='ocrx_word' id='word_1_847' title='bbox 3628 5033 3761 5107; x_wconf 72' lang='lat' dir='ltr'><strong>populi</strong></span> 
     </span>
    </p>
   </div>
   <div class='ocr_carea' id='block_1_109' title="bbox 2240 5120 3763 5204">
    <p class='ocr_par' dir='ltr' id='par_1_109' title="bbox 2240 5120 3763 5204">
     <span class='ocr_line' id='line_1_109' title="bbox 2240 5120 3763 5204; baseline 0.009 -30"><span class='ocrx_word' id='word_1_848' title='bbox 2240 5120 2520 5190; x_wconf 88' lang='lat' dir='ltr'><strong>accipitur,</strong></span> <span class='ocrx_word' id='word_1_849' title='bbox 2554 5126 2618 5176; x_wconf 88' lang='lat' dir='ltr'><strong>ad</strong></span> <span class='ocrx_word' id='word_1_850' title='bbox 2652 5125 2808 5179; x_wconf 89' lang='lat' dir='ltr'><strong>ﬁdem</strong></span> <span class='ocrx_word' id='word_1_851' title='bbox 2832 5143 3116 5194; x_wconf 85' lang='lat' dir='ltr'><strong>conversa,</strong></span> <span class='ocrx_word' id='word_1_852' title='bbox 3168 5142 3222 5185; x_wconf 89' lang='lat' dir='ltr'><strong>et</strong></span> <span class='ocrx_word' id='word_1_853' title='bbox 3250 5133 3431 5189; x_wconf 85' lang='lat' dir='ltr'><strong>adhuc</strong></span> <span class='ocrx_word' id='word_1_854' title='bbox 3479 5150 3569 5204; x_wconf 87' lang='lat' dir='ltr'><strong>per</strong></span> <span class='ocrx_word' id='word_1_855' title='bbox 3601 5142 3763 5188; x_wconf 63' lang='lat' dir='ltr'><strong>sexum</strong></span> 
     </span>
    </p>
   </div>
   <div class='ocr_carea' id='block_1_110' title="bbox 2241 5222 3762 5288">
    <p class='ocr_par' dir='ltr' id='par_1_110' title="bbox 2241 5222 3762 5288">
     <span class='ocr_line' id='line_1_110' title="bbox 2241 5222 3762 5288; baseline 0.005 -19"><span class='ocrx_word' id='word_1_856' title='bbox 2241 5224 2450 5272; x_wconf 74' lang='lat' dir='ltr'><strong>:etatem</strong></span> <span class='ocrx_word' id='word_1_857' title='bbox 2479 5227 2644 5272; x_wconf 89' lang='lat' dir='ltr'><strong>totam</strong></span> <span class='ocrx_word' id='word_1_858' title='bbox 2672 5234 2844 5288; x_wconf 86' lang='lat' dir='ltr'><strong>usque</strong></span> <span class='ocrx_word' id='word_1_859' title='bbox 2866 5222 2931 5274; x_wconf 90' lang='lat' dir='ltr'><strong>ad</strong></span> <span class='ocrx_word' id='word_1_860' title='bbox 2964 5223 3126 5278; x_wconf 88' lang='lat' dir='ltr'><strong>ﬁnem</strong></span> <span class='ocrx_word' id='word_1_861' title='bbox 3174 5225 3360 5280; x_wconf 87' lang='lat' dir='ltr'><strong>mundi</strong></span> <span class='ocrx_word' id='word_1_862' title='bbox 3410 5223 3762 5282; x_wconf 79' lang='lat' dir='ltr'><strong>convertenda:</strong></span> 
     </span>
    </p>
   </div>
   <div class='ocr_carea' id='block_1_111' title="bbox 2235 5307 3761 5388">
    <p class='ocr_par' dir='ltr' id='par_1_111' title="bbox 2235 5307 3761 5388">
     <span class='ocr_line' id='line_1_111' title="bbox 2235 5307 3761 5388; baseline 0.003 -28"><span class='ocrx_word' id='word_1_863' title='bbox 2235 5307 2302 5361; x_wconf 89' lang='lat' dir='ltr'><strong>de</strong></span> <span class='ocrx_word' id='word_1_864' title='bbox 2329 5323 2439 5377; x_wconf 86' lang='lat' dir='ltr'><strong>qua</strong></span> <span class='ocrx_word' id='word_1_865' title='bbox 2472 5308 2524 5361; x_wconf 90' lang='lat' dir='ltr'><strong>in</strong></span> <span class='ocrx_word' id='word_1_866' title='bbox 2573 5311 2837 5379; x_wconf 81' lang='lat' dir='ltr'><strong>superiori</strong></span> <span class='ocrx_word' id='word_1_867' title='bbox 2889 5315 3095 5383; x_wconf 89' lang='lat' dir='ltr'><strong>psalmo</strong></span> <span class='ocrx_word' id='word_1_868' title='bbox 3145 5326 3323 5372; x_wconf 90' lang='lat' dir='ltr'><strong>actum</strong></span> <span class='ocrx_word' id='word_1_869' title='bbox 3382 5328 3623 5388; x_wconf 79' lang='lat' dir='ltr'><strong>est,qu:e</strong></span> <span class='ocrx_word' id='word_1_870' title='bbox 3652 5325 3761 5369; x_wconf 77' lang='lat' dir='ltr'><strong>tanta</strong></span> 
     </span>
    </p>
   </div>
   <div class='ocr_carea' id='block_1_112' title="bbox 2237 5406 3757 5483">
    <p class='ocr_par' dir='ltr' id='par_1_112' title="bbox 2237 5406 3757 5483">
     <span class='ocr_line' id='line_1_112' title="bbox 2237 5406 3757 5483; baseline 0.004 -31"><span class='ocrx_word' id='word_1_871' title='bbox 2237 5406 2340 5461; x_wconf 89' lang='lat' dir='ltr'><strong>est,</strong></span> <span class='ocrx_word' id='word_1_872' title='bbox 2393 5408 2593 5466; x_wconf 89' lang='lat' dir='ltr'><strong>quanta</strong></span> <span class='ocrx_word' id='word_1_873' title='bbox 2648 5411 2775 5458; x_wconf 89' lang='lat' dir='ltr'><strong>ante</strong></span> <span class='ocrx_word' id='word_1_874' title='bbox 2818 5414 3031 5460; x_wconf 82' lang='lat' dir='ltr'><strong>sextam</strong></span> <span class='ocrx_word' id='word_1_875' title='bbox 3088 5417 3306 5463; x_wconf 79' lang='lat' dir='ltr'><strong>tetatem</strong></span> <span class='ocrx_word' id='word_1_876' title='bbox 3359 5426 3618 5483; x_wconf 88' lang='lat' dir='ltr'><strong>nunquam</strong></span> <span class='ocrx_word' id='word_1_877' title='bbox 3668 5408 3757 5458; x_wconf 77' lang='lat' dir='ltr'><strong>fuit.</strong></span> 
     </span>
    </p>
   </div>
   <div class='ocr_carea' id='block_1_113' title="bbox 2235 5488 3760 5565">
    <p class='ocr_par' dir='ltr' id='par_1_113' title="bbox 2235 5488 3760 5565">
     <span class='ocr_line' id='line_1_113' title="bbox 2235 5488 3760 5565; baseline 0.009 -25"><span class='ocrx_word' id='word_1_878' title='bbox 2235 5488 2369 5555; x_wconf 81' lang='lat' dir='ltr'><strong>Quia</strong></span> <span class='ocrx_word' id='word_1_879' title='bbox 2407 5504 2536 5545; x_wconf 89' lang='lat' dir='ltr'><strong>vero</strong></span> <span class='ocrx_word' id='word_1_880' title='bbox 2573 5492 2615 5546; x_wconf 90' lang='lat' dir='ltr'><strong>si</strong></span> <span class='ocrx_word' id='word_1_881' title='bbox 2642 5494 2979 5551; x_wconf 86' lang='lat' dir='ltr'><strong>solummodo</strong></span> <span class='ocrx_word' id='word_1_882' title='bbox 3012 5499 3376 5555; x_wconf 88' lang='lat' dir='ltr'><strong>millenarium</strong></span> <span class='ocrx_word' id='word_1_883' title='bbox 3406 5502 3664 5556; x_wconf 78' lang='lat' dir='ltr'><strong>numerum</strong></span> <span class='ocrx_word' id='word_1_884' title='bbox 3686 5513 3760 5565; x_wconf 71' lang='lat' dir='ltr'><strong>p0-</strong></span> 
     </span>
    </p>
   </div>
   <div class='ocr_carea' id='block_1_114' title="bbox 2233 5583 3758 5664">
    <p class='ocr_par' dir='ltr' id='par_1_114' title="bbox 2233 5583 3758 5664">
     <span class='ocr_line' id='line_1_114' title="bbox 2233 5583 3758 5664; baseline 0.001 -27"><span class='ocrx_word' id='word_1_885' title='bbox 2233 5583 2449 5647; x_wconf 84' lang='lat' dir='ltr'><strong>suisset,</strong></span> <span class='ocrx_word' id='word_1_886' title='bbox 2475 5594 2655 5651; x_wconf 89' lang='lat' dir='ltr'><strong>posset</strong></span> <span class='ocrx_word' id='word_1_887' title='bbox 2686 5586 2909 5659; x_wconf 84' lang='lat' dir='ltr'><strong>intelligi</strong></span> <span class='ocrx_word' id='word_1_888' title='bbox 2954 5593 3187 5647; x_wconf 83' lang='lat' dir='ltr'><strong>maxima</strong></span> <span class='ocrx_word' id='word_1_889' title='bbox 3245 5597 3514 5664; x_wconf 89' lang='lat' dir='ltr'><strong>plenitudo</strong></span> <span class='ocrx_word' id='word_1_890' title='bbox 3556 5610 3649 5649; x_wconf 76' lang='lat' dir='ltr'><strong>nun</strong></span> <span class='ocrx_word' id='word_1_891' title='bbox 3693 5600 3758 5641; x_wconf 56' lang='lat' dir='ltr'><strong>ta-</strong></span> 
     </span>
    </p>
   </div>
   <div class='ocr_carea' id='block_1_115' title="bbox 2233 5677 3762 5758">
    <p class='ocr_par' dir='ltr' id='par_1_115' title="bbox 2233 5677 3762 5758">
     <span class='ocr_line' id='line_1_115' title="bbox 2233 5677 3762 5758; baseline 0.003 -32"><span class='ocrx_word' id='word_1_892' title='bbox 2233 5688 2355 5727; x_wconf 89' lang='lat' dir='ltr'><strong>men</strong></span> <span class='ocrx_word' id='word_1_893' title='bbox 2384 5687 2447 5727; x_wconf 82' lang='lat' dir='ltr'><strong>ex</strong></span> <span class='ocrx_word' id='word_1_894' title='bbox 2475 5677 2724 5731; x_wconf 90' lang='lat' dir='ltr'><strong>omnibus</strong></span> <span class='ocrx_word' id='word_1_895' title='bbox 2756 5681 2936 5736; x_wconf 89' lang='lat' dir='ltr'><strong>mundi</strong></span> <span class='ocrx_word' id='word_1_896' title='bbox 2997 5685 3263 5753; x_wconf 88' lang='lat' dir='ltr'><strong>partibtts,</strong></span> <span class='ocrx_word' id='word_1_897' title='bbox 3316 5689 3551 5758; x_wconf 85' lang='lat' dir='ltr'><strong>apposuit</strong></span> <span class='ocrx_word' id='word_1_898' title='bbox 3595 5682 3762 5739; x_wconf 51' lang='lat' dir='ltr'><strong>duode-</strong></span> 
     </span>
    </p>
   </div>
   <div class='ocr_carea' id='block_1_116' title="bbox 2230 5766 3756 5850">
    <p class='ocr_par' dir='ltr' id='par_1_116' title="bbox 2230 5766 3756 5850">
     <span class='ocr_line' id='line_1_116' title="bbox 2230 5766 3756 5850; baseline 0.012 -28"><span class='ocrx_word' id='word_1_899' title='bbox 2230 5766 2372 5830; x_wconf 90' lang='lat' dir='ltr'><strong>cim;</strong></span> <span class='ocrx_word' id='word_1_900' title='bbox 2413 5779 2509 5836; x_wconf 84' lang='lat' dir='ltr'><strong>per</strong></span> <span class='ocrx_word' id='word_1_901' title='bbox 2537 5767 2927 5831; x_wconf 88' lang='lat' dir='ltr'><strong>duodenarium</strong></span> <span class='ocrx_word' id='word_1_902' title='bbox 2981 5776 3181 5849; x_wconf 83' lang='lat' dir='ltr'><strong>quippe</strong></span> <span class='ocrx_word' id='word_1_903' title='bbox 3226 5797 3525 5850; x_wconf 84' lang='lat' dir='ltr'><strong>numerum,</strong></span> <span class='ocrx_word' id='word_1_904' title='bbox 3560 5780 3639 5850; x_wconf 81' lang='lat' dir='ltr'><strong>qui</strong></span> <span class='ocrx_word' id='word_1_905' title='bbox 3682 5791 3756 5847; x_wconf 57' lang='lat' dir='ltr'><strong>pfr</strong></span> 
     </span>
    </p>
   </div>
  </div>
