3856 6322
109 301 193 358 915

1010 283 1373 343 EXPOSITIO
1410 285 1475 339 IN
1509 283 1846 341 PSALMOS.
1873 315 1943 326 —-—
1973 284 2166 341 PSAL.
2197 287 2332 343 LIX.

3195 296 3313 352 9H.

107 406 369 469 ternaﬂum
426 410 480 457 et
516 399 917 469 quaternadum
983 400 1393 471 multiplicatur,
1446 398 1694 456 omnisA
1780 399 3324 474 DieoquodsnccemlitMcsopotamimn,ct‘convcrtitloab,

106 499 256 559 mundi
282 492 496 566 populus
514 508 577 546 ex
611 492 861 550 omnibus
899 500 1134 561 quatuor
1170 493 1350 546 mundi
1385 491 1627 561 partibus

103 594 154 647 ad
176 588 314 642 fidem
337 583 610 637 Trinitatis
650 582 701 635 in
731 592 880 637 sexta
908 590 1068 637 {etate
1088 597 1382 637 conversus
1424 581 1619 649 accipi-

106 694 200 737 tur:
236 687 307 731 ter
346 688 576 742 namque
607 682 865 741 quatuor,
919 672 1003 726 vel
1050 680 1245 742 quater
1279 673 1399 739 tria,
1430 671 1630 726 duode-

102 777 183 830 cini
203 771 407 825 faciunt.
432 766 535 820 Per
562 766 854 819 ternarium
894 766 1057 818 etiam
1114 773 1169 818 et
1221 763 1627 832 quaternarium

103 863 172 931 qui
197 867 357 929 partes
382 863 506 909 sunt
530 854 842 924 septenarii,
871 854 1067 924 quibus
1095 852 1462 908 duodenarius
1492 852 1628 906 mul-

104 955 359 1024 tiplicatur,
383 956 585 1017 septem
621 946 758 1000 dona
787 945 959 999 sancti
993 942 1225 1014 Spiritus
1267 946 1625 1014 accipiuntur,

101 1046 256 1116 quibus
275 1039 489 1110 popu'us
510 1037 576 1091 ad
603 1035 759 1091 fidem
792 1050 1086 1091 conversus
1126 1036 1400 1090 uberrime
1453 1035 1627 1104 reple-

101 1150 183 1192 tur.
213 1130 536 1202 Singularum
565 1144 752 1185 vocum
781 1128 1230 1199 interpretatione
1259 1129 1535 1191 denotata,
1558 1125 1627 1180 ad

101 1226 210 1281 tituli
238 1224 387 1277 verba
415 1220 720 1291 adaptanda
763 1219 1129 1275 accedendum
1176 1229 1278 1275 est.
1332 1218 1525 1288 Agitur
1571 1219 1624 1272 in

100 1323 177 1375 hoc
200 1314 387 1387 psalmo
433 1329 528 1383 pro
559 1314 637 1367 liis
668 1312 756 1385 qui
784 1311 1247 1367 commutabuntur
1280 1311 1334 1365 in
1367 1311 1544 1379 ﬁnem,
1575 1310 1626 1363 id

100 1410 224 1465 estin
245 1404 616 1476 perfectionem
665 1402 1040 1469 beatitudinis,
1078 1403 1130 1457 in
1181 1401 1363 1457 futuro
1390 1403 1454 1458 de
1485 1417 1631 1457 mor-

100 1497 263 1552 talitate
300 1493 504 1548 scilicet
530 1491 596 1545 ad
626 1491 1110 1557 immortalitatem,
1162 1492 1229 1549 de
1274 1492 1628 1562 passibilitate

98 1590 146 1642 ad
173 1583 660 1656 impassibilitatem,
712 1581 779 1638 de
841 1582 1155 1652 imperfecta
1211 1582 1520 1653 cognitione
1557 1582 1625 1636 ad

97 1676 341 1751 perfectam
362 1674 451 1728 Dei
477 1674 861 1744 cognitionem.
900 1675 1029 1729 Dico
1052 1674 1193 1744 quod
1224 1675 1623 1728 commutabun-

1728 493 1895 547 ethoc
1911 501 2076 546 totum
2095 491 2218 545 fecit
2234 494 2285 546 in
2300 494 2432 547 valle
2444 493 2772 559 Salinarum,
2787 498 2837 551 id
2853 508 2932 552 est
2948 499 3000 551 in
3015 500 3200 569 sapida
3216 500 3310 555 hu:

1728 586 1977 649 utilitate,
2022 585 2184 655 209
2214 595 2265 638 ut
2309 601 2373 641 ex
2423 587 2671 656 superbis
2707 588 2937 644 humiles
2970 590 3173 647 faceret
3202 611 3215 647 :
3245 602 3307 650 et

1728 691 1833 729 non
1862 691 2048 745 parum
2076 677 2341 729 succendit
2373 678 2438 731 de
2466 677 2845 747 Mesopotamia
2877 687 2927 733 et
2966 684 3211 736 convertit
3241 683 3312 738 de

1726 766 1882 833 Joab,
1931 766 2021 820 sed
2074 768 2348 822 duodecim
2391 768 2559 822 millia
2589 770 2855 824 succendit
2882 780 2928 823 et
2956 773 3222 839 percussit,
3257 774 3312 829 id

1726 867 1812 913 cst
1838 859 2125 913 maximam
2154 859 2537 928 plenitudinem
2568 862 2634 916 de
2658 860 2858 917 ludatis
2886 870 2940 917 et
2969 861 3218 933 gentibus
3244 880 3325 919 ex.

1727 952 1978 1007 omnibus
2042 953 2223 1007 mundi
2276 954 2519 1023 partibus
2566 963 2970 1025 congregatam.
3028 953 3129 1010 Ubi
3184 954 3318 1009 dicit

1727 1057 1847 1095 cum
1901 1043 2189 1110 succendit,
2235 1043 2363 1097 illud
2418 1061 2535 1098 cum
2569 1054 2653 1100 est
2688 1046 3064 1112 causativum;
3123 1052 3179 1101 et
3213 1046 3323 1098 hoc

1729 1142 1896 1189 totum
1926 1144 2008 1189 est
2036 1151 2099 1191 ac
2129 1136 2171 1189 si
2203 1137 2437 1191 diceret:
2481 1138 2535 1192 in
2566 1138 2669 1193 hoc
2696 1138 2904 1208 pSaImo
2932 1148 3098 1209 agunt
3127 1138 3315 1193 ﬁdeles

1727 1238 1790 1283 ex
1819 1223 2017 1279 Judzeis
2043 1234 2097 1279 et
2126 1227 2393 1296 gentibus,
2427 1224 2646 1284 orantes
2671 1244 2766 1297 pro
2796 1229 2877 1282 his
2903 1230 2992 1299 qui
3023 1238 3315 1283 commuta-

1729 1314 1922 1368 buntur
1944 1315 1994 1369 in
2019 1314 2199 1386 ﬁnem,
2238 1317 2289 1369 id
2323 1326 2405 1372 est
2434 1333 2529 1388 pro
2553 1332 2614 1371 se
2639 1326 2691 1371 ut
2727 1318 2867 1373 Deus
2895 1328 3191 1373 commutet
3218 1334 3314 1373 eos

1729 1406 1781 1460 in
1812 1404 2105 1474 perfectam
2143 1408 2554 1474 beatitudinem,
2584 1409 2673 1478 qui
2699 1409 2811 1478 jam
2838 1423 2934 1464 eos
2961 1412 3317 1465 commutavit

1727 1512 1824 1567 per
1854 1508 2081 1555 mortem
2104 1516 2256 1554 suam
2279 1500 2346 1556 de
2378 1510 2596 1570 peccato
2617 1500 2868 1573 originali
2899 1501 2967 1555 ad
3008 1502 3127 1555 vita:
3159 1502 3314 1556 inno-

1729 1590 1962 1644 centiam
1994 1608 2006 1643 :
2036 1598 2093 1645 et
2122 1590 2243 1644 ideo
2288 1600 2604 1657 commutet,
2629 1592 2754 1661 quia
2782 1602 3141 1662 susceperunt
3173 1592 3313 1647 tituli

1730 1682 2155 1751 inscriptionem,
2200 1690 2255 1739 et
2288 1682 2547 1737 obediunt
2586 1682 2848 1739 doctrina:
2888 1681 3025 1750 ejus,
3063 1696 3160 1753 per
3211 1683 3313 1737 hoc

98 1743 179 1833 iur,
200 1776 247 1821 et
272 1765 367 1820 hoc
388 1765 441 1818 in
461 1763 613 1849 έξιυιί
660 1764 999 1835 inscriptione
1048 1743 1146 1832 ipsi
1190 1762 1386 1828 David,
1445 1762 1496 1815 id
1543 1770 1626 1817 cst

1731 1775 1868 1842 quod
1898 1743 2160 1829 -Chrislus
2201 1775 2479 1829 succendit
2515 1776 2687 1845 gratia
2744 1743 2970 1847 spiritali
3012 1743 3317 1845 blesopota-

96 1858 268 1915 Christo
293 1856 423 1912 facta
448 1871 612 1926 quam
646 1863 1021 1924 susceperunt.
1073 1852 1224 1918 Quod
1272 1860 1353 1907 est
1398 1851 1621 1906 dicere:

98 1952 191 2004 lico
218 1946 434 2019 perfecte
464 1947 516 2001 in
547 1945 730 2002 futuro
760 1944 1261 2009 commutabuntur,
1304 1941 1430 2011 quia
1460 1942 1623 1997 Citri—

98 2053 205 2097 stum
226 2041 389 2097 lesuni
425 2054 603 2109 regem
635 2044 1014 2109 susceperunt,
1052 2034 1194 2106 quod
1246 2036 1301 2089 in
1359 2033 1499 2088 tituli
1538 2036 1622 2088 in-

100 2135 328 2201 scriptione
348 2132 687 2202 designatum
709 2138 810 2186 est.

148 2223 259 2292 Quia
274 2238 390 2277 vero
411 2238 515 2276 non
539 2219 797 2277 suﬂceret
815 2220 936 2277 eum
960 2232 1138 2290 regem
1160 2231 1279 2274 esse
1301 2232 1626 2288 cognoscere

97 2326 137 2370 et
154 2314 414 2383 suscipere,
444 2312 550 2367 nisi
580 2313 747 2367 etiam
790 2310 907 2380 ejus
951 2310 1237 2383 praeceptis
1281 2310 1621 2381 obediretur,

95 2407 212 2476 juxta
236 2407 365 2476 quod
390 2405 531 2460 idem
561 2406 615 2459 in
643 2404 931 2475 Evangelio
959 2411 1218 2458 testatur:
1256 2421 1275 2455 ι
1303 2400 1418 2455 Non
1446 2402 1624 2455 omnis

97 2501 162 2568 qui
184 2499 294 2553 dicit
315 2498 438 2554 mihi
467 2514 482 2553 :
514 2496 766 2561 Domine,
793 2495 1036 2560 Domine,
1068 2494 1293 2548 intrabit
1314 2494 1364 2547 in
1399 2508 1624 2561 regnum

97 2592 336 2654 calorum;
362 2590 453 2644 sed
478 2590 571 2659 qui
601 2588 728 2643 facit
758 2588 1088 2642 voluntatem
1138 2584 1313 2639 Patris
1343 2584 1467 2646 mei,
1513 2583 1626 2654 ipse

97 2683 270 2738 intrabit
293 2684 341 2737 in
374 2696 598 2752 regnum
624 2680 885 2736 cmlorum
913 2677 1127 2748 (Matth.
1160 2694 1258 2740 vti,
1289 2676 1447 2748 21).»
1480 2676 1627 2731 addi-

100 2784 175 2837 tur,
201 2774 246 2826 in
278 2773 590 2837 doctrinam;
615 2771 767 2842 quasi
795 2770 996 2825 diceret
1026 2787 1039 2823 :
1069 2769 1196 2823 Dico
1218 2769 1358 2838 quod
1389 2784 1621 2822 cominu-

97 2865 328 2931 tabuntur;
360 2863 479 2917 idco
502 2864 629 2932 quia
654 2870 1009 2932 susceperunt
1034 2861 1166 2915 tituli
1198 2859 1622 2929 inscriptionem,

98 2957 202 3007 unde
229 2966 390 3008 tamen
422 2953 473 3008 in
496 2954 816 3021 doctrinam,
853 2953 904 3006 id
936 2962 1040 3018 est,
1076 2952 1200 3021 quia
1251 2952 1537 3005 intendunt
1572 2950 1622 3003 in

97 3047 345 3101 duetrinam
378 3046 493 3116 ejus
524 3055 585 3101 ut
607 3046 655 3099 ei
683 3046 961 3111 obediant,
989 3045 1126 3100 bene
1175 3043 1471 3113 operando,
1504 3052 1558 3097 et
1595 3059 1623 3095 a

96 3138 207 3191 vitiis
223 3139 468 3193 cessando
496 3138 639 3192 sicut
670 3138 949 3206 praecepit.
993 3136 1071 3189 Ne
1122 3150 1250 3187 vero
1276 3143 1491 3202 putaret
1524 3133 1626 3186 ali-

96 3229 334 3299 quisquod
370 3245 464 3300 per
490 3229 723 3282 liberum
757 3229 1042 3283 arbitrium
1067 3227 1139 3281 illi
1184 3228 1274 3297 qui
1323 3236 1627 3281 commuta-

96 3322 271 3387 buntur,
297 3324 409 3376 sine
438 3322 645 3376 auxilio
678 3322 866 3391 gratiae
898 3322 987 3375 Dei
1035 3322 1170 3375 tituli
1225 3321 1626 3390 inscriptionem

95 3418 423 3486 suscepissent,
445 3426 499 3473 et
523 3418 580 3471 in
603 3416 905 3472 doctrinam
928 3415 1297 3485 complendum
1321 3415 1436 3485 ejus
1454 3415 1631 3469 inlen-

95 3510 275 3575 dcrent,
301 3511 537 3566 ostendit
563 3524 660 3581 per
688 3508 919 3579 gratiam
946 3507 1180 3577 Spiritus
1220 3508 1396 3562 sancti
1436 3523 1528 3563 eos
1561 3509 1627 3562 ad

94 3596 171 3654 huc
205 3601 434 3671 attigisse
479 3616 608 3655 cum
655 3599 822 3662 addit,
862 3614 979 3651 cum
1013 3597 1301 3662 succendit,
1335 3606 1441 3651 etc.
1476 3596 1626 3663 Quod

94 3688 152 3742 sic
168 3691 423 3761 adaptatnr
451 3709 463 3745 :
506 3691 639 3745 Dico
666 3690 808 3760 quod
840 3704 938 3759 pro
983 3688 1068 3742 his
1095 3688 1184 3756 qui
1217 3690 1629 3743 commutabun-

94 3786 159 3831 tur
180 3795 261 3849 per
287 3783 682 3851 susceptionem
717 3780 1088 3851 inscriptionis
1125 3788 1178 3835 et
1215 3781 1626 3851 completionem

94 3868 303 3924 doctrina:
328 3871 377 3924 in
407 3872 620 3939 psalmo
651 3871 852 3942 agitur,
881 3880 936 3926 et
961 3888 1065 3925 non
1092 3887 1191 3941 per
1216 3870 1446 3926 liberum
1479 3872 1627 3925 arbi-

92 3961 217 4013 trium
243 3960 564 4017 suﬂ'ecerunt
588 3964 653 4017 ad
676 3964 1074 4032 susceptionem
1109 3963 1246 4017 tituli
1289 3972 1342 4017 et
1373 3964 1631 4018 obedien-

92 4052 156 4103 tim
175 4054 570 4123 completionem
599 4070 611 4110 :
643 4054 735 4108 sed
762 4063 1117 4124 susceperunt
1155 4053 1367 4107 titulum
1413 4063 1466 4108 et
1500 4056 1630 4111 obc-

90 4140 267 4197 dicrunt
310 4144 575 4199 doctrina:
608 4160 623 4209 ;
656 4160 778 4199 cum
828 4144 931 4198 boc
966 4141 1067 4196 fuit
1098 4144 1240 4212 quod
1287 4143 1399 4215 ipse
1438 4144 1626 4211 Dauid,

91 4227 214 4285 idest
246 4231 508 4299 Christus,
554 4234 825 4287 succendit
872 4232 1307 4304 Mesopotamiam
1342 4234 1531 4305 Sgritr,
1577 4224 1629 4293 id

91 4324 398 4378 estaccendit
418 4324 635 4380 fervore
659 4325 847 4395 gratia:
884 4326 1180 4395 spiritualis
1207 4326 1413 4397 plebem
1441 4326 1629 4382 Judai-

1726 1866 1889 1920 miam
1919 1865 2110 1936 Syriae,
2162 1874 2218 1921 et
2263 1864 2479 1937 Syriam
2521 1867 2708 1932 Sobai,
2762 1868 2815 1923 id
2846 1875 2930 1922 est
2967 1867 3230 1921 destruxit
3263 1867 3317 1919 in

1724 1954 1921 2021 Judaeis
1972 1958 2281 2025 superbiam
2310 1972 2463 2014 vente
2509 1958 2713 2014 veteris
2760 1957 2897 2029 legis
2929 1975 2943 2010 :
2983 1968 3037 2013 et
3077 1972 3174 2026 per
3216 1957 3320 2009 hoc

1724 2043 1858 2100 fecit
1892 2060 1986 2101 eos
2020 2045 2260 2103 elevatos
2288 2063 2318 2102 a
2347 2048 2495 2103 vitiis
2533 2055 2587 2103 et
2627 2048 2889 2103 sublimes
2922 2047 2975 2102 in
3003 2046 3327 2110 virtutibus,

1725 2135 1969 2190 vocando
2016 2150 2109 2191 eos
2141 2136 2207 2191 ad
2254 2136 2411 2191 fidem
2445 2152 2542 2208 per
2567 2136 2873 2192 doctrinam
2913 2134 3312 2206 apostolorum;

1725 2231 1780 2278 ct
1806 2225 2073 2279 convertit
2119 2224 2231 2294 ipse
2255 2225 2504 2281 Christus
2542 2225 2678 2282 Joab
2723 2227 2791 2281 ab
2820 2240 3009 2282 errore
3039 2225 3104 2279 ad
3136 2224 3318 2288 fidem,

1726 2324 1779 2370 et
1802 2316 2065 2386 percussit
2091 2331 2213 2370 eum
2240 2318 2536 2372 secundum
2565 2318 2708 2386 quod
2742 2325 2862 2372 erat
2897 2317 3067 2372 Edom
3100 2324 3192 2373 :et
3213 2315 3319 2370 hoc

1730 2417 1899 2464 totum
1959 2409 2087 2465 fecit
2139 2409 2192 2464 in
2250 2410 2435 2480 sapida
2478 2409 2807 2474 humilitate,
2855 2418 2911 2465 et
2966 2424 3069 2465 non
3116 2423 3318 2479 paucos

1727 2499 1992 2553 succendit
2034 2509 2085 2553 et
2120 2500 2366 2552 convertit
2414 2508 2461 2552 ct
2498 2500 2752 2569 percussit
2782 2500 2845 2553 de
2870 2498 3247 2569 Mesopotamia
3269 2508 3319 2551 et

1726 2590 1883 2654 Joab,
1928 2590 2021 2646 sed
2055 2592 2330 2644 duodecim
2366 2590 2553 2645 millia.
2601 2591 2655 2643 in
2701 2590 2963 2659 principio
2991 2606 3119 2643 vero
3159 2590 3319 2658 hujus

1727 2684 1918 2757 psalmi
1941 2685 2230 2740 ostendunt
2259 2684 2360 2754 ipsi
2386 2683 2590 2753 ﬁdeles,
2614 2683 2707 2754 qui
2740 2682 2828 2738 hic
2849 2690 3036 2754 agunt,
3066 2682 3119 2737 in
3144 2696 3317 2752 quan-

1676 2842 1683 2847 .
1729 2786 1837 2830 tam
1864 2776 2138 2830 miseriam
2171 2776 2503 2830 devenerunt
2525 2789 2620 2846 per
2648 2775 2820 2830 Adam
2852 2792 2866 2829 :
2890 2775 2955 2829 de
2983 2788 3089 2843 qua
3115 2773 3314 2842 partim

1728 2866 1895 2934 erepti
1924 2873 2065 2925 sunt,
2097 2865 2293 2934 partim
2331 2880 2459 2918 vero
2488 2864 2664 2919 adhuc
2693 2862 2957 2933 eripiendi
2983 2878 2998 2927 ;
3029 2860 3170 2931 quod
3195 2862 3317 2915 ideo

1727 2956 2020 3011 ostendunt
2065 2956 2537 3024 utconquerendo
2575 2957 2643 3010 de
2685 2969 2747 3008 ea
2793 2952 3006 3021 penitus
3035 2950 3171 3021 eripi
3199 2964 3317 3003 me.

1732 3054 1989 3100 reantur:
2030 3055 2084 3100 et
2111 3054 2293 3114 postea
2317 3053 2474 3100 orant
2506 3054 2563 3098 ut
2590 3060 2654 3099 ex
2691 3051 2803 3097 toto
2833 3042 3153 3112 eripiantur,
3191 3056 3313 3094 cum

1729 3139 1832 3193 ltoc
1869 3137 2106 3206 sitquod
2149 3152 2244 3206 pro
2278 3136 2387 3191 Deo
2435 3134 2568 3190 dura
2620 3134 2913 3204 patiantur,
2958 3142 3014 3186 et
3050 3132 3115 3185 ad
3154 3130 3315 3184 [idem

1722 3226 1834 3296 jam
1864 3235 2257 3297 pervenerunt;
2302 3235 2357 3282 et
2403 3227 2593 3279 dicunt
2638 3239 2731 3280 eos
2780 3239 2847 3278 ex
2878 3232 2990 3278 toto
3044 3223 3097 3277 in
3129 3221 3313 3275 futuro

1729 3319 1923 3375 debere
1946 3318 2104 3387 eripi,
2136 3334 2257 3372 cum
2307 3318 2446 3371 istud
2478 3332 2571 3385 per
2602 3316 2794 3371 Filium
2832 3330 2988 3370 suum
3017 3315 3159 3370 Deus
3188 3329 3315 3384 pro-

1680 3400 1959 3477 ‘miserit,
2042 3425 2201 3478 quem
2275 3416 2480 3463 terram
2543 3408 2848 3477 loquentem
2924 3407 3318 3461 introducunt;

1727 3501 2049 3572 promittunt
2100 3514 2313 3572 quoque
2365 3514 2425 3555 se
2467 3498 2521 3553 in
2570 3498 2715 3553 nullo
2753 3498 3049 3564 conlidere,
3103 3498 3205 3552 nisi
3261 3498 3315 3550 in

1729 3595 1846 3665 ipso
1875 3594 2003 3650 Deo.

1799 3687 1961 3756 Dens,
2003 3686 2237 3755 repit/isti
2283 3703 2397 3748 nos,
2423 3700 2519 3755 per
2568 3685 2763 3747 Adam,
2817 3699 2846 3737 a
2890 3682 3197 3753 cognitione
3243 3684 3327 3736 lui‘

1728 3780 2037 3844 manifesta,
2082 3794 2244 3847 quam
2278 3778 2620 3842 haberemus,
2664 3778 2765 3831 nisi
2802 3776 2972 3855 Adam
3004 3787 3318 3845 peccasset;

1728 3884 1775 3927 et
1805 3872 2110 3927 destruxisti
2162 3888 2254 3925 nos
2290 3887 2318 3924 a
2363 3871 2696 3946 beatitudine
2747 3884 2909 3938 (tuam
2970 3869 3319 3933 haberemus,

1729 3963 1932 4019 faciens
1957 3964 2206 4017 omnibus
2231 3962 2463 4016 miseriis
2485 3962 2786 4031 suhjacerc,
2817 3958 3004 4030 frigori
3035 3958 3242 4029 scilicet
3267 3966 3324 4011 et

1728 4055 1915 4121 Calori,
1947 4065 2001 4110 et
2034 4054 2462 4118 inﬁrmitatibus,
2510 4061 2565 4109 et
2613 4052 2961 4113 mmroribus,
3009 4057 3063 4103 cl
3110 4047 3321 4101 caneris

1730 4145 2032 4216 hujusmodi
2082 4144 2455 4213 passionibus;
2508 4153 2561 4199 et
2601 4143 2704 4197 hoc
2764 4156 2870 4194 non
2922 4137 3099 4192 fecisti
3132 4152 3198 4199 ex
3233 4136 3317 4188 in-

1723 4237 1955 4306 justitia,
1983 4235 2075 4292 sed
2104 4236 2268 4289 iratus
2296 4252 2347 4288 es
2373 4234 2540 4299 nobis,
2564 4233 2613 4287 itl
2644 4241 2746 4294 est,
2771 4232 2873 4283 itoc
2890 4227 3061 4282 fecisti
3092 4233 3315 4296 propter

1732 4329 1867 4384 iram
1894 4338 2063 4390 tuam,
2097 4325 2149 4380 id
2199 4334 2281 4380 est
2322 4333 2539 4392 promer
2576 4323 2776 4393 justam
2808 4320 3118 4380 vindictam,
3152 4332 3316 4385 qttam

88 4426 179 4465 cani
213 4413 396 4470 factam
424 4418 871 4487 Mesopotamiam
904 4417 1097 4487 Syrias,
1148 4419 1199 4473 id
1251 4427 1334 4474 est
1380 4430 1625 4475 vocatam
1656 4451 1706 4509 υ
1733 4417 2021 4476 exercuisti
2065 4418 2116 4470 in
2167 4417 2456 4469 humanum
2484 4428 2651 4481 genus
2676 4419 2894 4481 propter
2920 4407 3133 4475 culpam
3166 4405 3315 4459 Ada'.

90 4505 139 4557 ad
159 4504 294 4560 fidem
317 4517 366 4562 et
391 4508 660 4564 elevatam
691 4526 719 4563 a
749 4509 894 4565 vitiis
920 4518 975 4565 et
1011 4510 1296 4566 sublimem
1329 4513 1382 4566 in
1413 4513 1627 4567 virtuti-

90 4594 193 4661 bus;
232 4607 283 4652 et
324 4600 375 4653 in
409 4601 527 4669 ipsa
565 4600 953 4671 Mesopotamia
1006 4603 1309 4669 succendit,
1332 4604 1399 4663 .id
1426 4614 1508 4661 est
1537 4605 1629 4660 de-

91 4690 281 4756 struxit;
322 4702 368 4747 et
400 4702 571 4748 totam
604 4694 672 4747 ad
717 4695 934 4749 modum
978 4696 1055 4751 rei
1103 4712 1221 4765 qua:
1259 4700 1627 4765 succenditur,

91 4774 261 4847 Syriam
301 4783 486 4849 Sobal,
518 4785 569 4839 id
613 4793 693 4839 est
724 4785 1114 4842 sublimitatem
1146 4803 1294 4843 vame
1324 4791 1630 4857 vetustatis,

90 4868 359 4941 superbiam
402 4879 615 4933 scilicet
644 4880 844 4934 veteris
888 4879 1041 4950 legis,
1094 4898 1161 4937 ne
1202 4881 1256 4935 in
1298 4897 1361 4938 ea
1399 4882 1631 4952 amplius

91 4968 366 5025 conﬁdendo
395 4975 702 5042 supcrbiret
737 4992 751 5029 :
795 4985 842 5029 et
873 4990 995 5029 cum
1049 4974 1153 5031 boc
1186 4973 1286 5028 fuit
1318 4976 1460 5045 quod
1515 4991 1629 5045 ipse

91 5052 225 5110 David
250 5064 492 5116 convertit
530 5064 684 5129 Joub,
716 5064 767 5119 id
816 5076 899 5121 est
929 5065 1207 5122 inimicum
1232 5067 1488 5135 gentilem
1538 5085 1632 5138 po-

90 5146 237 5211 pulum
255 5151 455 5206 scilicet
484 5155 550 5207 ab
569 5170 757 5211 errore
772 5157 839 5211 ad
869 5157 1062 5212 fidem:
1092 5168 1139 5212 et
1168 5160 1419 5228 percussit
1438 5158 1629 5226 Edam,

92 5233 131 5286 id
156 5247 241 5304 est,
279 5245 548 5310 percussit
592 5260 688 5314 per
717 5247 1155 5316 prcedicationcm
1185 5248 1422 5302 fidelium
1454 5249 1627 5318 ipsum

91 5325 196 5383 Jnait
222 5336 510 5390 semudum
536 5338 676 5406 quod
702 5348 821 5394 erat
844 5340 1036 5405 Edom,
1060 5340 1114 5394 id
1157 5350 1240 5396 est
1278 5352 1517 5397 terrenus
1549 5342 1632 5399 vel

91 5423 390 5489 smguineus,
430 5437 491 5480 ut
518 5428 570 5481 in
595 5444 659 5484 eo
688 5433 1055 5487 terrenitatcm
1081 5435 1388 5489 destrueret
1426 5442 1481 5487 et
1522 5434 1632 5504 spi-

94 5514 305 5571 ritualem
336 5518 585 5577 faceret:
627 5532 680 5578 et
719 5525 821 5581 hoc
876 5528 1017 5597 quod
1054 5528 1383 5599 sanguineus
1411 5537 1546 5589 erat,
1581 5528 1630 5581 id

96 5615 158 5657 est
208 5622 513 5675 persecutor
549 5624 604 5668 et
643 5615 920 5673 idololatra
960 5620 1011 5673 in
1054 5634 1119 5673 eo
1163 5632 1527 5687 consumeret,
1578 5629 1632 5675 ct

96 5696 344 5772 pacificum
384 5712 438 5760 et
469 5706 650 5762 mitein
683 5717 737 5763 et
770 5708 862 5769 Dei
890 5708 1151 5765 cultorem
1176 5708 1402 5766 faceret.

1734 4512 1815 4566 ira
1849 4525 1976 4563 vero
2008 4507 2098 4562 Dei
2153 4506 2285 4560 nihil
2326 4504 2469 4558 aliud
2518 4512 2602 4556 est
2640 4515 2803 4571 quant
2834 4498 3067 4554 vindicta
3095 4494 3234 4569 ejus,
3267 4508 3317 4553 et

1735 4608 1853 4668 post
1900 4597 2140 4651 misertus
2196 4613 2247 4649 cs
2287 4594 2451 4648 nostri
2480 4608 2575 4662 per
2622 4598 2848 4646 mortem
2913 4600 3079 4652 tuam,
3140 4598 3197 4642 ut
3234 4605 3321 4642 re-

1737 4692 1972 4747 ditncres
2027 4688 2092 4742 de
2136 4686 2384 4755 eriginaii
2431 4694 2672 4756 peccato.
2704 4682 2939 4752 Exponit
2967 4690 3146 4734 autem
3177 4696 3317 4750 quo-

1738 4783 1897 4838 modo
1919 4782 2174 4835 m'sertus
2192 4788 2293 4843 est,
2314 4794 2432 4832 cum
2464 4777 2610 4832 addit
2637 4775 3005 4830 :Cominovisti
3032 4782 3247 4835 terram,
3271 4781 3319 4824 et

1740 4873 2065 4929 conturbasti
2108 4890 2245 4927 eam.
2278 4872 2727 4942 Przeposteratum
2765 4876 2865 4924 est.
2914 4868 3044 4921 Dico
3078 4867 3320 4921 misertus

1736 4946 1810 5033 es,
1843 4975 1898 5021 ct
1920 4967 2001 5021 sic
2030 4964 2235 5019 scilicet
2265 4963 2584 5016 conturbasti
2608 4971 2821 5025 terram,
2864 4960 2916 5014 id
2953 4967 3059 5022 est,
3098 4973 3195 5010 nos
3222 4956 3311 5023 qui

1740 5059 1940 5115 terreni
1999 5071 2235 5121 eramus,
2270 5054 2408 5110 bona
2467 5053 2899 5117 conturbatione,
2941 5049 3319 5105 comminando

1738 5171 1834 5225 per
1852 5153 2261 5224 praedicatores,
2284 5148 2425 5219 quod
2456 5165 2476 5199 ι
2496 5149 2583 5219 qui
2611 5164 2721 5203 non
2750 5144 3038 5201 crediderit
3061 5141 3314 5196 condem-

1739 5248 1956 5303 nabitur
1984 5244 2177 5317 (Marc.
2203 5260 2314 5308 xw,
2349 5242 2435 5309 l6)
2459 5263 2475 5295 ι
2512 5261 2523 5297 :
2557 5252 2610 5296 et
2635 5242 2712 5296 sic
2738 5236 3073 5295 commovisti
3106 5250 3221 5289 eam
3250 5233 3317 5286 ad

1737 5343 1919 5405 fidem,
1954 5339 2191 5408 eripiens
2226 5338 2290 5391 dc
2321 5337 2620 5407 ignorantia
2654 5335 2703 5387 in
2727 5346 2829 5402 qua
2862 5329 3012 5400 prius
3042 5327 3315 5382 detineba-

1736 5442 1823 5486 tnr
1852 5440 2072 5502 propter
2099 5427 2381 5500 originalia
2408 5436 2463 5482 et
2487 5425 2709 5481 actualia
2740 5430 2957 5493 peccata
2989 5438 3107 5476 sua.
3138 5420 3205 5475 Et
3238 5428 3317 5484 In,

1736 5525 1824 5595 qui
1852 5526 1959 5595 jam
1988 5540 2105 5578 eam
2141 5502 2195 5576 in
2231 5529 2385 5592 parte
2431 5517 2651 5579 sanasti,
2680 5524 2737 5569 ut
2765 5529 2829 5569 ex
2861 5512 3161 5585 ignorantia
3190 5527 3307 5564 eam

1735 5618 1994 5686 eriperes,
2028 5626 2077 5669 et
2106 5632 2201 5685 per
2237 5615 2559 5684 baptismum
2593 5625 2709 5676 ejus
2738 5618 2958 5678 peccata
2996 5606 3311 5669 redimeres,

1737 5727 1866 5764 sumi
1895 5708 2229 5765 contritiones
2262 5706 2397 5777 ejus,
2429 5704 2478 5759 id
2501 5712 2765 5771 est,sana
2798 5715 2917 5756 eam
2954 5698 3007 5753 in
3038 5696 3220 5751 futuro
3246 5696 3311 5751 de
