3856 6322
387 269 392 274 ·
475 250 582 314 915

1048 265 1108 324 ἓ.
1147 265 1495 324 BRUNONIS
1531 269 2174 330 CARTHUSIANORUM
2208 274 2692 343 INSTITUTORIS
2715 227 2864 347 OPD.
2899 293 3078 350 PARS
3119 294 3161 350 1.

3597 308 3678 366 916

475 381 892 440 contritionibus
920 382 1056 454 ejus,
1092 394 1153 440 ut
1180 400 1301 441 cum
1326 386 1414 442 hic
1435 389 1686 443 omnibus
1708 387 1981 443 doloribus
2005 398 2058 443 et
2088 391 2132 448 Α
2159 404 2418 463 perpetua
2476 399 2528 455 in
2562 401 2764 460 totum.
2809 406 2872 462 Et
2915 411 2984 464 ita
3027 411 3098 466 sit
3146 411 3288 466 Deus
3339 423 3394 466 ut
3426 412 3684 479 liberemur.

476 476 820 544 passionibus
851 489 1184 543 conteratur,
1223 495 1342 550 quzc
1366 495 1524 550 poena
1554 489 1678 534 sunt
1718 481 1927 550 peccati
1951 481 2059 537 ori-

473 568 689 636 ginalis,
759 572 810 625 in
869 572 1356 642 impassibilitatem
1412 573 1632 628 reducta
1673 588 1778 626 non
1833 574 2060 630 ulterius

476 673 808 717 conteratur.
835 664 987 731 Quoi
1013 666 1314 721 estdicere:
1337 665 1436 732 Qui
1459 665 1572 733 jam
1599 679 1718 718 eam
1745 668 1812 720 de
1837 675 2058 732 peccato

477 755 706 819 sanasti,
735 771 864 810 sana
899 772 1114 828 quoque
1163 757 1213 811 in
1250 757 1432 811 futuro
1459 755 1524 809 de
1556 771 1714 825 poena
1742 759 1966 827 peccati.
1994 759 2060 814 Et

477 859 674 900 sanare
704 846 868 902 debes
914 849 1270 902 contritiones
1296 847 1412 917 ejus
1448 847 1498 900 in
1550 845 1756 914 futuro,
1789 849 1918 919 quia
1945 849 2057 919 jam

478 950 738 992 commota
761 948 834 993 est
859 940 923 994 de
948 953 1133 994 errore
1159 939 1223 991 ad
1252 938 1430 1004 ﬁdem,
1461 951 1518 993 ιιι
1545 949 1596 995 te
1633 941 1799 995 Deum
1830 949 1882 994 et
1914 956 2060 996 crea-

479 1037 654 1086 torem
697 1041 748 1086 et
777 1046 958 1101 regem
997 1029 1273 1098 suscipiat,
1306 1033 1390 1086 cui
1423 1032 1575 1101 prius
1597 1033 1800 1088 cultum
1827 1035 2057 1104 denega-

478 1119 590 1174 bat.
618 1119 864 1176 Ostendit
891 1121 1053 1174 etiam
1085 1120 1245 1174 aliam
1280 1135 1519 1187 causam,
1549 1139 1722 1192 quare
1753 1126 1911 1182 debet
1948 1138 2056 1185 ter-

479 1225 595 1265 ram
649 1225 860 1275 sanare,
911 1211 987 1268 sic
1018 1229 1030 1264 :
1060 1211 1175 1264 Dixi
1211 1220 1266 1264 ut
1316 1227 1477 1267 sanes
1522 1220 1742 1280 terram,
1777 1216 1897 1271 ideo
1934 1220 2060 1288 quia

479 1312 746 1357 commota
774 1309 878 1365 est,
910 1309 962 1355 ct
985 1301 1103 1356 ideo
1127 1301 1288 1356 etiam
1311 1303 1433 1372 quia
1458 1305 1732 1360 ostendisti
1753 1309 1944 1378 populo
1971 1322 2058 1364 tuo

477 1393 632 1446 dura.
659 1392 810 1459 Quod
833 1401 926 1446 est
949 1393 1131 1447 dicere
1157 1408 1171 1447 :
1201 1393 1489 1450 Ostendisti
1517 1399 1690 1466 nobis,
1715 1400 1805 1469 qui
1834 1403 2060 1471 populus

476 1495 664 1538 sumus
693 1489 812 1536 tuus
855 1490 910 1536 et
961 1492 1101 1536 terra
1136 1491 1248 1548 tua,
1281 1485 1586 1556 exemplum
1630 1488 1865 1557 patiendi
1897 1490 2060 1546 duras

477 1567 876 1634 tribulationes,
923 1584 1044 1624 cmn
1079 1585 1175 1641 pro
1213 1573 1370 1629 nobis
1399 1576 1530 1628 dura
1558 1585 1614 1629 et
1637 1591 1825 1646 aspera
1869 1593 2060 1648 passus

473 1662 550 1716 ris
581 1678 602 1712 τ·
627 1673 682 1716 et
723 1661 826 1728 hoc
858 1670 1099 1728 ostenso,
1135 1666 1446 1733 potastinos
1474 1667 1590 1720 vino
1621 1672 2055 1739 compunctionis,

475 1753 534 1807 id
560 1761 642 1808 est
679 1751 956 1822 replcvisti
987 1755 1151 1824 21-0
1177 1772 1274 1812 nos
1304 1758 1690 1828 compungenti
1722 1761 1866 1826 vino,
1901 1762 1950 1815 id
1975 1774 2055 1818 est

2234 1786 2476 1842 Laztobor
2517 1800 2565 1844 et

472 1847 664 1914 poculo
715 1849 1144 1918 tribulationum,
1179 1863 1236 1908 ιιι
1273 1869 1370 1924 per
1396 1868 1488 1910 eas
1516 1854 1566 1909 in
1617 1855 1721 1910 fine
1761 1866 2060 1934 commute—

474 1952 615 2001 mnr,
639 1941 730 2008 qui
756 1949 880 1996 ante
901 1944 1307 1998 conversionem
1331 1944 1470 1999 dulci
1499 1945 1626 1999 vine
1645 1946 1810 2016 potati
1839 1947 2058 2012 fuimus,

472 2027 526 2080 id
547 2039 637 2084 est
677 2030 872 2100 poculo
893 2032 1202 2103 voluptatis.
1233 2035 1299 2089 Et
1324 2036 1432 2092 hoe
1458 2046 1626 2091 totum
1655 2046 1736 2092 est
1766 2052 1829 2092 ac
1853 2039 1898 2093 si
1921 2040 2060 2094 dice-

474 2130 557 2174 ret
581 2137 595 2174 :
624 2120 747 2177 Ideo
787 2137 886 2179 nos
914 2137 1109 2181 sanare
1135 2127 1319 2192 debes,
1354 2129 1479 2198 quia
1508 2144 1605 2198 pro
1638 2140 1689 2184 te
1717 2133 1934 2200 potione
1965 2133 2060 2188 t-ri-

473 2211 806 2272 ltulationum
828 2226 1098 2286 putamur.
1130 2218 1283 2275 Unde
1307 2223 1458 2276 nobis
1479 2226 1782 2295 exemplum
1809 2226 1860 2280 in
1887 2237 2060 2284 morte

473 2305 738 2362 Dominici
764 2309 1002 2364 hominis
1025 2311 1238 2366 dedisti.
1273 2312 1465 2368 Vinum
1498 2329 1627 2370 vero
1665 2332 2054 2389 rompungens,

474 2395 750 2455 tribulatio
791 2401 1017 2466 dicitur,
1081 2418 1147 2458 eo
1206 2407 1348 2474 quod
1392 2408 1606 2477 corpori
1656 2425 1840 2465 amara
1887 2412 1958 2467 sit
2004 2422 2060 2468 et

472 2499 710 2556 austera,
751 2492 816 2546 ad
861 2493 1076 2549 modum
1106 2495 1216 2550 viui
1250 2501 1684 2569 compungentis,
1717 2503 1857 2573 quod
1902 2520 2056 2559 ama-

470 2595 604 2657 rum_
632 2591 716 2637 cst
747 2593 801 2638 et
820 2592 1118 2639 austerum.
1145 2585 1351 2642 Dicitur
1369 2603 1584 2660 quoque
1599 2592 1846 2662 voluptas
1874 2597 2054 2651 vinum

471 2672 647 2742 dulce,
672 2690 737 2730 eo
756 2676 900 2746 quod
927 2677 1100 2734 dulcis
1133 2689 1236 2740 est.
1261 2691 1314 2735 et
1342 2681 1588 2739 homines
1610 2685 1906 2753 dementat,
1931 2690 2055 2745 dum

471 2779 567 2820 eos
588 2779 620 2821 a
647 2765 759 2822 Deo
799 2769 1029 2823 retrahit
1067 2770 1132 2824 ad
1158 2772 1375 2827 modum
1411 2774 1544 2841 vini,
1575 2776 1933 2835 dementantis
1963 2795 2057 2837 eos

470 2873 608 2928 quos
640 2860 892 2917 inebriat.
928 2862 1189 2920 Dicuntur
1213 2863 1376 2920 etiam
1400 2868 1778 2926 tribulationes
1809 2874 2056 2942 potiones

470 2966 570 3022 per
625 2952 1032 3010 similitudinem
1065 2997 1079 3022 ,
1116 2957 1258 3031 ‘qui'a
1315 2958 1457 3014 sicut
1495 2962 1696 3017 amaris
1745 2964 2056 3032 potionibus

471 3046 804 3104 medicorum
857 3050 1079 3104 morbus
1105 3050 1411 3121 depcllitur,
1446 3053 1765 3126 sanitasque
1810 3057 2048 3113 restitui-

474 3147 592 3203 tur;
625 3140 703 3197 sic
741 3141 910 3196 etiam
939 3143 1347 3197 tribulationum
1383 3146 1743 3202 amaritudine
1799 3151 2050 3205 vitiorum

473 3229 692 3288 foeditas
736 3235 1011 3305 expiatur,
1038 3243 1092 3290 et
1131 3236 1237 3290 vita
1287 3247 1542 3306 perpetua
1570 3250 1866 3310 reparatur.
1901 3242 2053 3300 Unde

472 3325 730 3382 Dominus
765 3328 816 3382 in
851 3327 1137 3400 Eia-gelio
1165 3330 1296 3386 dicit
1337 3350 1350 3384 :
1385 3350 1403 3383 ι
1443 3333 1676 3390 Potestis
1706 3335 1930 3391 calicem
1975 3338 2056 3393 bi-

470 3417 617 3478 bere.
649 3433 808 3488 quem
835 3436 935 3490 ego
964 3421 1231 3476 bibiturns
1261 3438 1377 3477 smn
1404 3423 1617 3492 (Matth.
1653 3441 1742 3491 xx,
1774 3427 1885 3487 22).
1923 3447 1941 3481 ι

545 3507 891 3564 Demonstrat
930 3523 1060 3568 vero
1089 3528 1193 3582 qua
1227 3514 1458 3570 utilitate
1500 3517 1734 3572 ostendit
1780 3519 1892 3573 suis
1921 3519 2052 3574 dura

471 3615 592 3657 csse
614 3601 891 3670 patienda,
920 3604 998 3660 sic
1047 3623 1060 3659 :
1109 3605 1238 3662 Dico
1266 3609 1408 3678 quod
1439 3609 1708 3665 ostendisti
1751 3610 1942 3680 populo
1965 3623 2053 3666 tuo

472 3697 610 3749 dum
649 3696 903 3759 patienda
933 3707 1160 3764 esse,'ct
1181 3716 1277 3771 per
1311 3701 1396 3756 illa
1435 3703 1566 3758 dura
1599 3705 1789 3758 dedisti
1817 3714 2051 3759 metuen-

473 3790 609 3845 tibus
635 3799 684 3845 te
703 3790 1157 3867 signiﬁcationem:
1174 3793 1223 3847 id
1248 3795 1427 3860 est,ad
1451 3795 1552 3851 hoc
1573 3795 1765 3850 dedisti
1793 3796 1872 3852 eis
1899 3797 2054 3865 dura,

473 3892 532 3935 ut
563 3881 671 3938 sint
697 3883 775 3938 eis
812 3882 1157 3955 signiﬁcatio,
1189 3885 1378 3952 idest,
1405 3888 1614 3958 signum
1652 3888 1815 3944 futuri
1840 3889 2053 3959 iudicii,

474 3975 688 4035 scilicet
714 3989 770 4030 ιιι
797 3992 918 4034 cum
942 3979 1187 4036 viderent
1214 3981 1378 4036 Deum
1409 3981 1496 4037 hic
1521 3982 1778 4037 ultionem
1810 3984 2056 4054 accipere

474 4067 542 4122 de
576 4070 812 4138 peccatis
849 4069 1082 4126 ﬁdeliam
1114 4087 1211 4142 per
1236 4071 1630 4138 tribulationes,
1663 4089 1758 4144 per
1790 4063 1892 4130 hoc
1912 4073 2056 4144 judi-

474 4170 606 4221 cent
644 4162 812 4222 multo
860 4165 1032 4236 magis
1065 4164 1321 4220 ultionem
1356 4177 1700 4236 accepturum
1730 4166 1797 4221 de
1821 4169 2057 4236 peccatis

473 4270 580 4310 non
655 4255 1051 4316 confitentium.
1117 4255 1279 4313 Juxta
1330 4257 1472 4326 quod
1529 4256 1818 4327 Apostolus
1874 4258 2052 4315 dicit:

478 4369 496 4397 ι
531 4348 678 4417 Quas
708 4349 986 4406 Sustinetis
1028 4349 1082 4403 in
1131 4347 1585 4418 exemplumjnsti
1609 4348 1800 4418 judicii
1842 4349 1934 4404 Dei
1966 4351 2056 4425 (II

2115 567 2127 579 _
2161 483 2379 542 Salvum
2405 491 2510 560 fac,
2545 497 2742 554 scilicet
2762 501 3451 573 salvatiouoperpctua,me
3480 511 3688 577 populant

2162 588 2310 638 tuum
2345 603 2358 638 :
2390 587 2440 640 iu
2483 591 2698 644 dextera
2741 603 2830 647 tua
2858 597 3258 658 constituendo,
3289 597 3340 650 id
3367 607 3448 651 est
3468 599 3514 652 in
3544 599 3692 658 favore

2159 677 2347 746 gratia:
2375 688 2496 734 tum.
2542 698 2648 738 non
2697 685 2748 738 in
2783 688 3002 742 sinistra
3045 689 3424 744 constituendo
3462 706 3692 761 cumper-

2160 768 2371 822 dcndis.
2404 769 2470 824 Et
2511 775 2575 827 de
2606 775 2707 830 hoc
2736 779 2876 845 quod
2906 795 3002 834 oro
3043 780 3244 834 salvum
3280 796 3363 834 me
3387 781 3470 850 [ac
3494 797 3510 834 :
3536 786 3692 838 exaudi

2159 877 2258 922 me,
2290 859 2340 914 id
2389 874 2492 930 est,
2545 865 2624 922 sic
2656 867 2778 921 audi
2813 880 2869 923 ut
2918 870 3223 941 impetrem.
3279 872 3570 928 Ostenduut
3592 891 3696 930 vero

2160 967 2222 1005 se
2245 951 2595 1010 salvationcm
2627 959 2939 1028 adepturos,
2989 972 3043 1016 et
3087 963 3138 1016 in
3176 963 3283 1018 fine
3315 966 3492 1018 nmmli
3519 980 3543 1018 a
3572 969 3698 1023 malis

2157 1062 2278 1104 csse
2321 1050 2708 1122 disgrcgandos
2751 1069 2815 1108 ex
2861 1055 2970 1124 ipsa
3015 1055 3372 1124 promissione
3413 1055 3520 1118 Dei,
3568 1074 3696 1126 quem

2159 1141 2247 1196 hic
2281 1141 2588 1212 loquentem
2637 1146 2987 1201 introducunt
3015 1158 3102 1202 :et
3134 1163 3231 1216 per
3273 1147 3594 1201 Dominicum
3621 1149 3698 1202 bo-

2165 1232 2364 1289 minem
2393 1235 2561 1291 honos
2593 1237 2656 1290 ad
2690 1239 3018 1307 perdendum
3051 1249 3426 1308 separaturum
3458 1247 3508 1294 et
3547 1256 3698 1295 susce-

2161 1335 2374 1396 pturum
2408 1345 2420 1380 :
2453 1337 2508 1382 et
2554 1329 2675 1384 ideo
2721 1345 2842 1383 cum
2885 1330 3193 1401 loquentem
3231 1331 3509 1394 inducunt,
3540 1342 3591 1385 ut
3625 1349 3700 1386 au-

2160 1419 2530 1474 Ctorizabiiius
2561 1420 2653 1486 sit,
2684 1422 2828 1492 quod
2855 1438 2976 1478 eum
3013 1424 3330 1491 promittere
3363 1424 3559 1477 dicunt.
3604 1424 3700 1480 Dixi

2161 1519 2220 1562 ut
2251 1510 2390 1564 Deus
2428 1525 2512 1564 mc
2558 1512 2809 1581 populum
2854 1529 3010 1570 suum
3057 1513 3268 1568 salvum
3321 1514 3501 1573 faciat.
3529 1525 3701 1568 etvere

2164 1601 2325 1658 faciet
2358 1621 2369 1656 :
2404 1603 2542 1659 Deus
2572 1606 2716 1660 enim
2764 1606 2968 1662 locutus
3008 1609 3156 1662 estin
3198 1619 3384 1662 sancto
3427 1625 3538 1674 suo,
3575 1608 3618 1662 id
3639 1617 3703 1664 est

2163 1696 2213 1750 in
2255 1697 2532 1754 Dominico
2561 1700 2797 1768 homine,
2828 1705 3259 1759 antonomastice
3285 1711 3496 1758 saneto.

2611 1792 2846 1860 partibor
2886 1792 3196 1860 Sic/tiaram,
3252 1794 3304 1847 id
3350 1802 3455 1857 est,
3501 1792 3708 1850 lzetanter

2158 1881 2395 1950 partibor
2440 1897 2468 1936 a
2529 1884 2816 1952 pct'demlis
2863 1883 3176 1950 Sic/limam,
3229 1886 3280 1938 id
3316 1895 3398 1938 est
3433 1886 3708 1940 humerosos

2159 1971 2279 2027 illos
2306 1973 2534 2038 scilicet,
2581 1975 2672 2044 qui
2721 1973 2773 2028 in
2821 1973 3062 2030 humeris
3115 1975 3230 2029 suis
3273 1972 3704 2044 patienterjngnut

2160 2081 2338 2120 meum
2372 2065 2570 2130 ferunt,
2603 2066 2653 2120 id
2681 2078 2763 2122 cst
2795 2067 2845 2121 in
2870 2066 3114 2122 humeris
3137 2068 3320 2121 cordis
3348 2065 3512 2134 legem
3541 2081 3704 2129 meam,

2159 2173 2276 2228 qum
2301 2156 2494 2229 jngum‘
2541 2157 2919 2214 suavissimum
2967 2167 3070 2224 est,
3119 2157 3436 2212 memoriter
3468 2169 3702 2226 gerunt,a

2159 2249 2510 2306 similitudine
2548 2249 2761 2304 illorum
2796 2250 2885 2320 qui
2909 2247 3099 2320 iugum
3133 2263 3302 2318 super
3339 2249 3586 2301 humeros
3605 2263 3704 2316 [or-

2162 2355 2296 2401 tant.
2333 2345 2574 2401 Sicbima
2613 2346 2814 2417 quippe
2848 2348 3098 2400 humerus
3131 2345 3540 2414 interpretatur,
3577 2339 3706 2394 etdi-

2159 2439 2302 2495 citur
2327 2453 2445 2494 esse
2466 2439 2614 2495 locus
2638 2440 2688 2494 in
2709 2437 2927 2494 Judrea:
2959 2440 3101 2494 unde
3125 2453 3219 2508 per
3241 2438 3534 2496 Sicbimam
3558 2433 3708 2488 ﬁdeles

2159 2532 2225 2587 de
2246 2529 2448 2585 Judteis
2495 2531 2898 2601 intelliguntur;
2931 2531 3054 2600 quia
3100 2527 3518 2584 indctcrminatc
3551 2541 3708 2595 posue-

2159 2632 2244 2676 rat
2281 2620 2592 2683 Sichimam,
2633 2635 2736 2675 non
2788 2621 2946 2674 datur
2993 2619 3155 2689 plane
3195 2618 3422 2688 intelligi
3469 2631 3592 2687 quos
3631 2619 3708 2668 Int-

2161 2725 2403 2766 mcrosos
2457 2711 2762 2778 partietur.
2821 2723 2942 2764 cum
3001 2709 3113 2764 sint
3159 2703 3412 2778 quidam'
3443 2706 3595 2761 etiam
3635 2704 3706 2774 qui

2153 2802 2342 2872 jngum
2374 2800 2570 2855 diaboli
2622 2799 2888 2866 deferunt,
2921 2809 2976 2854 ct
3006 2799 3226 2870 quidam
3280 2797 3372 2868 qui
3419 2797 3516 2852 etsi
3553 2794 3704 2865 jugum

2159 2893 2370 2948 Domini
2429 2893 2568 2947 ferre
2626 2892 2932 2958 vidcantur,
2983 2906 3087 2947 non
3131 2905 3314 2947 tamen
3361 2890 3416 2944 in
3447 2889 3707 2943 humilitate

2157 2983 2456 3052 patiuntur,
2503 2982 2596 3036 sed
2629 2981 2782 3035 inviti
2812 2982 3106 3038 sustinent.
3141 2980 3378 3050 Ideoque
3425 2979 3709 3033 determinat

2082 3103 2126 3165 ε
2157 3088 2294 3143 quos
2337 3075 2653 3128 bumerosos
2696 3072 3002 3142 partietur,
3053 3072 3134 3127 sic.
3177 3091 3188 3126 :
3230 3071 3392 3143 211
3591 3074 3705 3141 quod

2156 3164 2390 3231 partibor
2436 3163 2750 3230 Sichimam,
2795 3174 2863 3227 et,
2895 3163 2948 3218 id
2975 3171 3059 3218 est.
3102 3163 3334 3228 scilicet,
3367 3161 3588 3216 metihor
3607 3179 3706 3215 con-

2156 3257 2340 3312 rallem
2391 3255 2871 3320 tabernaculorum,
2941 3255 2995 3310 id
3039 3265 3121 3312 est
3183 3253 3707 3309 tabcrnaculantesiu

2156 3347 2420 3415 convalle,
2468 3347 2678 3402 scilicet
2713 3347 3011 3401 militantes
3062 3345 3172 3401 Deo
3212 3344 3264 3400 in
3319 3344 3609 3399 lmmilitatc
3631 3359 3710 3414 pa-

2161 3443 2382 3498 tientiae.
2411 3441 2563 3508 Quod
2610 3449 2692 3496 est
2741 3441 2960 3495 dicere:
2993 3436 3256 3510 Colligam
3286 3453 3382 3492 eos
3416 3451 3443 3490 a
3478 3445 3704 3492 conventu

2157 3535 2589 3606 malignantium,
2639 3548 2666 3587 a
2711 3533 3065 3588 similitudine
3095 3531 3374 3598 metentis,
3405 3531 3494 3600 qui
3538 3529 3710 3598 relligit

2157 3628 2335 3697 spicas
2363 3642 2392 3680 a
2429 3625 2641 3680 culmis.
2672 3622 2823 3678 L'nde
2853 3623 3086 3693 legitur:
3125 3641 3142 3674 ι
3178 3620 3467 3691 Separabit
3497 3635 3585 3675 cas
3603 3632 3708 3689 gen-

2157 3729 2241 3775 tes
2279 3721 2346 3774 ab
2369 3719 2622 3780 invicem,
2648 3717 2787 3771 sicut
2825 3725 3008 3786 pastor
3036 3725 3286 3786 segregat
3314 3729 3444 3770 oves
3474 3714 3536 3772 ab
3570 3712 3706 3767 hzedis

2161 3811 2376 3883 (Matth.
2427 3824 2556 3877 xxv,
2591 3807 2702 3878 32).
2741 3826 2761 3861 ›
2805 3806 3080 3861 Couvallis
3110 3820 3351 3876 congrue
3401 3820 3465 3859 eo
3490 3803 3614 3874 quod
3651 3804 3707 3857 sit

2158 3901 2397 3967 humilis,
2421 3914 2519 3969 pro
2547 3897 2850 3953 humilitate
2876 3896 3096 3968 ponitur
3129 3911 3142 3950 :
3177 3893 3580 3951 tabernaculum
3604 3905 3706 3945 vero

2158 4008 2258 4065 pro
2297 3992 2510 4060 militia,
2548 4005 2613 4046 eo
2644 3990 2786 4060 quod
2825 3989 2876 4044 in
2919 3987 3290 4044 tabernaculis
3323 3987 3565 4042 habitare
3589 3983 3706 4037 mili-

2163 4083 2388 4137 tantium
2429 4089 2513 4136 cst
2546 4099 2558 4134 :
2587 4089 2641 4134 et
2670 4095 2773 4134 non
2803 4077 3023 4132 metibor
3054 4076 3173 4132 illos
3201 4075 3500 4130 militantes
3529 4073 3576 4126 in
3600 4085 3706 4126 con-

2160 4175 2314 4235 valle,
2341 4171 2433 4244 qui
2463 4170 2725 4226 deﬁciunt
2760 4184 2790 4222 a
2834 4167 3047 4232 militia,
3081 4168 3274 4221 timore
3303 4163 3644 4220 tribulationis
3666 4167 3707 4213 et

2163 4263 2427 4336 martyrii.
2457 4261 2564 4317 Sed
2613 4277 2757 4315 meus
2801 4269 2875 4314 est
2905 4257 3137 4324 Galaad,
3162 4258 3215 4312 id
3247 4265 3352 4324 est,
3386 4255 3457 4309 illi
3490 4255 3584 4311 mei
3611 4261 3711 4308 sunt

2163 4359 2228 4414 ad
2286 4349 2613 4410 meticndum
2647 4351 2737 4423 qui
2780 4360 2907 4406 sunt
2954 4349 3186 4415 Galaad,
3239 4358 3508 4419 martyres
3539 4346 3710 4402 scilicet

475 4439 656 4502 Thess,
691 4455 730 4507 ι,
767 4439 842 4512 4).
877 4461 896 4494 ι
940 4442 1058 4496 Dixi
1089 4443 1230 4512 quod
1279 4457 1374 4512 per
1403 4442 1538 4496 dura
1574 4442 1761 4497 dedisti
1813 4441 2063 4501 ﬁdelibus
2092 4449 2135 4510 ι)
2165 4450 2478 4507 militantes,
2503 4453 2916 4516 perseveranter
2953 4459 3062 4496 non
3088 4442 3417 4515 denegautcs
3440 4454 3618 4494 nomen
3638 4435 3711 4489 θεῖ

471 4535 820 4595 metuentibus
863 4545 912 4591 te
961 4535 1420 4599 signiﬁcationem,
1470 4533 1536 4588 ad
1588 4533 1690 4588 hoc
1715 4534 1950 4599 scilicet,
1998 4547 2056 4590 ut

473 4615 782 4684 contueudo
824 4629 938 4684 haec
969 4629 1122 4698 signa
1155 4627 1584 4690 tribulationum,
1623 4641 1720 4695 per
1760 4628 2057 4685 correctio-

473 4735 598 4775 nem
623 4721 747 4776 vite
776 4737 885 4776 suae
911 4720 1115 4790 fugiant
1139 4737 1169 4772 a
1191 4719 1331 4789 facie
1353 4734 1530 4781 arcus,
1561 4717 1610 4771 id
1642 4727 1724 4772 est
1751 4733 1781 4771 a
1819 4734 2057 4788 przesen-

475 4812 547 4869 tia
580 4812 1018 4869 comminationis
1048 4809 1186 4878 ejus,
1220 4810 1273 4863 id
1315 4819 1399 4863 est
1428 4824 1456 4862 a
1499 4809 1839 4865 damnatione
1871 4826 2060 4882 perpe-

474 4913 589 4970 tua,
630 4920 792 4976 quam
828 4903 1108 4964 tribulatio
1135 4903 1403 4956 mundana
1436 4902 1812 4966 Commiuatur,
1838 4920 1959 4959 cum
1989 4906 2062 4961 sit

473 4999 685 5068 signum
713 4995 847 5066 eius.
882 4995 1026 5056 Bene
1054 4993 1250 5062 quippe
1281 4993 1554 5050 tribulatio
1581 4995 1887 5064 temporalis
1907 5014 2060 5052 arcas

479 5090 674 5152 iicitttr
718 5107 730 5142 :
767 5087 894 5157 quia
927 5085 1068 5141 sicut
1119 5097 1280 5140 arcus
1311 5085 1375 5138 de
1415 5083 1568 5156 longe
1605 5087 1865 5152 minatur,
1907 5089 1978 5142 ita
2006 5097 2062 5143 et

497 5197 591 5252 psa
631 5180 903 5234 nmndana
936 5174 1212 5234 tribulatio
1251 5184 1478 5231 mortem
1509 5186 1765 5232 reternam
1799 5193 1903 5236 non
1933 5193 2060 5232 con-

486 5271 751 5329 tertcndis
777 5266 1160 5334 comminatur,
1192 5268 1344 5338 cujus
1374 5267 1582 5340 signum
1618 5278 1722 5324 est.

555 5365 740 5423 Facies
799 5375 1015 5431 quoque
1064 5360 1199 5416 bene
1237 5376 1335 5430 pro
1385 5363 1665 5429 prmsentia
1714 5361 1953 5433 ponitur,
1995 5375 2060 5416 eo

477 5458 620 5528 quod
653 5469 838 5509 coram
873 5453 1008 5507 facie
1047 5451 1274 5522 positos,
1309 5462 1602 5523 prrescntes
1647 5469 1768 5507 esse
1797 5453 2056 5508 dicamus.

479 5553 549 5607 Et
573 5549 696 5605 idco
720 5545 924 5615 fugiant
968 5547 1057 5602 hic
1096 5555 1399 5602 metuentes
1436 5555 1486 5610 te
1522 5565 1552 5599 a
1589 5547 1722 5616 facie
1753 5562 1929 5607 arcus,
1967 5561 2062 5614 per

480 5645 604 5698 vita:
637 5657 750 5696 sum
772 5641 1186 5726 correctionem,
1218 5649 1271 5692 ut
1297 5636 1472 5692 dilecti
1503 5639 1598 5702 tui,
1633 5638 1682 5692 id
1710 5645 1793 5691 est
1819 5645 2060 5690 metuen-

479 5747 565 5795 tos
591 5746 670 5804 te,
695 5733 977 5789 liberentur
1005 5749 1035 5786 a
1061 5730 1196 5801 {acie
1232 5745 1405 5796 arcus,
1447 5730 1501 5786 id
1541 5739 1622 5786 est
1653 5745 1682 5784 a
1711 5727 2060 5786 damnatione

2165 4545 2326 4604 etiam
2364 4541 2414 4594 in
2449 4537 2825 4603 tribulatione,
2876 4534 2964 4590 ubi
3003 4535 3279 4589 videretur
3339 4533 3491 4588 locus
3536 4529 3710 4584 timoris

2163 4646 2220 4690 et
2263 4628 2673 4701 denegationis,
2725 4625 2930 4682 Galaad
2983 4640 3176 4695 nempe
3231 4641 3446 4678 acervus
3468 4620 3711 4678 testimonii

2166 4727 2570 4795 interpretatur.
2631 4719 2783 4775 Unde
2829 4731 3066 4788 congrue
3121 4732 3217 4787 per
3277 4714 3481 4771 Galaad
3546 4722 3712 4780 marty-

2167 4832 2254 4872 res
2282 4816 2672 4885 intelliguntur,
2705 4810 2794 4882 qui
2850 4817 3017 4864 testes
3068 4809 3364 4864 Dominico:
3416 4809 3535 4862 fidei
3580 4806 3710 4860 ctiam

2166 4908 2220 4961 in
2255 4903 2691 4959 tribulationibus
2717 4901 2953 4955 existere
2977 4914 3081 4952 non
3112 4908 3376 4952 metuunt.
3409 4897 3557 4968 Quod
3583 4895 3713 4950 etiam

2167 5013 2262 5068 per
2322 4996 2424 5049 hoc
2494 5008 2688 5046 nomen
2745 4991 3113 5059 intelligitur,
3177 4990 3323 5060 quod
3376 4998 3460 5046 est
3522 4996 3710 5056 martyr.

2170 5091 2376 5157 Martyr
2404 5087 2546 5143 enim
2599 5083 2814 5147 Grzccc,
2865 5084 3007 5136 testis
3040 5089 3197 5136 sonat
3234 5081 3446 5135 Latine.
3485 5079 3572 5136 ille
3614 5093 3714 5131 vero

2168 5197 2273 5236 non
2315 5179 2460 5247 juste
2499 5177 2697 5232 dicitur
2747 5175 2922 5241 testis,
2973 5175 3064 5246 qui
3116 5175 3313 5230 timore
3345 5176 3534 5233 mortis
3575 5190 3600 5227 a
3641 5188 3713 5225 re-

2168 5273 2346 5327 ritatis
2392 5270 2701 5328 testimonio
2741 5267 2975 5323 desistit.
3037 5269 3278 5322 Accrvus
3324 5284 3456 5323 vero
3503 5270 3715 5324 dicuntur

2168 5378 2452 5435 maryres,
2497 5361 2622 5429 quia
2655 5360 2803 5418 multi
2832 5370 2981 5413 sunt.
3027 5357 3296 5413 Accrvum
3325 5361 3474 5417 enim
3501 5361 3712 5420 dicimus,

2170 5455 2458 5509 multarum
2511 5467 2692 5508 rerum
2730 5451 3123 5506 collectionem.
3179 5451 3368 5506 Potest
3415 5453 3571 5508 etiam
3604 5467 3716 5504 unus

2169 5547 2271 5600 alia
2327 5543 2678 5597 similitudine
2713 5557 2941 5601 acervus
2971 5542 3101 5608 dici,
3134 5557 3200 5595 eo
3222 5541 3366 5612 quod
3413 5542 3464 5595 in
3510 5540 3717 5594 altitudi-

2170 5652 2290 5691 nem
2332 5633 2679 5704 perfectionis
2742 5650 2835 5704 per
2893 5633 3275 5688 tribulationes
3321 5631 3582 5689 excrescit
3664 5627 3716 5681 ad

2168 5729 2384 5784 modum
2414 5725 2612 5793 acervi,
2641 5726 2729 5796 qui
2755 5727 2808 5784 in
2845 5726 3011 5781 altum
3035 5724 3315 5785 excrescit.
