3856 6322
66 320 151 373 9n
1036 303 1393 367 sxrosmo
1421 308 1486 365 IN
1515 279 1851 366 nasutus.
1895 340 1959 351 -
1982 304 2183 367 ιιεει.
2219 310 2351 369 ux.

3122 290 3285 382 .913

123 432 374 499 Quoniam
430 444 559 484 vero
611 429 825 500 quidam
889 426 1119 488 fuerunt,
1163 428 1253 496 qui
1310 444 1478 498 usque
1541 427 1605 481 ad
1640 437 1679 490 Α
1716 427 1806 495 qui
1836 436 2096 482 excoctus
2138 434 2221 484 est
2249 428 2317 482 ab
2346 428 2489 483 omni
2520 430 2833 487 terratitate
2872 450 2965 504 per
2990 410 3160 507 ignem
3188 443 3286 494 tri-

64 532 268 578 mortem
320 530 487 576 testes
532 520 821 575 Domimcae
870 519 988 573 fidei
1028 520 1380 584 exstiterunt;
1414 528 1467 572 et
1503 535 1608 573 non

63 614 302 667 t-haritate
331 612 609 676 commoti,
653 611 744 665 sed
788 610 967 664 favore
1015 609 1292 662 hominum
1327 610 1607 680 instigati;

66 702 197 759 Unde
217 702 343 754 dicit
369 699 659 769 Apostolus
691 717 704 751 :
746 717 764 750 ι
800 698 856 753 Si
891 699 1159 752 tradidero
1185 713 1381 767 corpus
1409 714 1609 765 meum,

62 796 121 850 ita
149 802 201 847 ut
222 791 461 856 ardeam,
491 792 812 845 charitatem
850 801 1031 843 autem
1059 805 1165 843 non
1195 790 1447 857 habeam,
1478 789 1610 844 nihil

62 885 171 941 mihi
214 882 427 954 prodest
479 881 527 951 (I
554 880 677 935 Cor.
706 898 823 944 xm,
879 882 966 947 5),
1000 900 1019 933 ι
1078 879 1401 935 determinat
1448 895 1607 950 quem

60 974 237 1033 Galaad
270 974 410 1027 dicat
434 987 556 1027 esse
589 988 766 1039 suum,
808 989 930 1028 cum
963 972 1110 1025 addit
1142 987 1155 1025 :
1186 971 1276 1038 El,
1309 972 1359 1026 id
1387 981 1468 1027 est
1498 973 1606 1027 sei-

59 1066 181 1132 licet,
205 1084 342 1120 meus
369 1077 442 1121 est
471 1066 764 1131 Manassae,
796 1065 847 1120 id
872 1075 955 1120 est
977 1064 1193 1118 oblivio.
1234 1064 1385 1132 Quod
1411 1074 1488 1120 est
1522 1064 1607 1120 di-

59 1171 165 1211 cere
189 1171 201 1208 :
228 1155 305 1209 Illi
353 1165 621 1227 martyres
666 1156 767 1211 mei
800 1164 945 1220 sunt,
971 1157 1061 1225 qui
1091 1162 1216 1209 sunt
1239 1155 1530 1221 Manasses,
1554 1154 1605 1209 id

58 1261 127 1304 est
169 1248 537 1306 obliviscentes
563 1266 777 1305 omnem
814 1259 1088 1304 terrenum
1126 1247 1392 1313 favorem,
1427 1257 1479 1302 et
1507 1263 1605 1318 pro

59 1340 153 1395 sola
200 1341 467 1395 charitate
514 1341 567 1395 in
608 1340 952 1395 tribulatione
985 1339 1297 1394 militantes.
1330 1338 1605 1394 Manasses

61 1433 233 1501 quippe
257 1431 445 1485 oblivio
475 1432 671 1486 dicitur
701 1451 715 1486 ί
745 1441 791 1485 et
820 1432 922 1487 iste
940 1431 1143 1485 Galaad
1170 1431 1259 1500 qui
1287 1440 1370 1485 est
1396 1430 1607 1485 Manas-

58 1521 395 1584 ses,cxistens
420 1521 583 1575 etiam
618 1520 894 1589 Ephraim,
934 1521 985 1576 id
1012 1531 1091 1577 est
1116 1520 1448 1577 fructificans
1471 1521 1605 1577 alios

60 1611 212 1665 infide
250 1627 344 1680 per
375 1612 807 1683 prtedieationem
839 1622 891 1668 et
915 1612 1276 1668 constantiam
1308 1628 1483 1677 suam,
1522 1623 1607 1668 est

58 1700 279 1767 fortitudo
308 1703 405 1753 mei
435 1702 641 1768 capitis,
669 1701 722 1755 id
748 1710 853 1767 est,
880 1710 1156 1772 computat
1184 1700 1243 1757 se
1271 1701 1460 1758 fortem
1486 1718 1605 1758 esse

59 1795 99 1846 iu
125 1793 412 1846 constantia
448 1792 855 1875 tribulationum
905 1809 1001 1865 per
1028 1809 1132 1859 me,
1163 1794 1253 1863 qui
1283 1810 1399 1849 smn
1439 1781 1601 1865 caput
1631 1780 1675 1840 Β

56 1899 205 1949 suum,
235 1884 283 1937 id
322 1893 405 1939 est
459 1885 787 1955 gubernator
817 1901 967 1941 suus.
994 1886 1249 1955 Ephraim
1277 1896 1453 1940 autem
1488 1886 1602 1955 fru-

56 1974 273 2041 ctiﬁcatio
302 1974 711 2046 interpretatur.
741 1977 808 2032 Et
829 1977 932 2032 hoc
964 1986 1133 2033 totum
1175 1986 1257 2033 est
1292 1992 1354 2032 ac
1385 1978 1429 2032 si
1457 1978 1602 2033 dice-

56 2078 121 2119 ret
147 2084 158 2117 :
182 2064 299 2120 illos
330 2066 587 2122 humeros
608 2067 851 2137 partibor
874 2082 973 2138 ego
997 2084 1026 2121 a
1057 2068 1213 2124 malis
1247 2084 1260 2121 :
1290 2068 1521 2123 metibor
1548 2077 1603 2123 et

54 2156 160 2210 mihi
186 2155 273 2227 qui
313 2158 418 2212 mei
458 2169 617 2212 erunt
647 2168 836 2226 testes,
868 2159 1030 2215 etiam
1067 2160 1119 2215 in
1146 2159 1599 2225 tribulationibus,

53 2259 97 2300 et
119 2262 319 2301 omnem
351 2248 588 2303 favorem
617 2250 910 2305 humanum
937 2250 1337 2315 ohliviscentcs,
1365 2261 1419 2307 et
1444 2251 1599 2317 alios,

54 2348 185 2406 prout
211 2349 457 2408 possunt,
496 2340 548 2394 in
586 2340 690 2395 fide
731 2340 1142 2407 fructificantes,
1169 2351 1222 2395 et
1247 2357 1461 2397 omnem
1493 2342 1602 2399 for-

56 2431 304 2485 titudinem
353 2434 672 2487 constantia:
702 2447 833 2499 suae,
864 2448 968 2489 non
1016 2433 1118 2488 sibi
1145 2434 1239 2489 sed
1280 2434 1407 2488 tuilti
1437 2435 1600 2504 capiti

53 2537 130 2575 suo
148 2523 515 2577 attrtbueutes.
540 2524 741 2578 Galaad
763 2525 912 2580 locus
935 2535 1016 2580 est
1040 2526 1092 2580 itt
1116 2524 1319 2581 Judaza.
1345 2526 1600 2598 Ephraim

53 2623 202 2668 autem
238 2622 291 2668 et
318 2614 617 2683 Manasscs,
666 2615 913 2672 homines
954 2613 1125 2671 Judaei
1172 2616 1410 2672 fuerunt.
1450 2617 1604 2674 Unde

52 2717 129 2770 per
148 2703 253 2759 lucc
284 2702 567 2770 vocabula,
601 2713 866 2776 martyres
888 2721 955 2760 ex
983 2704 1181 2761 Judzcis
1211 2706 1598 2778 intelliguntur.

51 2794 112 2849 .\'e
137 2810 258 2849 vero
283 2796 602 2852 viderentur
628 2798 967 2852 confessores
1009 2813 1075 2853 ex
1102 2798 1303 2854 Judzcis
1352 2816 1456 2854 non
1481 2813 1601 2854 esse

52 2886 135 2949 Sui,
171 2886 313 2956 ipsos
350 2887 513 2941 etiam
561 2888 731 2954 addit,
772 2889 890 2944 sic:
925 2889 991 2944 Et
1019 2888 1164 2943 Juda
1195 2906 1286 2944 rex
1314 2899 1396 2945 est
1434 2906 1597 2954 meus,

54 2978 91 3029 il
130 2987 202 3031 εει
254 2977 595 3034 confessores
630 2995 694 3034 ex
742 2979 942 3038 Judaeis
980 2983 1083 3036 mei
1133 2989 1280 3044 sunt,
1314 2974 1493 3051 quise
1523 2994 1601 3036 re-

54 3075 158 3136 gunt
182 3083 244 3121 ne
269 3082 370 3137 per
405 3068 591 3123 illicita
649 3068 899 3125 defluant.
928 3070 1124 3125 Parum
1164 3071 1307 3129 enim
1340 3079 1433 3125 aut
1463 3072 1596 3129 nihil

1711 517 2017 583 bnlationis,
2064 520 2130 574 ad
2189 518 2403 574 modum
2442 519 2560 576 olla:
2624 537 2744 591 qure
2795 529 3109 593 excoquitur
3161 531 3285 597 igne

1711 618 1768 662 ut
1822 610 2093 664 robustior
2141 610 2231 675 sit,
2286 610 2479 664 attinet
2536 612 2649 683 spei
2689 627 2841 678 mczc,
2892 614 2942 668 id
2994 626 3096 683 est,
3133 619 3285 673 illum

1708 711 1867 767 spero
1906 699 1963 753 in
1991 698 2173 755 futuro
2202 714 2229 753 a
2284 700 2439 755 malis
2466 702 2676 770 partiri.
2718 700 2808 754 Vel
2848 703 2929 757 sic
2957 722 2969 757 :
3002 704 3157 759 Moab
3181 709 3285 761 olla

1708 788 1904 843 attinet
1947 789 2056 857 spei
2096 806 2243 854 mete,
2291 790 2342 843 id
2372 799 2455 844 est
2480 791 2697 861 gentilis
2750 792 2978 862 populus
3009 796 3097 863 qui
3156 795 3286 849 fide-

1708 878 1835 933 lium
1879 894 2119 933 meorum
2170 880 2273 934 olla
2316 879 2437 943 fuit,
2462 881 2513 934 id
2549 892 2652 947 est,
2690 897 3004 951 cxcoquens
3047 898 3142 938 eos
3194 900 3288 954 per

1708 968 1857 1037 ignes
1893 969 2295 1023 tribulationum
2323 970 2391 1025 ab
2415 970 2560 1025 omni
2602 971 2786 1037 sorde,
2823 974 2889 1027 ad
2923 976 3138 1028 modum
3169 975 3288 1029 olim

1707 1056 1759 1111 in
1792 1072 1896 1126 qua
1944 1057 2045 1112 cibi
2093 1068 2466 1128 excoquuntur
2510 1074 2540 1113 a
2585 1076 2757 1115 nocuo
2786 1061 3039 1118 humore.
3073 1063 3138 1117 Et
3165 1066 3286 1132 quia

1704 1157 1888 1217 posset
1938 1149 2104 1218 quieri
2137 1167 2149 1203 :
2179 1150 2460 1217 Quomodo
2502 1152 2751 1221 acquites
2787 1154 2877 1209 tibi
2909 1154 3084 1221 Moab,
3126 1156 3176 1211 id
3207 1168 3290 1211 est

1705 1243 1955 1314 gentilem
1981 1244 2268 1315 populum?
2292 1245 2447 1300 modo
2474 1247 2708 1302 ostendit
2731 1247 2999 1317 quomodo
3020 1251 3284 1319 nequiret,

1704 1336 1784 1393 sic
1817 1353 1829 1391 :
1867 1336 1996 1392 Dico
2026 1337 2167 1405 quod
2213 1335 2367 1391 Moab
2404 1339 2600 1393 attinet
2630 1338 2693 1392 ad
2726 1354 2873 1409 spem
2904 1357 3099 1405 meam,
3126 1359 3285 1410 quem

1706 1420 1861 1476 Moab
1888 1422 2016 1476 mihi
2063 1423 2364 1492 acquiram,
2411 1425 2488 1479 sic
2525 1440 2619 1494 per
2642 1425 2743 1480 hoc
2784 1426 3007 1493 scilicet,
3049 1431 3191 1498 quod
3234 1433 3286 1483 in

1706 1511 2033 1581 Idumwam,
2085 1515 2137 1569 id
2181 1524 2264 1569 est
2295 1515 2345 1569 in
2386 1516 2638 1587 gentilem
2685 1519 2968 1588 populum,
3012 1523 3284 1574 extendam

1707 1606 2112 1660 calceamentum
2149 1624 2340 1673 meum,
2399 1607 2450 1663 id
2500 1617 2582 1664 est
2637 1610 3017 1680 praedicatores
3052 1615 3143 1683 qui
3193 1616 3287 1669 do-

1708 1697 1881 1753 ctrina
1903 1713 2024 1754 eum
2055 1714 2150 1754 sua
2181 1700 2311 1755 mihi
2341 1700 2641 1770 acquirent.

1775 1788 2003 1844 ldumaza
2032 1800 2237 1845 terrena
2259 1793 2486 1859 dicitur;
2520 1795 2659 1850 unde
2690 1811 2785 1868 per
2814 1795 3098 1852 ltlumzeam
3135 1798 3285 1867 plebs

1707 1880 1987 1952 gentilium
2039 1882 2345 1950 denotatur,
2383 1901 2503 1956 qua:
2550 1894 2677 1943 ante
2733 1890 3145 1945 conversionem
3183 1892 3280 1945 soli

1708 1974 2011 2029 terrenitati
2063 1977 2308 2032 vacabat.
2342 1977 2782 2034 Calceamentum
2826 1991 3005 2037 autem
3034 1983 3285 2037 dicuntur

1706 2079 1945 2135 congrue
1996 2066 2401 2135 przedicatores,
2438 2083 2503 2124 e0
2531 2070 2671 2139 quod
2708 2070 3000 2126 Ecclesium
3031 2074 3284 2142 przediea-

1706 2154 1852 2208 tione
1881 2165 1933 2210 et
1959 2156 2203 2227 exemplo
2231 2166 2283 2212 et
2314 2148 2558 2213 oratione
2592 2174 2688 2215 sua
2719 2162 2987 2229 muniunt,
3020 2163 3159 2217 sicut
3190 2178 3283 2233 pes

1707 2260 1737 2298 a
1789 2245 2155 2301 caleeamento
2213 2249 2475 2306 munitur.
2537 2249 2628 2306 Vel
2697 2267 2793 2321 per
2857 2253 3281 2309 calceamentum

1704 2349 1734 2389 e
1757 2337 2012 2406 contiguo
2038 2341 2202 2406 pedes
2245 2343 2604 2412 accipiuntur,
2636 2360 2700 2399 eo
2724 2346 2865 2413 quod
2902 2346 3284 2401 calceamentis

1706 2435 1963 2493 utuntur;
2021 2444 2115 2498 per
2142 2432 2304 2499 pedes
2352 2449 2480 2487 vero
2525 2436 3099 2505 prmdicatores:quia
3145 2438 3285 2491 sicut

1704 2516 1870 2583 pedes
1911 2533 2107 2587 corpus
2155 2521 2422 2590 deferunt,
2462 2525 2538 2580 sic
2567 2533 2620 2578 et
2659 2528 3039 2594 praedicatores
3086 2545 3283 2582 nomen

1706 2608 1919 2663 Domini
1947 2611 1997 2663 itt
2026 2623 2215 2682 gentes
2244 2615 2568 2671 detulerunt.
2602 2618 2691 2673 Vel
2716 2618 2945 2673 siczper
2970 2620 3071 2675 hoc
3099 2621 3284 2691 acqui-

1704 2710 1819 2749 ram
1855 2699 1982 2751 tnihi
2017 2701 2265 2767 gentilent
2299 2704 2575 2774 pupulum,
2612 2707 2739 2776 quia
2784 2708 2837 2762 in
2867 2707 3158 2763 ltlumtvttm
3193 2726 3282 2763 ex-

1703 2788 1911 2843 tendam
1981 2791 2388 2847 calcettmentum
2441 2812 2631 2862 meum,
2679 2797 2870 2864 idest,
2922 2800 2974 2854 itt
3036 2801 3280 2854 notitiam

1704 2872 1968 2940 Idumam,
1994 2878 2207 2946 gentilis
2237 2881 2416 2949 populi
2456 2883 2680 2947 scilicet,
2712 2886 2998 2940 extendam
3036 2889 3281 2941 notitiam

1704 2964 2053 3021 ealceameuti
2087 2970 2211 3037 mei,
2238 2973 2287 3024 id
2312 2982 2395 3026 cst
2419 2973 2775 3030 humanitatis
2809 2993 2959 3044 mete,
2993 2988 3051 3033 ut
3075 2995 3159 3035 me
3189 2982 3279 3050 qui

1705 3053 1845 3108 Deus
1873 3072 2043 3120 eram,
2076 3058 2344 3114 hominem
2388 3076 2510 3118 esse
2548 3062 2749 3119 factum
2780 3082 2877 3136 pro
2909 3070 3071 3123 totius
3096 3072 3278 3124 mundi

53 3158 184 3211 alicui
228 3159 476 3212 cnumcri
543 3160 653 3214 Deo
692 3175 819 3216 νοω
867 3162 1129 3230 prodam,
1178 3162 1280 3217 nisi
1332 3163 1496 3218 etiam
1539 3180 1599 3221 se
1627 3156 1668 3213 (ζ,
1703 3146 1875 3201 salute
1902 3163 2253 3218 cognoscens,
2302 3153 2429 3209 mihi
2465 3165 2761 3224 spontanea
2792 3158 3127 3229 subjiciatur.
3161 3161 3282 3217 Cal-

51 3251 161 3305 bene
187 3254 419 3321 regendo
457 3253 526 3307 ab
572 3254 771 3310 illicitis
818 3255 1171 3323 abstinuerit,
1212 3266 1267 3312 et
1296 3258 1434 3313 bene
1468 3274 1598 3328 ope-

52 3343 136 3396 rari
164 3344 448 3400 studuerit.
486 3346 634 3403 Unde
666 3346 936 3416 Prosper:
973 3365 990 3398 ι
1027 3347 1169 3402 Bene
1201 3347 1342 3419 loqui
1381 3357 1434 3404 et
1460 3351 1598 3405 male

48 3434 219 3499 virere,
257 3434 390 3488 nihil
422 3446 504 3489 est
536 3435 677 3493 aliud
707 3451 867 3505 quam
892 3451 990 3490 sua
1018 3450 1076 3492 se
1108 3451 1239 3492 voce
1265 3438 1542 3494 damnare.
1574 3458 1591 3491 ι

50 3520 99 3573 Et
119 3521 343 3579 Joannes
369 3525 640 3593 apostolus
668 3543 681 3579 :
712 3544 733 3578 ι
766 3524 823 3581 Si
848 3527 969 3597 quis
990 3526 1110 3581 dicit
1143 3541 1200 3582 se
1222 3542 1381 3582 nosse
1408 3529 1596 3595 Deum,

48 3622 91 3666 et
116 3615 354 3669 mandata
390 3616 505 3684 ejus
542 3633 647 3672 non
687 3620 947 3683 custodit,
976 3619 1205 3674 mendax
1231 3631 1315 3675 est
1343 3620 1393 3692 (1
1432 3620 1591 3676 Joan.

49 3718 94 3763 ιι,
118 3703 185 3770 4).
232 3723 252 3757 ι
289 3704 427 3760 Juda
459 3708 676 3775 quidem
719 3710 973 3778 confessio
1010 3710 1419 3779 interpretatur.
1455 3712 1597 3767 Cou-

48 3794 300 3850 renienter
335 3812 465 3867 ergo
501 3813 598 3866 per
631 3797 847 3865 Judam,
873 3801 963 3871 qui
993 3801 1074 3854 vir
1098 3800 1315 3856 Jmhcus
1354 3802 1471 3867 fttit,
1504 3801 1597 3856 Ja-

47 3888 128 3941 cob
174 3889 384 3945 scilicet
441 3890 584 3945 filius
614 3931 628 3957 ,
706 3890 1044 3947 confessores
1091 3906 1158 3946 ex
1206 3892 1407 3948 Judaeis
1456 3894 1599 3949 desi-

48 3987 272 4043 gttantur.

101 4064 378 4136 Postquam
401 4080 669 4143 martyres
696 4082 748 4128 et
779 4058 1118 4128 confessores
1147 4089 1213 4129 ex
1246 4071 1446 4130 Judaris
1472 4092 1597 4134 suos

45 4170 143 4213 esse
168 4163 421 4228 ostendit,
454 4174 508 4220 et
536 4166 586 4217 in
619 4165 795 4219 futuro
819 4166 1135 4236 partiendos
1160 4183 1300 4236 esse,
1335 4170 1598 4225 neftdeles

44 4264 96 4302 ex
127 4254 368 4321 gentibus
391 4256 596 4310 exclusi
623 4267 963 4326 putarentur,
1023 4275 1249 4328 quorum
1283 4260 1433 4315 multi
1457 4278 1597 4315 mar-

44 4347 188 4408 tyres,
216 4343 367 4397 muLi
401 4355 581 4399 autem
609 4347 865 4400 exstitere
888 4346 1250 4411 confessores,
1284 4347 1427 4418 ipsos
1457 4365 1594 4419 quo-

44 4445 128 4499 que
155 4434 229 4488 sic
269 4436 513 4507 adjttngit
552 4438 933 4492 univcrsalitcr
960 4455 973 4493 :
1006 4448 1059 4492 et
1090 4438 1246 4492 Moab
1271 4448 1355 4494 est
1385 4439 1514 4504 ulla,
1545 4442 1596 4495 id

1704 3247 2039 3292 ccaneutum
2076 3250 2251 3295 autem
2299 3259 2364 3297 ex
2416 3245 2645 3315 pellibus
2691 3258 3025 3305 mortuorum
3070 3254 3279 3307 anima-

1700 3328 1829 3382 lium
1858 3329 2103 3397 elIieitur,
2139 3333 2366 3405 ideoque
2397 3353 2495 3407 pro
2524 3339 2861 3395 humanitate
2890 3343 3087 3397 Christi
3127 3346 3283 3414 poni-

1702 3429 1809 3489 tur,
1877 3438 1997 3493 qua:
2048 3424 2163 3493 per
2213 3427 2412 3482 multas
2489 3429 2864 3486 tribulationcs
2916 3434 2983 3487 ad
3036 3435 3280 3488 ultimam

1701 3514 1952 3581 passione
1996 3517 2174 3571 crucis
2208 3519 2531 3575 mortificata
2575 3532 2676 3575 est.
2714 3522 2863 3578 Unde
2899 3523 3136 3580 Joannes
3179 3527 3281 3587 Ba:

1698 3605 1860 3675 ptista
1892 3606 2056 3663 :Post
2102 3625 2186 3664 me
2234 3612 2661 3681 tetnporalitaler
2702 3616 2846 3670 venit
2887 3617 2985 3680 vir,
3032 3618 3281 3673 Christus

1699 3696 1930 3762 scilicet,
1962 3700 2052 3768 qui
2087 3711 2212 3758 ante
2250 3718 2333 3757 me
2369 3703 2542 3758 factus
2565 3714 2644 3760 est
2671 3706 2851 3775 (1mm.
2882 3723 2921 3774 t,
2944 3708 3060 3780 27),
3089 3726 3280 3765 εεευιι-
3320 3730 3327 3733 ·

1701 3787 1825 3840 dum
1857 3789 2267 3860 humanitatem,
2317 3810 2422 3848 non
2468 3798 2841 3867 temporaliter
2869 3801 2966 3854 sed
2997 3799 3276 3872 dignitate.

1700 3881 1851 3945 Quod
1880 3890 1964 3936 est
1989 3884 2167 3939 dicere
2194 3903 2206 3938 :
2241 3886 2341 3954 Qui
2371 3886 2545 3942 factus
2566 3896 2648 3942 cst
2681 3890 2896 3959 dignior
2918 3908 3024 3958 me,
3053 3910 3175 3947 cum
3210 3896 3283 3948 sit

1697 3974 1968 4045 posterior
1995 3982 2233 4044 tempore
2263 3980 2555 4033 secundmn
2587 3982 2728 4051 quod
2766 3984 2945 4039 homo.
2976 3978 3307 4058 Corrigianr

1700 4063 2053 4119 Calccatnenti
2103 4068 2257 4139 cujus
2315 4086 2419 4125 non
2452 4087 2571 4126 sum
2604 4074 2795 4144 dignus
2827 4076 3035 4132 solvere
3063 4078 3278 4143 (Ibid),

1699 4154 1750 4207 :d
1779 4165 1880 4219 εει,
1917 4158 2193 4212 minimam
2219 4162 2540 4229 particulam
2581 4166 2961 4238 mysteriorum
3013 4170 3129 4238 ejus
3181 4173 3279 4225 hu-

1701 4249 1977 4305 manitatis
2014 4265 2120 4304 non
2168 4266 2285 4307 sum
2327 4254 2517 4325 dignus
2555 4257 2849 4325 explicare.
2890 4261 3039 4326 Quod
3084 4270 3165 4316 cst
3197 4264 3279 4316 di-

1700 4356 1823 4396 cere
1858 4359 1871 4396 :
1900 4342 2009 4397 Nec
2048 4344 2214 4399 etiam
2246 4346 2439 4417 dignus
2484 4363 2603 4402 sum
2635 4356 2687 4402 et
2714 4350 2980 4406 sufficiens
3008 4354 3074 4407 ad
3108 4355 3279 4423 expli-

1700 4436 1930 4489 eandmn
1947 4435 2162 4505 aliquod
2190 4437 2469 4491 minimum
2486 4448 2754 4494 secretum
2770 4442 3279 4509 ejushumanitatis.

43 4532 111 4574 est
136 4523 374 4593 refectio,
403 4506 510 4595 ,ςρεί
548 4528 708 4598 212
740 4546 884 4582 ηιεω,
914 4528 1065 4597 Quod
1089 4539 1169 4583 est
1200 4530 1379 4587 dicere
1416 4550 1428 4585 ε
1461 4530 1592 4585 Gen.
1629 4506 1673 4560 Ῑ)
1702 4526 1896 4596 nedum
1948 4526 2159 4593 aperire
2212 4542 2320 4580 non
2371 4526 2629 4582 sufficiam
2685 4532 2941 4602 mysteria
2988 4533 3275 4591 ineffabilia

44 4614 132 4669 tilis
161 4618 383 4688 populus
418 4620 484 4672 ad
515 4619 673 4674 fidem
711 4636 1006 4677 conversus
1036 4631 1119 4676 cst
1153 4638 1320 4690 meus,
1361 4638 1458 4693 pro
1487 4638 1594 4692 quo

42 4716 176 4771 spero
216 4722 298 4761 me
328 4709 524 4777 gaudio
551 4709 721 4776 refici,
749 4728 868 4765 cum
897 4714 948 4767 in
981 4713 1160 4768 futuro
1204 4728 1324 4767 eum
1367 4729 1397 4768 a
1438 4714 1595 4771 malis

43 4797 241 4861 partiar.
276 4798 430 4854 Moab
472 4800 616 4855 filius
666 4800 767 4855 fuit
835 4801 991 4867 Loth,
1034 4818 1192 4874 quem
1233 4819 1299 4863 ex
1343 4804 1447 4858 ftl.a
1496 4820 1593 4860 sua

43 4889 203 4953 genuit
234 4907 248 4941 :
279 4893 343 4944 de
369 4889 527 4959 cujus
563 4893 824 4962 sanguine
853 4893 1128 4963 gentilium
1171 4893 1446 4964 generatio
1477 4909 1593 4948 ma-

42 4975 164 5029 xima
193 4981 473 5048 processit,
506 4981 596 5050 qui
628 4982 790 5035 etiam
835 4980 1079 5038 Moabitae.
1120 4982 1245 5038 dicti
1286 4993 1410 5037 sunt
1438 4981 1590 5053 (Cen.

43 5081 138 5133 nx,
183 5072 255 5140 7).
303 5072 457 5127 Moab
502 5074 666 5143 igitur
714 5075 864 5128 exlex
896 5075 1301 5145 interpretatur,
1343 5092 1407 5129 co
1447 5076 1590 5145 quod

46 5173 208 5217 contra
239 5165 403 5235 legem
454 5167 522 5220 de
566 5167 672 5219 filia
711 5167 780 5222 sit
806 5179 1108 5238 generatus.
1145 5170 1243 5223 l’cr
1274 5170 1429 5225 Moab
1461 5185 1590 5240 ergo

44 5254 230 5316 gentilis
254 5256 478 5325 populus
506 5259 792 5327 accipitur,
834 5259 923 5329 qui
957 5276 1170 5321 semper
1196 5270 1381 5314 contra
1412 5261 1582 5331 legem

43 5346 139 5398 sine
168 5346 274 5417 lege
302 5348 421 5412 fuit,
466 5350 592 5403 dum
642 5349 751 5404 Deo
780 5350 981 5404 cultmn
1014 5345 1249 5405 debitum
1282 5352 1583 5421 denegavit.

40 5433 128 5489 Per
156 5440 304 5494 ollam
337 5440 565 5495 refectio
605 5456 709 5495 non
738 5442 1177 5497 iuconvenienter
1206 5446 1487 5514 accipitur,
1520 5460 1585 5498 eo

41 5530 164 5595 quod
208 5547 269 5585 ex
310 5532 447 5587 cibis
499 5533 551 5584 in
599 5532 701 5585 olla
737 5535 925 5597 coctis,
953 5549 1148 5602 corpus
1198 5537 1456 5589 reficitur.
1495 5536 1584 5589 Vel

42 5618 107 5669 sic
134 5629 298 5686 potest
327 5622 453 5691 legi,
486 5630 546 5676 ut
572 5631 626 5676 et
654 5623 921 5677 sententia
951 5632 1004 5678 et
1032 5624 1304 5678 distinctio
1329 5636 1583 5679 mutetur.

41 5705 179 5762 Jloob
202 5711 301 5765 offa
328 5722 412 5768 est
437 5714 552 5783 spei
576 5730 723 5782 mete,
761 5714 813 5770 id
846 5723 951 5782 est,
980 5714 1067 5769 ille
1094 5715 1309 5785 gentilis
1339 5719 1582 5787 popuius,

1700 4613 1815 4683 ejus
1845 4616 2174 4673 Divinitatis.
2203 4619 2450 4688 Corrigia
2485 4635 2611 4676 vero
2633 4622 2757 4692 quia
2788 4624 3008 4679 minima
3041 4643 3167 4697 pars
3196 4639 3279 4684 est

1700 4707 2073 4775 calceamenti,
2105 4725 2202 4779 pro
2236 4712 2455 4766 minima
2485 4723 2639 4783 parte
2679 4699 3058 4786 mysteriorum
3086 4723 3278 4777 huma-

1699 4798 1883 4853 uitatis
1904 4799 2100 4855 Christi
2124 4800 2245 4870 jure
2267 4806 2503 4873 ponitur.
2528 4804 2623 4862 Vel
2647 4807 2726 4863 sic
2757 4823 2771 4861 :
2800 4808 2916 4864 Non
2946 4828 3064 4866 sum
3083 4815 3278 4885 dignus

1699 4890 1911 4946 solvere
1935 4893 2222 4962 corrigiam
2255 4896 2607 4952 calceamenti
2649 4899 2787 4970 ejus,
2828 4901 2880 4956 id
2910 4914 2993 4957 est
3024 4908 3278 4975 quaestio-

1700 4997 1821 5036 nem
1844 4982 2197 5039 humanitatis
2218 4986 2354 5055 ejus,
2378 4988 2480 5043 hoc
2502 4990 2709 5045 scilicet
2732 4992 2873 5061 quod
2902 5008 2932 5047 a
2954 4997 3273 5064 quibusdam

1699 5075 1963 5143 qumrilur
1987 5076 2222 5146 qualiter
2262 5078 2371 5145 ille,
2405 5082 2496 5149 qui
2528 5080 2669 5137 Deus
2693 5093 2831 5150 erat,
2862 5085 3022 5140 homo
3049 5087 3120 5141 sit
3147 5087 3276 5142 effe-

1698 5177 1837 5220 ctus.
1872 5167 2108 5235 Qutestio
2147 5186 2360 5242 quoque
2389 5175 3017 5249 convenientercorrigia
3050 5181 3270 5246 dicitur,

1695 5257 1819 5327 quia
1848 5260 1987 5316 sicut
2008 5261 2238 5331 corrigia
2273 5264 2441 5317 nectit
2468 5264 2913 5332 calceamentum,
2946 5269 3023 5323 sic
3046 5279 3100 5322 et
3122 5286 3262 5338 qna:-

1691 5347 1796 5402 stio
1846 5347 1976 5417 ligat
2012 5349 2142 5405 illud
2189 5350 2328 5415 unde
2384 5352 2461 5407 fit.
2513 5353 2634 5408 Dixi
2685 5355 2827 5424 quod
2871 5356 2926 5408 in
2975 5355 3267 5413 ldumtram

1691 5441 1966 5492 extendam
2022 5439 2432 5495 ealceamentum
2477 5459 2648 5495 meum
2684 5455 2703 5494 .'
2740 5454 2795 5497 et
2841 5445 2920 5499 sic
2963 5446 3269 5516 alienigemo

1693 5531 1818 5582 mihi
1840 5531 2030 5583 subditi
2060 5542 2200 5594 sunt,
2232 5531 2284 5585 id
2311 5542 2394 5587 est
2423 5532 2637 5588 Idumaei
2666 5535 2796 5588 mihi
2830 5537 3148 5604 subdcntur,
3175 5542 3265 5608 qui

1695 5620 1972 5689 hucusque
2017 5621 2236 5676 fuerunt
2269 5623 2601 5693 alienigenae,
2629 5625 2681 5680 id
2708 5636 2789 5680 est
2819 5627 2884 5682 de
2912 5628 3014 5681 alia
3045 5645 3269 5699 genera-

1695 5712 1861 5781 tione,
1886 5713 1936 5767 id
1961 5723 2044 5768 εει
2071 5716 2307 5793 generati
2339 5731 2368 5770 a
2390 5715 2625 5785 diabolo,
2649 5728 2703 5774 et
2726 5717 2883 5774 alieni
2909 5722 3291 5791 a'mguitioue
