3846 6334
536 258 643 313 sto
684 326 687 329 η

1104 256 1159 317 ὃ.
1192 254 1541 315 BRUNONIS
1578 245 2224 311 CARTHUSIAA’ORUM
2263 253 2756 314 iNSTITUTOBIS
2785 256 2937 325 OPP.
2969 258 3152 329 PARS
3182 260 3224 315 1.

3653 272 3737 329 920

537 371 663 427 mei.
700 368 1002 424 Notandum
1025 369 1189 439 213
1214 369 1355 438 quod
1376 370 1476 424 etsi
1504 383 1610 425 non
1638 367 2116 422 invenianturlnee
2142 375 2190 431 Α
2217 366 2451 423 instruat
2480 381 2574 423 eos
2600 368 2716 426 solo
2748 369 2856 425 Deo
2889 370 3185 439 conﬁdere,
3216 385 3319 429 non
3351 371 3404 429 in
3439 380 3629 433 tenuia
3654 382 3741 437 vir-

536 462 591 516 in
653 458 971 529 Evangelio,
1030 473 1148 528 quae
1194 458 1281 513 hic
1319 459 1571 513 dicuntur
1619 473 1648 511 a
1698 456 1922 511 Domino
1972 457 2114 510 dicta

536 550 726 616 fuisse,
762 550 845 603 his
887 561 1062 602 tamen
1113 547 1508 617 tequipolleutia
1549 545 1917 600 Deusloculus
1950 543 2115 599 fuisse

536 645 588 697 iu
630 643 921 714 Evangelia
958 640 1173 711 legitur,
1226 655 1347 709 qua:
1392 638 1550 693 alicui
1590 635 1933 707 investiganti
1966 633 2115 689 iacil-

536 737 664 788 iiuie
694 733 1050 803 apparebunt.

610 826 903 894 Postquam
956 822 1113 877 verba
1170 820 1459 876 Dominicae
1501 819 1769 889 passionis
1819 819 2116 873 introduxit

538 917 605 969 de
656 915 757 968 hac
808 912 1169 982 promissione
1216 909 1453 965 fidelium
1500 910 1743 965 collectio
1793 909 2109 980 gratulans,

539 1005 693 1075 quasi
746 1006 845 1059 sub
892 1003 1313 1073 interrogatione
1366 1012 1486 1056 orat
1530 1002 1720 1057 deduci
1759 1002 1812 1053 in
1854 1000 2115 1054 civitatem

538 1097 814 1161 munitam,
848 1094 899 1148 id
928 1101 1011 1149 est
1051 1093 1103 1147 in
1127 1091 1430 1148 Jerusalem
1458 1091 1758 1157 cmiestem,
1791 1091 1843 1145 in
1871 1106 1975 1161 qua
2008 1105 2115 1143 non

540 1191 631 1243 lict
657 1186 893 1242 assultus
920 1186 1156 1241 hostium
1192 1204 1205 1238 :
1239 1196 1293 1241 et
1324 1186 1428 1239 hoc
1472 1185 1551 1240 sie
1601 1183 1732 1237 dicit
1782 1191 1834 1236 et
1877 1189 2033 1247 orat,
2060 1188 2117 1234 ut

539 1280 627 1334 hic
653 1278 822 1349 magis
847 1292 911 1332 ac
939 1278 1110 1346 magis
1140 1275 1396 1331 dilatetur
1423 1275 1488 1331 de
1509 1274 1597 1329 die
1620 1275 1673 1328 in
1696 1271 1921 1328 dicm.0
1954 1272 2119 1338 Deus,

536 1369 831 1440 promisisti
878 1369 1019 1439 quod
1050 1367 1305 1439 partieris
1338 1366 1634 1421 Sichimam
1678 1373 1732 1419 et
1773 1365 1928 1419 Moab
1958 1364 2117 1418 ollam

534 1476 564 1513 a
596 1460 884 1530 perdendis
929 1475 1039 1525 me,
1090 1460 1301 1513 scilicet
1348 1456 1650 1513 Ecclesium
1704 1455 1771 1510 de
1819 1452 2015 1509 Iudaeis
2066 1462 2120 1509 et

535 1553 787 1620 gentibus
819 1567 831 1605 :
862 1563 916 1606 et
942 1552 1011 1605 ita
1049 1552 1141 1605 fiat
1171 1558 1229 1605 ut
1259 1564 1344 1604 me
1373 1548 1651 1619 partiaris,
1686 1555 1741 1601 et
1783 1548 2038 1615 partitam
2064 1546 2119 1601 in

534 1644 796 1695 civitatem
832 1642 1089 1695 munitam
1121 1640 1376 1696 deducas.
1404 1637 1537 1693 Nam
1566 1638 1681 1705 quis
1716 1638 1932 1691 deducet
1959 1652 2038 1690 me
2064 1636 2117 1690 in

534 1736 793 1788 civitatem
826 1733 1120 1787 munitam?
1142 1740 1196 1786 et
1220 1732 1343 1803 quia
1373 1730 1667 1801 promisisti
1698 1730 1840 1800 quod
1863 1730 2122 1783 extendes

538 1823 963 1878 calceamcutum
994 1822 1049 1876 in
1076 1821 1391 1886 ldumteam,
1418 1820 1580 1875 dilata
1614 1821 1703 1876 hic
1744 1832 1831 1874 me
1865 1832 2032 1888 usque
2063 1818 2115 1871 in

537 1916 845 1981 Idumaeam,
880 1914 930 1968 id
963 1924 1046 1969 est
1082 1928 1252 1983 usque
1284 1914 1334 1967 in
1381 1913 1500 1968 ilios
1530 1913 1619 1983 qui
1648 1911 1824 1967 adhuc
1849 1920 1976 1966 sunt
2011 1920 2118 1964 ter-

538 2006 674 2073 reui,
710 2014 767 2059 ut
803 2003 902 2074 ipsi
950 2004 1159 2059 scilicet
1193 2005 1322 2059 mihi
1371 2002 1735 2075 adjungantur
1768 2021 1779 2055 :
1823 2017 1949 2056 nam
1999 2002 2117 2069 quis

536 2099 787 2158 deducet,
830 2096 879 2151 id
935 2107 1020 2150 est
1064 2095 1344 2162 dilalultit,
1377 2113 1456 2149 me
1495 2111 1653 2161 usque
1697 2095 1751 2147 in
1798 2092 2112 2159 Iduma’am,

536 2188 589 2241 id
626 2198 707 2242 est
738 2189 872 2242 adeo
909 2198 966 2241 ut
998 2188 1214 2242 Idumrci
1240 2188 1371 2242 mihi
1399 2185 1796 2256 adjungautuﬁ?
1820 2184 2009 2240 Nonne
2037 2195 2112 2248 tu,

534 2279 704 2341 Deus,
746 2279 834 2349 qui
867 2278 1105 2343 repulisti
1140 2295 1261 2343 nos,
1305 2278 1355 2331 id
1407 2287 1491 2332 est
1522 2278 1610 2346 qui
1648 2277 1849 2332 videris
1882 2292 1982 2331 nos
2030 2276 2117 2331 hic

536 2369 795 2437 repellere
827 2372 876 2423 iu
910 2369 1344 2425 tribulationibus
1387 2370 1610 2437 positos,
1640 2378 1693 2423 et
1737 2369 1826 2438 qui
1879 2368 1967 2421 hic
2013 2383 2116 2421 non

534 2461 813 2529 egredieris
849 2461 903 2513 in
928 2460 1203 2514 virtutibus
1244 2460 1462 2523 nostris,
1493 2460 1544 2512 id
1584 2469 1665 2512 est
1692 2460 1744 2512 in
1783 2457 2115 2512 exercitibus

536 2550 757 2617 nostris,
791 2559 848 2602 ut
880 2564 977 2604 nos
1004 2548 1212 2605 scilicet
1242 2547 1698 2604 faciascxercitus
1724 2557 1910 2603 contra
1936 2547 2117 2602 hostes

534 2656 897 2714 congregare;
928 2651 1128 2696 etcum
1174 2641 1307 2711 ipsis
1344 2641 1677 2696 exercitibus
1717 2639 2020 2707 egrediaris
2048 2639 2113 2693 ad

536 2749 769 2804 pugnam
802 2735 1064 2789 adversus
1100 2733 1354 2789 inimicos
1403 2742 1652 2798 nostros,
1698 2732 1836 2787 sicut
1865 2745 2115 2802 egressus

532 2838 591 2876 es
647 2839 767 2877 eum
823 2821 1157 2879 exercitibus
1206 2833 1420 2894 patrum
1480 2832 1827 2887 nostrorum,
1865 2837 1962 2892 per
2014 2823 2115 2876 mi-

532 2915 816 2969 uisterium
876 2915 1219 2987 angelorum.
1274 2914 1340 2969 Et
1382 2915 1483 2969 hoc
1535 2924 1702 2970 totum
1764 2923 1888 2981 est,
1949 2927 2012 2968 ac
2068 2914 2114 2969 si

532 3009 739 3062 diceret
790 3026 802 3060 :
844 3007 978 3062 Cum
1030 3008 1133 3062 hoc
1180 3008 1536 3078 promiseris,
1588 3006 1729 3077 quod
1780 3020 1877 3060 nos
1923 3005 1973 3059 in
2031 3002 2114 3057 fu-

2219 464 2353 511 tute.

2714 550 2780 605 IN
2816 548 3151 609 PSALMUM
3191 553 3304 610 LX.

2290 637 2483 694 Psaimi
2523 640 2847 711 sexagesimi
2902 642 3109 696 titulus.
3162 642 3229 697 In
3268 643 3422 712 ﬁnem
3460 664 3512 701 in
3555 649 3742 719 hymnis,

2216 727 2465 782 Psalmus
2497 728 2688 783 David.
2737 730 2891 796 Quod
2921 732 3002 785 sic
3044 733 3334 801 exponitur
3361 750 3374 786 ε
3408 731 3633 789 Ρεαιηηιδ
3656 738 3744 790 Da-

2214 818 2321 883 vid,
2364 818 2418 873 id
2453 828 2537 874 est
2574 819 2832 875 Ecclesia:
2878 821 3245 891 perfectorum
3298 830 3671 894 perseverantis
3704 832 3746 885 in

2216 905 2634 979 hymnisusque
2664 912 2729 964 ad
2756 910 2916 967 linem
2940 912 3083 978 vitae,
3110 915 3163 968 id
3191 924 3269 969 est
3302 920 3673 986 perseverantis
3705 922 3749 975 in

2216 998 2309 1054 Dei
2334 1000 2603 1067 laudibus,
2632 1016 2818 1071 opere,
2849 1019 2980 1059 voce
3010 1013 3064 1060 et
3092 1006 3379 1062 devotione
3404 1025 3417 1062 :
3460 1008 3536 1064 Vel
3561 1011 3629 1065 sic
3657 1022 3749 1067 tcu-

2218 1091 2392 1146 dentis
2423 1092 2477 1146 in
2514 1094 2675 1148 finem
2704 1134 2720 1162 ,
2764 1096 2817 1151 id
2848 1106 2932 1152 est
2975 1098 3027 1153 in
3056 1098 3448 1157 beatitudinem
3476 1104 3747 1173 perfectam,

2218 1180 2271 1234 in
2320 1183 2534 1252 hymnis
2578 1188 3017 1257 perseverando,
3066 1189 3118 1244 id
3159 1201 3244 1246 est
3295 1193 3347 1245 in
3398 1194 3487 1246 Dei
3525 1192 3749 1250 laudibus.

2219 1271 2350 1328 Orat
2380 1284 2559 1329 autem
2590 1276 2952 1345 perfectorum
2986 1280 3237 1336 collectio
3269 1292 3328 1337 ut
3376 1284 3511 1338 Deus
3541 1286 3752 1339 exaudiat

2219 1366 2521 1421 orationem
2558 1381 2714 1421 suam
2755 1384 2916 1439 quam
2940 1369 3091 1436 facit,
3119 1382 3179 1427 ut
3212 1374 3265 1427 in
3292 1375 3398 1429 hoc
3420 1377 3604 1431 sarculo
3630 1376 3750 1431 habi-

2223 1464 2300 1511 tet
2348 1457 2399 1510 in
2448 1458 2798 1515 tabernaculo
2848 1461 2964 1528 Dei,
3000 1472 3054 1517 et
3104 1464 3157 1518 in
3195 1464 3386 1520 futuro
3432 1466 3750 1522 litercditatem

2221 1554 2478 1600 aeternam
2508 1548 2783 1616 possideat
2818 1561 2831 1601 :
2871 1558 2926 1603 et
2956 1560 3079 1605 orat
3102 1561 3159 1605 ut
3187 1555 3445 1609 exaudiat
3473 1558 3756 1625 deprecatio-

2222 1650 2344 1691 nem
2377 1652 2539 1708 quam
2587 1638 2720 1707 facit
2749 1638 2915 1713 215
2945 1654 3001 1696 ut
3030 1641 3175 1700 Deus
3221 1655 3466 1716 proteget
3501 1662 3609 1702 eam
3645 1664 3670 1701 a
3694 1649 3752 1701 vi-

2153 1727 2193 1785 B
2225 1727 2331 1792 tiis,
2362 1742 2424 1781 ea
2457 1730 2785 1784 removendo
2810 1746 2839 1783 a
2870 1745 2929 1785 se
2963 1749 2975 1785 :
3025 1742 3080 1789 et
3108 1743 3361 1807 protegat
3386 1737 3449 1790 de
3479 1751 3620 1806 poena
3655 1753 3752 1807 per-

2217 1823 2397 1883 petua.
2441 1814 2539 1870 Ubi
2590 1819 2884 1873 notandum
2918 1823 3060 1889 quod
3087 1825 3266 1879 oratio
3320 1826 3537 1891 dicitur,
3566 1830 3687 1897 quod
3709 1828 3753 1881 tit

2217 1907 2283 1960 de
2313 1906 2596 1977 adeptione
2631 1910 2705 1963 rei
2746 1908 3071 1980 cujuslibet;
3116 1917 3428 1985 deprecatio
3468 1933 3586 1973 vero
3610 1920 3664 1974 de
3686 1934 3751 1973 rc-

2218 1997 2475 2052 motione.
2501 1996 2752 2054 Ostendit
2790 2011 2973 2057 autem
3000 2020 3058 2059 se
3098 2008 3419 2078 adepturum
3443 2015 3573 2079 quod
3599 2021 3753 2065 oratct

2215 2088 2357 2156 quod
2411 2089 2779 2158 deprecatur:
2811 2100 2867 2147 et
2920 2096 3250 2152 confidentia
3306 2100 3482 2154 meriti
3518 2110 3569 2156 et
3608 2115 3752 2156 exem-

2216 2178 2303 2247 plo
2339 2179 2724 2240 beneficiorum
2750 2224 2767 2249 ,
2807 2198 2929 2254 quze
2961 2186 3073 2255 jam
3101 2190 3297 2259 adepta
3328 2200 3429 2269 est,
3449 2203 3499 2247 et
3526 2192 3616 2247 hac
3654 2208 3752 2246 con-

2218 2270 2436 2325 fidentia
2468 2286 2573 2341 qua
2600 2274 2933 2344 adipiscetur
2967 2292 3025 2333 se
3045 2279 3318 2349 psalmum
3351 2283 3600 2337 dicturam
3629 2282 3751 2353 polli-

2215 2371 2386 2416 CCIOF.

2287 2450 2524 2519 Exaudi,
2556 2454 2717 2520 Deus,
2742 2455 3158 2526 deprecationem
3188 2476 3383 2527 meam,
3414 2471 3471 2517 ut
3511 2478 3588 2517 me
3612 2472 3753 2533 prote-

2215 2554 2310 2612 gas
2340 2555 2368 2595 a
2400 2542 2546 2597 vitiis
2581 2553 2632 2598 et
2670 2556 2831 2613 ptena
2873 2556 3155 2616 perpetua,
3185 2552 3514 2606 removendo
3546 2566 3599 2606 ea
3627 2568 3649 2605 a
3673 2567 3750 2605 me.

2216 2628 2436 2687 Intende
2487 2633 2714 2688 orationi
2750 2651 2896 2702 mete,
2932 2629 3005 2691 id‘
3040 2647 3124 2694 est
3166 2640 3460 2712 diligenter
3514 2642 3625 2696 audi
3657 2659 3752 2697 ora-

2218 2721 2417 2776 tionem
2470 2731 2644 2778 meam
2699 2744 2711 2778 :
2760 2727 2846 2781 vel
2904 2728 3145 2792 intende,
3203 2730 3257 2785 id
3318 2744 3399 2788 est
3449 2735 3753 2789 intensumte

2214 2813 2302 2869 fac
2328 2815 2564 2870 orationi
2606 2833 2761 2885 mete;
2796 2819 3007 2875 scilicet
3056 2823 3197 2878 sicut
3249 2823 3468 2882 intense
3497 2843 3601 2892 oro,
3632 2828 3687 2881 ita
3712 2836 3752 2881 et

2216 2911 2271 2956 tu
2301 2904 2513 2961 intense
2544 2908 2687 2977 quod
2734 2922 2832 2965 oro
2862 2910 3087 2983 largire,
3122 2912 3340 2972 scilicet
3371 2927 3427 2972 ut
3454 2919 3539 2988 qui
3560 2917 3654 2987 iam
3681 2920 3752 2973 ha-

2215 2997 2392 3054 bitare
2421 3001 2559 3069 ccepi
2586 3002 2637 3055 in
2666 3003 3017 3061 tabernaculo
3051 3015 3163 3075 tuo,
3191 3009 3242 3063 id
3275 3019 3367 3064 est
3399 3010 3449 3064 in
3477 3011 3643 3064 militia
3666 3021 3749 3074 tua,

532 3110 655 3154 turo
692 3112 723 3153 a
765 3098 921 3153 malis
978 3099 1210 3169 partitos
1263 3098 1315 3153 in
1367 3098 1642 3154 civitatem
1701 3095 1964 3152 munitam
2018 3093 2112 3150 de-
2139 3089 2184 3149 C
2216 3087 2303 3142 hic
2328 3090 2498 3159 magis
2526 3105 2591 3147 ac
2618 3095 2788 3164 magis
2819 3097 3157 3163 inhabilem,
3182 3108 3235 3154 et
3281 3100 3342 3155 in
3375 3100 3546 3157 futuro
3574 3101 3751 3156 Incredi-

532 3193 731 3257 duces,
782 3200 837 3247 et
870 3192 958 3247 hic
1005 3193 1058 3246 in
1106 3190 1400 3247 ldummam
1454 3190 1883 3246 calceamentum
1924 3198 2113 3246 exten-

531 3284 661 3350 des,
701 3284 801 3339 etsi
844 3284 1037 3339 videar
1091 3298 1119 3335 a
1171 3290 1225 3338 te
1266 3286 1522 3354 repulsa,
1576 3292 1755 3337 tamen
1824 3280 1876 3337 in
1932 3282 2112 3335 futuro

530 3375 705 3429 deduc
734 3389 819 3428 me
858 3374 915 3427 in
967 3374 1244 3429 civitatem
1277 3374 1570 3438 munitam;
1603 3382 1658 3427 et
1688 3373 1776 3429 hic
1825 3371 1986 3428 dilata
2028 3387 2115 3428 me

534 3479 704 3531 usque
735 3464 787 3518 in
812 3463 1098 3518 idumaeam
1129 3481 1142 3517 :
1178 3480 1299 3518 nam
1325 3465 1446 3534 quis
1473 3472 1649 3534 potest
1678 3465 1781 3518 hoc
1808 3463 1989 3519 facere
2010 3465 2113 3520 nisi

535 3554 630 3608 tu?
662 3555 862 3610 nullus.
896 3555 1010 3609 Hoc
1051 3566 1232 3609 autem
1280 3570 1345 3610 ex
1389 3555 1595 3625 ingenti
1649 3555 1923 3611 desiderio
1963 3558 2115 3626 ponit

532 3644 941 3713 interrogative.
975 3644 1092 3698 Dixi
1119 3645 1261 3714 quod
1294 3644 1531 3716 repulisti
1551 3661 1665 3712 nos,
1706 3645 1758 3701 id
1783 3656 1891 3714 est,
1912 3646 2114 3703 videris

535 3734 624 3788 hic
672 3734 934 3803 repellere
974 3736 1025 3790 in
1069 3736 1418 3791 tribulatione
1466 3738 1704 3808 positos;
1753 3747 1808 3793 et
1839 3739 1959 3794 ideo
1988 3740 2112 3809 quia

534 3825 623 3881 hic
653 3840 750 3881 nos
792 3828 1063 3897 permittis
1094 3826 1146 3883 in
1182 3828 1547 3899 tribulatione,
1578 3831 1648 3885 da
1677 3831 1824 3886 nobis
1854 3831 2114 3886 auxilium

536 3917 599 3971 de
620 3918 976 3984 tribulatione,
1004 3919 1054 3975 id
1086 3929 1170 3975 est
1202 3935 1300 3990 per
1339 3921 1480 3976 hanc
1502 3921 1924 3987 tribulationem,
1952 3936 2112 3991 quam

539 4009 796 4080 patimur.
833 4009 986 4078 Quod
1015 4020 1097 4067 est
1128 4013 1307 4068 dicere
1341 4031 1355 4068 :
1381 4011 1488 4069 Fac
1512 4025 1569 4069 ut
1599 4014 1713 4071 haec
1742 4016 2014 4071 tribulatio
2042 4016 2113 4071 sit

537 4102 693 4156 nobis
723 4102 1007 4169 auxilium,
1042 4102 1095 4159 id
1140 4115 1225 4159 est
1257 4120 1420 4160 causa
1452 4105 1663 4171 salutis,
1696 4107 1820 4161 dum
1854 4122 1950 4177 per
1992 4120 2113 4162 eam

531 4194 887 4261 excoquimur
921 4209 949 4246 a
989 4195 1241 4250 sordibus
1273 4195 1504 4260 nostris;
1536 4204 1590 4252 et
1621 4196 1743 4252 ideo
1769 4212 1991 4252 oramus
2019 4210 2115 4267 per

534 4284 912 4339 tribulationcs
942 4286 1209 4356 adjuvari,
1235 4288 1358 4358 quia
1386 4304 1521 4341 vana
1566 4296 1649 4343 est
1676 4288 1820 4342 salus
1865 4289 2111 4343 hominis.

528 4377 609 4431 Ac
638 4376 681 4431 si
720 4377 924 4432 diceret
950 4393 961 4431 :
993 4376 1227 4433 Oramus
1273 4378 1516 4446 adjuvari
1546 4392 1642 4448 per
1672 4378 2105 4445 tribulationem,

531 4483 637 4522 non
688 4483 783 4539 per
826 4469 1120 4524 humanum
1171 4472 1451 4534 auxilium,
1494 4472 1620 4542 quia
1680 4472 1827 4528 salus
1876 4473 2111 4529 humana

532 4573 671 4613 vana
702 4569 809 4628 est,
851 4560 903 4615 id
949 4570 1034 4617 est
1071 4564 1365 4617 humanum
1419 4564 1683 4617 auxilium
1723 4579 1917 4619 vanum
1951 4579 1980 4618 a
2022 4577 2113 4618 sa-

532 4650 665 4703 lute.
679 4650 820 4717 Dixi,
834 4668 865 4706 ο
880 4653 1169 4717 auditores,
1186 4654 1327 4725 quod
1342 4654 1481 4708 Deus
1504 4670 1608 4709 non
1625 4654 1933 4725 egredietur
1950 4656 2003 4709 in
2018 4656 2116 4709 vir-

534 4740 729 4796 tutibus
752 4744 975 4809 nostris;
1005 4759 1105 4800 nos
1132 4748 1277 4801 enim
1305 4762 1411 4801 non
1435 4748 1888 4818 congregabimus
1919 4748 2114 4804 amodo

533 4832 784 4899 virtutes,
814 4834 905 4888 sed
933 4835 986 4887 in
1013 4834 1123 4889 Deo
1150 4836 1401 4906 faciemus
1446 4838 1684 4891 virtutem
1732 4847 1998 4900 nostram,
2059 4837 2115 4893 id

533 4932 637 4989 est,
666 4922 830 4977 Deum
858 4924 1177 4980 habebimus
1200 4943 1296 4995 pro
1328 4929 1549 4992 virtute,
1580 4939 1635 4983 ct
1667 4929 1719 4983 in
1763 4943 1830 4985 eo
1872 4929 2113 4985 conlide-

536 5032 655 5070 tuus
683 5016 855 5088 magis
890 5032 1051 5088 quam
1084 5017 1136 5070 in
1175 5018 1355 5088 aliqua
1404 5020 1634 5088 virtute,
1684 5031 1742 5075 ut
1785 5021 1897 5091 ipse
1946 5021 2112 5077 faciat

535 5120 637 5159 nos
668 5106 917 5161 inimicos
948 5115 1164 5160 nostros
1202 5122 1460 5175 superare
1491 5125 1505 5175 ;
1540 5120 1587 5162 et
1634 5112 1740 5179 ipse
1767 5109 1983 5164 deducet
2016 5111 2113 5164 tri-

534 5196 773 5251 bulantes
819 5214 912 5253 nos
941 5197 1010 5252 ad
1049 5197 1289 5266 nihilum,
1325 5200 1377 5253 id
1423 5210 1505 5255 est
1544 5201 1611 5255 de
1641 5202 1843 5255 malitia
1894 5218 1987 5256 sua
2016 5217 2113 5271 per

537 5288 973 5354 praedicationem
1004 5298 1247 5343 nostram
1287 5290 1447 5344 faciet
1479 5306 1571 5346 eos
1598 5291 1787 5346 bonos.
1823 5291 1917 5346 Vel
1946 5293 2127 5367 dedu-V

535 5389 611 5433 cet
643 5378 695 5432 in
728 5378 906 5435 futuro
935 5381 1004 5435 ad
1035 5381 1253 5435 nihilum
1291 5382 1597 5437 tribulantes
1633 5402 1760 5451 nos,
1804 5386 1855 5440 id
1886 5397 1970 5441 est
2015 5402 2112 5457 po-

535 5478 786 5523 testatem
834 5471 1207 5527 tribulautium
1238 5487 1355 5539 nos,
1393 5487 1457 5527 ne
1489 5473 1643 5528 nobis
1675 5474 1726 5527 in
1761 5474 1942 5529 futuro
1969 5492 2109 5546 pra:-

535 5558 749 5613 valeaut
777 5561 917 5615 sicut
957 5563 1115 5617 modo
1155 5564 1206 5617 iu
1237 5577 1465 5633 corpore
1494 5562 1808 5633 prmvalent.
1839 5566 1987 5621 llanc
2013 5584 2107 5622 uu-

538 5660 642 5704 tem
673 5654 1051 5724 apostt-Opham
1084 5654 1149 5709 ad
1171 5655 1445 5712 auditores
1482 5656 1626 5723 facit,
1662 5668 1716 5712 ut
1746 5657 1829 5711 sui
1862 5658 2107 5727 exemplo

2217 3186 2383 3236 tatem
2421 3198 2596 3239 meam
2651 3187 2981 3257 possideam.
3014 3189 3084 3246 Et
3126 3191 3353 3263 dignum
3404 3203 3482 3249 est
3536 3203 3587 3248 ut
3620 3208 3751 3248 exau«

2214 3272 2331 3328 dias
2362 3291 2376 3328 :
2405 3290 2530 3329 nam
2562 3276 2788 3333 clamavi
2813 3288 2868 3335 et
2898 3296 3016 3349 ore,
3047 3290 3102 3338 et
3124 3296 3315 3354 Opere,
3341 3295 3396 3340 et
3427 3296 3613 3351 mente,
3636 3285 3691 3338 ad
3715 3294 3751 3338 te

2214 3366 2650 3433 promerendum,
2682 3383 2787 3424 non
2811 3371 3016 3444 aliquid
3045 3384 3359 3443 terrenum;
3391 3386 3439 3431 et
3463 3378 3555 3431 iste
3592 3376 3751 3430 clamor

2214 3456 2482 3524 processit
2509 3474 2540 3511 a
2574 3458 2769 3526 ﬁnibus
2813 3471 2986 3528 terrm,
3021 3464 3074 3518 id
3118 3473 3205 3520 est
3255 3467 3599 3523 terrenitatis.
3633 3463 3750 3532 Quod

2215 3541 2500 3597 estdicere
2531 3560 2543 3596 :
2571 3542 2676 3599 Per
2708 3545 2809 3601 hoc
2832 3548 3022 3603 deveni
3050 3550 3116 3605 ad
3145 3552 3291 3608 hunc
3325 3552 3620 3617 clamorem,
3641 3551 3750 3621 quod

2215 3631 2269 3687 in
2300 3646 2387 3689 me
2421 3632 2569 3689 finiri
2601 3649 2820 3692 omnem
2863 3642 3239 3697 terreuitatem
3259 3684 3275 3707 ,
3310 3654 3372 3700 ut
3402 3661 3503 3700 non
3547 3643 3749 3706 terrenis,

2215 3731 2308 3786 sed
2340 3731 2671 3801 spiritalibus
2694 3735 2985 3805 inhiarem,
3001 3742 3365 3810 prtetentione
3390 3743 3580 3798 meriti.
3599 3739 3750 3797 Osten-

2216 3822 2295 3877 dit
2315 3832 2496 3878 autem
2528 3823 2798 3881 beneficia
2825 3826 2937 3897 jam
2968 3830 3182 3900 adepta,
3215 3847 3449 3903 quorum
3474 3831 3685 3903 exemplo
3705 3843 3749 3885 se

2215 3912 2393 3968 credit
2444 3914 2767 3985 adepturam
2805 3918 2948 3988 quod
2988 3931 3128 3975 orat.
3163 3922 3301 3979 Dico
3334 3926 3541 3992 exaudi,
3566 3936 3615 3978 et
3638 3922 3749 3992 quod

2213 4019 2311 4061 oro
2334 4014 2388 4061 et
2414 4008 2556 4077 quod
2593 4009 2858 4080 deprecor
2887 4027 2901 4065 :
2933 4020 2989 4068 et
3026 4016 3297 4073 exaudire
3344 4019 3504 4073 debes
3529 4032 3633 4072 cum
3659 4016 3747 4069 hac

2214 4097 2478 4155 beneficia
2507 4098 2620 4168 jam
2663 4100 3015 4170 impenderis,
3047 4106 3257 4162 scilicet
3289 4108 3435 4179 quod
3476 4106 3688 4163 exaltasti
3707 4106 3747 4157 ia

2213 4200 2382 4259 petra,
2415 4191 2467 4247 id
2503 4203 2587 4248 est
2613 4192 2664 4247 in
2690 4193 3079 4252 conformitate
3104 4197 3337 4267 Christi,
3360 4201 3449 4270 qui
3474 4200 3609 4254 firma
3630 4206 3746 4268 petra

2215 4293 2332 4346 est,
2363 4300 2467 4351 me,
2490 4300 2609 4355 quae
2631 4294 2757 4341 ante
2781 4286 3035 4357 depressa
3058 4304 3207 4345 eram
3238 4292 3292 4346 in
3328 4293 3489 4348 vitiis.
3526 4289 3654 4357 Quod
3684 4297 3747 4341 est

2215 4375 2436 4430 dicere:
2469 4376 2732 4433 Exaltasti
2780 4391 2869 4434 me
2915 4379 2969 4435 in
3016 4380 3353 4450 virtutibus,
3401 4394 3458 4438 ut
3504 4377 3745 4438 conformis

2144 4440 2194 4501 θ
2215 4482 2392 4523 essem
2419 4467 2659 4525 Christo.
2690 4468 2848 4524 Petra
2881 4485 3012 4527 vero
3029 4472 3281 4530 Christus
3313 4440 3529 4540 dicitur,
3556 4488 3611 4527 eo
3637 4468 3745 4539 quod

2217 4559 2284 4613 ad
2310 4560 2720 4615 similitudinem
2771 4571 2941 4631 petras
2991 4558 3206 4620 ﬁrmum
3267 4566 3651 4622 fundamentum
3692 4559 3746 4613 sit

2216 4651 2459 4707 omnium
2488 4651 2747 4718 fidelium,
2774 4668 2842 4709 ne
2866 4655 2919 4708 in
2948 4655 3038 4711 illo
3064 4656 3272 4713 fundati
3298 4658 3476 4730 aliquo
3503 4656 3639 4712 modo
3657 4666 3744 4707 mo-

2216 4751 2464 4797 reantur.
2499 4741 2655 4799 Unde
2684 4744 2978 4813 Apostolus
3004 4764 3017 4801 :
3052 4764 3071 4798 ι
3100 4747 3262 4802 Petra
3288 4757 3466 4804 autem
3496 4755 3600 4801 erat
3625 4739 3743 4797 Chri-

2218 4828 2406 4901 stust
2436 4828 2559 4884 Cor.
2586 4845 2640 4897 x,
2672 4829 2761 4899 4);
2799 4848 2817 4883 ι
2851 4841 2907 4886 et
2930 4834 3195 4904 pr0pheta
3223 4852 3236 4889 :
3264 4850 3283 4885 ι
3320 4834 3435 4889 Erit
3476 4833 3524 4887 in
3557 4829 3739 4900 lapidem

2218 4917 2566 4986 offensionis,
2616 4927 2671 4975 et
2728 4929 2940 4991 petram
3000 4922 3243 4979 scandali
3300 4925 3505 4980 duabus
3543 4918 3741 4975 dantibus

2217 5009 2382 5065 Israel
2411 5010 2544 5082 (Isa.
2571 5026 2688 5078 vnt,
2739 5011 2850 5083 η).
2882 5031 2899 5064 ι
2950 5012 3200 5069 Ostendit
3232 5029 3445 5085 quoque
3472 4998 3599 5067 unde
3626 5001 3720 5062 eral

2219 5103 2374 5169 tavit,
2416 5104 2737 5174 apponendo
2769 5104 2848 5159 sic
2877 5123 2889 5158 :
2925 5105 3092 5160 Dico:
3122 5103 3381 5161 Exaltasti
3407 5148 3421 5171 ,
3477 5105 3625 5164 dum,
3660 5099 3738 5151 hoc

2218 5206 2297 5253 εει
2338 5198 2501 5268 αυοά,
2544 5198 2857 5252 αηῖοὶανειιιν
2897 5212 2962 5253 ex
3003 5198 3337 5253 conscientia
3374 5195 3633 5252 criminum
3670 5200 3738 5240 tor

2216 5304 2411 5353 meum,
2437 5287 2491 5343 id
2523 5296 2624 5356 est,
2658 5303 2754 5344 cor
2780 5290 2907 5343 dum
2947 5303 3129 5344 meum
3154 5297 3294 5357 erat,
3317 5304 3424 5344 non
3447 5297 3602 5341 tuum.
3621 5278 3737 5333 Tunc

2220 5393 2318 5433 cor
2343 5379 2542 5433 dicitur
2573 5394 2695 5435 esse
2722 5382 3040 5450 peccatoris,
3068 5396 3191 5436 cum
3217 5381 3355 5435 male
3386 5378 3572 5449 cogitat
3599 5391 3609 5426 :
3638 5380 3735 5424 llmc

2217 5488 2347 5529 vero
2375 5474 2493 5541 Dei,
2519 5490 2639 5531 cum
2662 5476 2821 5530 bene.
2846 5474 2999 5530 Unde
3027 5474 3287 5545 Prosper:
3330 5494 3349 5527 ί
3381 5473 3491 5528 Non
3515 5464 3658 5524 nostri
3673 5469 3735 5513 est

2218 5565 2613 5632 muneris,cum
2649 5576 2794 5621 recte
2822 5566 3148 5637 cogitamus.
3183 5586 3200 5619 ι
3222 5566 3287 5621 Et
3306 5565 3403 5619 hoc
3427 5572 3580 5618 totum
3606 5562 3735 5608 cstac

2218 5656 2260 5710 si
2297 5656 2502 5711 diceret
2546 5675 2559 5710 :
2601 5655 2864 5712 Exattusti
2900 5674 2982 5712 nte
3044 5659 3113 5715 ab
3178 5658 3446 5713 anxietate
3496 5644 3732 5706 criminum
