3846 6334
132 266 204 324 93!
1114 256 1479 316 EXPOSITIO
1509 258 1572 315 IN
1598 258 1938 321 PSALMOS.
1961 288 2030 297 -—
2060 257 2248 314 lS-AL.
2293 259 2406 315 LX.
3246 273 3355 327 ΜΞ

131 384 416 449 exemptum.
446 373 546 431 Vel
568 374 687 429 sic:
726 369 992 429 Exaltasti
1024 388 1138 439 me,
1189 384 1243 428 et
1269 388 1492 429 necesse
1521 382 1661 439 erat,
1693 381 1739 437 Λ
1775 371 1961 431 lidclcs
1986 388 2083 443 per
2110 382 2336 429 mortem
2368 374 2570 433 Christi
2600 376 2692 433 lilii
2722 379 2956 451 adoptivi
2976 383 3131 452 facti,
3158 403 3354 459 percu,

130 474 226 528 dum
252 473 344 523 hoc
372 475 538 532 esset,
570 474 631 521 ut
651 465 971 520 auxiaretur
992 479 1087 519 cor
1118 481 1321 527 meum,
1347 468 1497 536 prius
1517 467 1661 522 enim
1771 464 1917 517 nitor
1943 463 2240 529 habebunt,
2274 465 2416 520 sicut
2447 467 2539 521 lilii
2578 472 2748 538 patris
2786 473 3181 544 limreditatem,
3229 491 3353 549 post

129 557 551 622 emitristabatur,
603 556 729 625 quia
783 570 881 626 per
927 570 1014 610 me
1063 570 1170 610 non
1221 566 1465 625 poteram
1517 555 1667 612 exal-

131 653 223 708 tari.
242 652 310 704 Ac
337 649 379 704 si
407 647 614 702 diceret
657 660 673 700 :
719 646 954 702 Necesse
992 656 1201 701 eratut
1240 660 1324 702 me
1370 647 1662 713 exaltares,

129 757 220 798 cum
244 755 327 810 per
350 754 433 794 me
464 737 796 792 insulliciens
827 753 1003 793 essent
1032 736 1097 791 ad
1122 737 1491 803 exaltandum,
1522 740 1664 795 unde

127 833 251 887 nimis
285 829 562 885 anxiabar.
602 826 775 883 Nimis
803 829 948 884 enim
991 827 1195 898 aliquid
1233 829 1505 896 anxialur,
1537 845 1661 884 cum

127 924 167 980 id
190 924 242 976 al
267 922 398 991 quoi
428 919 590 975 valde
630 919 845 986 nititur,
888 920 1157 989 attingere
1205 936 1310 975 non
1360 929 1555 990 potest.
1596 921 1663 974 Et

125 1032 190 1070 me
210 1015 480 1069 exaltatum
518 1012 825 1079 deduxisti;
876 1011 930 1066 id
962 1020 1046 1066 est
1086 1026 1439 1081 perseverare
1477 1012 1529 1067 in
1571 1012 1659 1066 illa

124 1105 398 1161 exultatione
446 1103 651 1171 fecisti,
694 1119 761 1158 ne
799 1105 1049 1159 caderem
1082 1120 1097 1170 ;
1138 1104 1242 1169 vel,
1297 1105 1562 1159 deduxisti
1596 1107 1660 1160 de

124 1216 275 1271 magno
302 1200 364 1255 ad
392 1197 588 1271 majus,
630 1207 689 1253 ut
727 1214 813 1254 me
857 1198 1150 1254 exaltatum
1179 1199 1350 1270 magis
1380 1200 1447 1254 de
1476 1201 1563 1255 die
1602 1199 1656 1255 in

123 1290 229 1344 diem
266 1288 554 1344 exaltares.
608 1286 888 1344 Promittit
917 1304 1048 1344 vero
1077 1288 1180 1344 sibi
1225 1304 1293 1344 ex
1328 1289 1658 1346 certitudine

123 1381 223 1449 spei,
247 1393 393 1450 quam
448 1380 638 1445 habet,
687 1395 746 1437 se
784 1381 1103 1450 adepturum
1145 1380 1289 1450 quod
1336 1389 1489 1444 orat,
1531 1396 1655 1436 cum

122 1472 230 1524 addit
261 1489 272 1525 :
304 1471 435 1536 Quia
476 1471 653 1541 {actus
680 1489 733 1528 es
762 1490 879 1543 spes
903 1488 1036 1539 mea,
1080 1473 1242 1527 turris
1270 1472 1598 1543 fortitudinis
1622 1493 1656 1531 a

124 1562 223 1631 {acie
253 1564 456 1620 inimici.

170 1652 449 1709 Inhabitabo
502 1656 559 1710 in
599 1655 940 1712 tabernaculo
987 1665 1078 1712 tuo
1127 1658 1180 1711 in
1226 1660 1443 1725 steeula,
1482 1670 1656 1730 prote-

1768 555 1935 623 ipsius
1984 556 2152 625 patris
2202 567 2479 625 mortem,
2531 563 2767 630 quaudiu
2829 565 3015 621 vivunt
3078 570 3345 627 obtinent.

1768 647 1996 717 Exponit
2039 658 2219 703 autem
2268 650 2437 719 ipsam
2479 652 2856 721 Ita'reditatem,
2884 672 3003 712 cum
3035 660 3343 731 subiungit:

1765 737 1893 794 Dico
1926 739 2066 809 quod
2096 740 2250 796 dabis
2289 742 2679 812 hereditatem;
2724 748 2950 813 scilicet,
2987 752 3204 821 adjicies
3237 758 3347 811 dies

1764 829 1898 898 regis
1929 847 2085 899 super
2110 831 2220 886 dies
2268 836 2429 913 regis.
2477 837 2629 905 Quod
2677 850 2759 895 est
2804 840 3029 897 dicere:
3076 844 3209 899 Cum
3258 849 3348 905 hic

1763 918 2023 975 habemus
2053 921 2167 977 dies
2196 924 2501 983 conformes
2539 929 2732 985 diebus
2770 929 2995 998 Christi,
3028 944 3348 993 antonoma-

1761 1010 1895 1065 stice
1925 1011 2083 1082 regis,
2116 1023 2173 1066 ut
2200 1014 2288 1069 hic
2326 1032 2423 1085 pro
2462 1032 2618 1087 posse
2649 1032 2834 1076 nostro
2859 1022 3177 1093 militemus,
3203 1027 3348 1083 sicut

1762 1101 1876 1170 ipse
1922 1102 2015 1156 tibi
2053 1102 2164 1160 Deo
2203 1104 2255 1159 in
2300 1108 2400 1162 hac
2433 1111 2540 1163 vita
2591 1112 2863 1180 militavit,
2914 1116 3134 1185 adjities
3190 1119 3346 1175 nobis

1757 1205 1877 1265 post
1905 1207 2132 1253 mortem
2165 1201 2346 1258 carnis
2373 1203 2509 1259 alios
2536 1204 2650 1261 dies
2674 1208 2985 1265 conl'ormes
3010 1211 3133 1267 aliis
3154 1213 3346 1269 diebus

1759 1287 1958 1343 Christi
1992 1288 2151 1359 regis,
2174 1291 2265 1361 qui
2295 1303 2455 1349 erunt
2484 1311 2640 1367 super
2667 1312 2767 1353 nos
2800 1300 2910 1353 dies
2933 1302 3066 1372 regis
3100 1318 3343 1372 praisen-

1758 1388 1841 1435 tes
1888 1381 2182 1449 digniores.
2222 1384 2343 1439 Dies
2381 1386 2588 1442 scilicet
2628 1398 2885 1454 aeternos.
2926 1391 2979 1445 id
3029 1402 3133 1458 est,
3174 1396 3341 1450 vitam

1756 1482 2092 1542 perpetuam,
2124 1489 2245 1543 qum
2281 1477 2577 1533 conformis
2611 1480 2717 1534 erit
2757 1480 2882 1535 vita:
2912 1482 3134 1548 Christi,
3176 1500 3338 1552 quam

1754 1572 1879 1636 post
1908 1574 2137 1621 mortem
2160 1568 2344 1624 carnis
2372 1569 2599 1641 adeptus
2623 1580 2708 1626 est
2735 1590 2748 1626 :
2773 1572 2912 1644 sicut
2940 1574 3053 1644 ipse
3077 1584 3336 1632 leStatur:

1763 1674 1780 1708 ι
1817 1655 1927 1727 Ego
1962 1656 2086 1712 vivo
2120 1667 2176 1715 et
2219 1673 2315 1714 vos
2364 1660 2556 1715 vivetis
2604 1661 2786 1731 (Joan.
2827 1678 2938 1728 xxv,
2993 1664 3101 1732 l9).
3132 1683 3151 1715 ι
3201 1664 3339 1732 Quia

123 1759 193 1812 gar
226 1745 270 1797 in
324 1742 612 1800 velamento
660 1745 867 1800 alarum
912 1755 1144 1801 tuarum.
1200 1746 1354 1815 Quod
1397 1750 1479 1806 sic
1522 1766 1655 1806 con-
1684 1741 1730 1802 Β
1759 1762 1888 1803 vero
1916 1749 2127 1804 dixerat
2154 1751 2288 1818 dies,
2333 1766 2402 1806 ne
2443 1752 2759 1809 viderentur
2791 1769 2981 1824 parum
3022 1757 3150 1825 quid
3191 1772 3334 1820 esse.

124 1834 312 1887 tinuatur
353 1844 406 1890 et
450 1836 824 1903 construitur,
873 1847 932 1893 ut
987 1839 1212 1908 singulis
1259 1840 1469 1910 singula
1526 1843 1648 1897 red-

124 1924 289 1980 dantur.
322 1926 435 1981 Dixi
482 1946 494 1981 :
533 1927 753 1983 Exaudi
785 1928 1199 1999 deprecationem
1245 1949 1435 1997 meam,
1473 1942 1533 1989 ut
1563 1948 1648 1989 me

122 2026 318 2087 protegas
346 2033 375 2073 a
402 2019 550 2075 vitiis
583 2030 642 2075 et
683 2033 843 2090 pmna
872 2031 1128 2092 perpetua
1148 2062 1163 2088 ,
1201 2032 1256 2079 et
1280 2024 1488 2079 intende
1527 2042 1649 2081 ora-

124 2110 215 2163 tioni
258 2126 393 2179 mete,
440 2121 500 2168 ut
538 2114 713 2184 magis
741 2115 1025 2187 magisque
1056 2116 1224 2171 facias
1259 2116 1565 2176 inhabitare
1593 2122 1648 2174 in

123 2205 398 2260 tabernaculo
420 2218 510 2263 tuo
545 2225 565 2264 :
596 2219 651 2265 et
682 2210 844 2281 hujus
869 2213 946 2268 rei
990 2228 1152 2284 quam
1181 2215 1443 2285 deprecor
1469 2226 1524 2272 et
1548 2232 1647 2272 oro

124 2294 419 2362 adipiscendae
453 2309 610 2355 certa
644 2316 786 2368 sum,
834 2302 1045 2360 scilicet
1075 2306 1201 2375 quia
1243 2307 1415 2375 factus
1443 2324 1497 2363 es
1531 2325 1645 2379 spes

123 2401 218 2451 mea,
243 2387 288 2442 id
315 2399 417 2454 est,
452 2394 584 2462 quia
614 2409 712 2465 per
742 2395 844 2451 hoc
871 2397 1015 2466 quod
1062 2412 1147 2451 me
1194 2400 1440 2455 exaltasti
1471 2412 1524 2457 et
1555 2404 1645 2457 de-

123 2477 289 2545 duxisti,
315 2482 480 2553 factus
520 2502 578 2540 es
610 2486 756 2552 talis,
790 2488 842 2543 iu
891 2503 1001 2559 quo
1030 2489 1101 2545 sit
1146 2506 1261 2560 spes
1312 2508 1445 2559 mea,
1496 2503 1641 2550 certa

123 2584 207 2625 sum
233 2574 341 2642 quis
369 2575 671 2631 inhabitabo
717 2579 772 2633 in
825 2580 1167 2636 tabernaculo
1205 2593 1327 2650 tuo,
1361 2583 1411 2638 id
1463 2593 1549 2640 est
1588 2584 1643 2641 in

123 2662 263 2718 militia
301 2676 381 2722 tua
413 2670 585 2739 magis
611 2672 788 2745 eundo
817 2672 871 2728 in
893 2673 1090 2728 stecula
1116 2675 1411 2743 mundana,
1445 2676 1497 2731 id
1526 2688 1635 2745 est,

124 2756 303 2821 quandlu
373 2760 569 2815 siceula
655 2763 926 2820 mundana
1001 2766 1310 2831 durabunt,
1388 2778 1643 2839 perseve-

124 2847 216 2902 rabo
266 2850 312 2905 in
369 2852 561 2910 militia
612 2863 743 2922 tua,
804 2857 897 2927 qui
956 2856 1155 2931 inempi
1202 2860 1395 2917 deduci
1446 2864 1500 2918 in
1553 2878 1639 2920 ea.

124 2938 240 3009 215
271 2940 371 3000 lloe
398 2945 541 3015 quod
575 2945 707 3002 dicit
734 2964 748 3001 :
788 2945 987 3004 Factus
1029 2967 1082 3005 es
1108 2968 1222 3020 spes
1247 2968 1382 3019 mea,
1412 2956 1638 3025 empha-

124 3029 197 3085 ticc
213 3035 354 3101 ponit.
372 3035 434 3090 Et
453 3038 585 3107 quia
616 3037 789 3095 factus
810 3054 871 3095 es
898 3042 1061 3096 turris
1096 3043 1423 3112 fortitudinis
1448 3063 1479 3098 a
1503 3046 1640 3115 facie

123 3120 286 3192 inimici.
302 3129 347 3183 id
367 3139 468 3197 est,
493 3131 623 3203 quia
648 3131 823 3188 factus
842 3150 901 3190 es
920 3136 1054 3190 mihi
1080 3111 1219 3193 forte
1243 3111 1637 3195 munimentum
1666 3111 1706 3168 Ο

124 3211 412 3274 abinstantia
456 3222 664 3279 inimici
709 3223 935 3281 visibilis
976 3234 1029 3281 et
1080 3226 1369 3284 invisibilis
1399 3243 1486 3284 me
1527 3228 1637 3285 cri-

125 3304 256 3373 piens,
280 3322 413 3366 certa
440 3328 564 3370 sum
592 3315 716 3385 quia
749 3317 990 3372 existens
1020 3319 1077 3372 in
1114 3318 1404 3374 velamento
1428 3321 1636 3375 alarum

124 3403 279 3481 tuarum
302 3440 315 3465 ,
357 3401 404 3456 id
430 3414 515 3460 est
548 3406 603 3460 in
648 3406 966 3462 delensione
997 3415 1089 3465 tua
1132 3419 1379 3481 protegar
1399 3423 1419 3462 .'
1446 3420 1502 3466 et
1548 3410 1639 3467 hic

125 3480 417 3548 indesinenter
434 3510 463 3550 a
491 3495 668 3562 vitiis,
690 3507 745 3553 et
772 3498 825 3554 in
853 3498 1037 3555 futuro
1061 3516 1090 3557 a
1119 3514 1300 3572 pinna.
1328 3503 1482 3571 Quod
1500 3504 1639 3560 dicit

124 3574 159 3627 in
176 3580 414 3641 «lamenta
451 3590 686 3657 alarum,
720 3608 827 3648 non
858 3593 1058 3649 dicitur
1083 3597 1229 3665 quod
1262 3597 1377 3653 alas
1418 3598 1635 3664 habeat,

125 3666 189 3720 sed
225 3686 249 3725 a
285 3676 627 3739 similitudine
656 3683 895 3740 volucris
946 3686 1137 3756 ponit,
1175 3702 1295 3758 quas
1345 3690 1522 3760 pullos
1568 3691 1637 3746 ab

123 3775 215 3818 testu
235 3778 276 3822 et
298 3773 461 3841 pluvia
487 3786 549 3833 et
573 3776 858 3837 volnerum
895 3783 1172 3852 rapacium
1195 3784 1397 3854 impetu
1427 3784 1632 3840 alarum

125 3856 359 3945 piamento
380 3872 633 3942 protegit.
669 3872 734 3927 Et
756 3882 837 3930 est
864 3875 1147 3945 aequipolle
1159 3891 1220 3931 ns
1244 3891 1304 3931 ac
1327 3876 1372 3933 si
1398 3878 1629 3933 diceret:

124 3944 314 4025 Protegcs
347 3976 427 4017 me
469 3965 528 4019 in
576 3963 893 4022 defensione
922 3944 1032 4024 tua.
1067 3967 1164 4024 Vel
1207 3985 1304 4039 per
1342 3969 1459 4026 alas
1511 3987 1635 4043 pos-

124 4050 209 4140 sunt
226 4048 369 4119 accipi
399 4054 518 4110 dua:
549 4053 717 4126 leges,
742 4068 896 4114 vetus
926 4068 981 4114 et
1008 4075 1176 4126 nova,
1199 4076 1295 4117 seu
1342 4063 1504 4118 etiam
1543 4080 1633 4136 ge-

123 4138 478 4211 Ittinadilcclio,
534 4146 628 4202 Dei
680 4148 894 4205 scilicet
954 4159 1009 4205 et
1073 4153 1329 4221 proximi.
1389 4154 1630 4222 Quarum

124 4226 318 4286 exercitio
346 4233 596 4294 Ecclesiae
624 4238 811 4297 ﬁdeles
853 4241 1070 4299 assidue
1100 4244 1433 4317 refrigerati,
1459 4257 1512 4303 et
1544 4248 1631 4305 hic

123 4323 419 4407 ill’chgttnlur,
452 4346 518 4386 ne
546 4346 575 4385 a
618 4332 1060 4391 tribulationibus
1097 4347 1445 4407 superentur,
1477 4348 1533 4396 et
1573 4340 1626 4397 ln

126 4398 269 4497 laturo,
307 4430 369 4472 ne
395 4433 550 4489 paena
582 4433 841 4494 perpetua
875 4426 1193 4497 puniantur,
1234 4430 1375 4485 sicut
1406 4430 1505 4487 aiis
1534 4446 1627 4488 vo-

124 4490 238 4590 lueris
260 4506 366 4571 pulli
401 4512 466 4567 ab
505 4515 654 4569 omni
708 4514 929 4572 laesione
960 4528 1342 4590 proteguntur.

169 4583 255 4643 Non
276 4597 428 4654 solum
455 4611 634 4658 autem
678 4620 837 4674 spero
874 4583 1015 4677 quod
1038 4583 1340 4663 init-abitabo
1368 4613 1422 4665 in
1454 4612 1628 4668 taber-

125 4681 255 4736 narulo
280 4696 376 4756 tuo,
406 4692 521 4751 ideo
560 4698 701 4767 quod
740 4698 912 4768 factus
952 4717 1006 4755 es
1043 4718 1158 4771 spes
1188 4719 1322 4769 mea,
1359 4704 1453 4759 sed
1504 4706 1627 4763 ideo

124 4777 277 4865 (ιξιοιιιε
314 4788 544 4853 quoniam
591 4800 673 4855 tu,
724 4790 885 4857 Deus,
934 4793 1025 4863 qui
1075 4803 1268 4865 potens
1289 4810 1349 4853 es
1374 4797 1442 4852 ad
1480 4812 1628 4854 com-

124 4853 307 4922 plendum
348 4878 479 4942 quod
535 4892 653 4945 oro,
691 4881 955 4936 exaudiin
1004 4885 1295 4941 orationem
1343 4903 1533 4957 meam,
1574 4888 1625 4945 id

125 4959 481 5056 e5_l.tl-isposuisti
524 4973 794 5045 complere
826 4977 1130 5033 orationem
1174 4996 1374 5048 meam,
1415 4983 1623 5041 scilicet

128 5051 165 5095 Ill
188 5051 430 5117 inhaliitem
460 5065 510 5119 in
543 5067 893 5124 tabernaculo
939 5079 1030 5125 tuo
1063 5070 1115 5124 in
1147 5073 1341 5127 sweula
1371 5091 1384 5128 :
1427 5086 1481 5130 et
1514 5091 1618 5131 non

126 5134 245 5229 solum
272 5146 403 5206 dabis
431 5165 487 5208 ut
512 5156 602 5212 hic
624 5158 918 5214 inhabilem
954 5160 1005 5214 iu
1040 5161 1412 5229 tabernaculo.
1439 5165 1532 5219 Sed
1562 5166 1615 5221 ἱη

128 5218 255 5319 lnlnro
299 5240 485 5313 dedisti,
544 5248 599 5304 id
644 5257 728 5305 est
779 5251 963 5319 dabis,
1013 5252 1372 5309 [nereditatem
1404 5265 1622 5313 aeterna:

126 5310 397 5413 iteznitndinis
438 5341 730 5397 timentibus
773 5360 957 5399 nomen
1008 5356 1182 5410 tuum,
1227 5347 1436 5403 scilicet
1491 5365 1612 5405 cum

131 5410 268 5510 “imre
299 5424 427 5483 casto
461 5432 845 5488 venerantibus
893 5436 996 5489 hoc
1031 5451 1226 5490 nomen
1275 5446 1443 5502 tutnn,
1477 5442 1620 5510 quod

129 5506 183 5600 ξδι
220 5505 454 5590 Dominus,
506 5538 612 5580 non
683 5526 995 5581 dolentibus
1035 5535 1090 5582 et
1131 5505 1627 5600 biasplicttiantibus

132 5582 347 5697 illaquod
377 5610 623 5670 Dominus
651 5631 730 5674 es.
765 5617 1147 5674 "nereditatem
1189 5637 1340 5688 vero,
1363 5633 1619 5680 mternam

134 5670 432 5756 latitudinem
459 5720 552 5776 per
578 5707 984 5766 similitudinem
1019 5710 1171 5781 dicit,
1210 5727 1273 5769 eo
1315 5716 1457 5785 quod
1498 5732 1616 5770 eam

1750 1840 1985 1910 diguiori
2031 1857 2126 1898 eos
2172 1844 2434 1899 vocabulo
2480 1854 2660 1909 vocat,
2717 1859 2840 1900 eum
2882 1846 3068 1901 addit:
3123 1848 3338 1904 scilicet

1749 1932 1971 2001 adjicies
1995 1949 2160 1988 annos
2187 1936 2331 2006 regis
2367 1950 2530 2006 super
2558 1950 2727 1992 annos
2751 1938 2886 2008 ejus,
2928 1938 3137 1994 scilicet
3168 1942 3333 2011 regis.

1748 2023 1887 2078 Auni
1921 2034 1976 2079 et
2013 2025 2129 2082 dies
2179 2027 2268 2082 hic
2310 2042 2409 2097 pro
2450 2029 2638 2084 eodem
2681 2029 2970 2085 habentur.
3020 2030 3330 2087 Notandum

1749 2130 1856 2168 non
1885 2115 1990 2170 dici
2020 2115 2184 2171 vitam
2216 2128 2532 2189 perpetuam
2558 2119 2677 2176 dies
2707 2120 2788 2176 vel
2820 2138 2990 2177 annos
3024 2123 3328 2193 pluraliter,

1748 2204 1891 2274 quod
1922 2204 1975 2260 in
2006 2219 2068 2260 ea
2105 2207 2178 2261 sit
2202 2208 2411 2263 dierum
2444 2209 2818 2280 multiplicitas
2854 2211 3057 2278 l'utura,
3090 2215 3182 2268 sed
3206 2215 3332 2285 quia

1749 2297 1866 2351 dies
1890 2296 1981 2351 illa
2012 2297 2128 2353 sola
2156 2299 2365 2354 dierum
2397 2299 2627 2355 istorum
2670 2302 3121 2371 multiplicitatcm
3167 2320 3332 2360 exce-

1747 2389 1839 2444 det
1863 2407 1875 2443 :
1902 2390 2027 2446 dico
2044 2391 2187 2461 quod
2217 2393 2436 2463 adjicies
2465 2394 2576 2449 dies
2601 2411 2758 2465 super
2784 2398 2896 2451 dies
2923 2398 3056 2467 regis
3080 2415 3099 2452 :
3132 2411 3192 2453 et
3228 2400 3333 2454 hoc

1745 2482 1914 2539 facies
1948 2484 2002 2538 in
2039 2482 2270 2541 diversis
2295 2486 2459 2555 justis
2476 2504 2637 2556 usque
2668 2488 2721 2542 in
2748 2489 2881 2542 diem
2903 2491 3253 2560 generationis
3283 2501 3334 2546 et

1742 2577 2116 2646 generationis,
2135 2578 2185 2633 id
2207 2580 2489 2646 est,‘dabis
2508 2580 2626 2636 illos
2638 2582 2754 2637 dies
2773 2583 3069 2638 secundem
3094 2584 3330 2639 animam

1744 2667 1972 2723 diversis
1990 2668 2154 2737 justis
2177 2670 2230 2723 in
2254 2670 2468 2727 diverso
2495 2682 2750 2743 tempore.
2780 2673 2950 2751 llodic
2982 2676 3200 2744 quidem
3232 2677 3326 2731 uni

1743 2760 1810 2815 de
1841 2761 1941 2816 hac
1972 2762 2083 2816 vita
2117 2762 2393 2833 migranti,
2422 2780 2545 2820 cras
2574 2767 2691 2831 alii,
2725 2775 2779 2821 et
2801 2776 2921 2836 post
2946 2782 3068 2822 cras
3094 2768 3185 2822 alii
3213 2786 3225 2823 :
3270 2778 3328 2823 et

1742 2851 1824 2908 sie
1846 2867 2059 2923 semper
2088 2870 2185 2925 per
2210 2857 2606 2912 successionem
2643 2872 2814 2927 usque
2846 2858 2897 2911 in
2930 2858 3071 2911 diem
3105 2860 3315 2927 jndicii,

1742 2942 1833 3015 qui
1865 2944 1973 2997 erit
2006 2941 2122 2998 dies
2161 2946 2510 3015 generationis
2542 2956 2589 2999 et
2631 2946 2999 3015 generationis,
3031 2948 3082 3002 id
3118 2957 3202 3003 est
3226 2948 3326 3003 du-

1742 3034 1897 3105 plicis
1935 3036 2320 3105 generatiouis,
2360 3036 2414 3091 in
2440 3052 2547 3107 quo
2574 3038 2761 3093 ﬁdeles
2786 3038 3071 3108 dupliciter
3093 3041 3144 3094 in
3164 3051 3324 3097 acter-

1740 3130 1911 3185 uitate
1956 3130 2379 3201 generabuntur,
2420 3141 2474 3187 et
2504 3131 2801 3186 secundum
2844 3148 3042 3201 corpus
3082 3134 3313 3198 scilicet,

1738 3230 1791 3276 et
1816 3223 2115 3277 secundum
2148 3223 2422 3278 animam:
2460 3225 2552 3293 qui
2580 3237 2702 3277 mox
2735 3232 2853 3293 post
2895 3224 3077 3278 carnis
3116 3225 3321 3279 obitum

1739 3316 2033 3370 secundum
2087 3315 2322 3369 animam
2372 3323 2723 3386 generantur.
2783 3316 2908 3372 Haec
2965 3325 3142 3371 autem
3184 3317 3323 3382 dies,

1740 3418 1770 3457 a
1795 3403 2020 3459 Domino
2040 3404 2154 3460 dies
2179 3404 2603 3475 regenerationis
2623 3413 2988 3473 nuncupatur,
3011 3420 3135 3460 cum
3159 3406 3321 3461 dicit:

1745 3514 1763 3547 ι
1784 3496 1838 3551 ln
1864 3497 2271 3566 regeneratione
2294 3512 2416 3551 cum
2442 3496 2643 3553 sederit
2673 3496 2816 3553 illius
2838 3496 3072 3553 hominis
3101 3497 3321 3567 (Matth.

1741 3604 1855 3655 six,
1885 3588 2002 3659 28),
2039 3607 2057 3640 ι
2087 3600 2192 3643 etc.
2225 3587 2319 3644 Vel
2351 3590 2547 3644 dicitur
2568 3589 2685 3645 dies
2707 3591 3056 3660 generationis
3084 3601 3133 3645 et
3163 3609 3322 3663 gene-

1739 3680 1977 3744 rationis,
2018 3695 2083 3735 eo
2117 3680 2260 3751 quod
2299 3695 2491 3736 omnes
2532 3681 2587 3735 in
2623 3696 2689 3736 eo
2722 3681 3044 3752 spiritaliter
3078 3684 3324 3754 generati

1738 3770 1791 3827 in
1842 3770 1967 3835 lide,
2025 3781 2228 3826 (eterna
2273 3770 2613 3827 beatitudine
2666 3770 2827 3826 simul
2872 3773 3321 3843 generabuutur:

1735 3877 1854 3931 qua:
1895 3864 2176 3934 generatio
2218 3872 2275 3920 et
2324 3863 2604 3935 generatio
2646 3874 2911 3933 permanet
2949 3864 3003 3917 in
3045 3876 3322 3934 conspectu

1732 3955 1831 4011 Dei
1861 3958 1913 4010 in
1942 3966 2216 4022 internum,
2237 3956 2287 4011 id
2310 3966 2409 4023 est,
2437 3955 2528 4026 qui
2546 3955 2911 4026 spiritualiter
2939 3958 3205 4027 generati,
3235 3957 3322 4013 vel

1736 4050 1791 4106 in
1831 4065 2058 4122 corpore
2097 4060 2151 4106 et
2190 4050 2245 4104 in
2287 4051 2468 4104 anima
2512 4049 2781 4121 generati,
2823 4049 3219 4118 permanebunt
3262 4049 3317 4104 in

1732 4151 2016 4207 aiternum,
2062 4142 2115 4196 in
2162 4142 2327 4212 216
2357 4140 2643 4210 praesentia
2673 4148 2730 4195 et
2762 4138 3168 4208 beneplacentia
3199 4136 3316 4201 Dei,

1724 4232 1880 4302 juxta
1914 4233 2040 4288 illud
2064 4233 2309 4302 Apostoli
2341 4250 2357 4289 :
2386 4252 2405 4285 ι
2439 4232 2531 4287 Sic
2557 4247 2773 4301 semper
2799 4246 2921 4285 cum
2951 4231 3178 4285 Domino
3208 4229 3317 4283 eri-
3342 4271 3346 4274 .

1732 4338 1852 4379 mus
1880 4322 1930 4393 (Ι
1958 4321 2135 4376 Thess.
2165 4336 2239 4387 tv,
2283 4322 2393 4392 lli).
2424 4339 2443 4373 ι
2472 4321 2691 4376 Diceret
2714 4320 2908 4390 aliquis
2934 4337 2949 4372 :
2991 4318 3137 4373 Dicis
3169 4317 3317 4387 quod

1733 4414 2129 4485 permanebunt
2163 4414 2218 4466 in
2242 4428 2517 4481 conspectu
2557 4412 2679 4476 Dei,
2703 4427 2768 4466 ac
2790 4411 2834 4465 si
2867 4424 3118 4481 magnum
3151 4417 3329 4483 esset._

1732 4507 1813 4562 Ad
1852 4508 1993 4576 quod
2024 4505 2103 4560 sic
2130 4504 2282 4561 addit
2310 4520 2324 4558 :
2363 4503 2501 4560 Vere
2526 4517 2779 4573 magnum
2818 4511 2904 4556 est
2932 4501 3061 4554 illud
3092 4515 3312 4569 perma-

1733 4613 1880 4654 nere.
1922 4596 2055 4652 Nam
2096 4596 2214 4667 quis
2268 4596 2489 4665 requiret
2551 4602 2738 4666 postea
2778 4592 3218 4657 misericordiam,
3260 4591 3315 4647 id

1733 4700 1817 4745 est
1844 4699 2069 4760 peccata
2109 4686 2333 4751 remitti,
2364 4695 2419 4741 et
2456 4686 2522 4742 de
2572 4684 3011 4740 tribulationibus
3058 4682 3224 4753 eripi;
3266 4692 3315 4737 et

1732 4782 2025 4844 veritatem,
2054 4779 2105 4835 id
2133 4788 2220 4835 est
2252 4788 2515 4834 aeternum
2544 4786 2597 4834 et
2622 4792 2809 4832 verum
2838 4792 2977 4841 esse,
3017 4786 3072 4831 et
3108 4776 3317 4832 incom-

1736 4873 2036 4927 mutabile?
2082 4870 2271 4926 Nemo.
2325 4871 2403 4926 Ac
2434 4872 2477 4927 si
2523 4870 2705 4925 dicat:
2742 4868 2951 4926 Felices
2990 4879 3166 4932 erunt,
3220 4868 3311 4938 qui

1731 4963 2145 5034 permanebunt,
2192 4978 2315 5017 nam
2357 4978 2484 5017 cum
2532 4961 2737 5019 iuerint
2784 4962 3212 5019 misericordiam
3255 4967 3313 5013 es

1727 5065 2015 5112 veritatem
2049 5058 2265 5128 penitus
2297 5057 2501 5126 adepti,
2538 5057 2705 5111 Deum
2747 5056 2813 5111 de
2851 5051 3219 5110 misericordia
3253 5059 3311 5104 et

1727 5147 1957 5202 veritate
1979 5146 2206 5216 amplius
2228 5161 2387 5201 orare
2414 5162 2635 5202 necesse
2663 5161 2767 5201 non
2791 5146 2918 5200 erit.
2941 5143 3080 5212 Ergo
3104 5149 3163 5195 ut
3183 5156 3312 5211 pcr-

1727 5252 1977 5292 maneam
2019 5238 2072 5291 in
2098 5247 2390 5308 conspectu
2431 5248 2544 5304 tuo,
2576 5252 2609 5292 ο
2638 5236 2816 5301 Deus,
2839 5235 3098 5304 psalmum
3135 5234 3312 5287 dicam

1727 5329 1923 5382 nomini
1936 5338 2046 5395 tuo,
2064 5329 2114 5384 id
2130 5340 2212 5385 est
2230 5330 2368 5387 bona
2385 5345 2550 5401 opera
2564 5342 2682 5383 mea
2703 5327 2754 5381 in
2772 5325 3004 5380 evidenti
3029 5340 3222 5395 ponam
3241 5323 3308 5375 ad

1726 5417 1986 5473 honorem
2016 5420 2251 5475 nominis
2274 5421 2369 5485 tui,
2402 5436 2507 5475 non
2537 5420 2603 5473 ad
2634 5417 2875 5472 favorem
2904 5416 3183 5470 hominum
3212 5429 3226 5478 ;
3252 5423 3309 5469 et

1726 5509 1830 5563 hoc
1867 5524 1973 5563 non
2008 5509 2203 5565 faciam
2228 5511 2444 5565 horarie
2468 5524 2644 5577 neque
2689 5508 2912 5574 invitus,
2962 5505 3054 5562 sed
3108 5505 3305 5560 faciam

1725 5612 1789 5666 tle
1814 5612 1899 5665 die
1937 5614 1990 5666 in
2025 5611 2163 5666 diem
2204 5626 2367 5682 opera
2414 5626 2553 5675 mea,
2602 5627 2723 5682 qua:
2752 5610 3008 5666 dicuntur
3047 5620 3188 5676 rota,
3240 5624 3308 5663 eo

1723 5717 1867 5786 quri
1905 5723 2028 5773 voto
2062 5725 2118 5770 et
2148 5713 2416 5770 deiderio
2443 5712 2623 5771 cordis
2656 5714 2812 5780 liunt,
2857 5728 2962 5770 non
3004 5711 3215 5768 invite:
3255 5719 3306 5767 et
