3846 6334
441 297 548 353 9⁵13
605 331 614 340 ο

963 299 966 302 ’
1003 296 1060 352 S.
1104 296 1451 355 BRUNONlS
1491 296 2138 364 CARTHUSIANORUM
2179 299 2660 360 lNSTlTUTORlS
2698 305 2848 365 OPP.
2890 306 3069 376 PARS
3101 308 3141 364 1.

3583 315 3679 372 92L

442 410 547 463 hoc
578 406 771 462 faciam
811 424 970 478 usque
1001 411 1052 463 ιή
1090 409 1362 477 s-a'eulum,
1406 411 1614 467 scilicet
1653 413 1834 466 sa'culi
1864 411 2022 482 hujus
2051 419 2096 476 Α
2129 414 2503 472 tribulationes
2523 419 2576 472 in
2604 435 2689 475 me
2721 419 2883 494 217
2909 424 3190 489 hominem,
3219 423 3367 479 idest
3394 424 3446 482 in
3467 441 3568 493 me,
3595 428 3675 499 qui

433 501 871 557 .s.:bsecutivmn.
932 501 1085 568 Quod
1134 509 1217 557 est
1257 503 1455 568 dicere,
1503 505 1741 574 quandin
1790 508 2022 562 mundus

443 589 550 651 iSIe
575 593 809 648 durabit.

930 685 996 739 IN
1035 685 1366 742 PSALMUM
1403 686 1540 743 LXI.

515 770 730 828 Titulus
757 773 1090 845 Sexagesimi
1137 777 1317 846 primi.
1367 777 1432 831 In
1461 780 1617 845 linem
1660 795 1754 847 pro
1783 778 2022 833 [dit/tun.

445 861 693 917 Psalmus
725 863 914 919 David.
951 865 1108 933 Quod
1139 868 1217 922 sic
1256 870 1545 936 exponitur
1585 885 1599 922 :
1639 869 1884 926 Psalmus
1924 873 2025 926 iste

442 963 526 1007 est
558 955 744 1022 David,
777 956 826 1009 id
871 967 952 1012 est
999 958 1236 1014 Ecclesia
1281 960 1665 1029 perfecturum,
1696 963 2025 1033 cenipositns

440 1058 537 1115 per
560 1047 773 1102 ldithun
803 1049 856 1103 in
899 1049 1078 1113 finem,
1115 1052 1164 1105 id
1206 1062 1287 1106 est
1335 1069 1432 1123 pro
1479 1069 1541 1107 ea
1587 1055 2024 1110 consideratione

442 1138 585 1204 qnozl
629 1148 714 1193 est
755 1139 1012 1194 ldithun:
1061 1142 1112 1196 in
1158 1143 1346 1208 linem,
1397 1145 1448 1199 id
1494 1156 1578 1200 est
1627 1161 1688 1200 ea
1735 1149 2024 1204 occasione

441 1227 588 1296 quod
620 1229 734 1298 ipsa
763 1229 1003 1286 Ecclesia
1036 1243 1120 1287 est
1153 1235 1462 1290 transiliens
1499 1251 1612 1303 eos,
1661 1247 1848 1292 contra
1888 1254 2025 1308 quos

445 1318 532 1372 hic
563 1319 829 1387 disputat:
861 1321 912 1376 in
948 1321 1108 1378 ﬁnem
1136 1325 1380 1390 tendens,
1411 1325 1460 1379 id
1488 1335 1570 1380 est
1603 1327 1655 1380 in
1680 1327 2028 1382 conformita-

444 1416 550 1460 tem
581 1407 780 1463 Chriin
808 1409 930 1466 linis
979 1421 1278 1481 prophetia:
1307 1426 1362 1469 ct
1405 1415 1557 1486 legis.
1592 1417 1839 1486 Disputat
1883 1421 2024 1474 enim

441 1498 496 1550 in
535 1498 636 1554 hoc
674 1500 884 1568 psalmo
940 1503 1182 1560 Ecclesia
1223 1505 1591 1576 perfecturum
1625 1519 1811 1564 contra
1859 1510 2030 1566 Incre-

443 1590 662 1649 ticoset
707 1593 937 1663 gentiles
965 1603 1024 1660 et
1065 1596 1280 1652 Judmos
1310 1599 1401 1669 qui
1447 1599 1633 1656 volunt
1678 1617 1798 1656 eam
1835 1618 1864 1658 a
1912 1604 2029 1674 lege

445 1682 537 1735 Dei
565 1683 829 1740 devocare
863 1695 918 1740 et
940 1701 969 1740 a
1022 1687 1358 1756 subiectione
1392 1689 1527 1759 ejus,
1559 1694 1854 1750 ostendens
1883 1696 2025 1766 quod

2129 505 2306 560 adhuc
2340 507 2502 563 homo
2534 525 2674 578 sum,
2714 512 2768 567 id
2810 522 2895 568 est
2936 517 3184 570 mortalis
3224 523 3274 570 et
3317 518 3593 586 passibilis,
3630 523 3676 576 in

2125 613 2232 671 quo
2262 597 2570 655 facultatem
2613 604 2854 660 irruendi
2893 607 3126 662 habetis.
3170 607 3280 663 Hoc
3311 618 3486 662 autem
3521 610 3678 667 incre-

2125 698 2301 766 palivc
2326 699 2558 767 positum
2587 699 2938 767 aequipollens
2968 707 3073 763 est,
3104 715 3167 754 ac
3206 701 3250 754 si
3293 701 3530 756 diceret:
3561 703 3678 758 Cum

2127 784 2418 842 immobilis
2445 788 2568 852 sim,
2601 788 2847 843 desistite
2878 799 2937 842 nt
2966 789 3304 858 prepterhoc
3335 791 3386 843 in
3421 805 3503 844 me
3526 792 3680 846 irrua-

2127 877 2216 942 lis,
2243 887 2302 932 ut
2341 883 2426 933 me
2463 880 2767 934 revocetis:
2802 895 2926 933 nam
2970 880 3225 934 irruendo
3265 882 3548 949 inter/irim
3582 901 3679 953 vos,

2127 969 2372 1022 universi.
2413 967 2565 1036 Quod
2597 981 2680 1026 cst
2715 971 2924 1027 dicere:
2958 972 3070 1026 lloc
3097 973 3237 1041 quod
3273 973 3323 1026 iit
3361 989 3443 1026 me
3479 975 3682 1039 inuitis,

2126 1075 2291 1113 causa
2327 1070 2409 1115 est
2445 1077 2616 1131 quare
2665 1063 2718 1118 in
2773 1064 2952 1117 anima
3005 1065 3407 1118 interficiamini
3454 1075 3507 1119 et
3552 1068 3685 1121 vobis

2127 1153 2319 1223 loquor
2341 1154 2721 1218 existentibus,
2753 1165 3000 1226 tanquam
3034 1157 3220 1225 parieti
3251 1157 3521 1220 inclinato,
3548 1158 3686 1210 idest

2128 1245 2580 1314 comparabilibns
2603 1247 2792 1315 parieti
2813 1247 2925 1317 jam
2955 1247 3232 1310 inclinato,
3265 1263 3385 1316 qum
3412 1257 3589 1316 prcsto
3614 1258 3688 1301 est

2129 1334 2196 1388 ad
2245 1335 2552 1389 rttendttm:
2586 1344 2755 1390 etest
2785 1337 2889 1390 hoc
2929 1351 2992 1390 ac
3020 1337 3064 1390 si
3105 1337 3346 1390 diceret:
3390 1335 3521 1389 Cum
3562 1337 3690 1389 Deus

2127 1441 2226 1482 vos
2262 1425 2453 1482 fecerit
2489 1427 2868 1492 rationabiles,
2917 1437 2972 1482 ct
3019 1428 3246 1482 liberum
3283 1427 3561 1481 arbitrium
3602 1428 3688 1482 ha-

2127 1517 2338 1582 bentes,
2383 1519 2573 1574 et'sic
2612 1533 2710 1574 vos
2755 1517 2964 1574 habiles
3020 1518 3280 1580 effecerit,
3347 1527 3408 1570 ut
3457 1516 3690 1571 Ecclesia:

2127 1606 2308 1675 paries
2330 1606 2545 1672 essetis,
2574 1622 2670 1660 vos
2695 1622 2859 1676 prave
2884 1607 3113 1662 vivendo
3149 1605 3454 1661 inclinastis
3484 1619 3601 1669 vos,
3643 1604 3689 1688 id

2130 1707 2213 1752 est
2241 1697 2446 1751 fecistis
2467 1707 2622 1766 aptos
2649 1697 2716 1751 ad
2752 1695 3050 1751 cadendum
3083 1698 3135 1750 in
3167 1705 3422 1762 mortem,
3457 1696 3588 1750 sicut
3607 1710 3691 1764 pa-

443 1769 750 1827 nullatenus
778 1788 900 1829 eam
928 1774 1269 1832 devocabunt
1297 1795 1310 1832 :
1346 1788 1401 1835 et
1431 1782 1672 1837 ostendit
1693 1798 1885 1840 causas
1907 1786 2017 1854 pltt-
2058 1789 2103 1848 Β
2133 1790 2241 1846 ries
2269 1791 2562 1845 inclinatus
2585 1801 2743 1860 aptus
2774 1799 2858 1845 est
2887 1791 2952 1845 ad
2991 1790 3316 1846 cadendum.

440 1876 530 1916 res
570 1878 738 1932 quare
783 1879 890 1919 non
938 1876 1196 1936 poterunt
1233 1884 1352 1924 eam
1396 1871 1676 1928 devocare.
1719 1874 2025 1945 Exprobrat

438 1959 620 2007 autem
647 1969 832 2010 eorum
857 1956 1209 2026 impietatem,
1227 1970 1286 2016 ut
1311 1963 1390 2016 sic
1411 1975 1626 2020 revocet
1650 1980 1743 2020 eos
1765 1967 1846 2022 vel
1869 1967 2022 2034 alios,

443 2045 536 2112 qui
565 2047 743 2102 adhuc
775 2057 902 2102 sunt
933 2049 1202 2118 insontes,
1236 2054 1407 2110 bonos
1439 2056 1692 2112 videlicet
1725 2057 1792 2111 ab
1837 2074 2026 2116 eorum

445 2135 831 2194 conformitate
885 2143 1140 2197 retrahat.
1202 2143 1539 2202 Adhortatur
1577 2149 1740 2202 etiam
1789 2151 2025 2205 animam

441 2240 620 2293 suam,
655 2244 720 2284 ne
742 2243 928 2285 eorum
975 2236 1227 2306 exemplo
1265 2253 1294 2291 a
1335 2239 1428 2293 Dei
1476 2240 1810 2311 subiectione
1849 2245 2026 2300 disce-

442 2319 574 2374 dat:
608 2320 780 2376 honos
807 2338 1020 2393 quoque
1043 2338 1101 2380 ut
1133 2328 1184 2381 in
1216 2330 1326 2383 Deo
1364 2341 1581 2398 sperent
1611 2334 1884 2398 admonet,
1919 2351 2025 2391 non

441 2407 498 2462 in
540 2410 738 2480 rapinis
767 2422 823 2467 et
861 2415 1106 2470 divitiis:
1161 2417 1344 2474 dicens
1386 2419 1439 2472 in
1489 2420 1593 2475 ﬁne
1631 2423 1842 2492 psalmi,
1886 2425 2028 2494 quod

445 2498 587 2554 Deus
619 2501 908 2574 unicuique
929 2505 1087 2574 juxta
1125 2522 1288 2578 opera
1327 2526 1424 2565 sua
1479 2515 1702 2568 reddet:
1747 2527 2030 2586 sperantes

443 2589 497 2642 in
529 2605 588 2645 se
638 2592 914 2661 salvando,
944 2604 998 2652 et
1047 2597 1100 2652 itt
1141 2599 1345 2657 divitiis
1389 2614 1670 2674 sperantes
1707 2605 1853 2676 juste
1897 2625 2030 2666 con-

444 2679 767 2738 demnando.

519 2770 709 2830 Nonne
733 2775 842 2832 Deo
865 2780 1100 2851 subjecta
1121 2784 1219 2838 erit
1241 2787 1418 2841 anima
1439 2804 1553 2842 mea
1576 2789 1603 2843 ?
1622 2788 1699 2844 Ac
1721 2791 1766 2846 si
1797 2793 2022 2854 diceret:

449 2862 622 2922 Vultis
649 2883 768 2924 eam
789 2911 803 2936 ,
832 2888 866 2927 ο
896 2873 1017 2930 fidei
1050 2877 1332 2934 catholica:
1361 2881 1680 2949 adversarii,
1709 2899 1738 2939 a
1771 2886 1862 2940 Dei
1897 2888 2022 2944 sub-

438 2957 677 3028 jectione
711 2979 1009 3035 removere,
1053 2969 1104 3023 si
1152 2971 1398 3038 poteritis
1429 2973 1532 3028 hoc
1575 2974 1808 3043 eiiiecrc,
1839 2993 1906 3032 ne
1958 2979 2029 3032 sit

443 3049 682 3117 subjecta
715 3071 726 3106 :
763 3070 1124 3127 nequaquam,
1153 3070 1282 3116 Vere
1310 3063 1549 3132 subjecta
1580 3066 1702 3132 erit,
1734 3083 1838 3122 non
1877 3078 2030 3138 pote-

2206 1884 2553 1939 Demonstrat
2610 1892 2790 1938 autem
2850 1882 3028 1937 adlmc
3075 1897 3172 1937 eos
3221 1897 3345 1937 esse
3395 1881 3688 1944 debiliores,

2133 1990 2254 2030 cum
2305 1975 2452 2029 addit
2486 1993 2498 2028 :
2535 1973 2600 2028 Et
2643 1973 2798 2030 vobis
2835 1974 3028 2044 loquor
3059 1973 3424 2028 existentibus
3458 1980 3690 2040 tanquam

2133 2066 2378 2120 maceria:
2403 2064 2654 2135 depulsae,
2687 2064 2738 2118 id
2765 2073 2869 2128 est,
2898 2065 3142 2118 maceria:
3165 2063 3618 2132 comparaliilibus
3644 2070 3692 2115 et

2134 2171 2238 2210 non
2265 2157 2518 2211 maceria:
2542 2166 2704 2211 rectae
2726 2156 2818 2209 sed
2842 2156 3092 2209 maceria:
3113 2153 3367 2224 depulsrv,
3395 2153 3446 2206 id
3481 2161 3558 2205 est
3589 2166 3692 2219 qua:

2128 2246 2240 2318 jam
2269 2245 2502 2315 impulsa
2544 2253 2648 2312 est,
2693 2253 2748 2300 et
2791 2245 2858 2298 ad
2890 2244 3192 2299 cadendum
3233 2257 3427 2311 prona.
3483 2240 3690 2293 Maceria

2133 2337 2353 2406 proprie
2391 2336 2593 2391 dicitur
2616 2335 2900 2404 congeries
2929 2335 3168 2405 lapidum
3197 2336 3314 2388 sine
3343 2341 3601 2387 cremento
3621 2328 3693 2384 vel

2132 2428 2372 2500 ligatura
2417 2429 2674 2500 quaelibet
2745 2427 3161 2484 subalternatim
3216 2426 3541 2496 positorum,
3588 2437 3693 2492 qua:

2133 2519 2244 2574 cito
2283 2519 2424 2574 dirui
2472 2527 2649 2588 potest
2683 2536 2696 2572 :
2729 2517 2911 2588 paries
2949 2533 3098 2582 vero,
3145 2516 3389 2585 lapidum
3436 2515 3693 2583 congeries

2132 2610 2547 2668 subalternatim
2576 2610 2876 2680 positorum
2904 2616 3176 2663 czemento
3225 2604 3313 2660 vel
3333 2606 3586 2675 junctura
3613 2604 3696 2658 all-

2132 2716 2238 2772 qua
2265 2701 2576 2772 ligatorum,
2603 2716 2723 2771 quae
2751 2715 2858 2754 non
2891 2709 2975 2754 est
3021 2699 3156 2752 adeo
3193 2696 3374 2751 facilis
3415 2695 3483 2749 ad
3517 2695 3697 2750 caden-

2133 2791 2285 2858 dum,
2318 2800 2378 2846 ut
2416 2790 2674 2845 maceria.
2717 2789 2871 2844 Unde
2921 2804 3158 2866 congrue
3202 2788 3463 2843 maceria:
3500 2802 3695 2856 compa-

2133 2891 2344 2946 rantur,
2377 2883 2468 2953 qui
2494 2881 2612 2936 sine
2635 2881 2891 2951 junctura
2925 2881 3045 2934 fidei
3078 2889 3132 2934 et
3158 2879 3470 2934 concordia:
3485 2877 3693 2932 existen-

2135 2982 2238 3041 tes,
2274 2983 2330 3030 et
2361 2989 2390 3026 a
2419 2973 2566 3028 vitiis
2605 2971 2845 3041 impulsi,
2882 2972 2948 3026 ad
2984 2961 3246 3024 rucndum
3281 2969 3336 3022 in
3371 2977 3594 3024 mortem
3629 2968 3695 3018 fa-

2134 3063 2269 3119 ciles
2299 3063 2543 3118 existunt
2584 3079 2598 3115 :
2641 3069 2695 3116 et
2742 3062 2844 3116 hoc
2895 3069 3062 3114 totum
3111 3066 3194 3113 est
3235 3072 3300 3112 ac
3347 3059 3393 3112 si
3437 3062 3690 3127 poneret:

449 3142 519 3194 rit
549 3158 576 3195 a
617 3145 769 3200 vobis
801 3149 1030 3202 tnoveri.
1062 3150 1128 3204 Et
1157 3151 1350 3208 merito
1377 3154 1619 3224 subjecta
1647 3157 1790 3212 erit:
1824 3161 1888 3212 ab
1913 3162 2024 3230 ipso
2053 3151 2096 3212 C
2130 3157 2263 3214 Cum
2299 3156 2410 3226 jam
2441 3165 2666 3228 prepter
2709 3155 2910 3209 malam
2952 3154 3117 3207 vitam
3151 3160 3398 3206 vestram
3441 3150 3558 3204 sitis
3602 3147 3696 3202 rui-

443 3235 583 3288 cnim
613 3247 698 3292 est
729 3239 964 3295 salutare
999 3259 1190 3309 meum,
1236 3245 1288 3299 id
1325 3257 1406 3301 est
1437 3248 1665 3304 salvatio
1705 3253 1829 3306 mei.
1874 3253 2027 3319 Quod

441 3335 526 3380 est
551 3327 732 3384 dicere
763 3347 776 3382 :
808 3331 926 3401 Ipse
957 3348 1043 3388 me
1081 3335 1331 3393 satvabit.
1359 3339 1572 3396 Diceret
1617 3343 1852 3413 aliquis:
1902 3347 2030 3400 Est-

447 3433 514 3471 ne
537 3427 729 3488 potens
755 3423 820 3475 ad
853 3432 902 3477 te
932 3424 1290 3481 salvandum?
1315 3430 1394 3483 Ad
1421 3433 1564 3499 quod
1589 3433 1670 3487 sic
1695 3439 1984 3504 respondet
2013 3455 2026 3491 :

443 3507 524 3562 lia
555 3525 683 3566 vere
718 3513 786 3566 ah
819 3513 934 3583 ipso
970 3527 1147 3585 potest
1183 3534 1306 3574 esse
1342 3520 1570 3576 salvatio
1610 3526 1736 3578 mei.
1787 3526 1930 3580 Nam
1978 3539 2029 3582 et

444 3604 553 3672 ipse
582 3614 666 3658 est
697 3604 835 3660 Deus
863 3625 1029 3668 meus.
1061 3611 1111 3664 id
1143 3619 1224 3664 est
1254 3622 1534 3668 recreator
1578 3617 1706 3681 mei,
1749 3634 1856 3687 pcr'
1886 3635 2030 3674 mor-

449 3701 556 3745 tem
581 3710 761 3760 suam,
795 3698 885 3766 qui
915 3713 1180 3768 perteram
1214 3701 1266 3754 in
1297 3702 1492 3768 Adam,
1521 3714 1568 3758 et
1599 3718 1866 3777 susceptor
1885 3725 2031 3764 meus

447 3783 552 3838 erit
583 3785 636 3839 in
669 3785 867 3854 futuro,
898 3789 950 3845 id
982 3799 1066 3845 est
1093 3793 1334 3848 medicus
1367 3810 1518 3851 meus
1546 3797 1636 3866 qui
1668 3812 1752 3851 me
1775 3798 1936 3854 faciet
1962 3815 2029 3854 ex

448 3877 663 3932 mortali
711 3887 762 3933 et
812 3881 1052 3948 passibili
1107 3884 1465 3941 immortalem
1512 3897 1568 3942 et
1621 3889 2030 3958 impassibilcni.

449 3967 544 4023 Vel
571 3970 648 4026 sic
677 3973 1042 4040 contionetur,
1070 3985 1127 4030 ut
1167 3979 1432 4032 sententia
1465 3995 1570 4034 non
1606 3990 1880 4036 mutetur:
1907 3982 2032 4038 Ideo

445 4059 680 4131 subjecta
709 4065 805 4118 erit
837 4065 884 4119 ei
918 4069 1096 4121 anima
1127 4086 1265 4136 mea,
1293 4071 1418 4140 quia
1447 4072 1511 4124 ab
1535 4073 1645 4140 ipso
1687 4083 1772 4126 est
1798 4074 2031 4129 salutare

447 4167 616 4206 meum
639 4171 659 4208 .'
683 4166 736 4210 et
763 4156 884 4212 ideo
912 4159 1110 4227 adhuc,
1139 4177 1258 4214 nam
1286 4173 1334 4216 et
1371 4163 1478 4232 ipse
1506 4171 1590 4220 est
1629 4164 1768 4219 Deus
1796 4183 1939 4221 meus
1983 4179 2030 4223 et

446 4240 700 4298 salutaris
727 4255 775 4299 et
804 4247 1090 4318 susceptor.
1121 4251 1200 4305 Ac
1236 4251 1280 4306 si
1306 4253 1512 4309 diceret
1541 4271 1554 4307 :
1591 4253 1709 4309 Non
1736 4256 1909 4310 solum
1947 4265 2034 4312 est

443 4333 711 4400 salutaris,
745 4341 838 4393 sed
877 4350 926 4394 et
965 4341 1124 4407 Deus,
1153 4354 1200 4396 et
1237 4343 1513 4411 salutaris,
1544 4355 1591 4399 et
1621 4359 1927 4416 susceptor:
1977 4358 2033 4403 et

448 4437 572 4479 cum
599 4437 764 4484 tanta:
815 4446 992 4486 cause
1031 4433 1139 4488 sint
1175 4433 1224 4488 ei
1267 4433 1606 4504 subiiciendi,
1641 4454 1742 4491 non
1790 4441 2032 4493 movebar

445 4519 670 4587 amplius
697 4523 766 4576 ab
791 4523 907 4593 ejus
931 4525 1270 4594 subjectione
1302 4546 1314 4581 :
1344 4501 1466 4582 cum
1495 4501 1628 4584 dicit
1647 4530 1892 4600 amplius,
1920 4549 2025 4587 non
2061 4501 2106 4562 ί)

443 4624 513 4664 ex
552 4613 873 4670 necessitate
905 4619 1063 4672 datur
1093 4619 1338 4691 intelligi,
1369 4623 1511 4691 quod
1555 4622 1847 4693 aliquando
1881 4635 2028 4680 mota

353 4765 356 4769 λ
446 4712 614 4767 esset,
653 4705 746 4760 sed
785 4709 1136 4777 :equipollens
1167 4721 1252 4766 est
1281 4727 1344 4766 ac
1371 4712 1416 4766 si
1461 4713 1708 4767 diceret:
1743 4713 2030 4784 Nunquam

451 4798 729 4854 movebar.
754 4798 848 4855 Vel
878 4801 956 4856 sic
980 4819 993 4855 :
1033 4802 1154 4858 Non
1183 4805 1426 4859 movebar
1455 4805 1702 4876 amplius,
1745 4818 2030 4876 postquam

448 4886 544 4941 tibi
573 4887 770 4955 subjici
803 4889 1021 4960 incccpi,
1054 4908 1173 4962 qua:
1215 4903 1500 4965 antequam
1545 4896 1863 4965 subjicercr,
1911 4912 1940 4950 a
1982 4907 2034 4952 te

447 4995 544 5050 per
573 4982 946 5039 infidelitatem
988 4993 1195 5039 remota
1236 4984 1330 5039 fui.
1368 4987 1656 5056 Postquam
1689 4997 1870 5043 autem
1898 5004 2030 5042 con-

450 5078 533 5125 tra
597 5087 789 5130 omnes
843 5073 1188 5130 adversarios
1256 5077 1397 5146 egit,
1461 5077 1768 5147 specialiter
1839 5089 2027 5135 contra

449 5164 730 5221 n'anifeste
776 5166 1154 5237 impugnantes
1206 5183 1304 5236 per
1355 5169 1763 5235 tribulationes,
1816 5169 2030 5225 Judtcos

446 5255 653 5311 scilicet
673 5264 727 5310 et
755 5256 1008 5326 gentiles,
1038 5258 1183 5327 agit;
1218 5259 1510 5313 ostendens
1545 5259 1910 5328 nequidquam
1936 5275 2029 5316 eos
2072 5305 2076 5309 .

449 5351 618 5420 ipsam
641 5352 777 5408 velle
800 5354 1152 5417 devocare,et
1178 5369 1278 5425 per
1312 5355 1415 5408 hoc
1435 5354 1751 5422 semetipsos
1775 5353 1952 5422 patius
1977 5354 2027 5407 in

446 5445 626 5500 anima
660 5447 988 5513 interllcere,
1024 5457 1082 5502 ut
1109 5449 1209 5502 hoc
1240 5447 1399 5501 modo
1437 5461 1532 5500 eos
1569 5447 1814 5501 devocet.
1855 5445 1947 5499 Vel
1984 5446 2034 5501 si

447 5539 700 5595 devocari
732 5540 1029 5604 noluerint,
1068 5540 1470 5596 inexcusabiles
1493 5539 1787 5593 reddantur
1813 5558 1824 5592 :
1851 5548 1905 5593 ct
1929 5539 2030 5594 hoc

448 5633 528 5685 sic
553 5632 717 5696 dicit,
749 5631 908 5686 dico:
943 5631 1064 5685 Non
1102 5633 1377 5686 movebar:
1415 5641 1469 5687 et
1497 5646 1619 5686 cum
1652 5631 1752 5684 sint
1785 5630 2032 5684 immobi-

451 5723 842 5793 lis,quousque,
864 5722 917 5778 id
935 5732 1018 5778 est
1036 5738 1202 5792 usque
1224 5724 1289 5778 ad
1303 5724 1444 5794 quod
1469 5733 1696 5794 tempus,
1713 5721 1914 5778 iri-uitis
1937 5739 2032 5792 per

2135 3249 2263 3314 turi,
2297 3249 2438 3302 sicut
2464 3246 2697 3300 maceria
2725 3244 2973 3314 depulsa,
2997 3243 3270 3298 deberetis
3306 3243 3496 3310 utique
3523 3240 3631 3294 fidei
3650 3247 3696 3292 ct

2132 3339 2488 3410 subiectionis
2517 3337 2610 3392 Dei
2648 3344 2911 3391 cremento
2957 3334 3133 3404 ligari,
3172 3348 3239 3386 ne
3273 3331 3530 3386 ruerctis.
3563 3328 3698 3386 Facit

2132 3440 2313 3486 autent
2346 3427 2732 3500 apostrOpham
2760 3427 2826 3482 ad
2858 3427 3155 3488 auditores,
3186 3424 3488 3479 ostendens
3518 3422 3692 3475 adver-

2132 3521 2402 3577 sariorum
2436 3519 2764 3575 desiderium
2798 3527 2856 3571 ut
2893 3517 3064 3586 ipsam
3119 3514 3425 3570 Ecclesiam
3455 3528 3486 3566 a
3529 3508 3690 3578 subje-

2136 3615 2319 3670 ctione
2352 3613 2445 3668 Dci
2473 3611 2775 3677 rctrahant,
2804 3620 2859 3664 et
2886 3610 2963 3664 sic
2980 3609 3142 3664 etiam
3177 3606 3372 3670 Deum,
3405 3604 3492 3662 cui
3522 3603 3692 3666 inhiat,

2131 3705 2234 3760 sibi
2257 3703 2526 3758 auferant.
2554 3703 2679 3772 Agit
2701 3715 2917 3770 quoque
2942 3699 3008 3754 dc
3038 3697 3333 3762 hmreticis,
3360 3696 3452 3766 qui
3477 3693 3695 3748 exterius

2131 3813 2228 3852 ore
2265 3797 2402 3853 bene
2443 3796 2712 3864 loquendo
2743 3794 2963 3848 allicere
3002 3807 3123 3847 eam
3171 3790 3446 3854 nitttntur,
3487 3797 3542 3840 ut
3567 3785 3694 3838 veris

2131 3891 2496 3948 locationibus
2520 3889 2684 3943 falsas
2707 3886 3056 3942 admiscendo
3079 3899 3198 3938 eam
3223 3881 3340 3936 dcci
3351 3882 3528 3952 piant,
3551 3885 3609 3946 et;
3629 3876 3695 3930 sic

2133 3983 2235 4038 sibi
2261 3981 2602 4037 conforment
2627 3997 2639 4032 :
2671 3977 2906 4034 ostendit
2927 3990 3142 4046 quoque
3170 3987 3324 4028 suam
3351 3972 3406 4024 in
3434 3971 3572 4026 bono
3592 3983 3698 4040 per-

2133 4073 2519 4136 severantiam,
2562 4079 2621 4123 ut
2660 4070 2760 4124 hoc
2805 4069 2871 4122 de
2908 4082 2966 4122 se
3007 4067 3236 4122 dicendo
3283 4067 3523 4122 instruat
3570 4063 3696 4132 ipsos

2134 4164 2410 4218 auditores
2448 4161 2516 4216 ab
2547 4161 2750 4220 eisdem
2784 4159 3117 4217 adversariis
3149 4172 3370 4223 cavere,
3405 4166 3461 4210 et
3492 4157 3542 4210 in
3573 4156 3698 4208 bono

2133 4269 2485 4328 perseverare
2516 4270 2531 4317 ;
2565 4260 2621 4308 et
2651 4253 2732 4307 sic
2766 4251 2895 4306 dicit
2933 4269 2945 4304 :
2983 4249 3101 4304 Dixi
3135 4249 3280 4320 quod
3318 4265 3424 4301 non
3458 4245 3695 4308 movebar,

2133 4363 2167 4404 ο
2191 4347 2490 4412 auditores,
2530 4354 2752 4416 propter
2777 4343 3122 4412 supradictas
3147 4355 3362 4396 causas.
3397 4339 3516 4392 Dixi
3549 4337 3694 4390 etiam

2135 4441 2280 4512 quod
2327 4439 2662 4495 interficiunt
2689 4453 2746 4492 se
2773 4435 3072 4491 adversarii
3113 4433 3240 4500 mei,
3274 4433 3403 4486 dum
3441 4433 3494 4486 in
3527 4443 3606 4484 me
3636 4427 3697 4479 ir-

2135 4539 2319 4588 ruunt.
2355 4530 2727 4585 Verumtamen
2759 4527 3008 4598 quamvis
3041 4527 3124 4581 his
3154 4524 3365 4578 duabus
3397 4523 3574 4577 causis
3616 4521 3699 4574 dc-

2131 4621 2322 4680 herent
2346 4619 2642 4684 dimittere,
2669 4619 3025 4688 cogitaverunt
3053 4631 3082 4669 a
3109 4630 3193 4669 me
3223 4613 3474 4686 repellere
3493 4610 3695 4682 pretium

2133 4730 2328 4778 meum,
2359 4712 2412 4766 id
2457 4719 2560 4777 est,
2599 4711 2955 4781 cogitaverunt
2980 4707 3251 4778 quomodo
3280 4719 3368 4759 me
3393 4719 3424 4758 a
3464 4703 3555 4758 Dei
3585 4699 3695 4755 sub-

2127 4805 2368 4875 jectione
2396 4802 2738 4874 repellerent,
2768 4810 2824 4855 et
2854 4801 2934 4856 sic
2959 4800 3196 4870 pretium
3227 4797 3432 4851 laboris
3457 4794 3556 4848 mei
3581 4787 3694 4846 mihi

2137 4895 2434 4960 auferrent,
2463 4893 2627 4948 Dcunt
2650 4892 2882 4958 scilicet,
2906 4890 2992 4946 cui
3017 4889 3236 4959 penitus
3266 4887 3440 4952 inhio,
3465 4886 3530 4939 ad
3553 4895 3694 4951 quem

2137 4989 2284 5045 omni
2326 4988 2512 5044 labore
2548 5000 2770 5055 operum
2803 4985 3067 5038 bonorum
3121 4981 3304 5035 tendo.
3348 4978 3466 5033 Non
3512 4977 3695 5032 solum—

2137 5080 2299 5136 modo
2331 5093 2462 5136 vero
2507 5077 2582 5133 illi
2627 5077 2718 5146 qtti
2757 5075 2808 5130 in
2857 5089 2942 5128 mc
2989 5071 3434 5128 tribulationibus
3479 5067 3690 5128 irrunnt,

2131 5171 2294 5241 judtei
2337 5169 2546 5226 scilicet
2576 5177 2632 5224 et
2664 5167 2916 5238 gentiles,
2949 5165 3304 5236 cogitat-erunt
3335 5177 3424 5216 tne
3449 5157 3691 5227 repellere,

2136 5267 2230 5322 sed
2258 5266 2422 5320 etiam
2464 5263 2738 5328 hmretici;
2779 5277 2903 5315 nam
2933 5276 3055 5315 cum
3089 5275 3186 5328 ego
3222 5258 3434 5312 cucurri
3455 5271 3551 5327 per
3573 5251 3695 5304 viam

2139 5359 2404 5412 honorum
2439 5370 2686 5426 operum,
2723 5363 2776 5409 et
2815 5354 2915 5407 hoc
2942 5352 2994 5405 in
3027 5352 3136 5415 siti,
3167 5351 3216 5404 id
3249 5357 3330 5403 est
3360 5349 3414 5401 in
3446 5341 3696 5400 desiderio

2135 5465 2228 5504 eos
2276 5448 2404 5502 mihi
2455 5445 2860 5514 iucorporandi,
2899 5459 2995 5514 per
3041 5441 3344 5511 exemplum
3400 5433 3694 5493 corumdent

2135 5555 2359 5609 operum
2402 5540 2691 5600 honorum,
2735 5534 2836 5605 ipsi
2865 5549 2954 5587 ore
2997 5549 3093 5586 suo
3122 5527 3510 5588 benetlirebant,
3553 5522 3599 5576 id
3623 5527 3695 5573 est

2136 5631 2383 5699 quautam
2430 5628 2570 5683 bona
2626 5627 2788 5680 verba
2853 5621 3191 5680 simulatorie
3237 5617 3577 5691 proferebant
3614 5619 3696 5667 :et

2140 5723 2303 5788 idem,
2343 5719 2443 5790 ipsi
2500 5717 2654 5773 corde
2695 5733 2789 5773 suo
2841 5712 3238 5775 maledicebaut,
3285 5709 3334 5764 id
3357 5717 3478 5776 est,
3523 5705 3694 5760 eadem
