3846 6334
107 323 187 377 925

1044 310 1405 372 EXPOSH‘IO
1436 313 1503 368 IN
1542 310 1877 369 PSALMUS.
1911 343 1979 353 —
2015 312 2206 368 PSAL.
2242 313 2374 370 LXI.

3217 318 3322 384 9.96

105 439 258 498 verba,
290 449 410 505 qua:
438 432 575 488 bona
602 431 924 488 videbantur
953 431 1005 487 in
1039 433 1150 488 oris
1191 432 1522 503 prolatione,
1555 446 1639 484 re-
1669 431 1716 488 Α
1744 436 1922 482 vestra
1970 437 2119 483 recta
2152 429 2221 483 sit
2258 438 2311 484 et
2349 430 2526 495 lirma,
2559 430 2813 500 eﬁ'undita
2847 435 3008 489 corda
3043 449 3234 506 vestra,
3269 443 3322 498 id

104 526 329 595 putabant
361 522 494 576 mala
535 531 590 576 et
623 522 932 593 deccptoria
970 522 1022 575 in
1056 523 1238 577 cordis
1264 520 1640 590 conceptione.

107 615 228 682 Quod
264 622 343 668 est
380 614 560 667 dicere
596 628 611 665 :
646 612 904 679 Quzcdam
951 613 1263 683 deceptorio
1305 614 1491 676 verba,
1522 625 1640 679 qua:

104 709 215 761 bona
243 704 583 767 videbantur,
617 718 713 757 ore
744 702 1108 773 proferebant,
1153 713 1211 757 ut
1257 705 1343 758 his
1396 703 1525 757 falsa
1568 702 1642 755 la-

106 806 247 851 tenter
270 794 639 860 adntiscendo,
666 811 750 850 me
771 795 1104 864 deciperent,
1152 805 1205 850 et
1231 796 1308 851 sic
1333 794 1463 848 mihi
1489 810 1517 848 a
1546 792 1637 848 Dei

106 888 400 955 subiectione
437 898 655 942 remota:
685 888 888 943 laboris
925 888 1026 942 mei
1067 888 1297 957 pretium
1331 886 1634 950 auferrent;

104 979 201 1033 lacit
233 990 407 1033 autem
447 982 513 1034 ad
554 980 789 1034 animam
824 995 975 1033 suam
1008 980 1465 1044 exhortationem,
1512 993 1634 1032 cum

105 1069 255 1122 addit:
301 1065 685 1121 Verumtament
732 1068 839 1123 Deo
870 1069 1103 1137 subjecta
1134 1078 1261 1129 esto,
1296 1068 1473 1120 anima
1502 1082 1638 1119 mea.

105 1158 222 1225 Quod
246 1169 321 1213 est
348 1160 561 1214 dicere:
611 1159 972 1213 Verumtamen
995 1174 1299 1229 quanquam
1329 1159 1428 1229 ipsi
1463 1159 1640 1213 nitan-

107 1258 171 1302 tur
203 1249 336 1301 omni
384 1250 547 1303 modo
590 1256 641 1303 te
668 1264 697 1302 a
747 1248 1080 1319 subjectione
1131 1263 1434 1312 removere,
1481 1256 1534 1301 et
1564 1246 1643 1302 sic

105 1342 292 1410 pretium
323 1351 474 1395 tuum
521 1357 550 1394 a
591 1352 642 1395 te
681 1341 945 1412 repellere,
981 1338 1086 1394 noli
1132 1339 1273 1392 malo
1308 1338 1556 1407 exemplo
1587 1345 1641 1393 et

104 1432 425 1487 exhortationi
466 1433 683 1494 cedere,
726 1434 817 1487 sed
847 1431 1020 1502 magis
1054 1446 1117 1485 ac
1161 1431 1333 1499 magis
1365 1429 1475 1484 Deo
1518 1429 1641 1482 sub-

105 1525 204 1583 ierta
237 1535 359 1588 esto,
407 1526 588 1577 anima
621 1542 752 1577 mea.
786 1525 1000 1578 Diceret
1031 1520 1224 1587 aliquis
1255 1534 1269 1571 :
1302 1521 1358 1575 Si
1394 1518 1636 1589 subjecta

98 1618 296 1673 existens
320 1633 511 1674 eorum
542 1615 932 1679 exbortationi,
968 1627 1159 1671 ce1ere
1206 1613 1469 1674 nolueris,
1502 1610 1643 1666 mul-

105 1720 164 1765 tas
196 1711 558 1765 tribulationes
586 1710 830 1780 patieris,
860 1710 927 1763 ad
958 1706 1098 1779 quod
1134 1707 1213 1762 sic
1246 1705 1397 1760 addit
1446 1716 1460 1755 :
1512 1701 1635 1755 Non

1747 530 1848 586 est,
1878 530 2136 574 evacuate
2160 523 2321 575 corda
2356 523 2651 577 scentulum
2686 524 2787 578 hoc
2816 527 2957 595 quod
2984 540 3159 584 vestra
3193 545 3319 591 sunt

1745 622 1798 666 ct
1845 629 1949 666 non
1991 613 2084 667 Dei
2108 631 2145 683 7:
2184 616 2326 682 quod
2363 624 2445 668 est
2473 615 2653 670 dicere
2684 633 2696 668 :
2729 616 2999 673 Evacnate
3034 624 3194 677 corda
3226 641 3321 679 ve-

1744 714 1855 759 stra
1909 721 1937 759 a
1988 698 2411 776 cogitationibus
2456 709 2632 773 malis,
2676 724 2795 778 qua:
2840 725 2905 765 cx
2950 723 3125 768 vestra
3169 729 3320 784 parte

1744 804 1871 849 sunt
1903 804 1958 849 et
1989 811 2095 849 non
2138 796 2271 851 Dei:
2315 806 2372 850 ιιι
2414 797 2739 852 elTnudendo
2781 801 2945 854 corda
2989 802 3107 857 sitis
3144 822 3319 859 coram

1740 870 1873 947 Deo,
1918 884 1967 937 id
2005 894 2089 939 est
2142 886 2195 939 in
2247 887 2649 956 beneplacentia
2714 890 2836 955 Dei;
2889 892 2989 944 nisi
3054 894 3195 946 enim
3245 897 3321 948 ef-

1739 970 2060 1039 funderetis,
2096 990 2199 1028 non
2228 991 2410 1030 coram
2444 978 2551 1032 Deo
2586 980 2809 1045 essetis,
2841 990 2894 1034 et
2922 981 3197 1037 effundere
3227 986 3321 1040 de—

1738 1065 1907 1131 betis;
1941 1085 2065 1122 nam
2098 1070 2179 1123 sic
2211 1068 2346 1123 Deus
2369 1071 2586 1140 adjutor
2610 1084 2784 1127 noster
2808 1074 2933 1138 erit,
2960 1077 3011 1128 id
3037 1086 3139 1138 est,
3161 1077 3317 1145 adju-

1741 1157 1893 1210 vabit
1919 1166 1974 1211 et
2005 1174 2090 1212 me
2124 1160 2195 1213 et'
2215 1175 2308 1214 vos
2342 1162 2407 1214 ad
2438 1162 2573 1215 bene
2601 1164 2958 1231 operandum,
2985 1166 3037 1218 in
3065 1177 3320 1220 a’ternunt

1742 1260 1842 1299 nos
1880 1246 2233 1313 deducturus,
2264 1265 2361 1319 per
2391 1249 2518 1303 illud
2546 1251 2805 1305 auxilium
2838 1254 3027 1319 gratiae
3054 1270 3181 1308 sum.
3217 1256 3318 1309 Ex—

1743 1339 1966 1407 probrat
1994 1352 2124 1394 vero
2164 1341 2600 1396 adversariorum
2631 1344 2883 1397 duritiam
2934 1346 2999 1398 ad
3030 1347 3317 1402 utilitatem

1744 1434 2009 1501 ﬁdelium,
2039 1451 2175 1507 quos
2220 1438 2467 1507 proxime
2504 1439 2823 1495 adhortatus
2859 1449 2961 1504 est,
2997 1456 3065 1495 ne
3106 1442 3203 1511 ipsi
3239 1445 3319 1496 eis

1741 1526 2170 1591 confortncntur,
2203 1544 2324 1583 cum
2353 1530 2534 1584 subdit
2572 1548 2585 1585 :
2638 1530 2774 1594 Dixi,
2805 1547 2836 1584 ο
2863 1534 3189 1601 congregatio
3221 1550 3316 1601 po-

1738 1619 1873 1689 puli,
1897 1628 1955 1674 ut
1977 1621 2027 1673 in
2055 1620 2163 1676 Deo
2188 1623 2440 1691 speretis,
2464 1634 2518 1677 ct
2541 1624 2703 1678 corda
2727 1623 3033 1688 cll‘undatis,
3057 1633 3110 1679 et
3134 1625 3211 1679 sic
3229 1640 3318 1677 co-

1743 1726 1854 1763 ram
1877 1711 2095 1778 eositis,
2115 1722 2170 1766 et
2198 1712 2412 1781 adjutor
2436 1715 2713 1769 vestersit.
2754 1713 3114 1768 Verumtamen
3144 1730 3313 1783 quan-

105 1804 314 1872 migrabo
336 1803 593 1873 ahipsius
608 1800 966 1871 subjectione,
984 1801 1177 1855 ῙῘΠΙΟΙὋ
1197 1795 1630 1859 tribulationum,
1670 1783 1708 1841 Β
1742 1816 1902 1866 quam
1936 1806 2274 1870 speranljum
2300 1807 2463 1860 corda
2490 1822 2671 1860 coram
2700 1807 2805 1861 Deo
2831 1807 2958 1864 sim.
2985 1816 3039 1859 ρι
3067 1822 3187 1861 cum
3216 1807 3314 1859 ha-

102 1898 168 1950 sed
188 1894 549 1950 tribulationes
577 1910 674 1964 pro
700 1910 765 1950 eo
787 1902 1057 1970 patienter
1086 1900 1277 1968 feram,
1309 1898 1478 1976 218
1500 1920 1629 1973 quo-

104 1989 207 2041 niam
242 1989 300 2041 ab
340 1989 457 2059 ipso
498 1998 582 2045 est
620 1992 872 2060 patientia
914 2010 1053 2057 mea,
1099 1993 1149 2046 id
1186 2002 1287 2058 est,
1326 1980 1633 2064 exemplum

105 2081 329 2149 palicnfim
355 2096 514 2145 mem,
542 2082 688 2136 dedit
708 2085 849 2138 enim
877 2084 1005 2139 mihi
1038 2086 1343 2157 cxcmphnn
1371 2086 1632 2157 patiendi,

105 2188 193 2225 rum
231 2188 320 2242 pro
360 2188 451 2227 me
490 2189 682 2242 passus
729 2175 817 2230 sit.
856 2176 946 2231 Vel
1000 2178 1063 2230 ab
1099 2180 1209 2246 ipso
1256 2188 1338 2234 est
1379 2181 1632 2249 patientia

104 2280 202 2325 mea,
230 2263 274 2317 id
302 2271 406 2328 est,
445 2263 559 2332 ipse
596 2263 741 2319 dedit
771 2266 900 2320 mihi
947 2269 1287 2337 patientiam,
1334 2284 1400 2324 nc
1430 2287 1528 2339 pro
1567 2286 1634 2327 eo

103 2354 180 2420 pati
208 2355 439 2419 timeam,
477 2363 532 2409 et
561 2354 679 2410 ideo
710 2356 888 2411 adhuc
915 2375 1015 2411 non
1044 2360 1327 2428 emtgrabo,
1370 2362 1496 2430 quia
1524 2360 1636 2429 ipse

107 2445 165 2495 cui
191 2445 414 2513 subjecta
447 2462 589 2511 sum,
623 2457 697 2501 est
734 2448 874 2503 Deus
907 2466 1073 2515 meus,
1107 2451 1158 2504 id
1196 2463 1299 2519 cst,
1327 2453 1556 2509 Creator
1580 2461 1634 2509 et

106 2534 302 2591 Salralor
336 2555 509 2602 meus,
543 2540 869 2595 remittendo
893 2551 1131 2611 peccata,
1157 2554 1203 2597 et
1231 2546 1444 2612 adjutor
1465 2563 1633 2612 meus,

104 2638 146 2683 ut
167 2627 282 2683 bene
305 2645 526 2700 operer.
561 2630 866 2687 Notandum
900 2635 996 2689 bas
1027 2649 1221 2689 causas
1261 2652 1398 2706 quas
1428 2638 1516 2693 hic
1540 2654 1634 2706 po-

106 2717 175 2785 nit,
209 2721 428 2776 dicendo
455 2722 583 2793 quia
623 2725 729 2792 ipse
757 2723 896 2778 Deus
928 2742 1094 2789 meus,
1128 2735 1257 2788 ctc.,
1294 2744 1396 2780 non
1443 2742 1625 2798 superv

107 2811 183 2866 lluo
207 2814 478 2883 repetitas,
513 2830 635 2870 cum
667 2816 917 2885 superius
944 2818 1160 2871 easdem
1186 2820 1473 2887 posuisset,
1497 2835 1634 2888 quo-

104 2902 210 2955 niam
229 2905 475 2974 superius
500 2920 593 2960 eas
614 2906 790 2977 posuit
817 2916 1006 2961 contra
1034 2908 1377 2963 adversarios
1400 2911 1631 2980 agendo,

106 2992 167 3048 hic
189 3011 296 3050 vero
324 2998 390 3050 ad
437 2997 584 3051 aliud
617 3014 755 3063 sese,
791 2998 1042 3055 videlicet
1071 3001 1428 3055 exhortando.

157 3082 303 3139 Innuit
336 3100 472 3142 vero
508 3087 864 3144 salvationcm
897 3104 1047 3143 suam
1087 3105 1113 3143 a
1146 3091 1258 3145 solo
1304 3092 1410 3145 Deo
1440 3091 1623 3157 fuisse,

1738 1900 1902 1953 beant
1928 1897 2226 1963 aujntorcm
2248 1937 2261 1961 ,
2289 1895 2389 1965 [ilii
2419 1905 2597 1950 tamen
2623 1897 2890 1948 hominum
2917 1903 3159 1948 veterum
3189 1910 3318 1949 con-

1738 1988 2038 2053 fcrmitate,
2072 1989 2123 2042 id
2160 1998 2241 2044 est
2270 1988 2541 2042 adversati
2573 1987 2675 2042 mci
2715 1987 2944 2057 gentiles
3004 1985 3315 2039 conformes

1738 2081 2025 2136 vetustatis
2064 2081 2191 2135 Adae
2227 2091 2281 2135 et
2325 2081 2446 2135 Eva:
2471 2082 2591 2135 vani
2631 2089 2777 2145 sunt,
2822 2081 2873 2135 id
2909 2088 2992 2134 est
3036 2081 3225 2133 nolunt
3262 2080 3313 2133 in

1740 2171 1851 2227 Deo
1891 2187 2129 2241 sperare,
2168 2189 2287 2243 qua:
2326 2187 2447 2243 spes
2502 2174 2803 2228 certissima
2844 2183 3008 2239 esset,
3052 2174 3144 2227 sed
3190 2175 3315 2227 vani

1738 2264 1895 2331 sunt,
1915 2265 1966 2319 id
1988 2274 2071 2320 est
2099 2267 2248 2319 vanis
2272 2267 2633 2331 adlncrentes,
2662 2267 2893 2321 terrenis
2918 2267 3153 2321 scilicet.
3212 2266 3311 2321 Ubi

1739 2370 1839 2411 nos
1889 2357 1976 2411 hic
2006 2356 2286 2423 habemus,
2316 2356 2418 2425 ﬁlii
2454 2357 2744 2421 hominum,
2780 2357 3041 2411 llebraica
3078 2357 3313 2411 transla—

1740 2446 1813 2499 tio
1835 2445 2136 2515 lmbeLﬁlii
2166 2447 2356 2499 Adam.
2392 2446 2452 2500 Et
2482 2446 2585 2511 ﬁlii
2612 2447 2902 2511 hominum,
2937 2445 3105 2499 Juda-i
3131 2456 3181 2501 ct
3209 2449 3315 2500 luc-

1740 2538 1916 2602 retiri,
1946 2539 2217 2591 mendaces
2262 2547 2386 2592 sunt
2423 2540 2475 2592 in
2516 2540 2741 2606 stuteris,
2790 2540 2841 2594 id
2884 2548 2986 2604 cst,
3028 2540 3079 2592 in
3110 2540 3305 2595 divinis

1741 2627 2037 2697 Scripturis
2059 2645 2194 2698 quas
2220 2630 2439 2683 sinistre
2470 2639 2765 2697 exponunt.

1821 2719 2145 2774 Dictnm‘cst
2174 2736 2202 2773 a
2234 2721 2587 2775 similitudine
2628 2732 3012 2789 mercatorum,
3054 2722 3146 2791 qui
3189 2738 3312 2778 cum

1737 2812 1996 2868 deberent
2021 2814 2073 2866 in
2092 2823 2294 2867 statera
2327 2816 2627 2884 ponderare
2654 2816 2953 2884 :eqnaliter,
2980 2816 3315 2869 mentiuntur

1734 2906 2084 2976 ponderanda
2116 2907 2470 2976 inaequaliter.
2517 2908 2778 2961 Dicuntur
2805 2922 2933 2962 vero
2963 2914 3202 2971 statcrm,
3228 2910 3309 2960 di-

1741 2998 1881 3050 vime
1919 2994 2231 3065 Scriptura‘,
2272 3012 2335 3051 eo
2366 2998 2508 3066 quod
2552 3013 2778 3051 examen
2823 3004 2988 3054 totius
3020 3003 3125 3055 sint
3152 3002 3313 3071 justi-

1736 3090 1843 3152 tiae,
1877 3089 2013 3143 sicut
2046 3097 2263 3143 statcrm
2288 3089 2419 3158 justi
2450 3090 2703 3157 ponderis
2730 3104 2957 3146 examen
2984 3107 3127 3149 sunt.
3158 3095 3310 3160 Quod

104 3187 178 3226 non
200 3175 257 3227 ab
280 3175 461 3245 aliquo
486 3177 681 3231 merito
717 3193 813 3232 suo
843 3179 1191 3249 prcecedenti,
1229 3196 1293 3235 ne
1325 3180 1445 3249 quis
1475 3190 1624 3251 puta-
1654 3157 1697 3218 C
1731 3188 1816 3234 est
1841 3180 2050 3234 dicere:
2076 3179 2206 3233 Cum
2224 3180 2467 3248 utrisque
2491 3195 2553 3233 cx
2582 3179 2780 3232 .ludzris
2803 3191 2849 3234 et
2874 3182 3141 3237 haerent-is
3166 3183 3312 3237 Scri-

106 3276 164 3319 ret
179 3270 298 3337 quod
321 3269 372 3323 in
400 3267 520 3339 ejus
543 3270 839 3325 salvatione
864 3272 1066 3343 aliquid
1087 3284 1437 3344 cooperatum
1460 3284 1627 3341 esset,

104 3357 281 3415 liberum
312 3364 605 3418 arbitrium
646 3374 737 3418 aut
771 3365 934 3420 ullum
963 3367 1213 3421 meritum
1242 3367 1381 3436 ejus,
1409 3368 1546 3422 sicut
1576 3370 1627 3423 in

104 3447 204 3504 bona
225 3459 533 3522 operatione
562 3455 791 3510 liberum
819 3457 1101 3511 arbitrium
1133 3468 1475 3527 conparatur,
1508 3458 1586 3512 sit:
1612 3476 1625 3513 :

105 3540 205 3607 Dixi,
229 3545 356 3615 quod
394 3545 536 3600 Deus
560 3555 637 3600 est
668 3546 899 3601 salvator
929 3564 1073 3602 meus
1096 3558 1149 3603 ct
1171 3548 1404 3603 salutare
1433 3567 1623 3613 meum,

104 3633 138 3686 Id
166 3646 248 3702 est,
283 3638 395 3708 ipsa
436 3638 663 3693 salvatio
694 3638 822 3692 mihi
868 3640 988 3693 data
1018 3640 1073 3693 in
1121 3640 1226 3693 Deo
1262 3640 1395 3706 solo,
1433 3642 1481 3695 id
1514 3653 1622 3707 est,

105 3725 140 3780 in
164 3727 253 3782 sola
284 3730 373 3784 Dei
400 3730 573 3801 gratia
597 3732 731 3785 data
758 3729 859 3784 fuit
896 3748 908 3784 :
946 3731 1086 3802 quod
1112 3731 1282 3802 gloria
1309 3750 1445 3796 mea,
1474 3733 1625 3788 idest

104 3814 176 3870 hoc
207 3821 334 3888 quod
398 3821 528 3876 fecit
576 3836 661 3876 me
713 3822 1008 3891 gloriosum
1049 3832 1103 3877 et
1142 3824 1251 3877 vita
1297 3821 1623 3878 laudabilem

104 3922 275 3979 propter
310 3913 664 3969 salvationem
701 3915 830 3978 mei,
874 3915 925 3969 in
970 3915 1086 3968 solo
1132 3915 1243 3969 Deo
1284 3924 1388 3981 est,
1431 3932 1534 3970 non
1568 3916 1621 3969 in

101 4003 246 4057 merito
269 4004 531 4075 quolibet,
562 4013 653 4059 aut
681 4005 731 4058 in
760 4004 929 4059 libero
953 4003 1182 4058 arbitrio
1219 4021 1356 4059 meo.
1389 4004 1464 4059 Ne
1493 4019 1620 4060 vero

102 4091 204 4149 bona
234 4097 469 4166 operatio
503 4112 569 4151 ex
607 4096 776 4151 libero
819 4097 1046 4151 arbitrio
1081 4096 1297 4165 penitus
1323 4112 1443 4152 esse
1469 4098 1619 4152 vide—

102 4195 225 4247 retur.
256 4199 305 4243 et
334 4204 440 4243 non
469 4188 630 4242 etiam
659 4204 722 4243 ex
752 4187 879 4254 Deo,
926 4189 1094 4254 addit,
1125 4198 1178 4242 et
1204 4187 1341 4242 Deus
1367 4199 1447 4244 est
1470 4193 1618 4246 aitai-

103 4273 143 4326 lii
159 4279 416 4349 meiopilex
429 4279 607 4351 .{Quod
623 4290 705 4335 est
728 4280 907 4335 dicere
922 4295 935 4333 :
952 4278 1082 4335 Cum
1102 4282 1331 4351 gratuita
1351 4281 1623 4337 voluntate

102 4379 163 4420 me
186 4369 483 4435 salvaverit,
515 4379 571 4425 et
597 4370 892 4442 gloriosum
928 4372 1140 4435 fecerit,
1175 4371 1467 4425 auxiliator
1489 4387 1622 4441 quo«

102 4468 176 4520 que
210 4460 327 4514 mihi
374 4469 460 4515 est
489 4460 557 4515 ad
599 4460 739 4516 bene
783 4462 1150 4532 operantium,
1186 4461 1357 4517 libero
1394 4462 1622 4516 arbitrio

102 4556 189 4599 meo
206 4560 541 4619 cooperante.
575 4551 697 4606 ldeo
726 4567 854 4622 ergo
884 4551 1007 4622 quia
1047 4553 1287 4623 gratuito
1332 4568 1414 4607 me
1447 4552 1623 4606 salva-

101 4634 169 4699 vit,
212 4648 259 4693 et
292 4643 585 4712 gloriosum
627 4643 778 4708 fecit,
821 4652 876 4699 et
918 4644 1080 4699 etiam
1127 4646 1416 4699 auxiliator
1445 4652 1527 4699 est
1553 4645 1619 4697 ad

101 4722 201 4782 bene
223 4735 563 4801 operandum,
590 4753 703 4805 spes
740 4753 855 4789 mea
885 4743 966 4789 est
993 4736 1045 4788 in
1086 4736 1195 4790 Deo
1230 4757 1242 4791 :
1279 4736 1329 4792 id
1356 4745 1458 4802 cst,
1494 4751 1618 4791 cum

105 4822 261 4890 loljam
284 4826 609 4898 impenderit
638 4826 768 4882 mihi
800 4827 1084 4892 benelicia,
1116 4842 1265 4898 spem
1298 4829 1471 4882 habeo
1500 4828 1613 4883 adi-

102 4910 289 4976 piscendi
308 4934 367 4973 ea
393 4935 514 4988 qua:
541 4919 591 4973 in
621 4919 731 4974 Deo
757 4928 900 4983 sunt,
926 4919 1135 4975 scilicet
1156 4918 1620 4974 immortalitatem

103 5004 643 5075 cl'impassibilitatem.
684 5009 1016 5065 Exhortatur
1043 5024 1172 5064 vero
1204 5010 1372 5063 bonos
1401 5009 1466 5062 ad
1489 5024 1619 5077 ope-

105 5094 281 5149 randum
314 5098 363 5154 in
401 5100 532 5163 Deo,
579 5099 659 5156 sui
698 5101 967 5170 exemplo,
1019 5113 1140 5154 eum
1180 5100 1456 5169 subiungit
1492 5099 1568 5155 sic
1605 5119 1616 5153 :

106 5176 198 5233 Dico
220 5188 348 5253 quod
385 5205 496 5257 spes
530 5206 642 5242 mea
675 5190 727 5243 in
764 5190 867 5244 Deo
901 5201 994 5244 est.
1046 5190 1197 5245 Unde
1230 5188 1479 5258 exemplo
1514 5191 1615 5243 nrci

104 5285 256 5335 Sperate
281 5280 330 5333 in
348 5297 423 5344 eo,
443 5284 609 5336 omnis
632 5284 959 5351 congregatio
983 5281 1182 5350 populi,
1201 5281 1251 5333 id
1277 5290 1378 5343 est,
1403 5297 1502 5335 vos
1525 5281 1617 5349 qui

105 5376 180 5417 non
212 5373 328 5427 estis
372 5374 690 5445 disseparati
722 5391 748 5428 a
779 5375 999 5429 Christo
1036 5374 1175 5428 mala
1217 5376 1324 5427 vita
1362 5384 1538 5429 vestra
1566 5382 1620 5429 ct

105 5452 362 5530 lircrcsibus,
386 5468 478 5522 sed
520 5468 831 5537 quicunque
860 5466 910 5520 in
944 5465 1143 5535 populo
1179 5466 1453 5518 mundano
1483 5481 1619 5519 con-

105 5554 261 5617 gregati
296 5560 418 5613 estis
457 5560 509 5614 in
551 5560 673 5623 lidc,
722 5569 775 5613 et
822 5559 1202 5613 conformitatc
1229 5557 1454 5619 Christi,
1486 5558 1617 5611 etin

107 5633 179 5690 hoc
199 5659 343 5699 unum
367 5652 511 5711 estis,
546 5660 600 5704 ut
633 5652 706 5705 ait
733 5650 1021 5719 Apostolus
1049 5667 1061 5702 :
1099 5648 1279 5702 «Multi
1314 5664 1481 5702 unum
1504 5663 1619 5702 cor-

104 5736 178 5787 llfts
199 5750 358 5793 minus
395 5742 441 5795 in
478 5743 695 5797 Christo
740 5740 917 5810 (Rom.
972 5756 1069 5803 xu,
1116 5738 1191 5807 ὅ).
1222 5758 1238 5789 ι
1286 5739 1352 5793 Ει
1392 5748 1446 5795 ιιι
1496 5752 1618 5810 Spes

1733 3283 1904 3341 petrae
1947 3270 2237 3340 propositae
2279 3270 2384 3324 sint
2430 3271 2497 3325 ad
2541 3286 2770 3325 examen
2813 3274 3177 3338 rectitudinis,
3209 3275 3307 3343 ipsi

1734 3371 1879 3415 motu
1916 3360 2128 3415 illarum
2163 3360 2571 3428 Scripturarum
2608 3362 2796 3414 nolunt
2820 3363 3091 3417 cll‘nndere
3121 3368 3305 3431 corda,

1730 3453 1825 3507 sed
1866 3454 2203 3506 mentiuntur
2233 3453 2557 3521 exponendo
2595 3470 2852 3523 perverse
2892 3457 3035 3525 ipsas
3067 3458 3310 3527 Scriptu-

1732 3561 1841 3611 ras,
1873 3546 2037 3615 219
2062 3546 2125 3598 ad
2153 3546 2275 3609 hoc,
2314 3556 2366 3598 ut
2400 3545 2661 3613 decipiant
2697 3546 2887 3612 honos,
2920 3550 3039 3617 ipsi,
3065 3552 3153 3619 qui
3181 3551 3307 3606 boni

1730 3640 2055 3708 quihusdam
2090 3639 2361 3704 videntur,
2395 3638 2573 3692 eundo
2611 3639 2675 3691 tle
2711 3641 2937 3694 vanitate
2971 3642 3022 3693 in
3058 3643 3304 3711 itlipsum,

1729 3727 1780 3779 id
1818 3737 1901 3781 est
1948 3727 1999 3780 in
2034 3727 2354 3789 vanitatem,
2410 3728 2551 3795 quod
2589 3714 2670 3781 est
2709 3728 2911 3792 dicere,
2948 3740 3004 3783 ut
3038 3732 3310 3800 decipiant

1727 3817 1931 3885 ﬁdeles,
1962 3819 2230 3871 tentleuzla
2264 3821 2328 3872 de
2381 3834 2518 3872 vana
2559 3829 2610 3873 et
2647 3820 2778 3875 falsa
2808 3822 3077 3878 locutione
3109 3825 3158 3877 in
3192 3842 3305 3877 ma-

1726 3909 1808 3980 gis
1836 3925 2030 3963 vanam
2071 3919 2126 3963 et
2165 3908 2376 3964 falsam.
2406 3910 2570 3964 Facta
2601 3913 3022 3981 exprobratione
3056 3915 3307 3970 inimico-

1725 4016 1868 4066 rum,
1916 4001 2212 4054 revertitur
2251 4002 2317 4054 ad
2366 4003 2803 4058 exhortationem
2852 4006 3140 4071 bonorum,
3180 4008 3303 4060 sic:

1727 4091 1859 4145 Dico
1888 4102 2092 4160 sperate
2124 4091 2174 4143 in
2214 4092 2345 4157 Deo,
2381 4091 2541 4146 nolite
2572 4110 2783 4162 sperare
2829 4095 2880 4147 in
2909 4096 3183 4165 iniquitate
3211 4111 3304 4163 ge-

1725 4182 2011 4247 neraliter,
2042 4192 2101 4236 nt
2134 4182 2379 4237 videlicet
2402 4184 2636 4251 speretis
2662 4199 2725 4237 ex
2761 4184 3044 4252 iniquitate
3070 4184 3306 4253 qualibet

1727 4276 1952 4344 adipisci
1995 4276 2198 4344 aliquid
2245 4276 2516 4340 utilitatis,
2561 4276 2640 4327 vel
2691 4277 2769 4329 sic
2808 4278 2963 4328 nolite
2998 4293 3209 4344 sperare
3250 4278 3303 4328 in

1738 4366 2034 4433 iniquitate,
2066 4368 2114 4420 id
2139 4379 2221 4421 cst
2249 4368 2299 4419 in
2329 4366 2532 4419 divitiis
2581 4381 2701 4435 qua:
2748 4366 3003 4433 iniquitas
3026 4367 3301 4432 dicuntur,

1725 4470 1790 4510 eo
1822 4459 1963 4526 quod
2005 4458 2244 4527 iniquum
2280 4460 2348 4511 sit
2376 4474 2468 4513 eas
2501 4472 2859 4527 eotsgregare,
2889 4466 2939 4511 et
2968 4474 3072 4510 non
3100 4473 3304 4527 paupe-

1729 4547 1878 4601 ribus
1910 4562 2156 4617 erogare.
2200 4548 2349 4603 Unde
2383 4548 2641 4602 Dominus
2676 4549 2805 4601 dicit
2841 4567 2851 4601 :
2896 4566 2912 4598 ι
2942 4548 3125 4603 Facite
3153 4549 3305 4604 vobis

1726 4640 1930 4693 amicos
1955 4640 2019 4693 de
2038 4656 2341 4694 mammona
2370 4641 2669 4711 iniquitatis
2706 4640 2834 4710 (an
2863 4658 2973 4708 xw,
3006 4642 3080 4711 9).
3104 4663 3121 4694 ι
3151 4642 3301 4709 Quod

1730 4733 2062 4787 estdicere:
2109 4732 2288 4786 Nolite
2323 4750 2533 4802 sperare
2573 4733 2701 4787 utile
2720 4749 2838 4803 esse
2878 4734 3096 4790 divitias
3127 4745 3306 4791 reten-

1730 4831 1846 4878 tare
1883 4842 1894 4876 :
1930 4832 1983 4878 et
2019 4839 2133 4887 vos,
2173 4833 2421 4877 carentes
2458 4824 2691 4891 divitiis,
2732 4825 2890 4878 nolite
2941 4826 3305 4895 concupiscere

1729 4915 1962 4982 rapinas,
1998 4913 2048 4967 id
2103 4922 2186 4966 cst
2242 4913 2457 4967 divitias
2509 4931 2628 4983 quin
2672 4914 2930 4968 dicuntur
2963 4917 3187 4985 rapimc,
3222 4917 3303 4969 vel

1726 5003 1850 5073 quia
1883 5004 1932 5057 vi
1967 5018 2060 5057 seu
2097 5003 2285 5057 fraude
2314 5003 2472 5058 alicui
2522 5004 2821 5072 rapiuntur,
2858 5021 2951 5059 seu
2982 5008 3144 5060 etiam
3175 5008 3300 5073 quia

1726 5094 1855 5148 nulli
1894 5095 2222 5159 trihttnntnr;
2275 5093 2426 5163 juxta
2466 5096 2593 5148 illtnl
2621 5096 2871 5166 Prospcri
2908 5115 2920 5150 :
2961 5116 2978 5148 ι
3009 5096 3137 5163 Quae
3170 5097 3299 5151 nulli

1724 5185 1931 5250 tribuit,
1961 5187 2280 5255 pauperibus
2304 5187 2509 5254 rapuit;
2539 5180 2555 5236 ι
2585 5197 2639 5240 et
2670 5189 2711 5240 si
2738 5189 2935 5241 divitia:
2961 5188 3196 5256 afluant,
3248 5186 3299 5239 id

1721 5284 1802 5328 cst
1832 5277 2103 5329 abundent
2138 5276 2312 5338 vobis,
2343 5277 2500 5329 nolite
2530 5277 2634 5330 illis
2678 5294 2767 5329 cor
2796 5292 3073 5345 apponere,
3121 5276 3169 5329 id
3213 5284 3298 5329 est

1721 5365 2046 5419 desiderium
2107 5366 2288 5418 cordis
2354 5368 2663 5435 applicare,
2711 5376 2769 5417 ut
2818 5382 2910 5420 eas
2959 5366 3095 5436 plus;
3132 5369 3298 5423 nimio

1720 5459 2033 5525 diligentes,
2098 5457 2261 5510 Deum
2304 5457 2714 5512 obliviscamini.
2770 5458 2923 5513 Unde
2968 5458 3292 5529 ApOlelus:

1725 5567 1743 5600 ι
1773 5549 1984 5602 Avarus
2013 5587 2026 5610 ,
2077 5548 2220 5614 quod
2268 5556 2349 5601 est
2397 5547 2657 5600 idolorum
2698 5546 2953 5612 servitus,
2995 5564 3099 5602 non
3138 5550 3299 5605 habet

1721 5648 1927 5708 partem
1987 5637 2038 5690 in
2098 5653 2264 5707 regno
2321 5636 2520 5690 Christi
2574 5644 2626 5689 ct
2680 5635 2774 5690 Dei
2825 5636 2996 5707 (Eph.
3049 5654 3104 5702 ν,
3143 5639 3237 5707 5).
3271 5657 3289 5691 ι

1725 5727 1853 5792 'v’cl,
1908 5726 2068 5781 nolite
2128 5742 2383 5795 apponere
2433 5741 2521 5779 cor
2573 5727 2759 5790 cordi,
2817 5728 2867 5781 id
2926 5736 3046 5793 est,
3107 5728 3292 5800 adjun-
