3846 6334
502 261 610 316 9‘37

1078 218 1136 313 ε.
1178 256 1530 313 BRUNONIS
1568 210 2211 313 CADTHUSIANORU.“
2258 253 2740 314 INSTITUTORIS
2769 256 2921 314 OPP.
2956 256 3137 317 ΡΑιιε
3175 261 3213 316 Ι.

3650 268 3738 327 928

502 390 635 451 gere
684 373 991 445 superbiam
1044 372 1315 442 superbia:
1369 370 1549 425 cordis
1612 370 1822 434 vestri,
1879 367 2089 422 scilicet
2120 372 2164 428 Α
2197 378 2323 422 ante
2370 370 2675 441 passionem
2725 370 3056 426 desiderium
3104 388 3261 427 suum
3314 374 3643 443 perveniendi
3682 384 3738 437 ad

505 484 631 525 cum
672 467 845 537 magis
891 475 946 520 et
994 465 1165 534 magis
1214 464 1416 518 divitia:
1446 464 1598 516 vobis
1624 462 1949 524 allluxerint,
1984 476 2090 514 non

509 561 632 615 ideo
664 560 838 627 magis
865 559 1147 628 magisque
1174 557 1392 626 superbi
1417 555 1720 610 elliciamini
1748 573 1761 620 ;
1791 556 1931 609 unde
1954 554 2092 608 Pau—

508 649 592 703 lus
622 650 688 703 ad
727 648 1069 704 Timotheum
1107 667 1120 702 :
1160 668 1176 701 ι
1210 649 1452 718 Prtecipe
1496 646 1753 701 divitibus
1794 645 1954 715 hujus
1992 661 2091 699 Ste-

508 742 637 808 culi,
683 758 788 796 non
832 744 1063 811 superbe
1112 758 1323 812 sapere,
1371 758 1473 797 nec
1523 756 1745 812 sperare
1784 742 1835 794 in
1887 741 2091 794 incerto

508 832 820 887 divitiarum
877 833 959 895 (II
1002 833 1137 886 Tim.
1182 850 1282 898 vn,
1333 834 1440 903 17).
1473 852 1490 883 ι
1537 834 1674 900 Quia
1712 847 1841 886 vero
1880 832 2095 888 dixerat

507 938 628 977 esse
657 925 984 992 sperandum
1020 926 1070 977 in
1104 925 1230 989 Deo,
1263 935 1317 979 et
1349 941 1452 979 non
1489 926 1540 979 in
1578 926 1802 992 divitiis,
1826 934 1882 978 ut
1904 926 1969 977 ad
1991 926 2093 979 hoc

508 1017 753 1069 attrahat
792 1017 1088 1083 auditores,
1145 1017 1277 1071 dicit
1327 1018 1493 1071 Deum
1542 1027 1819 1087 potentem
1866 1033 1987 1072 esse
2026 1018 2094 1073 ad

504 1107 837 1175 puniendum
884 1107 934 1161 in
982 1109 1186 1161 divitiis
1239 1119 1542 1178 sperantes,
1599 1118 1653 1164 et
1685 1108 2094 1163 misericordem

521 1201 587 1253 ad
619 1200 757 1255 bene
790 1202 1246 1256 rennunerandmn
1274 1203 1326 1255 in
1360 1218 1420 1258 se
1450 1214 1759 1271 sperantes.
1792 1203 1937 1265 Dixi,
1964 1219 2093 1255 con-

511 1293 744 1360 gregatio
773 1291 972 1361 populi,
1002 1304 1207 1356 sperate
1236 1293 1288 1345 in
1321 1293 1452 1358 Deo,
1482 1303 1537 1348 et
1565 1309 1669 1348 non
1704 1295 1755 1348 in
1790 1295 2014 1358 divitiis,
2040 1302 2093 1349 et

512 1385 675 1438 nolite
704 1400 794 1438 eor
814 1402 1094 1453 apponere,
1128 1396 1181 1439 et
1220 1387 1325 1440 hoc
1347 1387 1667 1441 obedienter
1696 1387 1971 1457 complere
2002 1387 2095 1441 de-

510 1474 667 1528 betis.
710 1474 845 1528 Nam
884 1474 1024 1530 Deus
1072 1476 1278 1530 loculus
1316 1487 1391 1530 est
1435 1487 1492 1532 et
1530 1493 1627 1548 per
1664 1478 2005 1548 Scripturas,
2038 1487 2095 1533 et

510 1581 611 1635 per
641 1567 932 1621 humanam
963 1578 1233 1634 naturam,
1279 1579 1334 1624 et
1364 1570 1462 1624 hoc
1489 1571 1666 1638 semel,
1698 1571 1747 1624 id
1775 1580 1859 1626 est
1889 1572 2096 1626 incont-

511 1661 865 1716 tnntabiliter.
892 1661 1045 1729 Quod
1073 1673 1155 1717 est
1184 1664 1365 1720 dicere
1394 1680 1408 1718 :
1437 1665 1567 1719 Tale
1595 1666 1724 1736 quid
1753 1665 1965 1720 locutus
1988 1673 2089 1728 est,

2196 459 2386 514 Deum.
2421 460 2574 517 Unde
2599 478 2656 517 se
2685 462 2910 532 vigilare
2934 463 2987 517 in
3011 462 3150 518 bono
3173 480 3335 533 opere
3356 467 3567 534 asserit,
3598 479 3649 525 ut
3683 475 3739 527 ad

2196 569 2319 607 eum
2352 553 2639 622 pervenire
2672 554 2863 622 possit,
2891 564 2944 607 ct
2977 555 3243 624 promittit
3274 567 3669 625 perseveranter
3692 578 3741 617 se

2196 643 2363 697 Deum
2395 642 2739 696 laudaturum
2772 652 2827 696 et
2849 657 3004 709 voce,
3034 652 3089 697 et
3121 644 3260 697 bona
3294 645 3403 698 vita
3433 661 3546 709 sua,
3569 657 3618 702 et
3640 663 3742 705 orat

2196 736 2370 807 gratia
2400 736 2629 804 spiritali
2667 746 3082 803 perseveranter
3108 734 3322 805 repleri,
3355 746 3462 790 uta
3489 737 3633 793 laude
3654 756 3743 796 non

2196 831 2442 891 desistat;
2474 830 2573 884 hoc
2605 838 2784 884 autem
2818 828 2941 882 facit
2973 830 3039 882 ad
3085 829 3497 884 instructionem
3530 846 3741 900 suorum,

2196 931 2255 976 ut
2282 931 2337 977 et
2377 923 2477 989 ipsi
2508 921 2756 991 exemplo
2787 936 2886 976 suo
2917 920 3164 990 vigilem,
3198 929 3252 974 et
3288 920 3356 974 ad
3392 921 3553 975 Deum
3580 938 3745 991 perve-

2196 1015 2315 1070 nire
2339 1015 2672 1077 desiderent,
2698 1025 2752 1069 et
2779 1031 2903 1071 eum
2932 1018 3244 1071 ommmode
3275 1015 3514 1082 laudent,
3544 1026 3745 1073 etorent

2211 1107 2442 1176 Spiritali
2469 1107 2641 1176 gratia
2677 1106 2887 1178 repleti,
2916 1115 2972 1161 ut
3003 1107 3082 1162 sie
3113 1108 3166 1162 in
3195 1106 3311 1175 ejus
3343 1106 3503 1160 laude
3524 1122 3745 1176 perseve-

2200 1211 2321 1256 rent
2351 1216 2366 1254 :
2400 1201 2565 1255 aliter
2599 1201 2743 1256 enim
2782 1216 2887 1255 non
2920 1210 3161 1270 possent.
3194 1200 3249 1255 ln
3280 1200 3386 1255 line
3424 1214 3550 1254 vero
3581 1199 3744 1269 psalmi

2200 1294 2313 1365 agit
2357 1293 2425 1347 de
2468 1292 2570 1347 hoc
2616 1292 2759 1363 quod
2802 1301 3049 1362 quaerent
3085 1308 3207 1347 eum
3243 1292 3452 1346 inimici
3490 1291 3672 1345 frustra
3700 1293 3745 1346 in

2212 1399 2386 1447 morte
2422 1391 2686 1446 detinere.
2724 1390 2847 1461 Agit
2884 1389 3049 1445 etiam
3090 1389 3154 1445 de
3184 1388 3497 1443 eorumdem
3529 1387 3739 1442 inimico-

2199 1500 2319 1539 rum
2363 1482 2648 1553 mnltiplici
2692 1482 3066 1547 damnatione,
3112 1491 3166 1536 et
3206 1481 3273 1535 de
3316 1480 3501 1534 lmtitia
3533 1496 3743 1534 resurre-

2202 1576 2422 1641 ctionis,
2452 1585 2505 1631 et
2533 1576 2601 1629 de
2633 1574 2945 1630 laudatione
2967 1588 3188 1627 suorum
3214 1572 3268 1625 in
3297 1570 3503 1624 futuro.

2271 1665 2435 1731 Deus,
2460 1666 2549 1734 qui
2578 1664 2817 1719 onmium
2841 1663 3202 1717 communiter
3223 1677 3283 1716 es
3311 1659 3472 1726 Deus,
3496 1676 3626 1713 meus
3645 1673 3744 1728 spe.

508 1752 654 1819 quod
680 1752 1121 1808 incommutabile
1142 1754 1265 1819 erit,
1286 1765 1339 1808 et
1368 1770 1590 1810 necesse
1613 1766 1694 1809 est
1728 1765 1786 1810 ut
1809 1756 2086 1825 complea-
2122 1737 2163 1795 Β
2199 1756 2435 1822 cialiter,
2480 1755 2566 1809 cui
2606 1768 2716 1824 pra:
2757 1752 3014 1808 euntibus
3053 1752 3268 1817 obedio,
3315 1749 3408 1819 qui
3446 1764 3529 1802 me
3564 1748 3746 1818 penitus

514 1849 630 1895 tur.
664 1840 798 1895 lllud
824 1842 1025 1912 quippe
1057 1861 1222 1897 unum
1259 1854 1404 1902 recte
1436 1846 1689 1911 dicimus,
1724 1847 1865 1915 quod
1899 1846 2097 1901 nullius

514 1932 900 1987 ntutabilitatis
931 1935 1142 1989 obtinet
1184 1936 1585 2005 diversitatem,
1626 1938 1763 1992 sicut
1804 1940 1943 1992 Deus
1971 1954 2093 1992 eum

512 2024 568 2078 in
595 2026 840 2094 personis
863 2026 935 2080 sit
964 2027 1160 2094 trinus,
1193 2044 1330 2082 unus
1360 2029 1584 2096 dicitur,
1615 2045 1680 2083 eo
1711 2031 1853 2099 quod
1882 2030 1935 2084 in
1967 2046 2095 2085 scn-

513 2115 682 2168 teutia
716 2117 785 2170 sit
830 2116 1293 2172 incommutabilis
1317 2128 1372 2172 et
1402 2119 1726 2174 indiversns.
1764 2120 1911 2176 Unde
1940 2120 2096 2173 semel

511 2221 613 2276 pro
662 2206 1185 2284 incommutabiliter
1214 2208 1302 2262 hic
1334 2209 1573 2277 ponitur.
1618 2206 1749 2263 Dico
1781 2210 1922 2277 quod
1960 2208 2096 2263 Deus

508 2298 715 2351 loculus
744 2308 839 2360 est,
865 2308 917 2353 et
942 2299 1085 2352 inter
1108 2314 1169 2353 ea
1195 2316 1315 2369 qua:
1343 2301 1395 2354 in
1421 2300 1692 2354 locutione
1718 2302 1834 2370 ejus
1858 2302 2094 2371 percepi,

514 2391 694 2445 audivi
736 2392 863 2453 duo,
915 2401 1139 2461 propter
1176 2408 1296 2461 qua:
1335 2402 1421 2447 est
1463 2393 1515 2447 ir.
1556 2408 1620 2448 eo
1662 2394 2010 2461 sperandum,
2043 2404 2098 2449 et

512 2498 620 2537 non
659 2481 712 2535 in
736 2483 961 2547 divitiis,
985 2492 1040 2537 et
1068 2494 1194 2538 sunt
1216 2486 1380 2539 corda
1414 2484 1768 2540 el'l’undeuda:
1796 2486 1919 2539 Hice
1946 2487 2096 2541 scili-

510 2579 601 2623 cet
628 2570 753 2636 duo,
791 2571 914 2640 quia
949 2581 1177 2639 potestas
1215 2582 1288 2627 est
1325 2573 1439 2640 Dei,
1491 2574 1540 2627 id
1569 2583 1675 2639 est,
1714 2585 1825 2642 tua,
1860 2590 1892 2628 ο
1935 2574 2095 2640 Deus,

510 2659 641 2728 quia
683 2668 735 2714 tu
773 2659 910 2714 Deus
949 2670 1140 2732 potens
1166 2676 1250 2726 es,
1279 2673 1325 2718 et
1355 2664 1472 2730 tibi,
1501 2663 1747 2729 Domine.
1781 2673 1865 2722 cst
1896 2664 2101 2718 miseri-

518 2749 729 2815 cordia,
772 2750 824 2805 id
861 2762 964 2811 est.
1009 2763 1064 2807 et
1098 2763 1173 2818 tu,
1218 2756 1460 2819 Domine,
1508 2758 1818 2812 misericors
1858 2774 1950 2812 cs:
1986 2760 2100 2812 lnec

519 2854 703 2896 autem
744 2844 984 2899 breviter
1023 2848 1240 2917 exponit
1282 2848 1582 2916 subdendo,
1614 2849 1691 2903 sic
1738 2868 1749 2903 :
1794 2850 1922 2904 Dico
1956 2851 2099 2919 quod

520 2933 617 2985 tibi
648 2943 735 2986 est
763 2944 992 3003 potestas
1015 2946 1061 2988 et
1093 2937 1480 3001 misericordia,
1506 2939 1648 3006 quod
1678 2947 1760 2993 est
1782 2955 1843 2992 ac
1878 2940 1921 2992 si
1955 2940 2100 2993 dicc-

500 3041 651 3095 J'em,
679 3028 806 3097 quia
839 3039 891 3080 tu
920 3029 1102 3083 reddes
1132 3031 1412 3100 unicuique
1436 3031 1596 3100 juxta
1621 3047 1778 3100 aperu
1812 3048 1907 3084 sua
1936 3031 1988 3083 in
2015 3031 2099 3084 l'u-

2199 1847 2496 1901 immuaem
2536 1845 2712 1900 fecisti
2755 1859 2786 1898 a
2833 1853 3076 1914 peccatu,
3127 1843 3303 1913 vigilo,
3337 1842 3478 1895 bene
3516 1841 3737 1901 vivendo,

2199 1938 2267 1990 ad
2294 1946 2342 1992 te
2372 1936 2747 1993 obtinendum.
2782 1934 2936 2001 Quod
2966 1944 3049 1988 est
3075 1934 3253 1989 dicere
3287 1948 3301 1985 :
3339 1930 3455 1986 Non
3495 1946 3575 1985 me
3602 1930 3745 1997 negli-

2200 2038 2395 2099 genter
2426 2028 2600 2082 liabeo
2634 2027 2685 2080 in
2718 2026 2994 2079 voluntate
3027 2034 3137 2089 tua,
3173 2024 3267 2078 sed
3300 2023 3473 2093 vigilo,
3502 2024 3549 2076 id
3576 2034 3648 2077 est
3672 2039 3745 2076 cn—

2202 2120 2380 2173 riosus
2411 2126 2461 2171 et
2488 2116 2709 2172 sedulus
2734 2118 2877 2171 nitor
2899 2119 2964 2170 ad
2992 2128 3043 2171 te
3066 2115 3501 2184 adipiscendum,
3530 2113 3577 2165 id
3597 2122 3668 2167 est
3692 2112 3744 2164 ad

2198 2213 2302 2266 hoc
2335 2219 2393 2265 ut
2432 2210 2505 2264 tui
2541 2208 2981 2265 conformitatem
3013 2208 3316 2273 obtineant,
3350 2192 3635 2260 secundum
3658 2208 3741 2259 hoc

2199 2305 2342 2374 quod
2375 2304 2535 2356 homo
2564 2318 2706 2367 smn,
2740 2299 3067 2355 utvidclicet
3094 2298 3219 2353 liam
3255 2296 3575 2353 immortalis
3594 2308 3643 2350 et
3664 2296 3740 2349 im-

2199 2395 2473 2466 passibilis
2502 2393 2643 2449 sicut
2666 2401 2745 2456 tu,
2772 2407 2802 2445 a
2830 2390 3185 2445 similitudine
3214 2389 3342 2443 boni
3377 2388 3538 2451 servi,
3563 2388 3644 2460 qui
3668 2402 3743 2444 c1-

2200 2489 2489 2556 spectando
2543 2484 2821 2538 do.ninnm
2863 2498 3021 2537 suum
3053 2497 3160 2535 non
3192 2481 3396 2535 dormit
3434 2480 3527 2539 sed
3564 2481 3741 2551 vigilat,

2200 2581 2265 2634 de
2294 2595 2399 2649 quo
2447 2579 2499 2633 in
2542 2575 2829 2649 Evangelio
2880 2574 3112 2649 legitur:
3154 2597 3171 2629 ι
3205 2572 3405 2632 Beatus
3437 2575 3522 2629 il'e
3549 2588 3729 2633 st‘erlS.

2201 2686 2382 2745 quem,
2418 2689 2536 2727 cum
2565 2671 2779 2725 venerit
2835 2669 3114 2731 Dominus,
3166 2667 3438 2720 invenerit
3476 2663 3745 2732 vigilantem

2203 2767 2355 2836 (Luc.
2404 2782 2503 2828 xit.
2538 2764 2650 2821 '57).
2678 2782 2695 2815 ι
2732 2762 2860 2815 Dico
2888 2760 3063 2830 vigilo,
3086 2771 3139 2813 et
3168 2760 3280 2812 haec
3311 2756 3551 2826 vigilatio
3567 2754 3743 2809 contin-

2202 2858 2280 2927 git
2325 2858 2387 2911 de
2420 2858 2533 2909 lure
2573 2856 2832 2908 virtutum
2868 2860 2924 2907 ct
2957 2850 3283 2920 cognitionis
3323 2860 3451 2913 tute,
3506 2861 3599 2916 qua
3639 2845 3742 2897 int='-

2204 2950 2317 3003 rius
2351 2946 2579 3016 repleor.
2615 2945 2767 3011 Quod
2804 2952 2889 2999 est
2941 2942 3125 2997 dicere
3167 2958 3179 2993 :
3222 2938 3459 2993 Maxima
3503 2937 3585 2990 lux
3615 2934 3747 2987 virtu-

2148 3095 2170 3113 η
2205 3048 2339 3103 twn,
2387 3045 2441 3092 et
2492 3045 2593 3089 tua:
2638 3032 2960 3105 cognitionis
3006 3029 3138 3085 mihi
3189 3029 3403 3099 ingesta
3439 3067 3454 3090 ,
3504 3039 3647 3080 causa
3685 3029 3747 3072 νει

516 3129 659 3183 turo;
698 3120 800 3174 hoc
830 3129 1011 3175 autem
1043 3131 1214 3175 totum
1254 3130 1360 3187 est,
1393 3138 1455 3177 ac
1488 3123 1531 3177 si
1566 3122 1806 3177 breviter
1836 3123 2043 3177 diceret
2083 3140 2095 3176 :
2127 3096 2172 3154 Ο
2206 3143 2374 3197 quare
2425 3126 2635 3196 vigilem
2672 3130 3104 3194 perseveranter.
3148 3118 3261 3182 Vel,
3296 3118 3479 3187 vigilia
3517 3128 3621 3169 mea
3648 3126 3749 3164 con-

514 3210 849 3265 Elfundenda
881 3221 1007 3265 sunt
1035 3212 1198 3267 corda
1231 3222 1285 3269 ct
1310 3215 1637 3283 sperandum
1670 3216 1723 3269 in
1754 3215 1882 3279 Deo,
1919 3225 1973 3270 et
1995 3232 2098 3269 non

515 3302 570 3356 in
600 3301 824 3368 divitiis;
857 3303 1112 3372 quoniam
1142 3312 1218 3369 tu,
1254 3304 1417 3369 Deus,
1451 3305 1677 3374 loquens
1701 3306 1858 3360 nobis
1882 3307 2101 3361 verissi-

514 3409 603 3448 ma
638 3404 691 3449 ct
720 3395 1153 3450 incommutabili
1188 3395 1465 3451 locutione
1501 3397 1616 3452 lure
1643 3398 1926 3452 ostendisti
1964 3414 1977 3450 :
2008 3398 2100 3466 qui

515 3501 640 3540 cum
670 3486 743 3541 sis
770 3498 965 3556 potens
994 3488 1061 3539 ad
1104 3488 1471 3543 (intimandum
1511 3488 1842 3556 negligentes
1875 3497 1946 3554 te,
1980 3490 2102 3543 red-

518 3577 614 3630 des
665 3578 717 3631 in
767 3577 949 3631 futuro
990 3577 1283 3646 unicuique
1317 3577 1473 3647 juxta
1521 3594 1683 3648 opera
1731 3595 1849 3643 sua,
1895 3580 2104 3636 scilicet

519 3666 924 3735 negligentibus
955 3678 1005 3723 te
1034 3682 1284 3737 pinnata;
1317 3671 1662 3737 sperantibus
1687 3680 1867 3725 autem
1897 3672 1947 3725 in
1976 3681 2025 3728 te
2049 3681 2103 3726 et

515 3757 915 3812 effundentibus
942 3760 1105 3813 corda
1132 3774 1250 3823 sua,
1275 3760 1504 3814 salutem
1531 3774 1868 3832 perpetuam;
1889 3764 2095 3820 velsic:

517 3844 688 3898 Semel
716 3846 917 3900 locutus
939 3858 1011 3902 est
1035 3848 1198 3915 Deus,
1225 3851 1275 3904 id
1300 3861 1401 3915 est,
1429 3863 1630 3907 :etcrne
1657 3863 1712 3908 et
1738 3854 2100 3909 incommuta-

517 3937 706 3992 biliter
729 3941 995 4010 disposuit
1024 3944 1226 4007 omnia,
1255 3954 1305 3998 et
1339 3945 1516 3999 adhuc
1544 3947 1803 4017 disponit.
1838 3946 1991 4014 Quod
2020 3956 2104 4003 est

517 4030 729 4087 dicere:
752 4034 1271 4091 lncommutabiliter
1296 4048 1349 4093 et
1379 4048 1584 4092 :eterne
1611 4040 1796 4108 genuit
1819 4039 2101 4107 Filium,et

514 4124 694 4179 adhuc
718 4125 891 4194 gignit
918 4127 1393 4197 investigabiliter.
1423 4126 1581 4197 Gigni
1616 4129 1814 4198 quippe
1844 4128 2039 4182 Filium
2070 4145 2100 4184 a

514 4214 697 4281 Patre,
731 4233 836 4271 non
870 4230 955 4272 est
990 4219 1135 4272 aliud
1174 4236 1335 4288 quam
1380 4236 1477 4289 per
1522 4235 1645 4274 eum
1684 4230 1880 4274 cuncta
1922 4221 2101 4289 dispo-

513 4324 645 4362 nere
682 4326 694 4362 :
728 4308 1142 4379 dispositionem
1172 4321 1353 4365 autem
1392 4311 1481 4366 Dei
1519 4326 1779 4366 vocamus
1806 4313 2097 4369 inelfabili-

522 4401 651 4456 tatis
693 4401 1042 4467 locutionem,
1086 4414 1141 4457 et
1181 4403 1232 4457 in
1271 4402 1357 4456 illa
1390 4403 1665 4458 locutione
1702 4404 1808 4459 duo
1855 4405 1969 4461 haec
2000 4419 2095 4460 auo

482 4558 487 4563 κ
514 4492 629 4547 ditu
659 4494 837 4547 audivi
876 4494 1139 4559 interiori,
1170 4505 1305 4559 ete.;
1342 4493 1456 4548 lucc
1485 4510 1589 4547 non
1621 4502 1924 4549 mutantur.

895 4587 1057 4657 220
1095 4586 1159 4642 ΙΝ
1191 4587 1521 4642 ΡΞΑΙΛΙΟΜ
1557 4587 1713 4643 LXII.

585 4676 785 4732 Psalmi
813 4681 1132 4748 sexagesimi
1163 4681 1387 4736 secundi
1418 4681 1624 4735 titulus.
1645 4678 1889 4735 Psalmus
1907 4679 2097 4746 David,

517 4786 636 4822 cum
673 4780 802 4824 esse!
835 4770 889 4826 in
913 4771 1115 4825 deserto
1144 4771 1420 4826 Idumam.
1450 4772 1607 4839 Quod
1644 4772 1722 4828 sic
1762 4772 2053 4840 exponitur
2082 4789 2094 4825 :

517 4862 764 4919 Psalmus
797 4866 897 4920 iste
924 4866 1246 4921 attribuitur
1274 4865 1464 4931 David,
1501 4866 1551 4919 id
1590 4874 1672 4920 est
1702 4866 1920 4921 Christo
1949 4882 1961 4918 :
1997 4866 2097 4919 ha-

514 4959 661 5014 bitus
687 4967 768 5015 est
800 4959 901 5015 iste
937 4960 1179 5030 psalmus
1211 4960 1279 5014 ab
1319 4960 1437 5029 ipso
1470 4957 1659 5024 David,
1691 4973 1807 5011 cum
1848 4958 1958 5027 ipse
2002 4956 2102 5010 Da-

515 5056 603 5108 vid
625 5066 778 5122 esset,
800 5056 851 5111 id
881 5065 962 5111 est
992 5065 1417 5111 convcrsaretur
1439 5054 1799 5125 corporaliter
1820 5054 1873 5107 in
1897 5053 2102 5108 deserto

521 5145 795 5211 Idumam,
821 5147 874 5202 id
894 5156 976 5201 est
1000 5146 1053 5199 in
1077 5147 1274 5216 populo
1302 5145 1551 5213 Judaico,
1576 5147 1666 5217 qui
1688 5146 1961 5201 desertum
1986 5151 2106 5199 erat

514 5246 739 5304 propter
759 5236 1071 5303 ldumasam,
1100 5236 1152 5289 id
1177 5247 1259 5289 est
1281 5245 1502 5307 propter
1530 5235 1900 5292 terrenitatem
1927 5249 2101 5288 suam.

515 5332 669 5399 Quod
713 5330 1016 5385 estdicere
1066 5350 1079 5385 :
1131 5330 1267 5399 Quia
1312 5332 1543 5387 terrenis
1586 5330 1778 5385 intenti
1827 5337 2009 5394 erant,
2047 5337 2103 5383 et

517 5426 694 5496 legem
718 5427 812 5481 Dei
842 5435 1065 5497 propter
1087 5425 1405 5481 traditiones
1433 5441 1560 5480 snas
1589 5424 1802 5478 irritam
1836 5422 2099 5485 fecerant,

514 5516 717 5571 deserti
741 5527 902 5573 erant
921 5533 949 5571 a
974 5518 1149 5589 gratia
1175 5517 1291 5584 Dei,
1312 5531 1366 5571 et
1390 5515 1657 5571 infertiles
1682 5516 1947 5571 bonorum
1971 5527 2101 5582 ope-

517 5629 662 5681 rum,
700 5615 773 5669 ad
816 5615 1035 5671 modum
1076 5624 1235 5670 terra:
1267 5616 1515 5680 desertae,
1558 5627 1679 5682 quae
1715 5610 1968 5666 inl'ertilis
1994 5617 2095 5665 est.

519 5705 769 5772 Ostendit
815 5715 997 5764 autem
1055 5707 1108 5764 in
1149 5707 1252 5764 hoc
1298 5707 1508 5779 psalmo
1580 5704 1895 5762 Dominicus
1937 5703 2098 5758 homo

2208 3221 2365 3291 tingit
2396 3224 2459 3272 de
2482 3206 2625 3281 luce,
2652 3215 2705 3268 id
2736 3224 2819 3270 est
2842 3215 2907 3269 de
2936 3212 3206 3282 sapientia
3232 3222 3351 3275 tua,
3371 3209 3498 3264 mihi
3530 3216 3745 3275 persona-

2205 3313 2329 3369 liter
2353 3312 2521 3373 unita,
2546 3324 2664 3379 quze
2682 3308 2920 3363 animam
2946 3320 3120 3361 meam
3146 3306 3486 3359 incessanter
3506 3295 3746 3355 illuminat,

2204 3414 2259 3460 et
2294 3403 2417 3457 inde
2454 3416 2670 3471 quoque
2715 3398 2983 3468 contingit
3028 3398 3165 3451 bene
3195 3393 3442 3462 vigilatio
3477 3405 3585 3445 mea
3614 3383 3746 3453 :quia

2204 3495 2363 3548 sitit-it
2392 3492 2567 3545 anima
2592 3506 2704 3544 mea
2736 3490 2791 3543 in
2823 3500 2892 3551 te.
2925 3488 2977 3541 id
3006 3495 3110 3551 est,
3145 3484 3327 3539 anima
3364 3496 3476 3537 mea
3506 3478 3749 3533 vehemen-

2206 3593 2289 3639 ter
2330 3580 2657 3637 desideravit
2694 3590 2747 3633 et
2797 3579 2975 3632 adhuc
3003 3576 3274 3631 desiderat
3303 3573 3437 3627 illud
3471 3568 3602 3641 quod
3628 3568 3670 3619 in
3709 3573 3749 3615 te

2204 3683 2307 3738 est,
2334 3671 2815 3742 impassiiiilitatem
2843 3667 3081 3733 scilicet;
3129 3665 3271 3736 quod
3294 3672 3381 3718 est
3408 3662 3575 3717 dicere
3603 3676 3614 3711 :
3639 3653 3746 3709 Tan~

2206 3775 2319 3821 tmn
2348 3763 2859 3820 babetdesiderium
2884 3760 3096 3826 inte,id
3127 3767 3243 3822 est,
3276 3757 3329 3811 in
3370 3751 3749 3825 impassibilitate

2206 3856 2563 3920 conformari,
2610 3862 2870 3924 quantum
2902 3852 2987 3907 ille
3016 3852 3106 3922 qui
3139 3850 3293 3905 valde
3320 3848 3436 3903 sitit
3466 3844 3745 3900 desiderium

2207 3948 2371 4004 habet
2396 3945 2635 4013 bibendi,
2659 3954 2706 3999 et
2734 3960 2855 3998 caro
2880 3960 2992 3996 mea
3021 3941 3191 3997 sitivit
3213 3941 3306 3995 tibi
3338 3939 3599 3993 adhrerere
3618 3946 3746 4001 quam

2206 4040 2610 4112 multipliciter!
2652 4037 2803 4105 Quod
2835 4045 2919 4091 est
2955 4035 3137 4089 dicere
3164 4047 3178 4087 :
3205 4033 3262 4086 lu
3292 4046 3457 4086 carne
3484 4041 3591 4082 mea
3616 4021 3747 4119 multo

2206 4135 2391 4205 plures
2422 4146 2599 4186 causa:
2645 4138 2958 4199 suntquam
2991 4124 3272 4187 inanima,
3308 4122 3505 4193 quibus
3529 4116 3641 4171 sitio
3666 4113 3741 4165 tibi

2206 4222 2559 4278 conformari.
2612 4223 2670 4274 lu
2719 4219 2899 4272 anima
2946 4215 3061 4270 sola
3097 4215 3184 4270 illa
3210 4230 3376 4269 causa
3408 4220 3508 4275 est,
3538 4218 3683 4278 quare
3706 4210 3747 4253 te

2206 4314 2376 4378 sitiat,
2426 4311 2551 4382 quia
2584 4309 2858 4380 passibilis
2902 4315 3015 4372 est;
3077 4306 3130 4361 in
3164 4319 3331 4360 carne
3383 4318 3529 4362 vero,
3566 4307 3613 4351 et
3648 4294 3743 4363 quia

2206 4406 2376 4460 multo
2431 4403 2741 4475 passibilior
2789 4401 2993 4466 anima,
3051 4408 3105 4454 et
3154 4398 3279 4469 quia
3331 4395 3584 4453 mortalis.
3634 4387 3743 4455 quod

2132 4469 2177 4526 υ
2208 4500 2386 4553 anima
2426 4513 2535 4553 non
2566 4506 2667 4551 est.
2701 4495 2828 4550 Dico
2868 4493 3009 4563 quod
3032 4492 3210 4545 anima
3239 4500 3290 4545 et
3324 4504 3447 4542 cura
3476 4478 3709 4539 sitit-itali
3729 4494 3739 4526 ;

2207 4595 2386 4648 anima
2416 4603 2463 4648 et
2507 4608 2631 4645 caro
2662 4590 2783 4645 dico
2815 4589 2990 4658 posita
3036 4587 3089 4640 in
3129 4596 3271 4638 terra
3301 4587 3526 4643 deserta,
3554 4586 3645 4629 etc.
3674 4567 3743 4620 Vri

2208 4688 2287 4741 sic
2307 4686 2676 4749 continuatur,
2704 4691 2763 4735 ut
2791 4680 3061 4751 expositio
3085 4693 3191 4732 non
3220 4685 3475 4730 mutetur.
3504 4670 3615 4723 Dico
3632 4658 3742 4757 quell

2208 4778 2364 4848 vigilo
2390 4777 2459 4830 ad
2485 4786 2551 4836 te,
2578 4789 2678 4845 ego
2709 4773 2850 4834 dico,
2876 4771 3082 4839 positus
3109 4769 3325 4821 interra
3354 4765 3548 4818 deserta
3570 4765 3610 4811 et
3635 4755 3741 4806 invia

2210 4847 2581 4939 etiaaquosa;
2632 4882 2696 4921 ac
2750 4866 2795 4919 si
2850 4865 3055 4919 diceret
3100 4880 3111 4915 :
3161 4861 3270 4915 Etsi
3318 4867 3596 4942 converscr
3636 4847 3743 4942 inter

2207 4960 2442 5028 Juda'os,
2476 4961 2564 5029 qui
2599 4970 2736 5011 terra
2770 4966 2918 5021 sunt,
2944 4953 2997 5009 id
3026 4962 3107 5007 est
3144 4950 3367 5006 omnino
3396 4941 3579 5002 terreni
3614 4946 3659 5029 et
3682 4941 3741 4984 tu-

2202 5051 2297 5116 vii,
2339 5051 2391 5107 id
2423 5028 2507 5103 est
2536 5049 2654 5103 sine
2684 5046 2794 5111 via,
2822 5045 3071 5100 nolentes
3118 5057 3203 5095 me
3256 5039 3510 5107 recipere,
3546 5028 3624 5098 qui
3648 5036 3739 5122 δυξιι

2201 5144 2311 5208 via,
2353 5144 2576 5205 veritas,
2623 5151 2681 5195 et
2731 5140 2840 5193 vita
2886 5137 3070 5209 (Joan.
3107 5149 3219 5196 xw,
3268 5132 3323 5202 6)
3369 5148 3382 5185 :
3424 5138 3475 5182 et
3505 5126 3611 5179 ideo
3640 5130 3736 5185 quin

2207 5236 2405 5291 terreni
2437 5244 2561 5290 sunt
2586 5242 2641 5288 et
2672 5231 2820 5296 invii,
2849 5241 2976 5285 sunt
3004 5229 3165 5283 etiam
3194 5222 3457 5295 inaqnosi,
3489 5218 3536 5272 id
3563 5222 3633 5268 est
3656 5220 3736 5261 ιιθιι

2210 5328 2392 5399 aquati
2417 5327 2588 5397 gratia
2629 5323 2882 5395 spiritali,
2916 5322 3009 5375 sed
3046 5318 3263 5375 steriles
3307 5317 3373 5370 ab
3403 5308 3538 5368 omni
3565 5306 3738 5359 bonuel

2210 5424 2372 5488 sicci;
2407 5433 2582 5477 tamen
2608 5436 2635 5474 a
2667 5417 2980 5489 vigilatione
3012 5430 3129 5469 mea
3156 5429 3260 5467 non
3296 5420 3510 5464 revocor
3541 5414 3624 5471 per

2209 5526 2264 5569 et
2293 5515 2335 5569 si
2360 5485 2548 5586 posset
2595 5527 2713 5565 esse
2748 5511 2894 5562 locus
2924 5503 3217 5567 desistendi
3255 5521 3267 5555 :
3296 5515 3412 5555 cum
3445 5485 3736 5588 amem-dicit

2212 5610 2265 5663 in
2303 5584 2441 5662 terra
2485 5606 2710 5668 deserta,
2750 5602 2873 5655 talia
2912 5599 3074 5653 verba
3099 5596 3249 5661 juxta
3286 5589 3489 5645 titulntn
3529 5584 3672 5651 ponib
3697 5587 3734 5622 l"

2212 5713 2317 5769 quo
2345 5698 2545 5755 dictum
2573 5694 2703 5749 ruit:
2728 5690 2958 5758 psalmus
2986 5686 3180 5751 David,
3205 5700 3319 5738 cum
3344 5696 3396 5737 cs
3422 5685 3468 5735 et
3487 5676 3537 5741 in
3563 5671 3723 5723 deserto
