3846 6334
160 265 258 321 9‘19

1154 260 1519 319 EXPOSITIO
1548 258 1615 313 IN
1640 254 1979 314 PSALMOS.
2004 288 2075 303 —-
2103 260 2296 319 PSH...
2326 264 2485 320 LXII.

3329 279 3438 337 950

158 377 446 431 Idume.
479 368 630 440 Quia.
658 387 786 429 vero
811 374 1022 429 dixerat
1054 374 1232 444 vigilo,
1264 390 1329 428 ne
1352 374 1626 429 videretur
1649 373 1749 427 hoc
1779 377 1822 434 Α
1854 371 2258 453 exsultantibus
2316 375 2496 433 labiis.
2558 378 2886 451 Comprobat
2948 396 3130 445 autem
3186 397 3436 466 exemplo

158 483 217 522 ex
240 465 518 534 iactantia
542 465 699 534 221
732 466 956 529 dixisse,
981 476 1037 519 et
1062 482 1165 518 non
1190 482 1252 519 ex
1285 482 1432 526 vero,
1466 466 1751 519 confirmat

157 575 212 615 se
246 558 486 629 vigilare
535 571 598 610 ex
636 559 743 627 ipsa
778 559 1104 611 auctoritate
1149 558 1341 621 Patris,
1375 574 1496 611 cum
1527 557 1748 625 subjun-

156 653 269 722 git:
305 650 435 705 Dixi
477 648 618 719 quod
669 650 822 720 vigilo
862 662 916 705 et
960 652 1097 705 sitivi
1135 662 1182 705 et
1222 653 1273 705 in
1302 663 1484 705 sancto
1528 651 1749 721 apyarui

158 746 264 809 tibi,
303 744 359 798 id
395 751 509 805 est,
555 742 608 795 in
658 743 761 797 hac
793 753 975 797 sancta
1003 745 1312 813 vigilatione
1360 755 1414 797 ct
1452 743 1541 797 siti
1589 754 1749 799 notus

157 853 268 892 sum
301 840 429 893 tibi.
464 841 618 908 Quod
649 849 731 893 est
762 837 943 893 dicere
978 854 991 890 :
1025 837 1177 904 Quod
1206 836 1430 891 medico
1454 835 1677 906 vigilare
1695 844 1748 890 et

156 929 324 996 sitire,
361 947 473 986 non
518 944 605 987 est
638 946 857 994 vanum,
890 946 1012 984 nam
1062 932 1116 983 in
1167 930 1266 983 hoc
1299 938 1481 983 sancto
1523 926 1748 998 apparui

152 1037 253 1092 ego
280 1023 400 1084 tibi,
448 1024 501 1077 id
528 1033 638 1090 est,
678 1030 838 1076 notus
882 1037 1022 1085 sunt,
1055 1022 1134 1075 sic
1163 1030 1216 1073 ut
1247 1020 1472 1072 viderent
1503 1020 1745 1072 virtutem

155 1125 311 1176 tuam,
357 1115 415 1169 id
442 1125 526 1169 cst
553 1125 714 1169 notus
741 1129 860 1168 sum
889 1112 985 1167 tibi
1012 1112 1063 1166 in
1096 1114 1196 1167 hac
1226 1111 1536 1183 vigilatione
1558 1119 1744 1165 sancta

152 1214 203 1257 et
225 1205 312 1257 siti
352 1219 731 1274 perseverare,
764 1214 821 1258 ut
854 1206 993 1258 hanc
1027 1204 1275 1257 virtutem
1318 1213 1365 1256 et
1409 1201 1630 1272 gloriam
1662 1216 1747 1258 re-

153 1296 438 1350 velationis
482 1297 721 1362 videam,
766 1296 815 1349 id
856 1304 940 1350 est
973 1305 1215 1363 reputent
1265 1309 1385 1349 esse
1436 1309 1601 1358 tuam,
1638 1310 1742 1348 non

152 1403 341 1441 meam.
390 1388 498 1443 Per
529 1390 629 1443 hoc
684 1397 868 1441 autem
906 1403 1003 1441 nos
1033 1387 1273 1452 instruit,
1302 1387 1444 1457 quod
1482 1387 1741 1455 quidquid

153 1478 264 1531 boni
287 1478 583 1540 habemus,
611 1478 741 1541 Deo,
770 1495 873 1533 non
906 1478 1057 1531 nobis
1087 1478 1432 1547 imputetnus.
1462 1477 1576 1530 Dixi
1597 1476 1741 1546 quad

152 1570 318 1637 vigilo,
349 1582 409 1625 ct
438 1573 540 1627 hoc
570 1573 709 1638 ideo,
747 1574 871 1643 quia
900 1573 1258 1627 misericordia
1291 1583 1405 1637 tua,
1440 1572 1489 1625 id
1519 1581 1622 1637 est,
1656 1572 1739 1626 vi-

150 1658 356 1725 gilando
391 1652 601 1725 vivere,
626 1663 768 1731 quod
798 1663 1064 1733 contingit
1104 1678 1169 1715 ex
1203 1661 1577 1716 misericordia
1624 1670 1733 1728 tua,

144 1750 321 1803 melior
342 1764 421 1805 est
446 1770 606 1822 super
637 1756 783 1819 ritus,
820 1754 867 1807 id
895 1764 976 1808 est
1007 1754 1196 1808 melior
1225 1761 1308 1807 est
1335 1752 1586 1807 omnibus
1612 1753 1735 1808 vitis

148 1844 487 1897 secularimn
523 1847 784 1909 virorum,
814 1855 1292 1915 quantumcunque
1319 1844 1425 1898 sint
1452 1844 1657 1910 felices,
1680 1855 1734 1899 ct

152 1933 293 2003 longe
316 1936 399 1989 vel
435 1936 622 1989 melior
663 1948 735 1990 est
766 1954 924 2006 super
951 1938 1107 2000 vitas,
1150 1936 1201 1990 id
1231 1945 1313 1991 est
1343 1936 1526 1990 utilior
1553 1945 1607 1991 et
1645 1937 1732 1991 di-

149 2026 291 2094 gnior
322 2028 589 2083 omnibus
628 2028 891 2083 institutis
915 2028 1147 2091 vivendi,
1180 2044 1299 2096 qua:
1327 2044 1354 2082 a
1400 2028 1733 2098 philosophis

150 2116 348 2171 inventa
402 2127 558 2171 sunt.
603 2120 755 2187 Quod
786 2128 871 2174 est
899 2121 1077 2175 dicere
1105 2138 1117 2173 :
1150 2120 1272 2175 ldco
1306 2119 1525 2190 vigilare
1553 2121 1733 2189 dispo-

148 2206 237 2267 sui,
264 2209 391 2276 quia
439 2210 550 2262 vita
595 2211 706 2264 luce
734 2211 985 2271 omnibus
1018 2211 1145 2265 vitis
1178 2212 1334 2281 longe
1366 2211 1558 2265 melior
1587 2220 1690 2265 est.

209 2299 335 2352 Cum
369 2302 525 2364 dicit,
550 2302 872 2371 sttpervitas,
900 2312 955 2356 et
985 2318 1088 2356 non
1116 2311 1361 2372 Oporteat
1393 2318 1595 2372 ponere
1624 2302 1727 2357 nisi

149 2395 383 2449 omnibus
412 2395 566 2463 vitis,
594 2397 660 2449 ad
688 2395 1101 2451 inculcationem
1127 2398 1297 2466 ponit,
1329 2412 1393 2451 ac
1422 2397 1466 2451 si
1497 2398 1726 2462 diceret,

155 2484 303 2539 multo
350 2485 555 2539 melior
584 2496 667 2542 est
711 2487 963 2542 omnibus
992 2488 1119 2541 vitis
1154 2507 1166 2542 :
1217 2488 1483 2557 promittit
1509 2504 1640 2542 vero
1668 2504 1726 2543 se

146 2574 204 2628 dc
227 2588 427 2633 cancro
470 2578 847 2644 laudaturum,
877 2594 998 2633 cum
1031 2579 1181 2632 addit
1208 2597 1221 2633 :
1260 2581 1388 2635 Dico
1414 2580 1568 2650 vigilo
1605 2581 1724 2633 latt-

149 2670 304 2724 dando
334 2680 388 2727 te
428 2686 561 2727 voce
591 2682 645 2727 et
673 2672 779 2727 vita
812 2691 825 2725 :
851 2682 903 2726 et
928 2688 1032 2727 non
1057 2673 1136 2728 sic
1165 2682 1220 2727 ut
1251 2673 1575 2744 quandoque
1595 2675 1723 2729 dor-

148 2761 326 2816 mitans
366 2778 401 2816 a
441 2762 601 2818 laude
644 2772 733 2817 tua
778 2765 1070 2829 desistam,
1104 2764 1196 2819 sed
1241 2765 1381 2819 labia
1428 2782 1543 2819 mea
1573 2776 1724 2820 exte-

147 2850 270 2904 riora
300 2851 602 2907 laudabunt
622 2864 669 2908 te
694 2855 1050 2919 incessanter,
1076 2864 1129 2909 et
1153 2857 1232 2910 sic
1254 2856 1395 2925 quod
1422 2856 1721 2910 benedicam

145 2941 285 2994 etiam
310 2942 439 2997 ideo
464 2942 714 2997 exaltabo
743 2952 797 2998 et
828 2944 880 2997 in
909 2945 1045 2998 bona
1072 2945 1181 2998 vita
1210 2959 1348 3010 mea,
1373 2944 1423 2999 id
1450 2957 1552 3011 cst,
1582 2945 1721 3000 bene

144 3032 367 3102 vivendo,
397 3045 447 3089 et
473 3036 527 3088 in
546 3036 755 3089 nomine
778 3047 889 3100 tuo,
913 3036 963 3090 id
988 3044 1093 3103 est,
1122 3036 1173 3091 in
1200 3037 1456 3092 honorent
1487 3038 1719 3093 nominis

145 3123 260 3178 bene
285 3125 570 3194 cperando
588 3166 602 3191 ,
625 3125 805 3179 levabo
829 3142 1015 3181 manus
1042 3145 1201 3193 meas,
1236 3128 1286 3181 id
1311 3137 1393 3182 est
1415 3128 1713 3186 sublitnalto

1820 3127 1974 3172 retur
2020 3118 2172 3175 locus
2221 3120 2443 3174 timendi
2485 3130 2539 3175 et
2586 3122 2870 3178 deiiciendi
2920 3143 2936 3179 :

144 3225 282 3279 opera
312 3229 459 3268 mea.
509 3214 661 3280 Quod
692 3224 777 3270 est
804 3216 1017 3271 dicere:
1055 3216 1198 3273 Bene
1234 3219 1499 3287 operabor
1528 3220 1579 3273 in
1607 3222 1716 3275 ho-

143 3314 306 3355 norem
336 3303 721 3370 nominis-tui,
751 3313 805 3358 et
848 3304 931 3360 sic
975 3306 1223 3360 sublimia
1267 3315 1321 3361 et
1350 3307 1509 3377 digna
1553 3318 1714 3364 erunt

142 3406 279 3460 opera
310 3411 471 3461 mea;
504 3396 548 3451 si
580 3412 707 3452 vero
736 3397 790 3451 in
820 3398 1038 3453 nomine
1074 3414 1195 3454 meo
1224 3415 1503 3470 operarer,
1533 3403 1712 3472 potius

144 3484 512 3553 deprimerem,
557 3506 718 3559 quant
764 3491 1061 3544 exaltarem
1108 3506 1293 3561 opera.
1349 3493 1481 3548 Orat
1528 3504 1711 3549 autem

146 3573 361 3632 interiori
394 3579 665 3647 sapientia
698 3589 751 3633 et
778 3578 974 3634 robore
1002 3581 1190 3648 gratia:
1219 3582 1479 3651 spiritalis
1513 3584 1709 3654 repleri

146 3667 490 3737 incessanter,
535 3687 603 3728 ne
645 3673 987 3743 aliquatenus
1030 3689 1058 3727 a
1094 3674 1249 3730 laude
1299 3676 1545 3743 deliciat,
1584 3692 1708 3732 cum

145 3762 430 3836 Sttbjuugit:
469 3766 583 3819 Dixi
613 3767 754 3835 quod
785 3767 1015 3823 laudabo
1057 3776 1105 3823 te
1134 3767 1289 3823 labiis
1312 3776 1365 3821 et
1392 3769 1707 3825 benedicam

144 3853 261 3915 Vita.
286 3867 340 3911 et
370 3859 481 3912 hoc
506 3858 621 3912 sic:
661 3858 924 3928 repleatur
960 3860 1139 3914 anima
1169 3877 1283 3914 mea
1314 3864 1449 3915 sicut
1482 3863 1634 3931 adipe
1656 3872 1706 3916 et

142 3946 451 4016 pinguedine,
486 3950 536 4004 id
562 3959 664 4013 est,
694 3952 954 4021 sapientia
991 3953 1272 4017 interiori,
1306 3969 1426 4023 qua:
1453 3965 1536 4008 est
1564 3956 1703 4010 sicut

144 4036 311 4107 adeps,
348 4040 404 4094 id
449 4048 559 4104 est,
599 4042 981 4111 comparabilis
1007 4043 1181 4113 adipi,
1221 4044 1446 4100 interius
1496 4046 1704 4102 scilicet

144 4123 290 4183 latens
323 4130 375 4183 in
404 4130 621 4195 anima,
650 4131 792 4185 sicut
831 4132 994 4201 adeps
1023 4132 1075 4185 in
1114 4132 1414 4189 visceribus
1452 4133 1613 4200 latet,
1646 4145 1701 4192 et

144 4216 308 4274 robore
328 4221 525 4291 gratiae
548 4222 842 4290 spiritalis,
872 4224 1013 4293 quod
1044 4234 1128 4278 est
1155 4225 1294 4279 sicut
1320 4225 1617 4296 pinguedo,
1647 4230 1698 4284 id

143 4318 208 4362 est
231 4314 611 4383 comparabilis
657 4314 997 4386 pinguedini,
1026 4317 1268 4372 exterius
1296 4319 1502 4375 scilicet
1529 4336 1688 4391 appa-

143 4412 247 4455 rens
272 4418 366 4473 per
388 4420 579 4474 opera,
615 4405 754 4460 sicut
783 4406 1052 4477 pinguedo
1083 4421 1306 4479 apparet
1334 4412 1572 4467 exterius
1600 4430 1695 4483 per

142 4499 376 4551 membra.
416 4498 598 4568 Adeps
641 4498 838 4568 quippe
869 4500 1086 4569 proprie
1116 4501 1336 4566 dicitur,
1377 4504 1467 4571 qui
1509 4506 1693 4561 vitalia

142 4591 347 4654 cooperit
380 4590 611 4643 interius
642 4589 833 4653 latens,
860 4591 1134 4662 pinguedo
1155 4609 1284 4647 vero
1307 4611 1426 4663 qua:
1452 4598 1694 4653 exterius

140 4688 330 4744 apparet
371 4679 616 4735 membra
652 4683 1043 4751 corroborans;
1089 4702 1194 4739 non
1245 4685 1376 4740 dicit
1408 4686 1685 4756 repleatur,

138 4769 253 4833 quod
293 4787 398 4826 non
434 4772 503 4827 sit
550 4788 765 4842 semper
796 4774 996 4844 repleta
1035 4779 1299 4846 sapientia
1349 4776 1593 4832 interiori
1634 4788 1691 4835 et

139 4862 299 4920 robore
325 4867 518 4938 gratim
566 4868 827 4936 spiritalis
872 4871 1143 4939 exterius,
1178 4888 1275 4943 per
1309 4890 1470 4946 Opera
1521 4890 1688 4945 appa-

137 4955 291 5019 rentis,
322 4959 416 5013 sed
446 4959 586 5012 idem
616 4969 701 5014 est
731 4975 793 5015 ac
814 4960 857 5014 si
886 4961 1087 5015 diceret
1119 4978 1133 5016 :
1172 4964 1349 5018 anima
1385 4981 1523 5027 mea,
1562 4981 1681 5034 quin

134 5040 220 5107 jam
246 5052 439 5120 repleta
469 5061 571 5113 est,
602 5068 706 5106 non
739 5051 955 5107 deficiat
993 5054 1172 5123 aliquo
1201 5057 1388 5119 modo,
1428 5055 1523 5109 sed
1555 5072 1680 5125 pcr-

137 5149 311 5195 severet
342 5142 395 5195 in
428 5142 725 5212 repletionc
764 5144 902 5198 sicut
934 5146 1110 5215 adipis
1142 5154 1195 5200 et
1223 5148 1594 5216 pinguelinis,
1627 5155 1681 5200 et

137 5231 265 5287 etiam
302 5235 440 5291 labia
495 5238 903 5301 exsultationis,
958 5238 1008 5293 id
1046 5246 1149 5303 est,
1182 5254 1299 5293 mea
1351 5239 1676 5295 exsultantia

136 5315 242 5375 labia
278 5327 583 5397 repleantur
636 5330 771 5383 sicut
822 5331 976 5399 adipe
1026 5340 1073 5385 et
1118 5332 1463 5403 pinguedine,
1502 5334 1552 5388 id
1592 5344 1675 5390 cst

136 5411 280 5466 verbis
316 5418 730 5483 procedentibus
769 5434 799 5472 a
832 5421 1093 5489 sapientia
1141 5423 1383 5478 interiori
1415 5433 1468 5480 et
1498 5427 1669 5496 gratia

1852 452 2275 528 recordatiouts,
2308 480 2367 520 se
2397 464 2651 538 deinceps
2681 471 2849 526 Deum
2892 474 3237 535 laudaturum
3258 523 3274 549 ,
3308 452 3433 540 cinu

1849 549 1993 642 addit
2024 569 2038 604 :
2066 553 2197 606 Dico
2242 556 2387 642 quod
2432 556 2665 614 laudabo
2708 570 2758 615 te
2800 564 3201 626 exsultantibus
3244 572 3431 642 labiis,

1847 640 1990 707 quod
2027 655 2210 695 revera
2243 641 2437 698 faciam
2464 646 2528 709 si,
2565 648 2665 703 hoc
2695 660 2779 705 est
2808 654 2972 721 quod,
3005 671 3207 713 memor
3235 662 3313 721 fui
3357 640 3433 721 tui

1834 729 2067 785 {assidue
2088 747 2245 797 super
2282 745 2504 789 stratum
2545 754 2749 809 meum,
2792 742 2842 797 id
2882 746 3051 800 estin
3093 757 3268 804 strato
3313 770 3433 809 meo

1847 821 2110 877 existens.
2143 823 2297 890 Quod
2330 836 2413 881 est
2449 830 2671 885 dicere:
2707 833 2835 889 Inde
2860 846 3044 905 potest
3084 848 3429 911 comprobari

1848 916 1991 983 quod
2041 914 2272 971 laudabo
2320 926 2370 973 te
2415 920 2775 991 incessanter,
2826 929 2954 997 quia
3004 944 3103 1001 ego
3155 933 3434 1004 hucusque

1848 1019 2063 1074 semper
2093 1022 2302 1064 memor
2334 1011 2408 1065 fui
2449 1014 2553 1079 tui,
2583 1013 2634 1069 id
2667 1028 2751 1070 est
2793 1028 2896 1073 tua:
2939 1020 3134 1085 laudis,
3170 1023 3221 1076 in
3252 1036 3425 1080 strato

1848 1113 1990 1163 meo,
2021 1098 2072 1152 id
2100 1109 2186 1154 est
2212 1101 2265 1157 in
2298 1104 2532 1171 puritate
2562 1109 2912 1165 conscientiae
2942 1127 3105 1179 mete,
3137 1129 3258 1182 qua:
3291 1128 3430 1171 stra-

1845 1196 1954 1240 tum
1982 1202 2197 1254 utcnnr,
2224 1206 2287 1246 eo
2308 1194 2452 1261 quod
2483 1193 2536 1248 in
2564 1210 2625 1250 ea
2654 1199 2963 1254 omnimodo
2994 1214 3178 1258 sancta
3209 1206 3429 1275 quiesco

1830 1285 1901 1331 .et
1939 1279 2200 1345 delector,
2240 1283 2381 1337 sicut
2425 1285 2621 1353 aliquis
2659 1288 2711 1343 itt
2748 1300 2919 1345 strato
2955 1294 3160 1361 optimo
3198 1297 3432 1365 quiescit

1845 1376 1900 1421 et
1943 1369 2263 1425 delectatur.
2297 1374 2431 1427 Cum
2463 1377 2627 1444 dicit,
2673 1397 2828 1448 super
2869 1393 3124 1450 stratum,
3173 1387 3313 1441 idem
3346 1399 3433 1443 est

1845 1460 1985 1526 quod
2013 1459 2147 1512 etin
2193 1470 2406 1529 strato;
2436 1468 2532 1520 sed
2577 1469 2701 1537 quia
2750 1487 2915 1540 super
2955 1483 3186 1531 stratum
3235 1477 3430 1548 aliquis

1836 1548 2006 1617 jacet,
2040 1566 2103 1605 ea
2138 1551 2494 1612 similitudine
2522 1560 2742 1628 ponitur
2770 1563 2859 1616 hic
2886 1579 3069 1634 super.

1911 1641 2028 1698 Non
2069 1647 2248 1703 solum
2278 1659 2458 1704 autem
2500 1652 2735 1708 laudabo
2763 1664 2811 1709 te
2841 1655 2995 1717 labiis
3024 1658 3423 1722 exsultationis,

1769 1733 1810 1789 Β
1837 1735 1929 1788 sed
1956 1750 2056 1806 ego
2082 1740 2134 1792 in
2170 1750 2218 1793 te
2247 1741 2568 1810 respiciens,
2602 1744 2776 1809 idest,
2810 1747 3058 1801 contuitu
3090 1750 3425 1819 adipiscemi

1838 1829 2305 1887 immortalitatem
2336 1842 2391 1888 et
2423 1835 2940 1905 impassibililatctn,
2965 1855 3083 1908 qua:
3103 1841 3264 1910 222
3297 1843 3346 1895 in
3375 1856 3429 1897 te

1835 1930 1981 1989 sunt,
2009 1924 2063 1976 in
2095 1926 2365 1979 matutinis
2409 1929 2717 1981 meditabor.
2766 1929 2860 1983 γει
2902 1932 3010 1994 sic,
3046 1934 3101 1986 in
3140 1944 3219 1999 te,
3256 1935 3305 1987 id
3342 1945 3427 1989 est

1833 2030 1932 2084 per
1964 2025 2037 2083 te,
2080 2016 2381 2085 adjtttoretn
2414 2023 2709 2076 meditabor
2731 2024 2784 2077 in
2812 2026 3112 2090 matutinis,
3145 2025 3195 2079 id
3225 2036 3337 2087 est.
3371 2029 3423 2079 itt

1832 2110 2087 2175 operibus
2141 2111 2297 2166 bonis
2347 2115 2701 2184 complendis,
2760 2116 2973 2171 scilicet
3020 2132 3120 2186 per
3162 2118 3423 2172 auxilium

1833 2210 1981 2253 tuum
2010 2202 2259 2256 curiosus
2289 2218 2405 2271 ero,
2436 2216 2493 2258 ut
2527 2205 2579 2259 in
2612 2206 2771 2260 bonis
2801 2206 3058 2275 operibus
3087 2206 3426 2276 complendis

1832 2299 1883 2344 te
1912 2292 2122 2348 laudent
2150 2314 2163 2349 :
2197 2314 2316 2366 qua:
2341 2298 2461 2351 idco
2490 2298 2754 2351 matutina
2779 2298 3056 2362 dicuntur,
3083 2299 3207 2368 quia
3236 2300 3421 2368 splen-

1830 2381 1954 2436 dida
1981 2394 2189 2441 suntet
2217 2390 2366 2443 clara
2398 2390 2540 2444 sicut
2583 2405 2783 2455 mane;
2824 2401 2880 2445 et
2925 2391 3050 2444 inde
3077 2393 3419 2461 comprobari

1828 2483 2008 2543 potest
2037 2480 2180 2545 quod
2213 2482 2521 2535 meditabor
2549 2482 2601 2534 in
2640 2482 2796 2535 bouis
2843 2482 3100 2552 operibus
3145 2483 3419 2537 incessan-

1831 2573 1930 2627 ter,
1974 2567 2099 2634 quia
2146 2569 2298 2637 fuisti
2346 2572 2563 2641 adjutor
2598 2588 2743 2626 meus
2789 2573 2856 2625 ad
2906 2573 3044 2626 bene
3081 2573 3416 2641 operandam

1827 2654 2125 2726 hucusque.
2182 2662 2332 2728 Quod
2384 2674 2469 2717 est
2521 2666 2704 2719 dicere
2745 2666 2947 2722 :Sicut
2999 2671 3276 2741 hucusque
3329 2686 3418 2725 me

1827 2748 2110 2816 adjuvisti,
2170 2753 2240 2807 ita
2300 2755 2555 2825 deinceps
2609 2757 2909 2824 adjuvahis.
2976 2762 3095 2816 Dixi
3154 2764 3421 2833 repleatur

1823 2838 2003 2892 anima
2042 2856 2156 2893 utea
2197 2844 2331 2897 sicut
2370 2848 2523 2915 adipe
2549 2857 2597 2900 et
2623 2849 2970 2917 pinguedine,
3000 2864 3060 2906 ut
3088 2868 3186 2922 per
3227 2856 3330 2909 hoc
3363 2865 3414 2911 te

1823 2932 2037 2990 laudem
2062 2945 2116 2991 et
2145 2951 2241 2991 ore
2266 2944 2317 2990 et
2348 2938 2403 2990 in
2430 2940 2742 3003 matutinis;
2771 2949 2825 2995 et
2849 2958 2948 3011 ego
2971 2944 3049 2999 sic
3077 2953 3130 3000 te
3156 2945 3413 3011 laudans,

1824 3041 1931 3081 nan
1960 3028 2160 3083 timebo
2192 3044 2259 3084 ne
2299 3028 2549 3083 deliciam
2586 3031 2637 3083 in
2670 3032 3139 3102 tribulationibus,
3169 3047 3227 3092 ut
3261 3040 3411 3093 vide-

2984 3128 3079 3181 sed
3132 3130 3411 3184 exsultabit

1816 3210 2026 3279 positus
2052 3211 2107 3264 in
2155 3210 2441 3265 velamento
2483 3211 2692 3266 alarum
2734 3224 2944 3269 tuarum
2970 3258 2984 3280 ,
3025 3218 3077 3271 id
3108 3230 3192 3274 est
3222 3222 3411 3276 exsul-

1819 3309 1997 3355 tantcr
2038 3300 2175 3355 bene
2198 3303 2487 3369 operabor,
2527 3303 2831 3360 consistens
2864 3306 2915 3359 itt
2952 3308 3239 3379 refrigerio
3275 3328 3403 3380 pro-

1818 3395 2069 3473 tectiunis
2099 3404 2222 3449 tum.
2258 3394 2410 3461 Quod
2442 3408 2527 3450 est
2554 3398 2736 3452 dicere
2770 3416 2783 3452 :
2819 3398 3409 3461 I’rotectioelementim

1815 3494 1919 3539 tua:
1970 3486 2107 3540 mihi
2158 3486 2498 3555 refrigerium
2545 3488 2652 3543 erit
2702 3489 2754 3543 in
2808 3492 3282 3563 tribulationibus,
3334 3515 3411 3553 nc‘

1809 3577 2066 3633 desistam
2115 3580 2182 3633 ab
2226 3596 2391 3649 opere
2437 3583 2597 3635 bono.
2660 3581 2965 3640 Velamenta
3010 3586 3253 3658 alarum,
3302 3608 3407 3663 pro

1811 3670 2097 3741 refrigerio
2146 3673 2536 3740 protectionis,
2588 3690 2615 3727 a
2660 3674 3019 3733 similitudine
3064 3682 3304 3752 ponitur,
3334 3699 3401 3739 eo

1807 3764 1949 3833 quod
1979 3762 2216 3818 volucris
2245 3763 2552 3821 velamento
2578 3766 2786 3821 alarum
2816 3768 2990 3837 pullos
3017 3771 3303 3843 refrigerat
3331 3776 3404 3829 ab

1805 3862 1938 3906 aestu
1968 3863 2018 3908 el
2048 3869 2077 3906 a
2116 3853 2337 3909 laesione
2372 3855 2606 3926 protegit
2633 3872 2649 3911 :
2689 3866 2744 3912 et
2775 3858 2896 3914 ideo
2925 3862 3242 3933 exsultabo,
3270 3869 3397 3936 quia

1805 3946 2024 4000 adluesit
2056 3947 2147 4001 tibi
2194 3947 2400 4018 glutine
2442 3947 2751 4005 dilectionis
2793 3952 2972 4004 anima
3004 3970 3150 4019 mea,
3187 3967 3301 4024 post
3348 3970 3401 4012 te

1803 4039 2069 4101 existens,
2100 4038 2150 4093 id
2182 4048 2265 4094 est
2298 4050 2349 4094 te
2376 4040 2477 4095 sibi
2509 4055 2851 4111 praeponens,
2881 4053 2935 4099 et
2966 4054 3016 4098 te
3045 4061 3153 4113 prae
3182 4062 3241 4100 se
3273 4049 3396 4102 dili-

1802 4149 1955 4203 gens.
1983 4133 2136 4200 Quod
2169 4142 2255 4188 est
2285 4133 2466 4189 dicere
2499 4152 2512 4187 :
2547 4135 2755 4191 Idcirco
2783 4136 3059 4189 exsultabo
3108 4137 3158 4191 in
3209 4149 3395 4207 prote-

1802 4225 1983 4281 ctione
2036 4235 2153 4291 tua,
2203 4225 2329 4295 quia
2374 4226 2467 4281 tibi
2513 4227 2694 4281 anima
2730 4242 2847 4280 mea
2900 4227 3064 4280 nimia
3099 4228 3390 4285 dilectione

1800 4319 2088 4386 conjuncta
2136 4328 2253 4383 est,
2298 4326 2353 4371 et
2396 4319 2518 4372 inde
2541 4328 2723 4372 certus
2753 4333 2869 4371 sum
2909 4319 3050 4387 quod
3088 4320 3391 4385 exsultabo,

1799 4413 1926 4482 quia
1958 4412 2184 4480 suscepit
2216 4426 2296 4465 me
2324 4410 2541 4464 dextera
2573 4420 2687 4474 tua,
2724 4410 2877 4465 idest
2910 4412 3279 4480 patrocinatus
3301 4421 3390 4469 est

1800 4516 2015 4571 semper
2038 4502 2165 4555 mihi
2193 4501 2343 4554 favor
2365 4501 2551 4571 gratiae
2580 4512 2701 4563 tua),
2718 4510 2775 4555 ut
2799 4500 2852 4555 in
2878 4501 3022 4556 nullo
3045 4504 3388 4572 permitteret

1799 4608 1887 4647 me
1914 4593 2148 4647 crimine
2185 4591 2482 4647 offendere.
2514 4592 2747 4647 Dextera
2788 4607 2886 4662 pro
2923 4592 3108 4649 favore
3137 4597 3387 4666 ponitu,

1796 4698 1861 4737 eo
1888 4684 2030 4752 quod
2079 4682 2199 4737 illos
2228 4681 2424 4751 quibus
2469 4680 2656 4737 favere
2684 4681 2952 4753 solemus,
2986 4682 3052 4737 ad
3098 4684 3385 4741 dexteram

1794 4789 1999 4845 ponere
2022 4775 2421 4829 consuevimus.

1865 4867 1981 4920 Dixi
2013 4867 2155 4935 quod
2182 4867 2477 4921 meditabor
2506 4868 2560 4921 in
2602 4866 2911 4935 matutinis,
2939 4875 2995 4923 et
3022 4869 3294 4926 exsultabo
3321 4871 3382 4927 in

1789 4957 2077 5014 velamento
2113 4958 2352 5021 alarum;
2380 4958 2481 5028 ipsi
2511 4975 2652 5023 vero,
2687 4960 2831 5029 quod
2875 4959 3104 5015 minime
3136 4962 3378 5031 deceret,

1789 5051 1855 5104 ad
1906 5065 2042 5119 quos
2087 5050 2390 5105 docendum
2457 5062 2511 5108 et
2558 5053 2878 5108 salvandum
2933 5052 3147 5120 adveni,
3201 5054 3375 5110 Judaei

1788 5142 2013 5210 scilicet,
2038 5144 2103 5197 de
2132 5158 2361 5211 quorum
2385 5145 2646 5215 sanguine
2675 5153 2834 5199 natus
2863 5159 3004 5212 sum,
3028 5145 3371 5215 quiesierunt,

1788 5233 1840 5287 id
1863 5240 1944 5287 est
1969 5241 2236 5302 quaerent,
2267 5233 2499 5287 animam
2526 5252 2692 5288 meum
2721 5234 2965 5287 detinere
2994 5234 3045 5288 in
3077 5243 3277 5299 morte,
3304 5252 3373 5291 nc

1786 5324 2039 5378 amittant
2072 5322 2246 5377 locum
2269 5332 2325 5377 et
2346 5335 2560 5393 gentem
2590 5342 2602 5378 :
2629 5335 2684 5377 et
2710 5324 2813 5377 hoc
2844 5323 3043 5378 facient
3070 5326 3127 5378 in
3155 5342 3367 5394 vanum,

1786 5418 1837 5473 id
1877 5426 1986 5481 est,
2024 5432 2166 5470 vana
2212 5417 2317 5471 erit
2365 5418 2480 5471 hinc
2528 5432 2651 5486 spes
2699 5432 2916 5485 eorum,
2963 5433 3087 5471 nam
3131 5435 3158 5472 a
3191 5420 3368 5489 patria

1776 5508 2007 5580 expulsi,
2036 5508 2327 5563 introibant
2372 5508 2426 5560 in
2467 5508 2717 5576 inferiora
2746 5517 2930 5570 terrm,
2966 5508 3019 5562 id
3049 5519 3155 5575 est,
3180 5526 3301 5566 cum
3334 5527 3369 5566 a

1776 5619 1871 5658 sua
1903 5612 2046 5657 terra
2074 5617 2194 5673 quae
2220 5600 2412 5657 fertilis
2439 5610 2545 5665 est,
2578 5600 2783 5669 expulsi
2821 5600 3048 5663 fuerint,
3074 5603 3365 5656 introibant

1775 5696 1827 5751 in
1852 5696 2064 5769 pejores
2090 5704 2145 5751 et.
2169 5696 2225 5751 in
2248 5694 2533 5752 inferiores
2559 5704 2743 5767 partes
2764 5694 3047 5753 terrentis
3069 5694 3195 5752 dum
3217 5694 3363 5753 enim

135 5497 342 5569 spiritali,
384 5517 437 5561 et
483 5508 663 5563 taliter
706 5508 941 5565 laudabit
987 5522 1034 5567 te
1056 5528 1325 5569 osmeum.
1357 5514 1450 5570 Vel
1489 5518 1581 5581 ita,
1612 5525 1671 5571 ut

135 5586 263 5643 etiam
294 5593 463 5650 littera
495 5598 707 5653 diversa
738 5602 839 5655 sit:
860 5601 989 5657 Dico
1018 5603 1283 5671 repleatur
1315 5607 1493 5660 aninta
1529 5623 1663 5670 mea,

133 5681 174 5729 et
193 5678 256 5734 sic
281 5681 504 5742 laudabit
530 5696 580 5743 te
602 5705 658 5743 os
683 5706 859 5745 meum
902 5692 1055 5749 labiis
1081 5695 1445 5751 cxsultutionis
1462 5738 1476 5765 ,
1504 5696 1554 5752 id
1580 5706 1665 5755 est
