3846 6334
452 262 557 319 931

1025 251 1082 306 S.
1121 245 1467 305 BRUNONIS
1502 240 2148 327 CARTl‘lUSlANORUM
2191 239 2676 298 INSTITUTORIS
2715 240 2867 296 OPP.
2896 239 3076 295 PARS
3105 239 3149 294 Ι.

3627 241 3730 297 93!

455 375 634 443 aliqua
666 382 792 441 pars
820 374 1092 430 terrarum
1121 364 1258 419 adeo
1284 359 1538 418 infertilis
1562 367 1646 413 est
1673 357 1724 412 in
1759 372 1864 426 qua
1904 371 2030 425 pars
2061 358 2108 414 Α
2137 355 2461 418 laudatione.
2477 355 2689 424 quando
2710 354 3243 410 ditabunturzeterna
3261 353 3729 413 remuneratione.

453 482 640 524 eorum
671 479 776 518 non
805 461 979 532 possit
1010 457 1274 524 inveniri;
1323 463 1380 510 ct
1407 455 1508 508 hoc
1537 452 1666 506 dicit
1707 452 1774 505 ad
1811 463 2035 519 aggera-

456 564 656 618 tionem
682 556 1009 614 calamitatis
1033 567 1241 616 eorum,
1267 551 1390 621 quia
1419 551 1460 604 si
1490 565 1518 603 a
1552 550 1722 618 patria
1745 543 1952 616 expulsi
1983 542 2034 598 in

454 653 692 721 aliquam
743 648 1017 718 regionem
1066 643 1297 698 fertilem
1343 641 1803 710 dispergerentur,
1861 636 2038 690 minus

454 743 644 812 utique
699 755 863 811 grave
912 738 1188 792 videretur
1233 747 1396 804 quam
1443 729 1586 801 quod
1629 730 1682 785 in
1735 727 2037 798 asperrima

456 831 645 887 mundi
673 829 789 884 loca
816 826 1052 882 maxima
1074 839 1199 893 pars
1225 837 1412 877 eorum
1440 820 1678 890 dispersa
1705 827 1806 883 est;
1831 817 1914 872 vel
1936 817 2037 882 sic,

383 921 386 924 ’
455 927 703 990 quzerent
749 918 988 971 animam
1035 928 1243 980 meam,
1287 921 1343 966 et
1380 909 1521 964 malo
1558 925 1686 975 suo,
1742 902 1866 962 nam
1918 907 2039 963 ideo

457 1013 744 1068 introibant
771 1010 824 1064 in
854 1007 1112 1078 inferiora
1158 1017 1338 1070 terrm,
1366 1004 1416 1058 id
1439 1011 1522 1058 est
1549 1002 1600 1056 in
1635 1001 1924 1065 infernum,
1949 1001 2038 1070 qui

455 1113 542 1160 est
583 1103 636 1158 in
686 1099 1034 1156 inferioribus
1085 1105 1244 1150 terrae
1294 1095 1561 1165 partibus.
1617 1092 1772 1148 Unde
1827 1107 2042 1162 quoque

459 1192 706 1248 infernus
733 1190 950 1253 dicitur,
977 1189 1129 1258 quasi
1153 1187 1370 1241 infimus
1405 1205 1418 1238 :
1453 1193 1508 1238 et
1530 1184 1746 1253 quidam
1769 1183 2044 1236 tradentur

460 1284 514 1337 in
543 1298 752 1348 manus,
786 1280 839 1334 id
864 1289 949 1334 est
980 1281 1030 1333 in
1065 1285 1384 1348 potestatem
1413 1276 1591 1346 gladii,
1625 1284 1682 1329 ut
1711 1274 2044 1330 interfician-

461 1383 558 1428 tnr
586 1391 601 1427 :
629 1384 680 1428 et
712 1381 996 1442 postquam
1027 1369 1296 1425 interfecti
1325 1368 1542 1431 fuerint,
1574 1377 1722 1420 erant
1746 1375 1917 1436 partes
1936 1365 2040 1420 vul-

459 1465 638 1534 pium,
684 1471 742 1518 et
784 1471 1102 1517 ceterarum
1153 1460 1430 1524 ferarum,
1462 1467 1521 1512 ut
1559 1459 1626 1513 ab
1676 1457 1806 1527 ipsis
1854 1471 2043 1512 eorum

459 1568 690 1624 corpora
717 1570 823 1608 non
859 1552 1064 1621 sepulta
1107 1549 1478 1612 comedantur;
1515 1547 1600 1602 vel
1627 1548 1724 1612 sic,
1751 1547 2042 1602 secundum

465 1649 611 1703 illam
639 1645 966 1707 sententiam
997 1645 1050 1698 in
1077 1658 1183 1714 qua
1221 1643 1478 1708 diximus,
1518 1640 1804 1694 introibant
1833 1641 1885 1692 in
1911 1639 2036 1708 infe-

2205 443 2441 510 Exaudi,
2468 444 2632 510 Dein,
2661 445 2949 499 orationem
2975 462 3168 512 meum,
3204 455 3264 499 ut
3291 461 3382 499 me
3414 447 3730 514 resuscita,

2137 547 2192 592 et
2231 539 2368 607 eripe
2419 555 2449 591 a
2491 539 2674 592 timore
2717 538 2940 606 inimici,
2987 537 3193 594 Judaici
3239 539 3450 609 populi,
3502 541 3733 597 animum

2139 647 2329 697 meam,
2375 644 2442 685 ne
2483 629 2641 684 cadat
2677 629 2730 684 in
2773 643 2960 688 eorum
2995 629 3465 696 conformilatem,
3490 647 3612 684 cum
3637 647 3732 702 ego

2138 722 2386 793 deprecor
2412 730 2478 776 te.
2511 719 2664 788 Quod
2690 728 2774 774 est
2818 719 3000 775 dicere
3031 738 3045 775 :
3092 721 3245 777 T-unc
3267 722 3448 791 eripe,
3489 737 3610 774 cum
3636 737 3732 792 ego

2138 814 2388 883 deprecor
2413 811 2654 874 assidue,
2687 811 2932 876 scilicet,
2961 811 3104 867 sicut
3133 812 3234 867 hoc
3262 827 3364 882 ego
3395 811 3622 867 assidue
3647 812 3733 866 de-

2097 921 2100 924 ’
2140 920 2376 976 precor;
2405 905 2654 960 enuntiat
2702 911 2882 959 autem
2939 902 3070 959 illud
3115 903 3361 959 futurum
3418 917 3551 958 esse
3596 903 3733 973 quod

2140 996 2336 1062 oravit,
2363 1011 2482 1051 cum
2519 995 2711 1050 addit:
2751 994 2884 1050 Dico
2925 994 3098 1064 eripe,
3131 1001 3188 1050 et
3231 992 3306 1048 ita
3351 993 3556 1048 facies.
3607 991 3733 1046 Pro-

2141 1093 2313 1147 texisti
2346 1107 2448 1157 me,
2473 1089 2526 1144 id
2553 1099 2636 1146 est
2663 1099 2913 1160 proteges
2941 1104 3047 1156 me,
3080 1107 3114 1145 a
3148 1101 3404 1145 conventu
3438 1089 3734 1160 malignan-

2142 1187 2269 1240 tium
2299 1183 2632 1248 Iudaeorum,
2683 1185 2737 1239 id
2781 1194 2864 1239 est
2895 1191 2954 1238 ut
2999 1197 3106 1238 non
3153 1183 3342 1238 cedam
3389 1183 3480 1238 eis
3525 1182 3732 1248 timore,

2143 1293 2268 1333 cum
2300 1278 2353 1331 in
2384 1291 2467 1332 me
2495 1277 2776 1346 insurgent
2800 1274 3053 1344 malignis
3079 1274 3260 1330 verbis
3285 1313 3301 1340 ,
3330 1282 3390 1330 et
3423 1287 3537 1328 non
3567 1271 3730 1327 solum

2145 1385 2230 1424 me
2255 1377 2503 1438 protegcs
2543 1383 2573 1422 a
2619 1368 2811 1422 timore
2854 1381 3074 1434 eorum,
3107 1381 3232 1420 cum
3269 1365 3536 1435 malignis
3563 1364 3731 1420 verbis

2146 1463 2422 1532 insnrgent
2447 1462 2499 1515 in
2527 1476 2632 1526 me,
2658 1458 2962 1514 accusando
2982 1467 3038 1514 et
3063 1458 3431 1521 detrahendo,
3459 1458 3556 1511 sed
3579 1456 3729 1509 etiam

2145 1565 2397 1625 proteges
2424 1567 2508 1608 me
2537 1571 2568 1606 α
2597 1550 2927 1605 multitudine
2953 1550 3280 1620 operantium
3305 1549 3661 1618 iniquitatem,
3684 1546 3729 1599 id

2148 1654 2234 1698 est
2261 1653 2510 1713 proteges
2535 1657 2620 1697 me
2643 1639 2891 1695 faciendo
2921 1647 3286 1704 constantem,
3316 1653 3388 1692 ne
3418 1650 3524 1706 pro
3552 1635 3732 1690 timore

465 1739 606 1789 riora
629 1747 804 1801 terrm,
831 1737 884 1790 id
904 1744 985 1790 est
1011 1736 1064 1789 in
1089 1733 1356 1792 infernum
1383 1751 1398 1800 ;
1426 1748 1531 1788 non
1554 1731 1726 1786 solum
1753 1731 2048 1786 introibuut
2078 1705 2121 1760 Β
2148 1705 2333 1789 cedam
2361 1705 2714 1794 multitudini,
2741 1730 2794 1784 id
2818 1739 2900 1785 est
2933 1727 3222 1784 conventui
3255 1705 3577 1789 Judmornm
3613 1739 3730 1795 ope-

463 1824 516 1878 ia
569 1823 870 1886 infernum,
902 1835 956 1879 et
1002 1826 1282 1878 tradentur
1309 1824 1364 1876 in
1410 1838 1595 1875 manus
1635 1820 1822 1890 gladii,
1863 1820 1956 1874 sed
1990 1829 2044 1873 et

465 1916 685 1984 quidam
715 1931 902 1970 eorum
949 1925 1122 1984 partes
1173 1913 1402 1982 vulpium
1446 1922 1628 1976 erunt,
1674 1911 1724 1964 id
1754 1920 1835 1965 est
1864 1911 2045 1980 partiti

463 2015 645 2073 erunt,
673 2016 727 2061 et
754 2007 950 2077 captivi
985 2007 1250 2061 ducentur
1277 2021 1306 2059 a
1355 2004 1625 2074 vulpibus,
1653 2020 1682 2057 a
1714 2005 2049 2073 principibus

478 2097 706 2164 scilicet,
736 2098 839 2168 qui
859 2097 1044 2167 vulpes
1070 2097 1341 2161 dicuntur,
1371 2110 1436 2150 eo
1455 2096 1596 2165 quod
1621 2096 1799 2150 callidi
1836 2098 2051 2150 fuerunt

475 2192 542 2245 ad
589 2192 1004 2261 expugnandum
1061 2205 1191 2255 eos,
1231 2190 1372 2244 sicut
1411 2188 1598 2258 vulpes
1640 2188 2045 2243 callidissimuin
2082 2244 2085 2246 _

466 2282 670 2336 animal
705 2291 809 2336 est.
851 2283 906 2336 In
943 2283 1044 2336 hoc
1072 2289 1252 2335 autem
1286 2279 1510 2334 multum
1542 2289 1830 2350 exaggerat
1861 2295 2048 2334 eorum

468 2373 770 2442 nequitiam
793 2413 808 2438 ,
853 2388 976 2428 cum
1009 2372 1128 2427 illos
1151 2372 1387 2425 ostendit
1424 2371 1491 2425 ab
1526 2372 1803 2426 extraneis
1841 2373 2051 2440 disper-

471 2465 698 2535 gendos.
731 2466 858 2520 Dico
888 2467 1029 2535 quod
1059 2464 1158 2534 ipsi
1184 2463 1472 2516 introibant
1503 2463 1557 2516 in
1585 2463 1837 2531 inferiora
1861 2473 2015 2518 terra:
2035 2505 2050 2528 ,

469 2565 524 2612 et
555 2557 832 2610 tradentur
864 2558 921 2610 in
960 2573 1146 2610 manus
1187 2554 1384 2624 gladii,
1430 2564 1484 2608 et
1528 2565 1678 2608 erunt
1724 2566 1898 2625 partes
1942 2556 2054 2610 rul-

469 2653 634 2722 pium.
670 2651 777 2706 Rea:
805 2669 923 2708 vero
951 2652 1215 2706 (celabitur
1243 2653 1295 2704 in
1318 2650 1452 2714 Deo,
1485 2649 1536 2703 id
1564 2657 1670 2715 est,
1695 2662 1794 2716 ego
1828 2656 2055 2702 antono-

471 2742 701 2797 mastice
749 2756 864 2812 rex,
889 2742 1113 2797 iiDiﬂbOi‘
1152 2742 1202 2796 in
1237 2739 1608 2796 misericordia
1647 2739 1770 2804 Dei,
1805 2739 1927 2792 dum
1969 2752 2055 2792 me

475 2840 824 2895 resuscitabit
851 2848 905 2894 et
932 2839 1255 2910 glorificabit
1299 2853 1314 2892 :
1358 2847 1544 2891 etnon
1574 2835 1749 2890 solum
1779 2850 1870 2888 rex
1907 2833 2055 2888 (crta-

474 2932 634 2995 bitur,
678 2931 770 2986 sed
811 2941 856 2985 et
886 2948 1060 2985 omnes
1093 2932 1184 3002 qui
1217 2931 1404 3001 jnrant
1435 2949 1489 2985 in
1531 2947 1618 2994 eo,
1651 2929 1705 2982 id
1747 2936 1830 2982 est
1863 2927 1952 2996 qui
2001 2927 2054 2980 in

2149 1825 2384 1880 rantium
2424 1833 2652 1878 mortem
2680 1838 2856 1878 meam
2893 1817 3326 1894 anto‘nomastice
3367 1818 3727 1888 iniquitatem.

2149 1918 2301 1986 Quod
2349 1928 2433 1972 est
2476 1917 2700 1972 dicere:
2736 1915 2922 1984 Neque
2967 1928 3090 1969 cum
3137 1911 3510 1983 malignantes
3558 1918 3724 1976 erunt,

2151 2015 2350 2068 timebo
2372 2028 2486 2078 eos,
2512 2028 2685 2084 neque
2715 2029 2837 2069 cum
2864 2021 3026 2069 erunt
3051 2013 3400 2082 iniquitatem
3429 2015 3726 2079 operantes.

2150 2108 2228 2163 Ne
2261 2121 2388 2162 vero
2417 2119 2748 2164 excusentur
2775 2107 2843 2162 ab
2875 2106 3176 2176 iniquitatis
3222 2104 3568 2176 operatione,
3613 2112 3724 2155 cum

2153 2215 2272 2254 eum
2299 2214 2472 2270 neque
2495 2200 2746 2254 manibus
2775 2213 2949 2268 neque
2975 2197 3143 2254 armis
3169 2197 3513 2258 occiderint,
3549 2191 3725 2262 adjun-

2151 2290 2226 2361 git
2257 2306 2272 2343 :
2303 2289 2438 2344 Vere
2484 2289 2852 2358 nperahuntnr
2901 2295 3132 2342 mortem
3183 2300 3386 2344 meam.
3443 2292 3500 2337 et
3545 2281 3587 2335 si
3629 2295 3722 2334 non

2151 2379 2318 2434 armis
2345 2389 2401 2432 et
2431 2378 2698 2442 manibus,
2729 2377 2856 2447 quia
2887 2385 3229 2441 exaruerunt,
3253 2375 3305 2429 id
3335 2382 3430 2429 est
3450 2379 3721 2430 exaeuenl,

2153 2471 2358 2540 linguas
2391 2486 2522 2548 suae
2563 2480 2610 2524 et
2645 2469 2900 2540 gladium.
2936 2468 3089 2534 Quod
3116 2476 3201 2523 est
3243 2467 3474 2521 dicere:
3507 2464 3722 2533 Adapta-

2152 2564 2288 2618 bunt
2327 2562 2492 2617 verba
2525 2561 2830 2631 linguarum
2885 2575 3139 2626 suarum,
3169 2567 3228 2613 ut
3262 2556 3638 2624 cllicaciasint
3664 2554 3721 2607 ad

2154 2671 2241 2709 me
2267 2655 2322 2709 in
2353 2663 2578 2710 mortem
2597 2653 2940 2720 trahendum,
2969 2652 3232 2706 dicendo:
3265 2668 3284 2702 ι
3308 2649 3366 2704 Si
3393 2649 3539 2704 hunc
3560 2645 3720 2702 dimit-

2159 2749 2248 2811 tis,
2297 2763 2403 2801 non
2448 2761 2507 2801 es
2555 2745 2763 2800 amicus
2791 2743 3024 2799 Caisaris
3070 2742 3251 2814 (Ioan.
3293 2757 3415 2808 nx,
3467 2739 3576 2809 12),
3624 2756 3640 2788 ι
3673 2745 3720 2790 et

2155 2848 2348 2894 Caetera
2383 2837 2533 2904 talia,
2565 2851 2659 2906 per
2681 2853 2799 2905 qua:
2827 2829 3023 2906 cogent
3050 2833 3282 2888 Pilatum
3305 2833 3401 2902 qui
3426 2845 3512 2886 me
3537 2836 3718 2898 quaret

2158 2929 2460 2994 dimittere,
2489 2936 2548 2981 ut
2593 2927 2896 2998 crucifigat,
2945 2941 2974 2980 a
3024 2923 3382 2980 similitudine
3423 2920 3612 2991 gladii,
3639 2916 3719 2986 qui

470 3025 797 3094 baptismate
842 3024 1078 3078 firmiter
1138 3023 1459 3094 promittunt
1509 3037 1566 3077 se
1614 3033 1964 3090 perseverare
2003 3017 2054 3070 in
2085 3049 2130 3108 ε
2161 3024 2446 3078 exacuitur
2493 3030 2550 3076 ut
2597 3021 2866 3076 etlicacior
2925 3019 2995 3074 sit
3040 3019 3108 3073 ad
3159 3015 3618 3072 interﬁciendum.
3659 3009 3716 3063 Et

471 3129 568 3178 eo,
600 3114 652 3168 id
695 3125 801 3179 est,
836 3114 888 3167 in
922 3113 1196 3168 voluntate
1227 3112 1342 3181 ejus
1375 3112 1754 3174 laudabuntur,
1788 3109 1838 3164 id
1870 3117 1969 3172 est,
2000 3107 2051 3160 in

474 3204 658 3259 futuro
705 3205 1003 3259 laudabiles
1047 3205 1210 3258 etiam
1241 3204 1477 3258 inimicis
1525 3203 1892 3272 apparebunt,
1932 3197 2053 3253 eum

475 3306 680 3351 teterna
737 3295 906 3366 gloria
963 3295 1310 3356 dilabuntur,
1364 3295 1453 3363 qui
1521 3294 1607 3347 hic
1665 3290 2056 3346 abominabiles

476 3386 750 3450 videntur,
782 3386 908 3442 dum
938 3385 1154 3440 assidua
1191 3384 1534 3437 tribulatione
1567 3391 1928 3446 macerantur,
1963 3379 2056 3450 qui

475 3476 640 3530 etiam
685 3475 879 3529 dicturi
911 3489 1032 3529 esse
1075 3475 1322 3544 leguntur
1369 3493 1382 3528 :
1417 3475 1576 3544 223
1615 3493 1634 3525 ‹
1663 3474 1770 3528 Nos
1798 3472 2056 3528 iusensati

479 3568 644 3621 vitam
697 3567 906 3620 illorum
956 3567 1362 3620 asstiinabamus
1402 3568 1667 3621 insaniam
1705 3585 1718 3620 :
1757 3581 1885 3621 ecce
1925 3582 2059 3636 quo-

482 3657 644 3710 modo
667 3656 960 3724 coniputali
983 3666 1110 3710 sunt
1135 3656 1274 3710 inter
1299 3657 1434 3711 filios
1473 3658 1560 3711 Dei
1590 3658 1743 3727 (Sap.
1777 3673 1832 3722 v,
1854 3656 1910 3721 4,
1939 3657 2051 3727 5).»

483 3749 614 3803 Dico
644 3749 787 3816 quod
816 3747 1210 3815 la'tabitttrrex,
1249 3759 1303 3803 et
1333 3751 1542 3812 merito,
1573 3750 1694 3820 quia
1739 3750 2058 3803 obstructum

407 3880 425 3895 .
479 3848 579 3902 est,
607 3838 658 3892 id
681 3847 766 3892 est
794 3839 1126 3903 obstruetur,
1158 3857 1213 3892 os
1258 3839 1576 3910 loquentiam
1613 3842 1814 3910 iniqua,
1841 3840 2058 3894 .Iudmo-

484 3947 602 3984 runt
633 3931 876 3996 scilicet,
902 3933 993 4000 qui
1022 3948 1104 3986 me
1135 3942 1334 4001 negant
1363 3948 1488 3987 esse
1529 3933 1727 3997 Dcunt,
1757 3934 1862 3986 imo
1902 3935 2060 3988 sedu-

485 4032 690 4078 ctorem
716 4033 769 4078 et
807 4023 1179 4096 blasphemum
1211 4018 1478 4078 asserunt.
1527 4025 1679 4091 Quod
1725 4035 1809 4079 est
1833 4025 2056 4088 dicere:

483 4113 560 4167 lta
614 4115 926 4170 testimonio
974 4116 1388 4170 resurrectionis
1429 4125 1483 4170 et
1531 4115 1874 4171 exaltationis
1927 4132 2061 4172 mea:

484 4215 887 4272 convertentur,
913 4208 1058 4277 quod
1088 4208 1223 4262 nihil
1254 4209 1395 4278 quod
1420 4209 1487 4262 de
1510 4224 1596 4262 me
1620 4209 1821 4271 dicant,
1857 4209 2062 4264 haben—

487 4305 585 4363 tes,
621 4300 806 4364 velint,
845 4301 1048 4366 nolint,
1085 4302 1365 4367 tacebunt,
1395 4302 1483 4372 qui
1518 4303 1646 4357 mihi
1681 4305 1840 4358 modo
1880 4304 2061 4359 multis

485 4395 666 4449 verbis
697 4393 977 4448 maledicis
1009 4395 1311 4464 insurgunt.
1775 4385 1781 4394 ’

949 4484 1016 4538 ΙΝ
1056 4484 1388 4540 PSALMUM
1420 4485 1599 4540 lell.

529 4578 772 4648 .Titulns
801 4579 1120 4648 sexagesimi
1149 4580 1288 4632 tertii
1310 4597 1322 4631 :
1341 4577 1408 4632 In
1431 4579 1588 4645 ﬁnem
1606 4574 1849 4630 Psalmus
1871 4575 2062 4632 David.

489 4669 642 4737 Quod
678 4669 757 4723 sic
783 4671 1072 4746 exponitur
1106 4685 1120 4723 :
1156 4669 1406 4724 Psalmus
1435 4668 1599 4724 David
1621 4708 1636 4733 ,
1669 4669 1718 4722 id
1746 4679 1830 4724 est
1864 4671 2065 4724 Christi

491 4759 834 4830 reSpicientis
867 4759 920 4812 in
956 4759 1113 4812 linem
1140 4801 1154 4826 ,
1203 4761 1253 4814 id
1284 4770 1367 4814 est
1401 4760 1453 4813 in
1487 4761 1780 4830 perfectam
1808 4760 1890 4813 sui
1931 4775 2066 4825 con-1

491 4851 927 4914 summatiouem,
959 4859 1082 4920 post
1112 4861 1338 4908 mortem
1366 4851 1598 4906 futuram
1624 4871 1638 4916 ;
1667 4853 1750 4906 vel
1793 4852 1845 4906 in
1874 4852 2064 4918 finem,

492 4944 654 5008 idest
683 4944 733 4995 in
766 4941 1062 5010 perfectam
1089 4957 1309 4997 suorum
1343 4944 1863 4999 consummationem
1900 4945 1953 4998 in
1981 4945 2069 4999 die

491 5036 675 5106 indicii
709 5035 964 5100 futuram,
997 5053 1016 5086 ι
1055 5035 1270 5103 quando
1297 5036 1404 5090 erit
1435 5037 1573 5090 Deus
1599 5038 1778 5092 omnia
1813 5037 1866 5090 in
1889 5037 2066 5090 omni-

495 5131 589 5184 bus
635 5128 684 5199 (l
729 5125 852 5197 Cor.
884 5143 973 5194 xv,
1005 5126 1120 5197 28).
1165 5145 1184 5178 ι
1215 5126 1346 5183 Orat
1390 5129 1442 5182 in
1489 5129 1593 5184 line
1646 5129 1854 5198 psalmo
1886 5131 2070 5184 Domi-

495 5221 647 5276 nicus
675 5221 835 5274 homo
857 5221 922 5275 de
950 5219 1372 5285 resurrectione,
1407 5229 1461 5274 et
1496 5220 1819 5290 deprecatur
1844 5233 1904 5275 ut
1929 5221 2070 5278 Deus

495 5313 690 5382 eripiat
717 5327 826 5368 sea
860 5313 1054 5368 timore
1078 5311 1310 5367 inimici.
1352 5312 1476 5382 Agit
1505 5327 1718 5382 quoque
1756 5313 1823 5368 de
1861 5314 2071 5370 occulta

495 5414 546 5458 et
579 5404 643 5457 de
665 5403 956 5472 manifesta
989 5404 1331 5460 inimicorum
1365 5404 1769 5474 persecutione;
1801 5405 1865 5458 de
1895 5421 2074 5460 resur-

495 5496 752 5550 rectionis
775 5494 1124 5562 exaltatione,
1151 5509 1205 5553 et
1235 5497 1574 5552 inimicorum
1605 5494 1992 5560 ineﬂicacitate,
2020 5506 2074 5552 et

497 5595 685 5658 postea
733 5587 799 5642 de
840 5586 1064 5658 operum
1104 5590 1196 5644 Dei
1247 5605 1366 5660 qua:
1407 5603 1504 5659 per
1550 5588 1934 5658 praedicatores
1985 5589 2075 5646 fiet

497 5679 936 5746 annuntiatione,
967 5687 1022 5735 et
1059 5679 1124 5736 (le.
1149 5679 1417 5750 justorum
1460 5679 1512 5735 in
1550 5679 1731 5737 futuro
1775 5679 1959 5735 laetitia
2005 5696 2070 5740 ac

2159 3115 2475 3183 priusquam
2499 3121 2768 3167 exacuant
2791 3111 3051 3180 linguam,
3077 3107 3417 3163 intenderunt
3457 3120 3649 3165 arcum,
3673 3101 3716 3154 id

2156 3216 2240 3260 est
2278 3207 2536 3260 intentam
2586 3205 2787 3259 faciant
2828 3202 3200 3272 deccptionem
3230 3215 3385 3256 suam
3409 3239 3424 3264 ,
3463 3206 3520 3252 ut
3547 3193 3717 3250 blande

2159 3297 2423 3368 loquendo
2467 3299 2686 3367 capiant
2717 3311 2802 3350 me
2849 3295 2902 3350 in
2949 3308 3232 3357 sermone,
3277 3291 3629 3362 improvidum
3669 3294 3716 3340 et

2159 3389 2456 3450 incautum,
2485 3398 2538 3441 ct
2565 3388 2645 3441 sic
2679 3385 2894 3442 tradant
2925 3385 3190 3440 ministris
3225 3381 3464 3438 Cmsnris
3499 3380 3562 3434 ad
3587 3378 3716 3432 dam-

2160 3478 2416 3542 nandum,
2443 3477 2525 3532 vel
2551 3486 2810 3530 accusent
2839 3476 2902 3529 de
2931 3474 3062 3544 legis
3085 3460 3553 3544 praevaricatione.
3577 3468 3715 3520 Inter-

2160 3572 2426 3642 rogabunt
2467 3571 2607 3624 enim
2655 3585 2738 3623 me
2767 3567 2922 3637 quasi
2953 3569 3270 3638 magistrum
3305 3585 3320 3622 :
3361 3585 3380 3618 ι
3425 3567 3574 3621 Licet
3609 3573 3717 3615 ceno

2160 3681 2280 3720 sum
2317 3663 2448 3717 dare
2477 3662 2677 3716 Caesari
2698 3702 2716 3728 ,
2749 3677 2816 3714 an
2843 3661 3022 3716 non?»
3052 3659 3268 3730 (Matth.
3308 3655 3454 3726 uti,
3490 3655 3574 3711 lii
3603 3649 3714 3708 utsi

2162 3757 2348 3812 dixero
2375 3769 2479 3808 non
2503 3767 2622 3809 esse
2648 3753 2905 3818 dandum,
2939 3752 3204 3807 ministris
3231 3751 3496 3805 Romanis
3526 3745 3716 3802 tradant

2163 3863 2269 3913 me,
2321 3857 2502 3917 utpote
2553 3845 2738 3900 tributi
2789 3845 3023 3900 (ia-sarci
3071 3844 3496 3914 probibitorem;
3533 3840 3576 3894 si
3604 3849 3714 3889 vero

2162 3957 2282 3997 esse
2310 3941 2878 4007 damiumlasseruero,
2911 3937 3047 4006 legis
3076 3936 3207 3991 mihi
3238 3931 3714 4006 praevaricationem

2164 4035 2462 4102 imponant,
2498 4030 2756 4100 injustam
2791 4029 3026 4098 judicent
3075 4042 3161 4082 me
3188 4028 3467 4092 vocando,
3513 4022 3596 4092 qui
3635 4031 3714 4071 eos

2165 4125 2261 4180 Dei
2293 4124 2462 4179 cultui
2509 4123 2774 4186 subditos,
2801 4121 2913 4191 regi
2942 4119 3184 4174 Romano
3225 4117 3503 4174 deservire
3533 4109 3716 4183 judica-

2162 4231 2312 4272 vero.
2339 4215 2408 4270 Et
2445 4215 2550 4270 hoc
2573 4223 2659 4268 est
2685 4213 2826 4283 quod
2859 4213 3089 4266 obscure
3111 4210 3262 4280 ponit
3293 4204 3708 4278 :equipolleuter:

2166 4311 2452 4364 intendent
2481 4324 2662 4365 arcum
2684 4347 2698 4372 ,
2721 4319 2962 4360 amaram
3005 4321 3110 4358 rem
3147 4303 3376 4369 scilicet,
3409 4298 3535 4355 et-si
3565 4290 3714 4350 dulcis

2090 4391 2138 4450 ί)
2167 4405 2437 4469 videatur,
2471 4402 2523 4457 id
2549 4410 2629 4457 est
2654 4401 2963 4470 deceptoria
2989 4400 3151 4454 verba
3196 4398 3466 4468 parabunt
3485 4437 3499 4460 ,
3526 4404 3633 4463 quae
3666 4392 3712 4440 et

2167 4495 2212 4550 si
2245 4494 2528 4548 videantur
2576 4492 2786 4556 dulcia,
2838 4500 3000 4546 erunt
3047 4500 3226 4544 tamen
3273 4487 3630 4544 amarissima,
3665 4485 3710 4530 ut

2167 4585 2412 4653 sagittent
2436 4581 2854 4648 immaculatum,
2880 4581 2932 4635 id
2976 4589 3078 4648 est,
3111 4579 3306 4634 laedant
3338 4594 3424 4632 me
3451 4577 3707 4631 insontem.

2169 4674 2310 4728 sicut
2338 4673 2429 4727 ille
2475 4672 2710 4737 laeditur,
2743 4673 2834 4740 qui
2876 4672 3181 4742 sagittatur.
3222 4670 3288 4723 Et
3315 4671 3418 4724 hoc
3445 4669 3496 4721 in
3524 4659 3709 4719 occulti:

2168 4765 2404 4830 faciant,
2437 4766 2487 4820 id
2520 4775 2624 4832 est,
2663 4766 2742 4821 sic
2767 4765 3056 4836 sagiltent,
3086 4772 3146 4818 ut
3169 4763 3440 4818 occultum
3470 4757 3588 4816 mibi
3623 4753 3705 4814 sit.

2170 4873 2239 4913 ne
2269 4872 2461 4912 cavere
2489 4857 2717 4912 valeam.
2753 4855 3057 4911 Notandum
3097 4856 3238 4926 quod
3284 4855 3537 4925 gladium,
3564 4847 3609 4902 id
3641 4851 3714 4896 est

2169 4957 2412 5018 apertam
2447 4961 2633 5002 eorum
2675 4947 3130 5017 persecutionem,
3155 4960 3262 5000 non
3298 4945 3428 5001 dicit
3470 4951 3581 4996 esse
3621 4945 3706 4985 rem

2171 5055 2446 5102 amaram,
2491 5039 2616 5107 quia
2648 5047 2888 5103 constat;
2921 5054 3101 5091 arcum
3137 5052 3266 5092 vero
3321 5036 3410 5107 qui
3453 5049 3532 5088 res
3571 5018 3706 5097 225

2172 5129 2345 5185 dulcis
2373 5127 2602 5190 videtur,
2633 5144 2738 5180 rem
2763 5143 3001 5180 antaram
3026 5135 3182 5181 vocat
3207 5141 3222 5180 :
3254 5135 3527 5196 postquam
3554 5128 3702 5173 autem

2173 5219 2506 5276 intenderint
2535 5234 2740 5284 arcum,
2770 5219 2941 5272 subito
2971 5218 3295 5288 sagittabunt
3325 5233 3438 5272 eum
3477 5216 3703 5268 immacu-

2173 5311 2371 5377 latum,
2411 5321 2674 5380 qnantum
2707 5309 2773 5363 ad
2801 5309 3116 5378 opinionem
3152 5324 3360 5372 eorum,
3393 5307 3443 5361 id
3467 5313 3569 5366 est,
3593 5291 3701 5351 ccl'li

2174 5416 2294 5456 esse
2327 5403 2592 5472 putabunt
2627 5402 2768 5471 quod
2803 5415 2990 5454 revera
3032 5415 3120 5454 me
3156 5400 3502 5469 sagittabunt,
3537 5402 3586 5447 et
3621 5389 3699 5442 hoc

2174 5495 2366 5560 subito,
2397 5494 2450 5549 id
2475 5502 2558 5548 est
2587 5509 2652 5548 ex
2687 5492 3009 5565 improviso,
3054 5492 3197 5562 quod
3236 5491 3466 5546 nesciam
3499 5490 3696 5538 cavere:

2176 5597 2222 5644 et
2248 5605 2352 5642 non
2383 5587 2633 5641 timebunt
2661 5601 2744 5640 me
2783 5585 3218 5656 sagittarehcum
3248 5583 3350 5637 hoc
3379 5577 3517 5633 valde
3543 5573 3698 5626 timere

2178 5680 2442 5736 deberent
2468 5695 2564 5750 pro
2587 5678 2831 5733 doctrina
2857 5686 3048 5733 sancta
3077 5692 3220 5744 mea,
3251 5692 3409 5748 quam
3436 5664 3700 5730 audient.“
