3846 6334
167 306 255 371 933
1074 304 1436 365 EXPOSITIU
1480 305 1547 360 IN
1599 302 2241 363 PS.\L.\lOS.—PSAL.
2286 308 2463 364 LXIII.

3293 312 3394 371 95!

168 442 253 499 pro
285 424 552 481 miraculis
573 432 627 480 et
644 424 899 495 operibus
924 424 1056 480 meis
1085 425 1261 488 bonis,
1295 440 1414 494 quae
1444 422 1715 495 frequenv
1748 428 1795 484 Α
1824 422 1915 493 gili
1950 422 2176 477 materia
2201 422 2374 484 facta),
2406 438 2598 493 parum
2631 423 2856 492 lzedunt,
2884 434 2939 480 et
2961 439 3151 481 earum
3176 425 3326 482 laesio
3354 428 3403 482 si

170 527 240 572 ter
276 517 648 586 aspicient.‘El
676 532 799 570 cum
840 531 925 571 me
963 517 1218 584 sagittare
1241 516 1600 585 nequiverint,
1631 515 1725 584 ﬁr-

166 616 440 671 maverunt,
467 608 516 660 id
546 616 628 660 est
667 609 819 660 lirine
856 616 908 661 et
936 616 1249 661 constanter
1275 606 1551 676 proferent
1572 646 1586 669 ,
1618 622 1727 659 ser-

171 716 352 751 monem
374 700 888 766 nequam,dicendo:
911 698 1206 768 «Crucifige
1232 697 1363 767 (Luc
1400 714 1549 763 χχιιι,
1576 698 1719 768 21),›

171 803 215 845 et
241 792 336 845 hoc
360 794 481 857 sibi,
514 792 562 844 id
587 801 671 846 est
692 793 757 846 ad
789 793 1190 847 incounnodnm
1218 800 1270 845 et
1300 791 1725 846 destructionem

170 879 272 942 sui,
312 879 435 947 quia
479 877 703 946 hujusce
741 880 815 933 rei
844 880 1016 949 gratia
1059 881 1426 934 destruentur.
1472 878 1566 934 Vel
1602 880 1721 935 sic:

169 968 441 1036 Postquam
486 969 804 1024 exacuerint
845 968 1088 1039 linguas,
1135 969 1288 1023 firme
1316 978 1371 1024 et
1416 979 1729 1026 constanter

170 1059 424 1130 prolerent
450 1061 514 1115 ad
545 1062 947 1115 incommodum
980 1077 1137 1115 suum
1179 1079 1468 1116 sermonem
1505 1079 1725 1133 nequam

171 1151 418 1205 dicendo:
462 1170 480 1202 ι
520 1151 753 1223 Sanguis
798 1152 915 1222 ejus
963 1166 1125 1221 super
1171 1168 1267 1207 nos
1298 1161 1351 1207 et
1392 1169 1554 1223 super
1589 1153 1728 1210 filios

171 1250 364 1295 nostros
394 1241 619 1309 (Matth.
667 1258 838 1307 xxvii,
866 1241 982 1312 25).
1016 1262 1036 1294 ι
1088 1242 1218 1297 Dico
1263 1242 1408 1311 quod
1449 1244 1729 1300 intendent

170 1348 326 1385 arcum
378 1343 432 1386 ut
480 1336 746 1404 sagittent,
795 1343 850 1389 et
890 1350 976 1389 me
1024 1334 1288 1405 sagittare
1334 1336 1633 1405 putabunt,
1673 1345 1729 1393 et

168 1433 428 1493 postquam
478 1426 762 1496 sagittatio
803 1441 990 1480 eorum
1035 1426 1283 1481 incliicax
1323 1428 1447 1495 erit,
1481 1444 1729 1483 narraue-

172 1524 292 1576 ruut,
320 1524 423 1567 etc.
464 1513 554 1570 Vel
581 1516 661 1571 sic
692 1516 1062 1582 continuatur,
1100 1526 1158 1571 ut
1185 1519 1450 1588 expositio
1479 1536 1585 1575 non
1611 1536 1729 1575 mu-

171 1613 333 1659 tetur:
362 1607 493 1662 Dico
520 1609 664 1677 quod
708 1608 998 1663 firmabant
1026 1610 1124 1663 sibi
1152 1627 1441 1666 sermonem
1483 1630 1726 1683 nequam,

170 1699 388 1765 scilicet,
421 1718 439 1752 ι
482 1701 715 1771 Sanguis
761 1704 905 1773 ejus,
959 1722 977 1754 ι
1019 1714 1160 1770 etc.;
1204 1706 1355 1776 prius
1402 1722 1529 1761 vero
1565 1722 1727 1776 quam

171 1788 366 1845 ﬁrment
391 1804 764 1859 narraverant,
790 1794 839 1848 id
870 1803 954 1850 est
976 1797 1274 1851 narrabant
1302 1798 1354 1851 in
1378 1798 1733 1868 dispositione

172 1893 272 1942 sua,
298 1890 350 1932 ut
378 1880 757 1936 absconderem
785 1882 1019 1954 laqueos,
1050 1886 1103 1940 id
1144 1894 1247 1952 est,
1272 1895 1331 1942 ut
1358 1862 1731 1945 absconditam

173 1982 375 2026 mortem
409 1974 544 2027 mihi
574 1984 783 2044 parent,
813 1991 919 2046 qua
958 1992 1045 2033 me
1073 1978 1370 2046 detineant,
1402 1996 1468 2035 ne
1500 1982 1732 2037 mundus

174 2063 285 2115 mihi
314 2063 658 2131 subjiciatur,
687 2074 737 2120 et
762 2082 828 2121 ne
859 2067 1118 2139 refugiant
1152 2086 1182 2123 a
1211 2071 1560 2128 similitudine
1583 2072 1734 2129 volu-

170 2155 281 2218 cris,
308 2171 425 2224 qua:
459 2157 672 2226 laqueis
703 2159 974 2215 detinetur
1005 2178 1071 2217 ne
1111 2164 1329 2230 evadat,
1357 2173 1413 2219 et
1460 2167 1731 2234 dixerunt,

174 2245 216 2298 id
239 2257 313 2300 est
340 2246 552 2314 dicent,
583 2264 766 2305 secum
798 2254 1084 2323 cogitando
1112 2270 1127 2309 :
1158 2255 1287 2321 Quis
1310 2258 1496 2312 ridebit
1523 2275 1637 2325 eos,
1680 2260 1733 2314 id

172 2347 239 2391 est
260 2338 502 2408 laqueos,
529 2340 580 2395 id
604 2350 708 2407 est,
741 2344 861 2412 quis
884 2356 1175 2416 cognoscet
1200 2365 1318 2414 nos,
1344 2359 1594 2420 operatus
1615 2366 1735 2408 esse

174 2438 374 2483 mortem
401 2429 548 2499 ejus?
564 2432 761 2500 nullus;
786 2449 849 2489 ac
875 2435 918 2489 si
941 2437 1174 2492 diceret:
1204 2439 1492 2509 Disponent
1515 2441 1565 2495 in
1584 2442 1720 2511 cogi-

175 2520 446 2577 tationibus
480 2523 594 2578 suis
620 2532 675 2577 ut
704 2525 931 2581 latenter
959 2538 1152 2598 parcnt
1184 2531 1315 2585 mihi
1347 2541 1596 2598 mortem,
1628 2541 1731 2588 tra-

173 2611 323 2666 dendo
352 2630 436 2669 me
462 2631 563 2683 per
584 2616 923 2686 discipulum,
948 2630 1001 2674 et
1030 2621 1401 2678 interficiendo
1416 2639 1501 2679 me
1516 2625 1733 2694 perito-

174 2716 339 2758 manos
362 2706 588 2771 milites,
614 2716 668 2761 et
696 2710 957 2778 putabunt
985 2713 1126 2782 quod
1153 2714 1325 2769 nullus
1348 2715 1618 2770 existimet
1640 2733 1734 2772 eos

172 2789 369 2857 hujusce
401 2796 480 2848 rei
510 2796 721 2865 culpam
744 2798 1097 2864 haberc,cum
1123 2802 1251 2857 nihil
1285 2804 1528 2859 manibus
1550 2815 1730 2873 agent.

175 2880 303 2939 l’nde
325 2903 418 2942 eos
449 2888 653 2944 dixisse
680 2888 874 2960 legitur
904 2891 1058 2962 (Auo.
1082 2895 1133 2947 in
1154 2896 1293 2948 [tunc
1317 2893 1490 2967 Psal.)
1523 2915 1535 2950 :
1570 2917 1586 2948 ι
1609 2898 1735 2953 0m-

174 2976 246 3029 nia
284 2977 551 3036 faciamus
584 2983 694 3047 sic,
728 2991 784 3037 ut
808 2984 940 3038 nihil
964 2985 1154 3042 fecisse
1183 2988 1481 3053 videantur,
1513 3009 1531 3041 ι
1567 3000 1620 3045 et
1641 2992 1737 3047 has

177 3069 496 3140 iniquitates,
529 3074 580 3129 id
612 3083 694 3130 est
719 3086 773 3129 ut
814 3077 1028 3149 laqueos
1060 3081 1489 3149 absconderem,
1524 3083 1733 3138 scilicet

1829 516 2009 586 aliqua
2048 526 2162 584 est,
2191 517 2452 573 citissime
2497 526 2753 583 sanatur;
2795 519 2868 573 ita
2912 528 2966 574 et
3009 534 3197 574 eorum
3237 520 3411 591 plagas

1826 622 1994 676 parvo
2028 618 2270 677 tempore
2303 607 2582 675 laedentes,
2609 608 2756 663 brevi
2788 618 3024 679 tempore
3050 612 3403 666 sanabuntur:

1828 700 2084 769 quoniam
2118 708 2237 769 post
2270 709 2381 753 tres
2412 698 2528 753 dies
2551 714 2827 769 resurgam
2858 699 3071 768 (Matth.
3099 718 3268 768 xxv",
3290 703 3406 774 65),

1828 801 1883 844 et
1912 800 2195 860 postquam
2219 790 2520 855 exaltahor,
2538 790 2736 861 linguw
2759 807 2941 846 earum
2964 792 3245 860 infirmam:
3264 806 3407 860 sunt,

1830 889 1885 934 et
1912 880 2015 933 hoc
2044 895 2226 932 comra
2257 896 2364 945 eos,
2395 878 2538 948 quod
2570 889 2654 934 est
2681 880 2861 936 dicere
2892 898 2905 934 :
2949 880 3074 936 Haec
3101 882 3268 936 verba
3291 899 3411 951 qua:

1830 969 1897 1024 de
1923 984 2007 1023 nte
2041 968 2403 1033 mentientur,
2439 968 2688 1038 fingendo
2731 985 2834 1024 non
2885 972 3285 1036 resurrexisse,
3316 974 3412 1028 sed

1829 1072 2025 1129 corpus
2059 1074 2236 1115 meum
2284 1075 2312 1113 a
2353 1060 2632 1130 discipulis
2685 1060 2921 1116 furatum
2961 1061 3163 1126 fuisse,
3198 1062 3410 1118 intirmt

1830 1151 2165 1219 apparebunt
2188 1159 2241 1205 et
2271 1150 2400 1205 falsa
2430 1166 2442 1204 :
2473 1161 2527 1205 et
2553 1167 2674 1221 qua:
2708 1152 2870 1206 etiam
2904 1163 3087 1206 contra
3114 1169 3201 1207 eos
3229 1164 3411 1219 erunt,

1830 1240 1881 1294 id
1907 1248 1991 1295 est
2031 1240 2223 1294 idonea
2255 1240 2321 1295 ad
2348 1255 2442 1295 eos
2472 1241 2631 1311 225
2664 1242 2951 1297 mendaces
2999 1258 3118 1297 esse
3167 1258 3415 1314 compro-

1829 1331 2084 1385 bandum.
2117 1331 2174 1385 Si
2204 1331 2374 1399 enim,
2416 1342 2478 1387 ut
2518 1344 2789 1398 asserunt,
2822 1335 3093 1401 custodes,
3117 1350 3239 1390 eum
3265 1334 3413 1389 fura-

1832 1429 1944 1476 tum
1983 1438 2179 1493 corpus
2212 1422 2407 1489 fuerit,
2444 1424 2802 1489 dormierunt,
2847 1426 2989 1479 unde
3024 1424 3261 1480 furatum
3292 1440 3413 1481 esse

1830 1516 2238 1585 cognoverunt?
2280 1514 2412 1571 Dico
2445 1517 2589 1585 quod
2621 1517 3044 1572 inlirtnabuntur
3085 1518 3282 1589 lingua:
3322 1533 3415 1573 ec-

1832 1622 1972 1671 rum,
1999 1618 2045 1661 et
2077 1622 2253 1661 omnes
2281 1606 2369 1677 qui
2407 1606 2678 1674 videbant,
2714 1608 2765 1661 id
2800 1616 2881 1662 cst
2914 1607 3004 1677 qui
3037 1608 3294 1661 videbunt
3319 1623 3415 1662 eos

1832 1697 2167 1764 inlirmatos,
2203 1712 2310 1751 non
2350 1698 2525 1752 solum
2570 1698 2830 1753 exteriori
2865 1700 2957 1753 sed
2990 1709 3039 1753 et
3066 1699 3310 1752 interiori
3337 1700 3414 1751 vi-

1834 1792 2006 1859 sione,
2035 1808 2129 1849 sua
2161 1793 2368 1848 ratione
2408 1792 2703 1845 conturbati
2737 1801 2879 1855 sunt,
2908 1790 2961 1844 id
3011 1798 3091 1845 est
3119 1789 3417 1845 conturba-

1833 1884 2037 1938 buntur
2075 1886 2213 1940 bona
2259 1884 2699 1948 conturbatione,
2734 1882 2970 1937 timendo
3001 1895 3216 1952 poenam
3243 1923 3257 1947 ,
3290 1882 3415 1950 quia

1835 1975 1890 2030 in
1941 1985 2112 2031 morte
2158 1976 2275 2046 ejus
2321 1985 2714 2032 consenserunt
2753 1993 2765 2029 :
2806 1984 2852 2028 et
2889 1984 3003 2042 post
3044 1972 3419 2027 conturbatio-

1835 2084 1980 2135 nem,
2035 2070 2086 2123 id
2134 2079 2218 2125 est
2245 2079 2363 2139 post
2415 2069 2662 2123 timorem
2715 2067 2998 2129 servilem,
3030 2068 3203 2120 timuit
3251 2065 3418 2119 omnis

1834 2158 2009 2224 homo,
2043 2158 2095 2211 id
2119 2169 2203 2214 est
2253 2159 2519 2213 timebunt
2549 2174 2671 2213 cum
2703 2159 2895 2212 timore
2925 2168 3080 2213 casto
3109 2172 3298 2211 omnes
3344 2156 3417 2210 illi

1837 2250 2165 2317 conturbati,
2200 2250 2291 2320 qui
2336 2260 2497 2305 erunt
2534 2250 2804 2315 homines,
2843 2249 2894 2303 id
2937 2256 3021 2303 est
3071 2249 3278 2301 ratione
3311 2262 3417 2301 non

1837 2351 2107 2407 carentes,
2136 2342 2277 2396 sicut
2321 2341 2473 2396 multi
2506 2341 2596 2409 qui
2641 2338 3041 2394 irrationabiles
3089 2338 3417 2400 existentes,

1836 2446 2011 2502 neque
2038 2432 2506 2488 conturbabuntur
2533 2446 2707 2500 neque
2738 2430 3004 2484 timebunt
3032 2447 3045 2481 :
3083 2438 3128 2481 et
3161 2428 3351 2482 timent
3388 2443 3415 2482 s

1837 2522 1986 2592 facti,
2018 2524 2461 2578 anntmtiaeerunt
2506 2538 2660 2591 opera
2696 2520 2811 2585 Dei,
2836 2530 2882 2574 et
2916 2520 3055 2589 facta
3108 2518 3220 2583 eius
3272 2518 3424 2572 int.l-

1837 2615 2093 2680 (exerunt;
2125 2616 2226 2670 hoc
2249 2615 2328 2669 sic
2354 2620 2740 2685 prmpostcrate
2767 2611 2961 2679 legitur
2991 2628 3003 2663 :
3037 2610 3324 2678 Postquam
3355 2610 3421 2663 ti-

1838 2715 2048 2761 mentes
2077 2713 2253 2771 erum,
2294 2705 2344 2759 id
2366 2713 2449 2759 est
2474 2703 2778 2773 diligentes,
2810 2701 3109 2771 intelligent
3135 2700 3275 2754 facta
3302 2701 3417 2765 Dei,

1840 2799 1891 2854 id
1912 2811 2014 2866 est,
2031 2799 2324 2869 intelligent
2338 2807 2585 2860 mortem,
2601 2806 2656 2849 et
2679 2795 3149 2859 resurrectio..em,
3169 2803 3223 2847 et
3239 2806 3423 2847 asren-

1838 2891 2065 2955 sionem,
2090 2899 2146 2946 et
2174 2899 2367 2944 caetera
2406 2903 2571 2957 opera
2608 2901 2727 2941 mea
2750 2899 2872 2941 esse
2902 2884 3041 2939 facta
3066 2884 3419 2953 dispositione

1839 2982 2056 3051 pietatis
2101 2983 2217 3049 Dei,
2263 2996 2367 3035 non
2404 2995 2573 3046 casu;
2620 2987 2675 3034 et
2716 2978 3100 3049 intelligendo,
3133 2980 3421 3034 annuntia-

1842 3075 1973 3128 bnnt
2008 3075 2122 3145 ipsa
2152 3089 2314 3144 opera
2348 3073 2463 3129 Dei.

255 3126 268 3139 _
531 3126 580 3129 ἡ,
619 3126 693 3130 ,η
816 3126 1026 3149 παρ---
1061 3126 1489 3149 ηπηπψμμ,
1524 3126 1733 3138 wn--.

175 3170 224 3215 ut
257 3180 334 3218 me
380 3182 484 3236 per
536 3167 855 3237 discipulum
892 3187 1068 3227 memn
1120 3173 1357 3241 tradant,
1393 3190 1489 3245 per
1536 3177 1733 3231 milites

1916 3126 2052 3221 Dicd
2091 3126 2234 3236 qudd
2290 3167 2389 3237 ipsi
2443 3163 2956 3229 conturbabuntur;
3000 3164 3179 3233 justus
3242 3173 3414 3220 autem

176 3250 429 3312 llmnanos
464 3258 831 3328 interficiant,
869 3264 1091 3317 scrutati
1126 3274 1275 3331 sunt,
1309 3266 1360 3319 id
1392 3276 1476 3322 est
1517 3270 1739 3324 investi-

174 3345 353 3411 gabunt
402 3351 681 3418 quomodo
712 3354 922 3421 possint
960 3352 1210 3420 ellicere,
1248 3366 1302 3411 et
1344 3356 1583 3422 frustra,
1616 3374 1737 3412 nam

174 3448 447 3493 scrutantes
496 3442 612 3496 haec
649 3446 931 3511 scrutinio,
960 3446 1011 3499 id
1040 3454 1120 3500 est
1151 3462 1270 3501 cmn
1308 3463 1515 3503 summa
1542 3459 1594 3503 ct
1623 3450 1741 3504 dili-

176 3527 301 3591 genti
338 3533 708 3599 scrutatione,
758 3536 1089 3604 defecerunt,
1140 3539 1190 3593 id
1240 3550 1324 3594 est
1373 3542 1486 3595 lucc
1528 3541 1741 3598 cﬂicere

177 3618 482 3685 uequibunt,
512 3631 571 3674 ut
608 3623 834 3691 hujusce
880 3627 955 3681 rei
990 3643 1093 3681 non
1143 3642 1442 3699 appareant
1478 3646 1599 3687 esse
1640 3635 1735 3701 rei.

176 3702 287 3761 Dico
313 3712 461 3779 quod
494 3711 788 3782 disponent
843 3732 1038 3785 parare
1084 3720 1213 3773 mihi
1264 3720 1507 3790 laqueos,
1560 3726 1610 3777 id
1660 3735 1741 3781 est

178 3798 535 3856 absconditam
570 3816 818 3871 mortem,
851 3810 1003 3878 quasi
1036 3812 1366 3879 praesciendo
1398 3813 1585 3868 vellem
1618 3831 1738 3870 eam

175 3888 410 3962 cll‘ugere,
465 3898 559 3950 sed
598 3914 704 3952 non
754 3910 1029 3969 oporteret
1072 3904 1139 3957 ad
1192 3905 1294 3959 hoc
1337 3920 1431 3960 eos
1470 3906 1740 3965 laborare.

176 3979 289 4037 Nam
319 3988 384 4040 ad
419 3996 650 4043 mortem
706 4001 897 4061 sponte
942 3994 1144 4048 accedet
1178 3994 1363 4062 homo,
1399 3996 1448 4051 id
1480 4007 1583 4064 est,
1614 4016 1737 4069 ego,

175 4086 316 4140 quem
367 4079 674 4147 simplicem
738 4083 1013 4139 hominem
1081 4087 1414 4157 opinantur,
1481 4093 1739 4148 accedam

176 4177 345 4232 sponte
375 4170 448 4222 ad
480 4182 709 4226 mortem
743 4173 794 4227 in
826 4175 927 4230 hoc
959 4178 1099 4246 quod
1130 4179 1290 4234 homo
1328 4196 1477 4247 sum,
1506 4191 1561 4236 et
1601 4185 1741 4241 hanc

178 4263 525 4317 accessionem
559 4263 718 4320 faciet
747 4284 838 4320 cor
861 4268 1047 4334 altum,
1074 4270 1125 4325 id
1152 4281 1235 4325 est
1254 4272 1356 4326 alta
1374 4284 1427 4328 et
1446 4275 1739 4346 investiga—

176 4346 280 4404 bilis
293 4353 575 4421 dispositio
600 4356 879 4425 sapienti-.1:
904 4374 1054 4413 meae.
1072 4358 1353 4415 Summum
1377 4365 1519 4418 enim
1541 4373 1740 4435 myste-

1842 3257 2069 3328 qnisquc
2098 3258 2364 3311 lu'tabilur
2396 3258 2448 3310 in
2506 3255 2751 3317 Domino,
2795 3253 2846 3309 id
2895 3262 2998 3321 est,
3035 3255 3279 3325 discipuli
3310 3256 3417 3311 mei

1842 3348 1933 3418 qui
1958 3348 2086 3418 justi
2107 3360 2252 3413 smn,
2272 3348 2597 3401 notabuntur
2625 3344 3026 3400 inexaltatione
3052 3344 3262 3401 Domini
3289 3348 3414 3413 mei,

1842 3452 1886 3494 et
1927 3441 2151 3510 sperabit
2195 3440 2247 3495 in
2287 3455 2367 3502 eo,
2413 3436 2464 3490 id
2493 3444 2575 3491 est
2609 3449 2759 3505 Spem
2819 3434 3029 3489 firmam
3058 3444 3220 3504 ponet
3266 3436 3319 3490 in
3347 3452 3413 3492 eo

1844 3536 1932 3603 qui
1961 3544 2151 3603 potens
2170 3534 2270 3587 erit
2294 3546 2417 3586 eum
2444 3530 2497 3583 in
2528 3528 2710 3582 futuro
2742 3527 3075 3591 beatificare,
3105 3538 3160 3582 et
3190 3530 3280 3598 qui
3314 3546 3411 3600 po-

1846 3634 1963 3679 tens
1993 3626 2095 3679 erit
2118 3640 2175 3680 sc
2209 3633 2330 3694 post
2355 3623 2495 3677 diem
2521 3618 2738 3674 tertium
2771 3618 3055 3683 suscitare,
3085 3622 3229 3689 quod
3269 3622 3420 3689 prius

1846 3717 1913 3769 ad
1949 3716 2261 3784 ipsisjustis
2288 3714 2569 3784 discipulis
2597 3710 2917 3782 quibusdam
2956 3711 3307 3778 dubitabitur,
3352 3729 3421 3769 an

1844 3808 1914 3861 sit
1947 3806 2189 3862 videlicet
2228 3817 2419 3875 potens
2451 3801 2812 3860 resnseitandi
2858 3817 2942 3868 se,
2975 3802 3202 3874 ideoque
3228 3805 3277 3859 in
3308 3806 3359 3874 ip
3391 3821 3424 3860 ο

1849 3900 2092 3963 Domino,
2121 3901 2174 3954 in
2203 3915 2288 3955 me
2320 3900 2547 3961 scilicet,
2575 3915 2681 3954 non
2706 3900 2982 3953 audebunt
3030 3899 3261 3954 firmiter
3300 3915 3424 3969 spe~

1846 4007 1991 4046 rare.
2020 3991 2172 4046 [inde
2205 3990 2500 4045 dubitando
2528 3991 2729 4045 dixisse
2766 3990 3017 4061 leguntur
3052 4008 3065 4044 :
3102 4008 3121 4041 ι
3172 3990 3280 4045 t\'os
3328 4006 3423 4059 pu-

1847 4084 2090 4138 tabamus
2114 4084 2254 4154 quod
2275 4084 2361 4138 hic
2385 4083 2757 4153 redempturus
2778 4089 2923 4137 esset
2941 4081 3099 4136 Israel
3118 4081 3247 4150 (Luc
3264 4098 3417 4148 xxw,

1843 4176 1955 4245 21).
2001 4194 2018 4226 ι
2056 4174 2370 4244 Dieo,juste
2396 4173 2720 4228 laetabuntur
2750 4173 2802 4227 in
2830 4171 3159 4227 exaltatione
3208 4172 3419 4227 scilicet

1846 4268 2057 4324 Domini
2094 4270 2224 4333 mei,
2252 4279 2307 4323 et
2342 4270 2391 4324 in
2425 4269 2609 4324 futuro
2660 4267 3020 4321 laudabuntur
3076 4280 3249 4317 omnes
3295 4265 3422 4317 recti

1844 4361 2016 4425 corde,
2052 4360 2104 4414 id
2125 4370 2205 4413 est
2229 4359 2522 4413 laudabiles
2545 4358 2879 4428 apparebunt
2902 4354 3057 4422 justi,
3091 4355 3215 4407 recti
3236 4356 3415 4421 corde,

180 4440 296 4495 rium
328 4445 430 4499 hoc
462 4455 566 4510 est,
593 4462 761 4516 quare
787 4451 963 4518 potius
992 4452 1239 4508 homines
1263 4464 1437 4511 morte
1463 4472 1556 4511 sua
1592 4459 1738 4512 redi-
1774 4470 1817 4524 Ι)
1845 4467 1965 4505 cum
1993 4452 2213 4521 gloriosi
2243 4462 2295 4506 et
2323 4451 2685 4521 itnpassibiles
2713 4449 3029 4505 eﬂicientur.
3064 4449 3297 4505 Possunt
3320 4466 3416 4504 an-

180 4546 306 4588 mere
324 4537 514 4602 voluit,
531 4553 648 4591 cum
666 4541 880 4594 eosdem
899 4543 1272 4610 potentimsute
1287 4546 1512 4616 imperio
1529 4548 1741 4604 salvare

179 4629 389 4691 potuerit
409 4670 422 4691 ,
442 4630 583 4698 quod
605 4632 852 4700 equidem
884 4637 1209 4690 conveniens
1239 4636 1356 4703 fuit,
1374 4648 1428 4691 ut
1448 4655 1511 4693 eo
1537 4642 1743 4697 scilicet

180 4722 371 4774 mortali
401 4721 570 4787 facto,
598 4739 719 4778 cum
752 4740 781 4778 a
806 4726 1019 4780 diabolo
1040 4726 1098 4780 in
1128 4738 1299 4783 morte
1321 4744 1417 4785 sua
1453 4733 1741 4804 instigante

180 4808 354 4877 injuste.
400 4815 767 4885 invaderetur,
818 4820 956 4873 idem
986 4820 1232 4877 diabolus
1281 4823 1498 4877 humani
1527 4828 1741 4892 generis

178 4913 440 4969 potestate,
482 4925 640 4978 quam
667 4910 789 4981 jure
820 4902 1127 4978 obtinebat,
1156 4912 1302 4981 juste
1336 4917 1663 4984 privaretur.

240 4997 362 5052 Dico
390 5000 533 5068 quod
564 5000 723 5054 homo
762 5005 980 5056 accedet
1016 5004 1081 5057 ad
1115 5015 1365 5069 mortem,
1399 5018 1445 5059 et
1474 5008 1553 5061 sic
1592 5007 1739 5062 exal-

178 5088 356 5143 tabitur
381 5091 545 5156 Deus,
579 5093 629 5146 id
659 5103 761 5158 est,
802 5095 1083 5149 exaltabor
1124 5098 1454 5167 resurgendo
1493 5109 1545 5153 et
1578 5100 1741 5155 cmlos

179 5183 521 5247 ascendendo,
549 5194 601 5238 et
634 5191 760 5238 tunc
792 5186 1059 5254 apparebo
1099 5188 1260 5240 etiam
1300 5189 1474 5251 Deus,
1506 5189 1596 5256 qui
1633 5206 1740 5244 non

180 5271 348 5327 videor
381 5276 541 5329 homo
563 5292 761 5346 ptn'us:
794 5276 1015 5346 Oportet
1044 5279 1184 5331 enim
1218 5279 1325 5346 pati
1364 5281 1659 5348 Christum,
1688 5292 1743 5337 et

182 5360 241 5414 ita
267 5365 464 5421 intrare
494 5368 545 5422 in
574 5368 972 5439 gloriam(Luc.
998 5386 1146 5435 xxrv,
1176 5371 1290 5441 2(5);
1313 5381 1365 5424 et
1388 5388 1514 5427 vere
1537 5375 1741 5429 exalta-

180 5453 309 5510 bitur
356 5465 714 5533 resurgendo,
766 5478 889 5517 nam
938 5464 1107 5533 plaga:
1153 5481 1366 5530 eorum,
1422 5466 1619 5534 quibus
1655 5482 1741 5522 me

182 5546 361 5605 durent
381 5552 722 5620 ad'mortem,
750 5557 906 5624 facta:
930 5567 1047 5610 sunt
1073 5558 1278 5627 sagitlw
1301 5558 1662 5625 parvulorum,
1691 5560 1741 5613 id

181 5654 254 5697 est
295 5650 414 5700 lient
469 5650 861 5717 comparabiles
912 5649 1125 5718 sngittis
1177 5649 1564 5717 parvulorum,
1618 5652 1741 5719 quia

183 5737 305 5792 sicut
338 5741 430 5795 illa!
460 5759 583 5800 cum
617 5742 829 5811 fragiles
844 5742 973 5807 sint,
993 5742 1054 5797 dc
1075 5742 1215 5812 ligno
1235 5726 1319 5796 vel
1346 5742 1409 5797 de
1436 5744 1612 5815 aliqua
1635 5746 1742 5799 fra-

1847 4551 1954 4597 tem
1991 4543 2041 4596 hi
2078 4551 2189 4597 tres
2214 4558 2401 4598 versus
2430 4544 2496 4598 de
2522 4544 2779 4614 apostolis
2824 4544 2901 4597 sic
2938 4542 3065 4613 legi,
3101 4544 3263 4597 utsic
3292 4558 3421 4597 con-

1847 4637 2125 4691 tinuentur
2158 4651 2171 4688 :
2206 4636 2323 4689 Dixi
2351 4637 2492 4705 quod
2541 4637 2875 4691 abscondent
2924 4636 3147 4706 laqueOS
3171 4646 3224 4691 et
3249 4636 3421 4692 inten-

1845 4729 1971 4783 dent
2000 4744 2186 4782 arcum
2217 4729 2284 4782 ad
2308 4729 2671 4799 sagittandum
2699 4744 2805 4795 me,
2837 4738 2885 4783 et
2918 4744 3112 4795 omnes
3165 4729 3417 4800 discipuli

1845 4822 1948 4877 inci
1983 4822 2193 4875 ratione
2252 4831 2485 4888 utentes,
2520 4831 2577 4875 ut
2626 4823 2872 4877 homines
2902 4824 3169 4878 timebunt
3199 4838 3415 4893 poenam

1845 4914 2081 4984 ipsorum
2108 4912 2434 4977 Judzrormn,
2458 4930 2620 4983 quam
2651 4915 2908 4969 exczrcati
2939 4915 3130 4969 timere
3153 4915 3417 4982 nescient,

1846 5017 1895 5060 et
1928 5007 2167 5061 timendo
2198 5008 2598 5061 annuntiabnnt
2620 5008 2700 5063 eis
2723 5023 2886 5077 opera
2921 5008 3039 5073 Dei,
3091 5016 3152 5061 ut
3196 5022 3424 5061 conver-

1849 5106 2047 5159 tantur,
2084 5097 2132 5150 id
2161 5106 2243 5152 est
2267 5099 2660 5154 annuntiabttnt
2679 5117 2840 5169 opera
2869 5100 3059 5153 mortis
3087 5107 3143 5153 et
3176 5112 3419 5152 resurre-

1846 5189 2062 5251 ctionis,
2096 5198 2149 5242 et
2179 5189 2561 5243 miraculorum
2588 5206 2831 5246 meorum
2866 5189 3003 5243 facta
3035 5188 3204 5243 fuisse
3239 5189 3421 5257 dispo-

1846 5280 2042 5333 sitione
2071 5276 2261 5344 Deifet
2289 5281 2431 5349 facta
2463 5282 2577 5350 ejus
2602 5282 2990 5347 intellexerunt,
3015 5279 3068 5335 id
3091 5290 3175 5335 est
3225 5280 3423 5335 intelli-

1846 5384 1976 5441 gere
2024 5370 2227 5425 facient
2253 5371 2398 5441 ipsos
2425 5370 2640 5426 Judzeos
2666 5372 2928 5440 quosdam
2959 5374 3247 5428 satvandos
3273 5414 3288 5438 ,
3329 5373 3419 5443 qui

1847 5480 1989 5518 nunc
2023 5463 2320 5534 intelligere
2341 5465 2657 5535 negligant;
2693 5463 2885 5517 Justus
2918 5471 3097 5518 autem
3156 5464 3412 5518 [relabitur

1846 5560 1899 5611 in
1923 5557 2167 5621 Domino,
2186 5570 2232 5611 et
2251 5557 2475 5620 sperabit
2504 5558 2557 5608 in
2582 5572 2640 5609 eo
2663 5572 2681 5609 :
2708 5556 2809 5610 hoc
2832 5566 3013 5611 autem
3042 5555 3322 5627 pluraliter
3343 5557 3416 5611 le-

1847 5646 2077 5716 gendum
2123 5655 2205 5701 est
2229 5656 2283 5700 et
2329 5646 2704 5713 exponendum
2730 5688 2743 5709 ,
2777 5648 2907 5699 utin
2936 5648 3243 5716 supradicta
3293 5663 3387 5703 sen

1853 5741 2039 5807 tentia,
2072 5749 2123 5794 et
2148 5740 2228 5795 sic
2257 5738 2608 5795 continuatur
2640 5751 2653 5790 :
2680 5737 2809 5795 Dico
2841 5741 2985 5809 quod
3010 5739 3140 5811 justi
3165 5739 3254 5812 qui
3282 5741 3405 5798 vide
