3846 6334
460 308 565 363 933

1036 299 1091 356 S.
1134 295 1484 381 ιιιιιιδοδιιε
1532 293 2050 353 CARTHUSlANOl

2154 294 2180 347 il
2238 292 2725 351 INSTITUTORIS
2757 294 2911 353 OPP.
2946 295 3126 353 PARS
3152 295 3197 352 L

3619 301 3712 359 936

457 424 594 478 hum
616 432 710 473 eos
745 424 1069 481 excmcatos,
1093 415 1341 486 discipuli
1390 413 1496 468 mei
1530 412 1759 478 scilicet,
1811 416 2036 465 contur-
2070 417 2111 474 Α
2145 408 2327 465 tudine
2354 410 2677 478 postposita,
2723 409 3066 466 solummodo
3087 410 3426 469 solemnibus
3450 414 3716 475 etlestivis

459 510 757 572 habentur,
821 508 873 562 id
905 517 989 562 est
1042 506 1513 562 contristabuntur
1570 503 1638 557 de
1675 498 2042 557 excmcatione

429 610 667 668 'eorum,
695 600 786 669 qui
812 610 989 653 tamen
1024 598 1154 667 justi
1190 597 1524 652 laetabuntur
1580 595 1633 647 in
1680 592 1930 655 Domino,
1987 587 2041 644 id

458 702 543 747 est
564 691 617 746 in
647 690 974 745 exultatione
1004 688 1239 754 Domini,
1264 686 1472 749 scilicet
1505 684 1644 749 mei,
1668 692 1724 738 et
1747 681 2043 752 sperabunt

455 784 513 835 in
534 797 614 847 eo,
672 781 724 833 id
767 790 850 835 est
912 780 1122 834 ﬁrmam
1176 793 1324 848 spem
1364 777 1418 830 in
1450 790 1533 831 me
1567 774 1883 837 habebunt,
1917 772 2042 841 quia

457 880 649 941 potero
683 886 777 925 eos
811 872 861 924 in
899 870 1079 924 ﬁituro
1110 883 1481 931 renumerare,
1533 882 1655 921 cum
1705 876 1898 935 potens
1938 864 2040 918 sim

461 980 549 1018 me
579 964 924 1017 resuscitare.
958 962 1108 1017 Unde
1138 960 1288 1030 prius
1320 959 1743 1021 dubitaverunt,
1809 963 1866 1008 ut
1922 954 2039 1024 jam

462 1070 624 1125 supra
652 1056 905 1120 diximus,
938 1064 985 1107 et
1016 1054 1067 1107 in
1096 1052 1279 1107 futuro
1311 1050 1671 1104 laudabuntur
1702 1063 1878 1103 onmes
1917 1046 2044 1100 recti

462 1147 649 1201 corde:
676 1147 777 1201 hoc
798 1161 901 1200 non
934 1152 1193 1199 mutatur.

920 1277 987 1332 IN
1013 1274 1343 1332 PSALMUM
1391 1272 1576 1329 LXIV.

535 1417 746 1472 Titulus
820 1416 1143 1488 scxagesimi
1194 1415 1417 1484 quarti:
1448 1412 1513 1467 In
1567 1412 1745 1481 ﬁnem,
1797 1407 2045 1463 Psalmus

459 1508 654 1574 David,
686 1510 947 1563 canticum
976 1510 1221 1563 Jeremitv
1250 1516 1296 1561 et
1320 1507 1500 1576 Aggei,
1531 1506 1594 1558 de
1626 1504 1777 1558 verbo
1804 1502 2043 1573 peregri-

463 1601 715 1664 nationis,
744 1600 955 1670 quando
985 1599 1298 1663 incipiebant
1336 1596 1618 1666 proﬁcisci.
1660 1596 1713 1648 In
1748 1596 1852 1648 hoc
1892 1590 2047 1647 titulo

462 1696 682 1748 videtur
720 1695 866 1748 innui
923 1693 1195 1763 psalmum
1233 1693 1394 1746 istum
1441 1688 1597 1758 juxta
1635 1687 2043 1743 similitudinem

2142 500 2457 557 cmlestihus
2480 502 2691 572 gaudiis
2727 502 2922 557 intuitu
2954 515 3066 559 sua:
3106 506 3582 576 contemplationis
3620 510 3715 567 im.

2144 600 2441 647 morentur.

2214 681 2345 738 Dico
2365 685 2506 753 quod
2530 683 2632 740 iste
2659 684 2900 755 psalmus
2926 694 3010 741 est
3056 689 3319 742 canticum
3363 688 3639 757 Ieremia,
3673 704 3718 747 et

2143 775 2305 844 Aggei
2324 816 2341 842 ,
2375 790 2539 846 agens
2567 777 2631 831 de
2671 777 2819 831 rerbo
2848 780 3317 848 peregrinationis:
3341 782 3406 834 de
3428 784 3580 836 verba
3618 784 3716 839 sci-

2145 862 2302 930 licet,
2333 866 2384 920 id
2406 876 2487 921 est
2529 868 2593 921 de
2643 867 2970 935 cogitatione
2994 869 3120 923 Atla:
3150 880 3203 924 et
3235 870 3394 933 Eva,
3446 873 3537 941 qui
3581 875 3716 944 cogi-

2148 958 2310 1011 tando
2343 957 2395 1011 in
2444 958 2608 1012 corde
2639 959 2933 1012 dixerunt:
2972 976 2991 1011 ι
3029 958 3245 1014 Erimus
3290 961 3438 1016 sicut
3475 963 3547 1016 dii
3574 962 3717 1035 (Cen.

2147 1063 2205 1103 tn
2231 1089 2245 1111 ,
2277 1048 2365 1117 5),
2408 1067 2425 1101 ι
2465 1051 2508 1104 si
2534 1064 2751 1119 pomum
2783 1067 2812 1105 a
2863 1051 2981 1105 Deo
3021 1055 3246 1109 vetitum
3299 1055 3720 1123 comederimus;

2146 1140 2287 1209 quod
2319 1140 2541 1195 verbum
2564 1138 2665 1195 fuit
2692 1157 2856 1197 causa
2896 1146 3351 1216 peregrinaticnis
3386 1148 3552 1204 totius
3574 1163 3721 1219 gone

2147 1229 2223 1283 ris
2256 1230 2507 1292 humani.
2532 1240 2585 1285 et
2616 1232 2845 1300 duplicis
2869 1233 3088 1302 quidem
3116 1237 3597 1308 peregrinationis.
3635 1238 3720 1293 Pe»

2148 1324 2557 1390 regrinahamur
2577 1324 2721 1379 enim
2740 1339 2770 1379 a
2805 1325 3033 1380 Domino
3056 1337 3277 1397 propter
3308 1330 3537 1383 verbum
3569 1329 3716 1393 istud,

2118 1424 2123 1425 '
2148 1413 2273 1470 dum
2305 1414 2370 1467 ab
2398 1404 2516 1481 ejus
2542 1415 2645 1470 ﬁde
2675 1424 2727 1468 et
2755 1415 3211 1485 contemplatione
3233 1428 3287 1471 et
3319 1419 3580 1472 virtutum
3612 1436 3720 1490 per-

2148 1504 2413 1570 fectione,
2445 1516 2571 1562 ante
2595 1506 2796 1562 Christi
2825 1517 3075 1575 mortem,
3105 1525 3207 1579 qua
3232 1509 3503 1581 redempti
3529 1527 3718 1579 summ,

2148 1595 2536 1651 alienabamur.
2564 1597 2982 1668 Percgrinemur
3004 1598 3169 1653 etiam
3202 1614 3347 1654 nunc
3375 1609 3501 1667 post
3526 1602 3696 1656 rcdctn

2148 1688 2383 1757 ptiouem
2401 1728 2414 1753 ,
2448 1689 2574 1743 dum
2599 1689 2855 1744 mortales
2878 1699 2932 1744 et
2954 1689 3242 1759 passibiles
3269 1688 3418 1745 illius
3440 1689 3587 1744 verbi
3611 1706 3721 1761 gra-

432 1786 727 1844 ‘historim.
788 1786 855 1839 de
902 1785 1073 1839 reditu
1121 1780 1574 1853 peregrinationis
1623 1778 1931 1833 Judzeorum
1975 1776 2041 1832 de
2074 1771 2118 1826 Β
2149 1779 2217 1833 tia
2256 1780 2553 1835 existentes
2581 1796 2610 1835 a
2632 1779 2813 1834 divina
2845 1780 3131 1850 prmsentia
3159 1779 3481 1850 angelorum
3516 1796 3718 1837 Censor.

463 1877 754 1949 Bahylouia
802 1877 1158 1945 compositum
1191 1888 1311 1928 esse
1337 1892 1349 1926 :
1372 1888 1531 1943 quam
1558 1869 2044 1942 peregrinationem

462 1966 729 2022 Jeremias
756 1976 811 2022 et
836 1967 1050 2037 Aggeus
1073 1964 1265 2034 spiritu
1296 1963 1629 2033 prophetico,
1665 1972 1719 2015 et
1759 1960 1928 2030 ipsius
1954 1973 2047 2028 pe-

464 2059 848 2128 regrinationis
876 2058 1106 2112 reditum
1139 2056 1532 2126 praedixerunt;
1566 2053 1780 2123 Aggeus
1833 2064 2047 2120 quoque

465 2150 519 2203 in
553 2150 664 2218 ipsa
691 2147 1119 2218 peregrinatione
1141 2154 1195 2199 et
1225 2145 1396 2200 reditu
1426 2143 1544 2196 luit.
1563 2142 1853 2202 Cieterum,
1881 2154 1947 2192 an
1972 2153 2045 2193 ex

464 2238 626 2308 hujus
678 2238 914 2292 historiae
970 2234 1405 2291 consideratione
1442 2233 1729 2289 Psalmista
1780 2231 2045 2302 psalmum

464 2333 632 2386 istum
663 2330 926 2396 ediderit,
975 2329 1255 2383 dubitatur
1302 2325 1720 2381 :manislestum
1770 2323 1914 2377 enim
1963 2327 2049 2375 est

468 2424 627 2492 longe
654 2432 775 2492 post
798 2423 965 2493 ipsius
992 2430 1205 2491 tempus
1236 2419 1520 2474 historiam
1547 2418 1703 2472 istam
1733 2415 2041 2486 contigisse;

462 2515 717 2586 possibile
749 2522 927 2567 tamen
965 2512 1064 2566 luit
1088 2512 1252 2581 utqui
1274 2511 1442 2565 multa
1473 2509 1683 2580 Spiritu
1703 2518 1891 2562 sancto
1913 2521 2049 2576 pra:-

470 2608 707 2671 viderat,
735 2607 892 2660 istum
916 2620 1128 2675 quoque
1152 2601 1603 2674 peregrinationis
1624 2598 1787 2669 226
1819 2599 2048 2653 reditum

464 2701 826 2771 prcevidisset.
857 2714 952 2769 per
974 2712 1132 2767 quem
1157 2694 1608 2767 peregrinationis
1643 2682 1807 2746 totius
1829 2690 2049 2761 generis

467 2791 690 2848 humani
717 2791 921 2846 reditus
951 2790 1016 2843 ad
1042 2787 1341 2842 Jerusalem
1374 2786 1648 2841 coelestem
1687 2784 2050 2854 praesignaha-

468 2891 561 2936 tur
594 2899 606 2932 :
639 2890 695 2935 et
723 2882 825 2934 hac
858 2879 949 2934 tali
985 2878 1422 2934 consideratione
1455 2878 1521 2931 de
1553 2876 1655 2930 hoc
1687 2876 1850 2929 totius
1888 2888 2049 2944 gene-

469 2973 550 3027 ris
579 2973 798 3027 humani
827 2973 996 3026 reditu
1029 2972 1079 3024 in
1115 2972 1215 3026 hoc
1242 2970 1449 3039 psalmo
1474 2968 1692 3037 egisset.
1723 2966 1927 3020 Esdras
1954 2980 2047 3019 au-

472 3072 581 3115 tem
611 3062 813 3124 scriba,
842 3063 932 3131 qui
962 3060 1194 3114 Psalmis
1240 3059 1421 3112 titulos
1446 3058 1712 3111 asscritur
1739 3058 2045 3126 adoptasse,

2149 1868 2224 1924 tio
2247 1869 2553 1923 dividimur.
2615 1868 2689 1923 De
2734 1869 2838 1925 hoc
2870 1877 3050 1924 autem
3073 1869 3239 1924 verbo
3266 1869 3509 1924 breviter
3553 1869 3602 1922 in
3632 1868 3720 1923 lno

2147 1961 2357 2030 psalmo
2391 1962 2613 2031 agitur:
2658 1962 2748 2016 ubi
2777 1962 2939 2028 dicit,
2995 1960 3148 2014 verba
3185 1961 3490 2030 iniquorum
3536 1976 3717 2029 praise-

2147 2050 2355 2106 luerunt
2403 2069 2561 2120 super
2591 2070 2714 2119 nos,
2765 2062 2821 2108 et
2864 2053 3027 2110 etiam
3065 2054 3177 2124 agit
3234 2056 3335 2109 iste
3405 2055 3717 2124 psalmust'e

2147 2143 2282 2210 hoc,
2341 2145 2550 2213 quando
2591 2143 2901 2211 incipiebant
2952 2144 3245 2212 proﬁcisci,
3279 2143 3329 2198 id
3370 2153 3477 2210 est,
3522 2145 3716 2214 quando

2147 2244 2201 2290 ct
2223 2250 2319 2305 per
2355 2250 2517 2306 quem
2572 2236 2831 2306 incipient
2858 2235 3032 2289 redire
3075 2236 3139 2290 de
3171 2238 3638 2307 peregrinatione,
3669 2245 3717 2288 et

2150 2326 2203 2382 in
2245 2328 2477 2395 patriam
2501 2326 2805 2397 proﬁcisci,
2856 2342 2978 2381 cum
3014 2315 3177 2381 dicit:
3204 2327 3405 2381 Beatus
3445 2344 3590 2395 quem
3627 2327 3717 2380 etc.

2149 2422 2291 2491 gisti,
2351 2431 2400 2476 et
2450 2429 2641 2475 caetera
2693 2435 2862 2489 usque
2902 2420 2953 2474 in
2998 2420 3155 2474 ﬁnem
3188 2420 3407 2490 psalmi.
3451 2419 3596 2487 Quod
3643 2427 3718 2472 est

2126 2510 2331 2566 dicere
2362 2527 2376 2564 :
2408 2511 2482 2565 De
2509 2510 2706 2580 duplici
2732 2511 2904 2565 reditu
2936 2510 3094 2578 hujus
3135 2511 3591 2581 peregr’nutionis
3622 2508 3717 2563 dt;-

2149 2602 2303 2671 plicis
2331 2601 2470 2672 agit,
2509 2610 2565 2655 et
2591 2600 2808 2667 quando
2836 2610 2889 2657 et
2918 2616 3014 2671 per
3036 2617 3197 2671 quem
3246 2610 3479 2670 uterque
3530 2599 3715 2654 reditus

2151 2693 2392 2762 incipiet.
2452 2695 2517 2747 Et
2569 2692 2850 2748 sciendum
2897 2694 3041 2763 quod
3091 2692 3297 2748 reditus
3365 2701 3589 2762 uterque
3636 2704 3717 2761 per

2149 2783 2424 2840 Christum
2453 2802 2467 2838 :
2510 2801 2646 2839 unus
2680 2785 2899 2855 quidem
2927 2798 3094 2854 usque
3126 2785 3177 2838 in
3224 2787 3391 2840 ﬁnem
3423 2785 3600 2838 inundi
3628 2783 3714 2837 (ιι-

2151 2886 2408 2945 raturus,
2440 2877 2495 2931 in
2534 2886 2779 2947 tempore
2823 2878 3038 2947 incipit;
3082 2878 3299 2948 quando
3345 2893 3519 2949 genus
3546 2876 3715 2931 buma-

2150 2984 2310 3034 num,
2342 2969 2483 3038 quod
2501 2979 2659 3025 antea
2686 2978 3031 3038 peccatorum
3060 2985 3281 3024 suorum
3309 2979 3365 3025 et
3395 2969 3714 3040 origin:.l;um

2151 3071 2205 3117 et
2226 3061 2515 3116 aetualium
2555 3062 2694 3117 mole
2742 3062 2980 3116 maxima
3019 3072 3300 3132 gravatum
3332 3073 3485 3127 erat,
3523 3077 3716 3117 eorum-

473 3153 566 3223 (ιιιί
596 3162 713 3223 post
746 3122 1087 3223 Bahvlonicm
1127 3149 1584 3220 peregrinationis
1635 3148 1870 3203 reditum
1924 3147 2049 3212 fuit,
2079 3122 2120 3179 Ο
2152 3152 2275 3206 dem
2316 3163 2661 3222 peccatorum
2711 3168 2808 3223 per
2863 3122 3066 3207 Chriin
3124 3162 3355 3208 mortem
3411 3122 3714 3224 indulgentia

467 3244 520 3297 vi
545 3244 728 3297 lensin
755 3242 958 3312 Spiritu
1014 3251 1201 3295 sancto
1248 3240 1405 3307 hujus
1444 3239 1686 3293 historim
1733 3237 2048 3293 similitudi-

472 3350 595 3387 nem
624 3334 689 3388 ad
716 3334 998 3403 priescntis
1021 3332 1211 3401 psalmi
1247 3331 1519 3400 negotium
1579 3345 1739 3398 posse
1787 3328 2047 3394 attinere,

469 3429 624 3497 juxta
676 3428 961 3480 historiam
1010 3424 1223 3478 titulum
1255 3422 1552 3491 adaptatit.
1586 3421 1687 3487 Qui
1721 3421 1800 3475 sic
1829 3420 2051 3489 exponi-

476 3526 564 3568 tur
601 3533 612 3568 :
652 3514 897 3568 Psalnms
927 3514 1026 3567 iste
1055 3523 1136 3566 cst
1172 3511 1337 3564 David
1391 3512 1667 3580 propheta:
1713 3511 2053 3579 respicientis

474 3606 528 3658 in
553 3605 708 3672 ﬁnem
740 3605 947 3667 mundi,
980 3602 1195 3672 quando
1225 3602 1290 3656 ad
1333 3603 1610 3657 cmlestem
1652 3602 1883 3671 patriam
1935 3617 2053 3655 om-

476 3698 624 3751 nium
651 3696 887 3750 lidclium
912 3698 1117 3750 reditus
1142 3695 1245 3750 erit
1265 3735 1279 3761 ,
1309 3693 1392 3749 vel
1428 3694 1765 3763 respicientis
1795 3695 1849 3747 in
1873 3693 2047 3762 ﬁnem,

474 3790 527 3843 id
556 3798 638 3844 est
663 3790 713 3844 in
742 3788 1030 3858 perlectam
1055 3798 1108 3843 et
1138 3796 1569 3842 consummatam
1626 3786 2050 3849 beatitudinem,

476 3881 530 3934 in
566 3897 671 3950 qua
709 3880 892 3936 ﬁdeles
915 3882 979 3936 ad
1014 3882 1239 3951 patriam
1270 3880 1546 3935 caelestem
1574 3880 1641 3935 de
1667 3880 1770 3934 hac
1804 3879 2054 3934 miseria-

475 3990 597 4029 rum
626 3975 870 4030 convnlle
909 3974 1110 4030 reversi
1145 3975 1537 4035 restituentur;
1568 3973 1649 4026 vel
1698 3975 1751 4025 in
1789 3973 1965 4040 ﬁnem,
2000 3970 2052 4026 id

472 4065 641 4120 estin
696 4065 855 4119 ﬁnem
904 4064 1244 4127 saeculorum,
1276 4063 1328 4116 iu
1351 4071 1556 4117 sextam
1587 4071 1800 4117 artatem
1849 4062 2054 4116 scilicet

478 4173 600 4226 qum
636 4157 703 4210 ab
744 4156 1002 4226 Apostolo
1058 4155 1180 4210 ﬁnis
1239 4154 1557 4210 stcculorum
1607 4154 1807 4208 dicitur
1850 4152 1898 4223 (l
1929 4150 2051 4206 Cor.

479 4251 683 4321 LM):
723 4252 774 4304 in
812 4266 916 4321 qua
964 4250 1202 4320 gentium
1228 4247 1502 4319 plenitudo
1524 4247 1588 4301 de
1614 4246 1930 4302 inﬁdelitate
1957 4260 2054 4300 sua

476 4344 546 4394 ad
577 4341 667 4396 Dei
687 4342 933 4397 notitiam
966 4350 1021 4397 et
1047 4341 1249 4396 cultum
1269 4355 1551 4397 reversuro
1575 4338 1774 4404 est,vel
1797 4339 1849 4393 in
1871 4339 2051 4408 ﬁnem,

2129 3255 2437 3317 percepta,
2472 3247 2538 3301 ad
2570 3246 2727 3327 ﬁdem
2768 3246 2894 3311 Dei,
2924 3257 2979 3300 et
3005 3246 3522 3316 contemplationem
3548 3255 3598 3301 et
3620 3246 3714 3296 vir-

2157 3348 2328 3393 tutum
2358 3338 2740 3408 perfectionem
2772 3355 2931 3410 quam
2970 3353 3068 3407 per
3120 3339 3490 3408 supradictum
3520 3338 3619 3391 veri
3639 3351 3713 3389 um

2156 3432 2443 3495 amiserat,
2498 3432 2673 3485 redire
2720 3431 2885 3501 cmpit
2933 3445 3099 3500 usque
3139 3432 3189 3483 in
3245 3430 3412 3484 ﬁuezn
3468 3429 3714 3484 mtm‘itie

2155 3522 2503 3593 generatione
2533 3523 2583 3576 in
2612 3522 3014 3591 generationem
3047 3536 3262 3592 semper
3285 3523 3600 3575 l'cdillll‘ltlll.
3635 3517 3714 3572 Se-

2155 3613 2357 3667 cundus
2400 3624 2579 3667 autem
2640 3613 2691 3666 in
2748 3612 2833 3670 die
2879 3612 3067 3683 judicii
3128 3612 3348 3681 incipiet
3400 3622 3454 3665 ct
3497 3612 3712 3680 perlice-

2157 3709 2247 3755 tur
2320 3716 2416 3770 per
2474 3702 2712 3770 ejusdem
2781 3702 2971 3757 mortis
3025 3702 3226 3757 Christi
3291 3702 3710 3771 redemptionem,

2154 3792 2373 3861 quando
2429 3794 2606 3846 omnis
2639 3792 2842 3862 peccati
2891 3804 3071 3861 pt‘ena,
3145 3793 3195 3846 id
3247 3802 3353 3857 est,
3410 3791 3711 3847 mortalitate

2155 3894 2211 3937 et
2259 3883 2614 3953 p::ssil.iiitate
2642 3894 2698 3939 et
2723 3887 2867 3939 omni
2901 3883 3309 3953 imperfectione
3348 3886 3402 3939 in
3464 3884 3608 3939 nobis
3634 3880 3711 3935 ab-

2157 3980 2391 4041 sumpta,
2440 3973 2777 4028 immortales
2821 3983 2878 4028 ct
2909 3975 3264 4043 impassibiles
3294 3975 3495 4039 erfecti,
3534 3984 3708 4041 etper-

2156 4063 2354 4118 l'eclam
2390 4065 2482 4120 Dei
2510 4076 2755 4119 maturam
2793 4066 3075 4133 habentes,
3122 4067 3186 4121 ad
3218 4078 3477 4123 atteruam
3509 4069 3707 4137 patriam

2158 4154 2469 4223 redibituus,
2502 4156 2571 4210 ibi
2598 4156 2830 4212 feliciter
2853 4158 2969 4212 sine
3009 4157 3116 4213 ﬁne
3162 4161 3427 4214 mansuri.
3458 4158 3530 4213 De
3559 4159 3708 4227 prium

2156 4258 2287 4299 Vero
2316 4247 2485 4300 relitu
2512 4247 2621 4317 agit
2650 4246 3042 4318 Propheta,qui
3062 4250 3113 4302 in
3140 4250 3239 4303 hoc
3252 4248 3461 4320 psalmo
3484 4250 3592 4318 loqu
3617 4258 3706 4308 tar,

2158 4334 2225 4389 ab
2259 4349 2323 4389 eo
2352 4334 2470 4391 loco
2502 4337 2590 4391 ubi
2623 4336 2858 4391 dicitur:
2892 4338 3084 4392 Beatus
3106 4355 3258 4408 quem
3286 4338 3510 4408 elegisti,
3562 4348 3707 4404 usque

478 4432 647 4486 id’est
677 4432 728 4486 in
758 4430 1031 4488 Christum
1069 4448 1166 4503 per
1214 4446 1373 4502 quem
1413 4430 1479 4485 ad
1510 4431 1741 4501 patriam
1793 4430 2050 4484 redeundi
2091 4470 2134 4526 Β
2160 4428 2225 4480 ad
2257 4427 2404 4481 illum
2432 4428 2607 4482 locum
2639 4428 2727 4483 ubi
2758 4430 2987 4484 habetur
3020 4447 3033 4483 ε
3062 4428 3344 4484 Benedices
3369 4447 3387 4495 ;
3415 4440 3470 4485 et
3504 4427 3708 4483 ostendi

480 4522 710 4577 facultas
778 4523 933 4578 nobis
990 4524 1305 4579 conceditur
1360 4532 1468 4578 :et
1505 4530 1590 4578 est
1624 4523 1740 4593 ipse
1793 4521 2055 4592 psalmus,

475 4616 739 4667 canticum
770 4614 1015 4669 Jeremia:
1047 4626 1093 4669 et
1131 4616 1313 4686 Aggei,
1344 4615 1395 4668 id
1433 4623 1516 4670 est
1573 4613 1861 4669 delectatio
1887 4622 1943 4668 et
1972 4612 2061 4684 ju-

481 4704 734 4758 cunditas
791 4707 1027 4760 maxima
1055 4708 1297 4761 omnium
1329 4706 1566 4760 ﬁdelium
1622 4705 1763 4760 bene
1792 4705 2057 4767 vivendo,

478 4799 912 4869 eXSpcctantium
942 4809 1155 4855 aeternae
1177 4802 1299 4856 vitae
1332 4801 1589 4866 reditum,
1613 4815 1774 4870 quem
1819 4798 2057 4853 futurum

481 4906 604 4945 esse
629 4890 945 4960 praevident,
970 4905 1127 4958 quem
1142 4894 1303 4947 etiam
1320 4894 1649 4963 quandoque
1677 4903 2055 4962 assequentur.

480 4980 582 5048 Qui
618 4980 870 5034 nimirum
904 4980 1089 5035 ﬁdeles
1121 4998 1216 5052 per
1244 4982 1537 5038 Jeremiam
1565 4993 1621 5039 et
1657 4984 1895 5053 Aggeum
1923 4999 2058 5039 con-

482 5075 763 5129 venienter
829 5074 1187 5144 accipiuntur.
1262 5075 1527 5131 Jeremias
1570 5076 1767 5147 quippe
1827 5077 2060 5131 excelsus

404 5184 411 5187 ‘
481 5166 692 5221 Domini
740 5167 1139 5238 interpretatur
1185 5185 1198 5221 :
1249 5167 1463 5238 Aggens
1511 5183 1640 5222 vero
1684 5168 1900 5237 festivus
1947 5169 2063 5225 sive

478 5258 763 5324 solemnis;
788 5259 974 5315 ﬁdeles
1002 5268 1182 5315 autem
1230 5258 1343 5327 jam
1392 5262 1444 5315 in
1476 5244 1695 5314 Domini
1731 5263 2064 5332 contempla-

483 5350 629 5406 tione
657 5352 888 5418 excelsi,
912 5368 1144 5423 quorum
1184 5370 1205 5404 ι
1242 5356 1606 5422 conversatio,
1638 5364 1699 5409 ut
1722 5356 1798 5410 ait
1833 5357 2064 5426 Aposto-

483 5440 590 5507 lus,
624 5442 675 5496 in
700 5443 851 5499 cmlis
873 5454 958 5499 est
983 5442 1240 5515 (Philipp.
1266 5460 1352 5508 ιιι,
1382 5444 1499 5515 20),
1541 5463 1560 5497 ι
1618 5446 1813 5502 merito
1860 5446 2061 5501 excelsi

482 5531 695 5587 Domini
720 5534 993 5597 dicuntur,
1026 5552 1076 5588 In
1107 5535 1442 5606 perfectione
1461 5536 1722 5590 virtutum
1750 5534 1862 5605 jam
1886 5551 1915 5591 a
1955 5536 2064 5592 Do-

484 5624 634 5678 mino
660 5625 955 5681 sublimati.
981 5626 1125 5681 Bene
1156 5628 1319 5683 etiam
1362 5614 1635 5684 solemnes
1684 5637 2066 5700 nuncupantur

485 5724 545 5770 et
580 5716 778 5787 lestivi,
802 5734 945 5788 cum,
978 5718 1135 5776 omni
1156 5722 1535 5791 temporalium
1565 5722 1828 5780 bonorum
1864 5721 2066 5779 sollici-

2161 4533 2258 4589 pcr
2303 4535 2462 4588 quem
2498 4531 2552 4574 et
2576 4521 2772 4590 quibus
2814 4522 3075 4577 ministris
3104 4532 3157 4577 et
3183 4524 3450 4590 quomodo
3505 4526 3605 4575 lict.
3643 4517 3706 4571 De

2161 4613 2401 4666 secundo
2431 4622 2609 4666 autem
2639 4614 2749 4683 egit
2803 4614 2891 4668 ubi
2923 4615 3088 4669 dicit:
3121 4614 3433 4677 Benettices,
3464 4626 3516 4668 et
3539 4622 3702 4666 ca‘tera

2164 4707 2401 4775 usquein
2428 4706 2587 4762 ﬁnem
2616 4707 2829 4778 psalmi.
2871 4710 3033 4779 227
3064 4708 3194 4765 Orat
3220 4711 3382 4765 etiam
3413 4718 3469 4763 ut
3497 4708 3634 4762 Eccle
3662 4704 3702 4757 is

2161 4813 2227 4852 ex
2260 4799 2403 4852 omni
2432 4800 2627 4869 pepulo
2656 4800 3035 4867 constituatur,
3085 4815 3205 4870 quae
3242 4799 3321 4855 sic
3364 4800 3472 4855 redi
3502 4814 3587 4853 ura
3620 4806 3706 4850 est.

2164 4889 2293 4945 Orat
2320 4900 2498 4945 autem
2528 4901 2581 4946 ct
2611 4908 2707 4960 pro
2743 4893 2940 4957 reditu,
2965 4900 3021 4945 ut
3052 4892 3164 4957 ﬁat,
3188 4907 3311 4946 cum
3341 4893 3497 4946 dicit:
3525 4886 3705 4942 Exaudi

2164 4998 2279 5049 nos,
2313 4982 2472 5049 Deus,
2529 4993 2583 5037 et
2610 4999 2668 5038 se
2696 4985 2855 5037 etiam
2904 4983 3153 5038 Ecclesia:
3204 4984 3445 5038 ﬁdelibus
3495 4977 3706 5048 adjurgit

2164 5090 2286 5129 cum
2313 5076 2443 5129 dicit
2477 5072 2729 5129 :Exaudi
2754 5092 2867 5140 nos,
2906 5075 3033 5129 licet
3060 5075 3235 5131 adhuc
3262 5075 3369 5131 illis
3399 5076 3583 5129 futuris
3618 5089 3628 5123 :
3659 5079 3703 5123 ct

2166 5168 2382 5235 merito,
2416 5184 2539 5223 cum
2590 5167 2841 5237 ipsejam
2892 5178 2945 5222 et
2988 5169 3030 5221 si
3062 5180 3186 5223 ante
3225 5169 3582 5239 teinporalitcr
3608 5166 3702 5217 txi-

2166 5271 2315 5317 steus
2337 5301 2351 5325 ,
2388 5260 2865 5315 Ecclesim‘tamcn
2908 5261 3208 5316 membrum
3243 5263 3348 5316 lille
3373 5269 3545 5315 esset:
3585 5257 3702 5308 hunc

2166 5354 2346 5422 itaque
2376 5362 2660 5407 tractatum
2692 5344 2757 5405 ad
2789 5352 3072 5407 utilitatem
3096 5355 3334 5408 omnium
3388 5362 3439 5407 et
3474 5352 3571 5419 jam
3598 5363 3702 5401 cutt-

2168 5458 2469 5509 versorum,
2499 5452 2555 5498 et
2587 5443 2764 5498 adhuc
2785 5428 3274 5499 convertendorum
3308 5442 3453 5506 facit,
3504 5446 3556 5491 ut
3588 5449 3700 5489 coa-

2167 5553 2353 5594 versos
2374 5538 2581 5593 scilicet
2606 5578 2623 5604 ,
2653 5538 2743 5607 qui
2762 5538 2871 5608 jam
2898 5537 3129 5607 primum
3166 5538 3391 5592 reditum
3415 5533 3697 5599 attigrruut.

2166 5630 2234 5686 ad
2256 5631 2549 5686 secundum
2589 5630 2819 5685 reditum
2857 5630 3029 5700 magis
3071 5638 3127 5685 et
3162 5629 3331 5700 magis
3355 5627 3561 5683 invitet;
3591 5635 3696 5671 ροη-

2165 5724 2458 5781 vertendos
2496 5732 2673 5779 autem
2724 5722 2815 5785 ,ad
2883 5731 3174 5793 utrumque
3222 5721 3447 5779 reditum
3500 5711 3695 5771 eliciat,
