3846 6334
62 394 148 469 957

1008 382 1366 439 EXPOSITIO
1397 381 1460 435 IN
1490 379 1825 435 PSALMOS.
1859 405 1924 418 --
1948 377 2141 433 PSAL.
2184 376 2364 431 LXlV.

3189 380 3287 434 9338

63 512 374 563 comantem
430 509 550 556 orat
600 500 667 554 de
723 499 828 553 hoc
865 499 1058 565 reditu,
1090 500 1181 552 dat
1218 497 1374 552 nobis
1418 492 1606 550 orandi
1639 504 1685 557 Α
1723 490 1929 559 pollens
1958 500 2041 546 est
2071 506 2134 544 ac
2164 491 2206 544 si
2242 490 2444 544 diceret
2475 504 2487 541 :
2533 491 2611 543 Ad
2654 492 2755 545 hoc
2804 491 3189 560 prwvaluerunt
3230 506 3290 547 nt

62 596 368 665 exemplum.

123 689 184 741 Te
204 688 346 740 decet
371 689 611 755 hymnus,
642 685 801 752 Deus,
839 684 893 737 in
925 681 1074 749 Sion,
1099 682 1155 738 id
1181 692 1262 737 est
1289 682 1341 737 in
1371 679 1614 736 Ecclesia
1666 756 1667 759 η

64 795 164 847 qua:
183 776 310 831 Sion
343 776 447 830 erit
474 776 690 845 specula
723 784 955 840 terrena,
1006 774 1112 828 erit
1157 772 1400 845 hymnus,
1434 772 1485 826 id
1531 780 1615 826 est

65 871 159 923 laus
190 867 329 931 talis,
348 883 465 936 quae
494 877 565 930 te,
595 867 738 922 Deus
764 866 1022 932 Verbum,
1054 866 1230 931 decet,
1264 866 1316 921 id
1346 877 1429 920 est
1456 866 1615 919 dece-

64 960 143 1013 bit.
199 959 353 1026 Quod
401 968 485 1014 est
537 960 718 1014 dicere
760 976 773 1012 :
823 958 1067 1013 Ecclesia
1100 974 1128 1012 a
1158 967 1211 1013 te
1236 956 1613 1012 constituenda

63 1052 273 1107 laudabit
300 1063 353 1109 te
382 1053 593 1107 decenti
624 1052 801 1118 laude,
842 1052 1049 1107 scilicet
1093 1052 1221 1113 ﬁde,
1271 1064 1422 1117 voce,
1452 1064 1615 1119 opere

63 1156 107 1199 et
131 1145 427 1207 devotione.
460 1143 612 1211 Quod
645 1145 929 1216 Synagoga
988 1162 1093 1199 non
1124 1144 1283 1211 facit,
1337 1146 1464 1199 dum
1496 1160 1615 1198 car-

64 1236 247 1291 nalibus
280 1238 755 1292 observationibus
809 1237 931 1307 plus
986 1237 1152 1291 nimio
1198 1238 1518 1290 itmnoratur
1560 1244 1617 1290 ct

65 1328 271 1392 conlidit,
296 1330 413 1383 etin
444 1328 741 1383 Jerusalem
779 1328 1267 1391 cmlesti,reddetur
1295 1327 1387 1379 tibi
1418 1337 1611 1390 uotum,

67 1418 106 1471 id
128 1428 200 1472 est
227 1417 570 1487 persolvetur
619 1419 715 1473 tibi
764 1416 1005 1488 perfecta
1043 1417 1160 1472 laus
1215 1417 1360 1470 omni
1392 1426 1515 1471 voto
1558 1424 1612 1469 et

66 1510 184 1563 omni
214 1510 485 1564 desiderio
513 1510 582 1564 ab
605 1509 792 1565 eadem
822 1508 975 1574 Sion,
1028 1508 1246 1578 quando
1276 1508 1388 1577 ipsa
1420 1507 1487 1562 ad
1525 1506 1614 1561 Je-

68 1603 263 1658 rusalem
294 1619 540 1670 reversa,
570 1603 637 1657 de
665 1619 767 1673 qua
794 1618 894 1673 per
918 1603 1089 1656 Adam
1119 1602 1340 1667 cecidit,
1372 1602 1488 1657 sine
1512 1599 1617 1654 ﬁne

67 1693 451 1749 beatiﬁcabitur.
478 1695 722 1750 Reddere
752 1704 934 1749 votum
966 1711 996 1749 a
1047 1694 1402 1749 similitudine
1456 1695 1615 1763 poni-

68 1795 159 1849 tur;
188 1788 318 1841 sicut
340 1788 491 1842 enim
527 1787 751 1842 reddere
779 1796 962 1842 votum
989 1788 1507 1859 perfectiusbonum
1534 1796 1619 1843 est
1651 1817 1673 1859 _°

1717 591 1901 636 essent
1928 597 2085 650 super
2126 596 2242 643 nos,
2273 580 2324 633 id
2353 588 2435 632 est
2463 578 2832 647 opprimerent
2873 594 2990 644 nos,
3015 595 3045 634 a
3092 581 3286 635 simili-

1724 673 1906 725 tudine
1936 672 2036 737 rei,
2099 686 2218 740 quae
2247 671 2313 725 ab
2343 670 2523 738 aliquo
2553 670 2702 738 gravi
2764 671 2999 740 pondere
3041 687 3288 741 superca-

1719 757 1871 811 dcnti
1902 758 2253 812 vehementer
2277 757 2619 826 opprimitur.
2666 756 2917 811 Ostendit
2975 767 3155 812 autem
3191 774 3290 828 per

1716 865 1875 920 quem
1908 850 2313 921 proliitiabitur,
2348 851 2427 905 sic
2457 868 2469 904 :
2506 851 2570 904 Et
2620 851 2723 905 hoc
2751 850 2918 907 facies
2947 865 3045 919 per
3088 866 3282 920 quem-

1717 945 1841 999 dam
1872 947 2092 1001 omnino
2129 949 2359 1012 beatum,
2390 947 2674 1002 Dominum
2704 946 2889 1003 Jesum
2920 948 3152 1013 scilicet,
3200 951 3292 1017 qui

1717 1036 1975 1094 immunis
2003 1056 2032 1093 a
2060 1049 2286 1109 peccato
2316 1038 2535 1095 futurus
2569 1051 2674 1108 est,
2697 1044 2849 1110 quem
2876 1052 2931 1095 tu
2958 1041 3113 1111 eliges
3127 1042 3293 1112 223

1716 1144 1783 1183 ex
1822 1130 2074 1185 omnibus
2127 1129 2438 1185 hominibus
2498 1146 2609 1201 pra:
2644 1132 2858 1187 caneris
2895 1132 3143 1187 ﬁdelibus
3208 1133 3292 1186 di-

1718 1235 1881 1290 guunt
1921 1229 1976 1275 et
2012 1222 2309 1291 egregium.
2370 1222 2530 1276 Juxta
2556 1224 2713 1297 quod
2770 1224 2822 1276 in
2852 1224 3089 1278 Canticis
3117 1225 3183 1278 de
3228 1239 3291 1277 co

1718 1328 1913 1382 sponsa
1952 1313 2190 1368 Ecclesia
2220 1314 2351 1368 dicit
2383 1329 2396 1367 :
2436 1332 2452 1365 ι
2499 1314 2740 1369 Dilectus
2772 1329 2922 1369 meus
2943 1314 3203 1369 candidus
3238 1326 3293 1368 et

1719 1404 2053 1458 rubicundus
2082 1419 2147 1459 ex
2180 1403 2417 1459 millibus
2460 1405 2687 1459 electus.
2718 1401 2895 1473 (Cant.
2926 1420 2977 1467 v,
3034 1403 3145 1473 10).
3180 1423 3198 1455 ι
3229 1404 3296 1457 Ει

1718 1510 1949 1548 assumes
1972 1511 2109 1559 eum,
2130 1493 2181 1547 id
2200 1505 2282 1548 est
2303 1494 2394 1547 tibi
2414 1495 2768 1564 personaliter
2784 1494 2957 1561 unies,
2975 1493 3127 1563 juxta
3152 1494 3295 1563 quod

1719 1595 1775 1640 et
1805 1586 2137 1640 Athanasius
2167 1595 2396 1641 testatur
2429 1603 2443 1652 ;
2483 1605 2500 1636 ‹
2539 1588 2678 1643 Deus
2708 1596 2763 1643 et
2804 1588 2965 1641 homo
3020 1602 3158 1639 unus
3211 1595 3296 1639 est

1718 1676 1969 1730 Christus
2008 1674 2286 1747 (At/urnas.
2345 1677 2399 1729 in
2454 1674 2744 1746 Symbolo).
2777 1697 2793 1728 ι
2856 1678 2923 1731 Ει
2971 1676 3059 1733 ille
3105 1678 3298 1732 beatus

1718 1767 2029 1819 inltabitabit
2079 1767 2133 1821 in
2156 1767 2305 1821 atriis
2336 1768 2461 1833 tuis,
2488 1766 2541 1820 id
2574 1776 2657 1821 est
2697 1768 2749 1821 in
2792 1767 3145 1833 amplitudine
3167 1768 3299 1821 dile-

70 1895 194 1945 quam
217 1896 433 1945 vovere,
493 1896 617 1935 cum
666 1888 957 1952 utrumque
989 1855 1082 1935 ’δη
1135 1881 1364 1947 bonum;
1400 1882 1473 1935 ita
1500 1881 1616 1936 laus
1650 1855 1692 1909 Β
1720 1861 1914 1952 ctionis
1944 1870 2067 1926 ture,
2106 1870 2161 1915 et
2188 1863 2340 1916 bona:
2362 1860 2721 1931 Operationis.
2745 1859 2903 1926 Quod
2950 1868 3034 1914 est
3066 1860 3247 1915 dicere
3280 1876 3293 1913 :

72 1970 136 2022 illa
162 1988 269 2041 qua:
307 1974 360 2027 in
402 1972 711 2029 Jerusalem
766 1975 976 2031 ccelesti
1016 1975 1354 2045 persolvetur
1383 1990 1411 2028 a
1444 1974 1617 2029 ﬁdeli-

72 2061 162 2123 bus.
179 2062 461 2132 perfectior
487 2066 589 2119 erit
613 2065 768 2120 laude
796 2067 916 2130 hac,
944 2082 1062 2135 qme
1094 2067 1145 2119 in
1172 2067 1420 2135 praesenti
1449 2082 1617 2122 sarcu-

73 2153 112 2208 lo
132 2156 195 2219 ﬁt,
219 2155 340 2221 ﬁde,
367 2172 529 2221 voce,
553 2171 717 2228 opere
745 2168 798 2213 et
832 2159 1136 2213 devotione.
1171 2158 1320 2212 Licet
1357 2160 1473 2213 haec
1501 2159 1617 2215 laus

74 2256 222 2300 sancta
245 2248 313 2301 sit
340 2259 395 2303 et
420 2249 536 2303 Deo
571 2257 745 2319 grata,
777 2250 865 2304 hic
888 2250 1031 2304 enim
1062 2250 1162 2304 etsi
1186 2266 1214 2303 a
1250 2249 1497 2305 lidelibus
1541 2250 1616 2306 ita

76 2334 299 2403 laudetur,
331 2341 384 2394 in
412 2340 602 2411 aliquo
630 2350 807 2396 tamen
839 2342 907 2396 ab
929 2342 1132 2397 eisdem
1155 2341 1464 2408 offenditur,
1490 2342 1616 2398 dum

79 2427 228 2482 saltem
253 2430 473 2500 aliquod
503 2442 785 2501 peccatum
817 2433 1027 2488 veniale
1051 2434 1433 2488 committitur.
1459 2434 1514 2487 In
1535 2433 1617 2488 fu-

79 2526 168 2572 taro
186 2535 297 2576 vero
328 2522 470 2577 adeo
499 2523 738 2592 perfecte
775 2526 986 2580 intensa
1030 2526 1317 2581 devotione
1368 2525 1615 2581 laudabi-

81 2616 159 2673 tur,
180 2620 227 2665 ut
253 2614 564 2670 nullatenus
599 2614 919 2671 oﬂ'endatur.
954 2617 1143 2674 Nullus
1172 2619 1316 2674 enim
1350 2628 1618 2689 tuncpec-

80 2706 195 2759 randi
222 2708 318 2762 erit
344 2708 601 2774 allectus,
639 2719 694 2765 et
716 2712 1151 2781 quandoquidem
1177 2713 1307 2767 Sion
1342 2722 1391 2767 te
1423 2714 1619 2769 decen-

84 2801 142 2846 ter
160 2795 422 2853 laudatura
437 2810 527 2854 est
555 2817 568 2852 :
598 2803 812 2867 exaudi,
843 2800 983 2855 Deus
1016 2800 1251 2856 Verbum
1282 2842 1297 2868 ,
1324 2804 1617 2857 orationem

83 2901 228 2952 meam,
255 2906 349 2959 pro
371 2906 440 2948 ea
476 2890 697 2957 factam,
726 2902 921 2947 uteam
951 2892 1079 2947 Sion
1118 2894 1436 2948 constituas.
1481 2894 1615 2961 Quia

82 2987 178 3029 vera
202 2994 451 3048 posuerat
490 2980 639 3049 Sion,
672 2991 726 3037 et
762 2996 857 3054 per
900 2984 1041 3039 hanc
1063 2998 1248 3038 vocem
1291 2984 1429 3039 solet
1477 3000 1618 3054 smpe

85 3066 197 3134 plebs
216 3071 429 3129 Judaica
461 3075 769 3146 designari;
818 3092 887 3131 ne
937 3092 1000 3130 ex
1034 3076 1231 3132 Judaeis
1282 3077 1619 3132 solummodo

87 3159 341 3218 crederetur
367 3164 617 3219 Ecclesia
659 3180 779 3220 esse
814 3167 1210 3233 constituenda,
1248 3167 1434 3221 addit:
1490 3167 1618 3221 Dico
1647 3199 1689 3259 Ο

86 3251 189 3314 quod
215 3262 258 3305 te
277 3254 415 3309 decet
444 3257 673 3325 hymnus
703 3256 903 3311 iuSiou
928 3258 1106 3313 ethurc
1137 3259 1266 3313 Sion
1297 3274 1403 3313 non
1432 3275 1493 3314 ex
1527 3275 1616 3314 so-
1649 3240 1690 3259 υ

88 3338 133 3392 Iis
161 3339 333 3400 Judaeis
376 3348 767 3414 constituetur,
808 3351 904 3404 sed
939 3352 1007 3405 ad
1040 3363 1087 3406 te
1118 3353 1282 3405 veniet
1334 3368 1431 3424 per
1460 3352 1617 3407 ﬁdem

88 3433 214 3485 omnis
232 3450 368 3499 caro,
405 3437 463 3491 id
502 3446 586 3491 est
611 3439 930 3493 omnismodi
965 3441 1209 3497 homines
1235 3452 1290 3496 et
1324 3441 1524 3508 Jnazei,
1567 3451 1620 3498 et

90 3524 281 3591 gentiles,
301 3537 352 3582 ct
376 3544 671 3598 pauperes,
710 3538 766 3584 et
792 3531 1006 3596 divites,
1036 3532 1125 3601 qui
1159 3549 1299 3588 nunc
1321 3549 1449 3587 caro
1471 3542 1618 3599 sunt,

93 3611 127 3663 id
146 3625 211 3669 est
232 3620 504 3684 carnales,
564 3620 714 3674 carni
743 3621 951 3675 scilicet
1001 3622 1237 3691 pmnitus
1276 3623 1615 3678 obedientcs.

92 3702 146 3756 Et
169 3711 340 3776 quibus
359 3712 668 3766 constitues
695 3710 846 3767 Sion.
876 3711 1011 3779 Quia
1044 3728 1170 3768 vero
1227 3713 1451 3768 dicendo
1489 3732 1501 3767 :
1540 3713 1621 3766 Ad

92 3801 124 3845 te
143 3801 280 3854 omnis
309 3819 430 3857 caro
498 3803 687 3866 veniet,
740 3803 969 3858 dabatur
1006 3803 1229 3874 intelligi
1276 3804 1418 3872 quod
1448 3817 1478 3856 a
1510 3803 1621 3857 Deo

92 3895 184 3938 caro
206 3892 539 3956 recessisset,
570 3892 811 3946 ostendit
845 3894 1115 3962 quomodo
1147 3910 1175 3947 a
1202 3894 1308 3948 Deo
1337 3895 1624 3948 recesserit

95 3976 311 4048 addendo,
352 3987 433 4038 sic
472 4000 489 4037 :
520 3984 657 4037 Vere
704 3984 771 4036 ad
822 3995 869 4037 te
907 3985 1092 4052 veniet,
1127 4002 1155 4039 a
1186 4002 1291 4055 quo
1322 4002 1418 4057 per
1471 3987 1622 4042 verba

93 4064 353 4138 iniquorum,
379 4075 516 4129 Adm
539 4074 747 4130 scilicet
771 4083 825 4129 et
854 4075 995 4143 Erae,
1028 4077 1284 4142 recessit;
1315 4093 1441 4131 nam
1498 4091 1622 4130 ver-

93 4153 155 4221 ba.
189 4162 231 4215 id
268 4177 345 4220 est
390 4183 577 4236 prava:
604 4168 979 4236 cogitationes,
1021 4185 1139 4239 qua:
1178 4169 1394 4225 fuerunt
1459 4171 1621 4225 verba

95 4252 227 4306 cordis
259 4255 584 4325 iniquorum,
608 4274 636 4311 a
661 4257 770 4313 Deo
798 4261 1237 4328 apostatantium,
1273 4277 1395 4316 cum
1420 4262 1623 4332 cogita-

100 4351 278 4402 verunt:
306 4368 321 4399 ι
355 4350 576 4404 Erimus
590 4350 730 4405 sicut
760 4351 831 4405 dii
858 4349 1009 4421 (Gen.
1044 4370 1126 4420 nt,
1157 4353 1243 4422 5),
1286 4374 1303 4406 ι
1330 4354 1621 4423 prwuulue-

99 4440 185 4482 τυηι
208 4452 350 4506 super
368 4458 488 4505 nos,
520 4440 574 4494 id
601 4449 680 4495 est
709 4444 1111 4511 prtevaluerunt
1140 4444 1319 4497 nobis.
1350 4443 1503 4510 Quod
1541 4452 1623 4499 est

1718 1950 2152 2006 Pet-lectissimus
2176 1953 2280 2007 erit
2307 1954 2525 2007 inomni
2556 1953 2827 2007 charitate
2856 1961 2912 2007 et
2943 1952 3082 2007 bona
3097 1966 3293 2022 opera-

1723 2045 1886 2098 tione.
1920 2044 2131 2098 Atrium
2185 2046 2386 2099 dicitur
2430 2047 2552 2100 aula
2585 2046 2942 2115 amplissima,
2981 2061 3103 2115 quae
3152 2046 3295 2101 intra

1720 2138 1906 2190 domos
1932 2136 2189 2191 nobilium
2225 2148 2328 2201 est,
2352 2138 2585 2208 ideoque
2618 2153 2715 2207 pro
2763 2138 3116 2208 amplitudine
3146 2138 3299 2207 poni-

1720 2236 1830 2292 tur,
1891 2227 1995 2293 vel,
2028 2228 2336 2282 inltabitabit
2395 2238 2516 2299 post
2566 2229 3015 2284 resurrectionem
3046 2245 3196 2284 suam
3244 2231 3298 2282 in

1720 2318 1872 2371 atriis
1893 2318 1995 2371 tuis
2020 2318 2351 2384 coelestibus,
2381 2319 2434 2372 id
2460 2328 2541 2373 est
2566 2319 2618 2373 in
2650 2319 2801 2374 caelis
2842 2334 2977 2388 quos
3018 2320 3296 2383 ascendet,

1720 2417 1778 2461 ut
1810 2424 1906 2462 nos
1926 2409 1991 2463 ad
2015 2424 2071 2462 se
2106 2411 2301 2462 trahat.
2335 2408 2500 2463 Juxta
2529 2410 2673 2479 quod
2725 2410 2867 2464 idem
2925 2411 2977 2464 in
3008 2409 3299 2480 Evangelio

1722 2503 1944 2557 asseri's
1986 2522 2003 2554 ‹
2033 2504 2142 2574 Ego
2172 2504 2216 2559 si
2244 2504 2513 2558 exaltatus
2553 2503 2704 2559 fuero
2734 2519 2765 2559 a
2789 2512 2956 2567 terra,
2981 2504 3162 2559 omnia
3188 2514 3301 2559 tra-

1721 2594 1846 2648 ham
1902 2595 1965 2648 ad
2021 2610 2104 2650 me
2137 2596 2309 2665 ipsum
2342 2594 2527 2666 (Joun.
2556 2612 2649 2659 xu,
2682 2595 2813 2666 32);
2880 2614 2899 2648 ι
2958 2604 3013 2650 ει
3057 2596 3249 2650 iterum
3286 2609 3301 2645 :

1728 2685 1860 2740 «Ubi
1891 2700 1990 2755 ego
2017 2701 2156 2750 smn,
2184 2686 2291 2740 illic
2318 2695 2371 2741 et
2396 2686 2641 2740 minister
2663 2701 2812 2741 meus
2829 2685 2932 2740 erit
2958 2684 3121 2754 (Ibid.
3150 2685 3296 2756 26).»

1723 2775 1791 2829 Ει
1822 2778 1923 2831 hoc
1945 2788 2099 2831 extra
2136 2779 2330 2833 lihrmn
2368 2779 2688 2849 adoptatur,
2725 2779 2817 2834 sed
2849 2794 2912 2834 ex
2951 2779 3300 2848 sequentibus
3334 2784 3347 2787 “

1722 2887 1962 2938 notatur,
2007 2888 2128 2927 cum
2178 2873 2256 2927 sic
2301 2872 2556 2927 additur:
2587 2872 2722 2926 Vere
2750 2886 2846 2941 per
2882 2870 3095 2925 beatum
3122 2872 3302 2941 propi-

1720 2968 1953 3021 tiaberis.

1790 3056 1985 3110 Beatus
2046 3054 2188 3109 enim
2220 3054 2437 3123 quidem
2495 3052 2705 3108 futurus
2735 3061 2815 3107 est
2862 3069 3013 3123 quem
3060 3053 3301 3122 elegisti.

1726 3148 1777 3201 id
1824 3159 1907 3202 est
1958 3162 2119 3216 quem
2176 3145 2377 3215 eliges,
2405 3155 2452 3199 et
2484 3144 2814 3214 assumpsisti
2845 3184 2860 3210 ,
2916 3146 2969 3199 id
3023 3151 3106 3199 est
3149 3159 3305 3198 assuo

1726 3254 1864 3305 mes,
1917 3252 1972 3293 et
1998 3240 2113 3308 ipse
2154 3238 2463 3290 iuliabitabit
2494 3239 2545 3291 in
2573 3239 2727 3291 atriis
2760 3238 2886 3303 tuis,
2915 3246 2968 3292 et
3019 3246 3304 3308 postquam

1724 3332 2042 3403 propitiatus
2066 3329 2233 3385 fueris
2258 3329 2624 3398 impietatibus
2655 3330 2881 3396 nostris,
2927 3328 3154 3385 delendo
3189 3344 3302 3396 eas,

1724 3424 2036 3495 replebimur
2080 3423 2224 3477 bonis
2295 3424 2481 3476 domus
2534 3432 2660 3490 tum,
2715 3422 2997 3478 existendo
3045 3422 3098 3477 in
3148 3423 3305 3478 bonis

1725 3518 1873 3589 ipsis,
1905 3518 1955 3572 id
1983 3526 2063 3572 est
2096 3518 2145 3571 in
2176 3532 2402 3586 corpore
2431 3518 2559 3571 etin
2589 3517 2791 3582 anima,
2834 3516 3305 3586 replebimurbonis

1725 3611 1989 3665 Dominici
2031 3610 2283 3676 hominis,
2316 3611 2405 3679 qui
2435 3612 2539 3664 erit
2563 3613 2752 3665 domus
2785 3621 2871 3667 tua
2907 3612 2959 3665 in
3006 3626 3111 3680 qua
3149 3612 3305 3667 habi-

1726 3703 1884 3757 tabis.
1900 3703 1965 3756 Et
1980 3718 2072 3772 per
2090 3703 2262 3771 ipsum
2282 3703 2496 3757 beatum
2519 3703 2842 3774 replebimur
2860 3704 2963 3757 illis
2981 3704 3153 3759 bonis.
3174 3705 3307 3760 Cum

1724 3794 1853 3849 dicit
1895 3792 2210 3862 replebimur
2248 3784 2414 3857 bonis,
2449 3809 2543 3863 per
2576 3794 2872 3864 emphasim
2902 3796 3138 3851 ostendit
3166 3798 3306 3865 quod

1722 3884 1878 3938 valde
1901 3870 2227 3953 replebimur
2257 3884 2360 3938 illis
2394 3884 2567 3951 bonis,
2595 3900 2622 3938 a
2653 3886 3003 3942 similitudine
3026 3886 3169 3943 illius
3193 3889 3305 3957 qui,

1724 3994 1846 4034 cum
1875 3978 1945 4032 sit
1977 3978 2027 4031 in
2055 3992 2191 4047 aqua
2214 3978 2294 4032 vel
2328 3977 2378 4031 in
2402 3977 2580 4047 aliqua
2613 3978 2701 4031 tali
2730 3994 2807 4044 re,
2828 3980 3064 4050 repletur
3083 3981 3306 4038 interius

1728 4071 1843 4140 ipsa
1868 4085 2028 4140 aqua.
2057 4070 2209 4137 Quod
2240 4079 2324 4125 cst
2359 4069 2540 4124 dicere
2574 4086 2587 4124 :
2625 4067 2789 4124 Valde
2820 4069 3151 4139 replebimur
3177 4071 3309 4141 ipsis

1725 4164 1883 4219 bonis
1939 4172 1993 4218 et
2032 4163 2272 4218 exterius
2322 4164 2374 4217 in
2419 4178 2667 4233 corpore,
2694 4172 2747 4217 et
2773 4163 2998 4218 interius
3028 4163 3082 4217 in
3127 4164 3308 4218 anima

1724 4268 1820 4323 per
1852 4253 2023 4323 ipsum
2054 4251 2291 4307 beatum.
2310 4252 2373 4305 Et
2402 4248 2847 4321 exponit'partem
2877 4252 3112 4321 ipsorum
3132 4254 3303 4307 bono-

1726 4361 1868 4410 rum,
1902 4345 1981 4399 sic
2010 4359 2024 4397 :
2060 4343 2196 4398 Vere
2230 4344 2618 4398 bona‘babebit
2642 4345 2833 4399 domus
2866 4354 2979 4409 tua,
3008 4360 3130 4397 nam
3183 4362 3308 4399 san-

1726 4446 1865 4489 cium
1894 4446 1987 4499 est,
2023 4435 2075 4490 id
2096 4444 2179 4488 est
2203 4435 2327 4497 erit,
2353 4434 2597 4503 templum
2628 4446 2798 4501 tuum,
2827 4435 2878 4489 id
2917 4443 3001 4489 est
3034 4434 3124 4490 ille
3174 4435 3308 4491 bea—

100 4515 267 4583 dicere;
298 4531 442 4587 Adeo
467 4532 942 4588 fueruntcmcacia
972 4543 1028 4587 υι
1068 4550 1173 4588 non
1234 4534 1403 4589 solum
1448 4534 1620 4588 Adam
1656 4547 1700 4601 Ι)
1730 4537 1832 4592 tus,
1864 4526 1954 4597 qui
1985 4526 2174 4580 doums
2199 4535 2251 4578 ct
2274 4524 2528 4593 templum
2570 4534 2717 4578 tuum
2740 4526 2862 4591 erit,
2916 4526 3062 4580 onmi
3097 4527 3307 4581 sancti—

104 4618 133 4659 ἐι
153 4612 304 4685 Eram,
328 4625 421 4678 sed
446 4625 614 4678 etiam
645 4641 743 4681 nos
771 4642 961 4681 omnes
995 4636 1047 4681 et
1073 4625 1287 4681 Judtcos
1318 4636 1375 4680 et
1434 4634 1623 4693 gentes

108 4715 136 4752 Il
176 4721 374 4766 mortem
428 4714 805 4769 detruderent.
837 4714 1039 4770 Omnes
1106 4716 1250 4770 enim
1320 4714 1623 4783 iniquitatis

105 4804 264 4864 eorum,
310 4818 473 4871 quam
535 4805 588 4857 in
648 4807 792 4876 pomi
847 4808 1178 4861 comestione
1216 4805 1622 4869 commiserunt,

102 4887 330 4959 imit-ipes
350 4893 526 4947 eﬁ'ecti
556 4911 758 4950 sumus.
778 4896 931 4951 Unde
954 4898 1229 4968 apostolus
1254 4914 1268 4951 :
1300 4915 1317 4947 ι
1338 4895 1442 4950 Per
1458 4911 1622 4950 tinum

106 4969 317 5034 lmminem
370 4995 655 5053 peccatum
706 4987 954 5041 introivit
984 4990 1034 5042 in
1087 4988 1369 5052 tnundum,
1422 4994 1477 5041 ct
1531 5002 1625 5055 per

108 5076 323 5124 recentum
343 5085 583 5140 mors,et
614 5076 692 5131 sic
718 5077 770 5131 in
799 5092 989 5133 omnes
1016 5079 1327 5149 pertransiit
1352 5076 1620 5147 (Rom.ttt,

113 5152 182 5221 '3).
212 5179 228 5209 ι
255 5161 322 5217 Ne
349 5182 478 5221 vero
501 5174 783 5236 putaretur
809 5172 951 5240 quod
979 5187 1074 5240 per
1097 5186 1155 5226 se
1183 5187 1312 5226 caro
1350 5172 1417 5226 ad
1455 5171 1622 5225 Deum

110 5254 327 5309 Pervenire
355 5258 646 5323 sulliceret,
677 5262 897 5316 additur
930 5281 941 5315 :
979 5264 1110 5318 Dico
1140 5265 1284 5333 quod
1310 5263 1459 5317 verba
1488 5277 1623 5332 prat-

115 5340 321 5433 taluerunt
346 5366 501 5420 super
527 5369 641 5421 nos,
670 5365 715 5406 et
746 5365 801 5407 tu
834 5356 975 5411 Deus
1006 5354 1264 5422 Verbum,
1307 5355 1623 5425 ριόρὶιὶαὺϐ-

117 5431 506 5503 ηδὶιηρίειαιὲῢιιε
559 5448 776 5511 nostris,
817 5447 867 5502 id
897 5457 980 5502 est
1015 5464 1121 5503 non
1149 5464 1217 5504 ex
1266 5448 1476 5502 meritis
1522 5460 1623 5500 no-

121 5519 236 5583 SlriS,
258 5531 339 5582 sed
367 5546 430 5584 ex
460 5522 838 5603 propitiatione
866 5546 953 5591 tua
980 5547 1197 5594 nostras
1220 5546 1273 5592 et
1298 5536 1539 5592 actuales
1569 5543 1625 5591 et

123 5610 306 5669 \cuiales
341 5622 640 5693 impietates
672 5625 896 5695 delebis,
925 5639 981 5684 et
1022 5630 1101 5685 sic
1144 5630 1212 5685 ad
1256 5638 1307 5684 te
1350 5628 1442 5698 qui
1493 5642 1622 5681 Veri!

123 5707 194 5795 illa
232 5726 281 5765 es
326 5715 501 5785 (Ιοαηο
547 5739 658 5787 XIV.
716 5723 810 5795 6),
865 5725 1168 5780 veniemus.
1224 5724 1355 5779 Cum
1421 5720 1552 5776 dicit
1604 5736 1619 5775 :

1731 4628 1837 4673 tate
1871 4618 2061 4688 plenus
2110 4615 2234 4679 erit,
2264 4623 2317 4668 et
2367 4630 2469 4667 non
2500 4629 2690 4684 parum
2732 4623 2977 4668 sanctum
3031 4616 3168 4684 erit;
3217 4618 3311 4672 sed

1728 4708 1963 4762 mirabile
1992 4707 2097 4762 erit
2127 4708 2178 4760 in
2213 4706 2457 4776 a'quitate
2480 4705 2787 4760 sanctitatis
2813 4721 2945 4775 suae,
2983 4706 3034 4762 id
3066 4710 3311 4764 estadeo

1726 4816 1912 4870 mquus
1938 4800 2044 4854 crit
2068 4809 2123 4853 et
2148 4807 2372 4853 sanctus
2398 4797 2708 4852 Dominicus
2735 4796 2918 4864 homo,
2968 4802 3108 4867 quod
3140 4800 3323 4877 ιιιίιτιπ

1727 4890 1851 4945 bilis
1875 4890 2131 4944 omnibus
2169 4889 2277 4942 erit
2306 4904 2318 4939 :
2352 4902 2455 4955 qua
2497 4887 2788 4942 sanctitate
2817 4895 2871 4941 et
2917 4890 3171 4959 aequitate
3216 4903 3312 4957 per

1727 4997 1849 5035 cum
1884 4980 2233 5050 replebimur;
2269 4978 2480 5033 scilicet
2506 4988 2562 5032 ut
2589 4979 2758 5033 sancti
2789 4987 2845 5033 et
2871 4979 2923 5033 iu
2981 4980 3310 5048 cogitatione

1725 5084 1780 5129 ct
1806 5074 1857 5128 in
1888 5073 2200 5142 operatione
2226 5071 2546 5140 efﬁciamur,
2579 5072 2704 5126 licet
2734 5088 2840 5128 non
2884 5074 3020 5127 adeo
3064 5083 3119 5125 ut
3169 5072 3304 5141 ipse.

1726 5163 1860 5220 Orat
1913 5173 2094 5217 autem
2143 5164 2318 5233 ipsum
2372 5162 2541 5217 Deum
2577 5163 2830 5227 Verbum,
2873 5172 2932 5217 ut
2986 5161 3310 5232 propitietur

1727 5257 2096 5327 impietatibus
2125 5256 2317 5327 ipsius,
2351 5257 2440 5325 qui
2486 5264 2636 5310 tanto
2659 5266 2783 5310 ante
2814 5265 3060 5324 tempore
3114 5253 3305 5307 existit

1725 5363 1823 5417 per
1853 5347 2012 5401 ﬁdem
2048 5346 2258 5402 Domini
2288 5344 2440 5412 Jesu,
2471 5361 2631 5414 quam
2657 5346 2769 5415 jam
2802 5344 2986 5408 habet;
3014 5352 3069 5398 et
3107 5341 3306 5411 impie-

1727 5444 1927 5497 tatibus
1956 5456 2144 5496 eorum
2174 5442 2515 5512 propitietur,
2548 5441 2640 5510 qui
2687 5441 2739 5494 in
2788 5447 3032 5511 tempore
3073 5439 3306 5510 plenitu-

1725 5534 1867 5589 dinis
1900 5535 2087 5592 ﬁdeles
2116 5544 2300 5602 erunt,
2324 5544 2378 5592 et
2403 5550 2497 5591 eos
2526 5533 2849 5599 sanctiﬁcet,
2900 5543 2956 5588 et
3009 5533 3185 5603 ipsum
3238 5536 3308 5590 ab

1725 5628 2025 5685 actualibus
2052 5630 2288 5700 peccatis
2316 5637 2650 5700 exemptum,
2675 5630 2727 5684 in
2754 5646 2916 5701 opere
2936 5641 2990 5688 et
3018 5630 3308 5690 devotione

1726 5731 2055 5791 augmentet,
2112 5732 2168 5776 et
2220 5721 2272 5776 in
2333 5729 2575 5791 tempore
2627 5723 2976 5792 plenitudinis
3026 5736 3149 5778 eum
3181 5721 3308 5777 licet

126 5784 250 5854 lerba
300 5806 585 5877 iniquorum
642 5816 1031 5883 prwvaluerunt
1072 5832 1228 5888 super
1280 5830 1393 5879 nos,
1450 5812 1622 5882 scqui-
1720 5812 1834 5883 jam
1890 5821 2162 5867 mortuum
2226 5812 2280 5867 in
2328 5827 2577 5883 corpore,
2621 5822 2798 5869 tamen
2827 5814 3185 5869 emundatum
3237 5812 3306 5866 ad

492 5902 757 5970 Parum.
788 5909 965 5971 CLll.

2783 5908 2858 5967 30
