3846 6334
550 305 651 361 939

1114 252 1174 356 S.
1211 300 1553 357 BRUNONIS
1592 297 2225 375 CARTIIUSIANIORUM
2265 297 2741 354 INSTITUTORIS
2780 297 2929 354 OPP.
2967 296 3144 369 PARS
3168 295 3210 351 1.

3689 298 3786 356 9ιο

551 427 805 472 aeternam
829 413 1052 487 patriam
1076 414 1334 477 redueat;
1376 414 1557 467 ﬁdeles
1588 421 1765 465 autem
1792 414 1874 467 vel
1904 413 1954 466 in
1980 421 2115 466 tcm-
2144 415 2188 468 Α
2217 419 2332 479 post
2364 411 2608 464 timebunt
2640 423 2688 465 te
2718 413 2910 467 timore
2949 421 3118 475 casto,
3152 410 3203 465 id
3241 416 3325 465 est
3362 408 3591 482 diligent
3621 418 3671 466 te
3691 452 3707 477 ,
3735 423 3782 466 et

550 522 680 579 pore
706 506 1055 576 plenitudinis
1085 504 1313 568 futuros,
1343 513 1397 558 et
1421 506 1487 559 ab
1515 505 1817 558 actualibus
1871 515 1925 560 et
1949 507 2117 576 origi-

550 600 661 655 na’li
686 599 885 668 expiet,
925 607 979 651 et
1012 598 1064 651 in
1096 612 1257 665 opere
1281 607 1334 650 et
1377 596 1664 650 devotione
1728 596 2113 665 sanctiﬁcatos,

550 692 620 745 ad
647 701 903 745 aeternam
936 686 1164 756 patriam
1194 686 1434 751 reducat,
1462 695 1517 739 et
1548 686 1647 741 hoc
1672 691 1753 740 sic
1779 687 1911 741 dicit
1942 705 1953 740 :
1987 686 2117 744 Dico

551 780 692 850 quod
712 777 1070 847 propitiaberis
1092 776 1263 840 nobis,
1288 783 1342 830 et
1362 774 1593 844 replebis
1621 775 1775 830 bonis
1790 790 1886 845 per
1901 777 2115 831 beatum

548 871 721 936 illum,
744 879 798 924 et
823 876 878 922 ut
907 869 1009 922 hoc
1036 867 1127 931 sit,
1156 867 1347 920 exaudi
1377 883 1489 931 nos,
1517 866 1655 921 Deus
1694 866 1952 935 Verbum,
1978 869 2118 923 salu-

549 960 679 1015 taris
739 967 948 1022 noster,
1002 955 1155 1010 idest
1210 955 1446 1009 salvator
1490 966 1678 1010 noster
1738 956 1951 1013 futurus
1982 975 2117 1029 _per

548 1051 722 1118 ipsum
747 1063 851 1111 me,
881 1047 1102 1110 scilicet,
1134 1045 1326 1101 exaudi
1356 1061 1500 1101 nunc
1528 1047 1594 1102 de
1643 1050 2027 1119 propitiatione
2060 1060 2117 1107 et

551 1140 846 1211 repletione
874 1146 1140 1202 orantem,
1165 1144 1217 1191 et
1243 1136 1425 1191 ﬁdeles
1453 1136 1663 1193 futuros
1693 1148 1744 1193 te
1769 1140 1835 1195 de
1887 1142 1989 1196 bac
2024 1156 2115 1195 ea-

547 1231 667 1284 dem
718 1244 777 1284 re
809 1228 1132 1296 quandoque
1157 1236 1426 1281 oraturos.
1452 1226 1556 1290 Tu,
1585 1228 1729 1296 dico,
1758 1233 1848 1300 qui
1872 1232 1981 1287 eris
2000 1249 2114 1301 spes

544 1321 737 1375 salutis
765 1320 996 1373 omnium
1020 1319 1205 1386 ﬁnium
1237 1328 1412 1384 terrm,
1443 1318 1495 1372 id
1523 1330 1605 1374 est
1634 1323 1957 1377 omnismodi
2013 1324 2113 1377 bo-

543 1412 750 1466 minum
789 1408 1170 1464 etJudaeorum
1222 1416 1276 1462 et
1324 1408 1623 1478 gentilium,
1684 1411 2029 1466 existentium
2059 1413 2113 1466 in

542 1502 791 1556 omnibus
822 1499 1015 1553 ﬁnibus
1047 1508 1241 1563 terrae;
1288 1507 1334 1551 et
1366 1507 1423 1550 ut
1467 1498 1586 1567 plus
1639 1499 1834 1565 dicam,
1866 1517 1978 1568 spes
2007 1502 2114 1556 eris

542 1593 776 1645 omnium
805 1591 860 1643 in
890 1590 1023 1643 mari
1070 1588 1219 1657 longe
1252 1588 1553 1657 positorum
1580 1628 1593 1651 ,
1638 1588 1689 1642 id
1736 1591 1892 1643 estin
1925 1591 2113 1646 insulis

540 1681 797 1745 marinis,
838 1694 957 1749 quae
982 1678 1131 1747 longe
1170 1680 1223 1731 in
1247 1679 1380 1730 mari
1407 1680 1593 1747 posita:
1642 1689 1784 1733 sunt.
1821 1680 1971 1747 Quod
2029 1692 2112 1735 est

542 1776 727 1831 dicere
755 1792 767 1827 :
808 1773 943 1844 Spes
964 1773 1072 1827 eris
1094 1772 1283 1826 salutis
1312 1772 1554 1826 omnium
1583 1782 1636 1826 et
1661 1774 1713 1826 in
1740 1782 1907 1837 terra,
1962 1784 2016 1829 et
2057 1776 2108 1828 in

540 1866 679 1921 mari
717 1864 1099 1919 habitantium.

614 1956 1001 2026 Undelegitur:
1034 1954 1269 2010 Veniens
1300 1954 1689 2025 evangelizavit
1715 1972 1898 2027 pacem
1922 1959 2005 2014 bis
2019 1960 2109 2029 qni

539 2047 697 2117 longe
721 2045 1739 2116 sunt,etliisquiprope(Epltes.n,17);
1765 2048 2109 2119 velsie:Sprs

541 2139 651 2193 eris
683 2136 868 2191 salutis
893 2137 1122 2189 omnium
1164 2136 1347 2203 ﬁnium
1371 2146 1542 2198 terra',
1568 2137 1616 2189 id
1644 2138 1847 2206 estjam
1871 2139 2109 2192 omnium

541 2228 843 2282 finientium
875 2228 927 2281 in
954 2242 1011 2281 se
1038 2227 1407 2281 terrenitatcm
1443 2226 1693 2289 ﬁdelium,
1713 2228 1999 2282 scilicetex
2018 2228 2111 2283 Ju-

541 2320 693 2382 daris,
708 2311 1047 2387 quijam'ejns
1061 2316 1305 2369 notitiam
1320 2324 1373 2369 et
1390 2316 1543 2369 ﬁdem
1559 2326 1683 2370 ante
1697 2316 1810 2384 ejus
1824 2319 2110 2373 adventum

540 2406 1013 2477 adeptisunt,etin
1038 2404 1216 2457 futuro
1234 2420 1345 2473 spes
1371 2403 1479 2457 eris
1507 2405 1559 2456 in
1583 2408 1715 2458 mari
1742 2406 1890 2476 longe
1911 2408 2111 2476 posito-

541 2515 687 2563 rum,
722 2498 773 2553 id
802 2506 885 2552 est
912 2496 1230 2559 inﬁdelium,
1261 2496 1351 2564 qui
1385 2496 1558 2550 adlmc
1585 2496 1759 2567 longe,
1777 2498 1826 2551 id
1854 2510 1937 2553 est
1959 2500 2111 2556 valde

541 2590 733 2644 suntin
763 2587 1148 2642 amarieatione
1180 2585 1655 2650 inﬁdelitatissutc,
1683 2589 1771 2656 qui
1802 2590 1867 2642 ad
1898 2600 1947 2644 te
1977 2607 2110 2645 eon-

540 2686 828 2732 vertentur
860 2686 1101 2744 temporc
1127 2673 1387 2728 Dominici
1414 2675 1671 2731 hominis.
1705 2676 1846 2730 Mare
1876 2693 2110 2749 congrue

542 2784 645 2839 pro
710 2767 1098 2822 amarieatione
1178 2764 1418 2834 ponitur,
1489 2765 1612 2833 quia
1681 2781 1767 2820 res
1837 2752 2110 2821 amarissi-

537 2878 624 2917 ma
672 2859 833 2930 229
870 2866 971 2913 cst.
1015 2856 1261 2911 Ostendit
1296 2863 1473 2909 autem
1518 2856 1756 2925 ipsorum
1807 2858 2107 2927 positormn

539 2956 596 3010 in
630 2957 765 3009 mari
800 2953 1206 3007 conversionem
1234 2958 1287 3003 et
1316 2948 1670 3003 salvationem
1700 2968 1794 3021 per
1814 2953 2107 3022 apostolos,

538 3063 675 3118 quos
712 3047 851 3101 Deus
889 3042 1245 3116 praeparabit,
1286 3044 1490 3100 faciens
1531 3058 1622 3099 cos
1671 3057 1888 3111 montes,
1928 3046 1978 3099 id
2026 3055 2109 3101 est

537 3142 591 3195 in
630 3141 737 3195 vita
780 3140 1059 3202 sublimes,
1094 3146 1146 3192 et
1179 3138 1277 3191 hoc
1324 3138 1403 3192 sic
1450 3137 1611 3191 dicit:
1648 3138 1777 3193 Dico
1816 3138 1956 3206 quod
1994 3154 2106 3207 spes

536 3237 648 3291 eris
689 3238 919 3289 omnium
968 3234 1152 3301 ﬁnium
1190 3242 1343 3286 terra:
1365 3272 1379 3295 ,
1412 3241 1457 3284 et
1504 3231 1558 3284 in
1586 3231 1721 3283 mari
1750 3229 1898 3299 longe
1922 3270 1935 3294 ,
1967 3239 2019 3283 et
2053 3240 2108 3281 tu

535 3326 644 3385 eris
692 3342 996 3396 prteparans
1047 3334 1243 3378 montes
1274 3363 1287 3387 ,
1328 3324 1376 3377 id
1425 3330 1507 3377 est
1550 3320 1850 3389 apostolos,
1900 3320 1951 3372 in
1999 3320 2108 3372 vir-

538 3428 643 3473 tute
674 3429 798 3481 tua,
832 3418 881 3471 id
913 3426 993 3471 est
1047 3416 1098 3469 in
1137 3413 1437 3469 constantia
1474 3413 1903 3481 praedicationis,
1949 3420 2003 3467 ct
2055 3413 2106 3465 in

535 3512 786 3565 omnibus
816 3508 1129 3571 virtutibus,
1154 3522 1287 3575 quas
1312 3506 1389 3560 eis
1417 3505 1598 3559 dabis:
1629 3513 1683 3558 ct
1709 3505 1816 3558 eris
1844 3505 2105 3557 accinctus

533 3602 798 3673 potentia,
842 3600 894 3655 id
938 3607 1021 3653 est
1079 3598 1209 3668 ipsis
1249 3596 1502 3666 apostolis
1544 3595 1853 3663 potentibus
1902 3595 1955 3648 in
2007 3596 2105 3648 mi-

534 3693 759 3757 raculis,
799 3692 888 3762 qui
918 3698 1077 3744 erunt
1110 3688 1414 3758 empliatice
1459 3687 1698 3758 potentia
1734 3695 1843 3749 tua,
1874 3687 2105 3741 circurn-

534 3782 793 3845 vallatus,
838 3796 866 3834 a
914 3777 1260 3833 similitudine
1288 3776 1492 3832 strenui
1522 3777 1692 3841 ducis,
1725 3777 1812 3845 qui
1848 3776 2106 3829 militibus

534 3873 648 3928 suis
684 3872 1000 3941 accingitur,
1047 3867 1097 3922 id
1148 3880 1228 3923 cst
1274 3868 1732 3931 circumvallatur,
1775 3877 1832 3921 ut
1872 3882 1967 3935 per
2012 3882 2104 3921 eos

535 3962 787 4018 inimicos
818 3974 943 4015 suos
976 3967 1265 4027 expugnet.
1313 3955 1465 4021 Quod
1502 3965 1583 4009 est
1630 3957 1841 4011 dicere:
1892 3956 2106 4025 Praepa—

534 4056 681 4112 rabis
733 4070 843 4118 eos,
891 4061 945 4106 ut
982 4051 1089 4106 sint
1144 4050 1195 4103 in
1247 4049 1650 4116 beneplacentia
1690 4058 1741 4103 et
1795 4049 2104 4102 obedientia

529 4158 656 4213 tua,
712 4145 801 4215 qui
846 4140 1126 4197 conturbas
1170 4139 1486 4209 profundum
1531 4141 1709 4202 maris,
1755 4138 1805 4192 id
1854 4147 1934 4193 est
1979 4154 2105 4193 con-

533 4239 777 4297 turbabis
821 4253 916 4307 per
948 4234 1381 4305 przedieationem
1414 4241 1465 4285 et
1497 4245 1683 4284 eorum
1718 4232 1853 4284 bona
1884 4239 2104 4284 contur-

528 4334 745 4391 batione
776 4332 892 4387 illos
938 4328 1027 4399 qui
1070 4326 1318 4399 profundi
1354 4334 1479 4379 sunt
1516 4326 1568 4379 in
1618 4324 1785 4387 mari,
1834 4324 1885 4377 id
1924 4334 2006 4377 est
2050 4322 2100 4375 in

2221 502 2321 555 hoc
2358 503 2501 570 quod
2546 501 2924 567 turbabuntur,
2975 503 3252 571 continget
3297 520 3327 556 a
3377 502 3545 573 signis
3577 504 3709 569 tuis,
3737 503 3787 557 id

2219 601 2303 647 est
2326 608 2355 646 a
2384 592 2659 648 miraculis
2686 594 3122 663 praedicatorum.

2287 684 2577 754 Postquam
2609 693 2788 740 autem
2817 686 3269 739 conturbabuntur
3308 694 3354 739 et
3392 685 3679 751 timebunt,
3705 686 3782 739 de.

2218 774 2448 839 lectabis,
2483 775 2536 829 id
2577 785 2661 830 εει
2698 775 3041 831 delectabiles
3070 775 3235 831 facies
3271 775 3324 830 in
3355 776 3456 840 eis,
3490 776 3660 830 exitus
3682 792 3778 829 ma-

2218 867 2373 919 tutini
2405 865 2457 920 in
2504 881 2821 936 vesperum,
2874 867 2927 922 id
2968 876 3051 921 est
3088 867 3268 923 exitus
3313 866 3695 937 prosperitatis
3735 868 3783 921 in

2218 957 2627 1024 adversitatem,
2672 968 2727 1013 et
2768 959 2948 1013 exitus
2988 975 3195 1028 vespere
3240 958 3293 1013 in
3333 959 3699 1024 matutinum,
3736 958 3783 1013 id

2217 1057 2300 1101 est
2342 1049 2521 1103 exitus
2559 1050 2901 1105 adversitatis
2933 1051 2984 1105 in
3023 1052 3473 1122 prosperitatem.
3522 1050 3673 1118 Quod
3706 1059 3781 1104 est

2217 1141 2434 1196 dicere:
2469 1139 2559 1194 Sic
2586 1141 2753 1197 facies
2775 1157 2870 1198 eos
2896 1142 3047 1197 exire
3090 1144 3156 1198 de
3195 1143 3530 1198 adversitate
3574 1142 3629 1198 in
3665 1157 3781 1213 pro-

2217 1233 2559 1303 Speritatem,
2590 1238 2735 1290 etde
2764 1235 3119 1305 prosperitate
3165 1234 3219 1289 in
3260 1236 3684 1301 adversitatem,
3727 1244 3779 1288 ut

2216 1338 2317 1379 nec
2342 1326 2668 1383 adversitate
2698 1326 3038 1397 frangantur,
3067 1341 3169 1381 nec
3205 1327 3577 1397 prosperitate
3614 1324 3779 1380 extol-

2215 1413 2435 1481 lantur,
2490 1425 2542 1472 et
2580 1416 2633 1472 in
2674 1416 2871 1471 talibus
2916 1412 3153 1471 exitibus
3205 1416 3592 1472 delectaberis.
3640 1416 3780 1470 Mane

2216 1506 2430 1573 quidem
2454 1509 2577 1577 quia
2602 1520 2826 1577 vespera
2852 1507 3053 1562 clarius
3066 1516 3167 1573 est,
3186 1524 3283 1578 pro
3310 1509 3675 1579 prosperitate
3695 1523 3777 1578 po-

2215 1598 2380 1651 nitur.
2439 1598 2674 1669 Vespera
2723 1613 2891 1665 vero,
2949 1599 3072 1668 quia
3133 1615 3294 1655 mane
3338 1600 3646 1665 obscurior,
3693 1614 3779 1668 pro

2216 1691 2563 1748 adversitate.
2594 1692 2697 1748 Per
2722 1694 2825 1748 hoc
2851 1700 3031 1747 autem
3062 1693 3300 1747 ostendit
3326 1706 3423 1747 eos
3467 1691 3777 1762 perfectissi-

2216 1794 2332 1834 mos
2365 1779 2596 1847 futuros,
2628 1798 2749 1837 cum
2781 1780 2916 1834 tales
2943 1779 3122 1834 exitus
3150 1779 3494 1836 solummodo
3520 1778 3775 1849 perfectis-

2214 1871 2472 1926 simorum
2504 1873 2630 1937 sint,
2658 1882 2711 1928 et
2736 1887 2831 1942 per
2870 1872 2973 1926 hoc
3003 1871 3279 1925 deiectabis
3322 1873 3377 1926 in
3406 1873 3659 1942 gentibus
3678 1874 3777 1924 exi.

2215 1972 2299 2017 tus
2332 1966 2572 2017 matutini
2616 1975 2661 2018 et
2701 1981 2936 2032 vespere:
2979 1962 3129 2029 Quod
3180 1964 3404 2017 t'isitasti
3436 1976 3629 2016 terram
3671 1978 3772 2016 om-

2213 2069 2337 2107 nem
2383 2054 2623 2119 scilicet,
2673 2055 2723 2108 id
2762 2065 2846 2109 est
2891 2054 3136 2108 visitabis
3179 2063 3234 2107 et
3279 2063 3475 2123 gentes
3502 2063 3557 2107 et
3584 2052 3775 2107 Judzcos

2214 2145 2302 2212 qui
2337 2147 2536 2199 terreni
2577 2155 2733 2210 sunt,
2781 2154 2835 2199 ct
2882 2146 2983 2200 boc
3020 2146 3199 2209 modo,
3241 2145 3454 2200 scilicet
3498 2146 3636 2215 quod
3679 2147 3771 2198 ine-

2215 2236 2398 2289 briasti
2430 2253 2576 2302 eam,
2610 2238 2659 2291 id
2688 2246 2768 2291 est
2798 2236 3029 2305 replebis
3074 2219 3192 2290 eam
3236 2235 3444 2305 Spiritu
3486 2247 3669 2291 sancto
3694 2240 3771 2305 qui

2214 2344 2316 2381 non
2347 2328 2621 2396 permittet
2650 2338 2767 2398 post
2797 2344 2915 2382 eam
2945 2329 3167 2395 sentire,
3200 2328 3282 2383 vel
3310 2344 3575 2398 prospera
3608 2340 3660 2384 ut
3680 2329 3769 2382 elc-

2215 2429 2399 2483 velur;
2435 2421 2516 2474 vel
2557 2419 2781 2474 adversa
2804 2462 2818 2485 ,
2858 2428 2915 2473 ut
2951 2420 3259 2490 frangatur;
3298 2421 3365 2474 ad
3400 2423 3617 2475 modum
3646 2421 3768 2482 vini,

2213 2512 2353 2579 quod
2385 2526 2449 2565 cx
2491 2526 2679 2582 magna
2727 2520 2877 2580 parte
2917 2526 3132 2565 sensum
3161 2510 3335 2566 aufert
3386 2511 3460 2565 illi
3492 2527 3645 2579 quem
3670 2512 3767 2565 inc-

2213 2602 2376 2656 briat.
2421 2604 2572 2669 Quod
2618 2611 2700 2657 est
2742 2603 2955 2658 dicere:
3008 2602 3231 2655 Terrazn
3282 2602 3568 2668 visitabis,
3611 2604 3683 2657 sic
3719 2612 3766 2654 ut

2214 2707 2329 2745 eam
2364 2691 2572 2760 repleas
2601 2692 2770 2762 gratia
2801 2690 3063 2761 spiritali,
3095 2698 3277 2744 etnon
3309 2691 3544 2760 simplici
3573 2692 3758 2763 gratia:

2214 2783 2307 2838 scd
2348 2782 2705 2850 ltlulliplit‘asli
2731 2823 2745 2848 ,
2790 2783 2840 2835 id
2885 2791 2969 2835 est
3015 2781 3427 2850 multiplicabis,
3469 2783 3759 2850 locupletare

2212 2891 2355 2937 eum,
2400 2884 2625 2939 terram,
2660 2875 2710 2929 id
2750 2883 2831 2929 est
2861 2873 3226 2943 multipliciter
3265 2874 3622 2944 locupletabis
3652 2887 3753 2926 cam

2213 2981 2241 3018 a
2274 2967 2505 3020 diversis
2548 2967 2702 3020 donis
2741 2967 2913 3020 sancti
2953 2966 3207 3035 Spiritus.
3236 2964 3400 3019 Juxta
3453 2966 3577 3019 illud
3621 2963 3759 3018 Joelis

2140 3091 2180 3146 Ο
2214 3058 2517 3125 prepbctae:
2556 3076 2573 3107 ι
2608 3057 2884 3111 Effundam
2910 3057 2975 3110 de
3006 3057 3209 3126 Spiritu
3235 3072 3355 3112 meo
3386 3074 3548 3128 super
3570 3071 3758 3110 omnem

2217 3158 2411 3201 terram
2462 3146 2617 3218 (.Ioel.
2674 3164 2746 3212 ll,
2805 3148 2918 3219 28).
2960 3168 2977 3199 ι
3044 3148 3258 3202 Diceret
3293 3148 3537 3217 aliquis:
3582 3148 3758 3202 Suntne

2214 3238 2535 3305 multiplices
2562 3238 3001 3307 locupletationcs
3023 3239 3212 3308 gratiae
3240 3240 3509 3307 spiritalis
3532 3241 3552 3292 ἲ
3583 3240 3654 3293 Ad
3674 3239 3757 3291 hoc

2212 3330 2457 3400 sequitur
2485 3333 2780 3400 responsio,
2815 3332 2919 3385 sic:
2954 3331 3090 3385 V'erc
3134 3331 3510 3401 multipliciter
3547 3332 3753 3400 locuple-

2213 3429 2327 3476 tare
2373 3423 2575 3489 potcris
2606 3438 2724 3476 eam
2772 3423 2943 3493 gratia
2982 3421 3217 3492 Spiritus
3262 3425 3476 3487 sancti;
3513 3439 3627 3476 nam
3667 3424 3752 3490 ﬂu-

2209 3529 2325 3564 men
2359 3511 2451 3566 Dei
2475 3512 2722 3581 repletum
2754 3523 2827 3567 cst
2858 3512 3033 3582 aquis,
3068 3513 3119 3568 id
3161 3522 3242 3568 est
3286 3513 3524 3583 Spiritus
3556 3522 3749 3569 sanctus

2210 3600 2299 3669 qui
2354 3601 2551 3655 dicitur
2600 3600 2832 3663 ﬂumen,
2882 3616 2946 3655 co
2990 3603 3130 3670 quod
3176 3601 3362 3657 fideles
3404 3604 3669 3674 refrigeret
3709 3610 3753 3654 et

2210 3691 2370 3744 saliet
2398 3691 2462 3744 ad
2502 3692 2716 3744 modum
2756 3689 2990 3745 ﬂuminis
3015 3732 3028 3754 ,
3064 3692 3299 3759 repletus
3347 3704 3433 3747 est
3478 3693 3663 3762 aquis,
3710 3689 3750 3742 id

2208 3787 2288 3833 est
2317 3780 2497 3834 multis
2535 3779 2689 3834 donis
2726 3780 2983 3843 diversis,
3033 3782 3227 3850 quibus
3279 3782 3476 3837 ﬁdeles
3522 3790 3751 3851 potantur

2210 3872 2347 3927 sicut
2381 3887 2518 3942 aqua
2538 3913 2551 3934 ,
2581 3889 2644 3926 ex
2678 3873 2792 3943 ipso
2822 3872 3039 3927 ﬂutnine
3064 3874 3294 3941 parasti,
3341 3874 3393 3929 id
3438 3884 3515 3928 est
3543 3868 3744 3945 parab’S.

2208 3966 2376 4018 cibum
2410 3966 2655 4029 illorum,
2697 3981 2804 4035 quo
2838 3967 2886 4019 in
2933 3965 3111 4019 anima
3159 3964 3449 4019 satientur.
3504 3965 3640 4032 Quod
3681 3969 3745 4015 cst

2209 4054 2422 4108 dicere:
2474 4054 2651 4123 Ipsum
2688 4054 2883 4109 ﬁutnen
2935 4054 3103 4109 facies
3143 4070 3266 4109 esse
3309 4056 3491 4111 cibum
3536 4054 3739 4111 illorum,

2208 4147 2296 4215 qui
2330 4147 2481 4200 cibus
2509 4156 2590 4200 est
2621 4147 2772 4213 lanis
2799 4146 2920 4199 vitze
2948 4154 3001 4199 et
3044 4145 3374 4200 intellectus:
3418 4148 3648 4217 quoniam
3685 4143 3740 4193 ita

2208 4247 2282 4290 es!
2311 4239 2628 4306 pra’paratio
2677 4237 2793 4306 ejus
2821 4277 2835 4301 ,
2884 4236 3022 4301 Cibi,
3074 4236 3123 4289 id
3171 4246 3255 4291 est
3300 4246 3625 4308 prmparatur
3655 4235 3738 4293 ita,

2210 4342 2302 4396 per
2327 4338 2376 4381 te
2409 4328 2629 4382 scilicet.
2656 4327 2806 4393 Quod
2833 4336 2913 4381 est
2942 4328 3152 4381 dicere:
3181 4325 3417 4382 Necesse
3440 4338 3517 4381 est
3546 4335 3596 4378 ut
3620 4324 3738 4376 lueis

530 4426 862 4481 inﬁdelitatis
906 4418 1315 4481 amaricatione,
1348 4416 1575 4486 gentiles
1606 4416 1841 4471 scilicet:
1875 4424 1927 4471 et
1958 4422 2103 4483 post-
2140 4429 2181 4481 ι)
2209 4416 2383 4469 cibum
2414 4431 2702 4484 praepares,
2732 4416 2984 4485 quoniam
3024 4416 3183 4469 aliter
3211 4432 3315 4470 non
3356 4425 3538 4486 posset
3560 4425 3735 4484 prtem-

530 4531 692 4585 quam
720 4510 1128 4569 conturbaveris
1158 4509 1451 4564 secundum
1484 4508 1584 4561 hoc
1610 4507 1750 4576 quod
1782 4517 1907 4561 sunt
1932 4519 2099 4568 mare,

530 4601 875 4655 contttrbabis
914 4601 1073 4653 etiam
1118 4600 1345 4652 sonitum
1387 4599 1640 4666 ﬂuctuant
1679 4596 1791 4664 ejus
1825 4595 2009 4661 maris,
2049 4595 2100 4647 id

531 4700 614 4745 est
684 4690 1162 4745 contradictionem
1217 4700 1271 4742 et
1344 4688 1771 4757 persecutionem
1843 4686 2099 4749 illorum,

535 4783 619 4851 qui
664 4786 893 4851 propter"
932 4782 1368 4835 amaricalionem
1426 4779 1758 4833 infidelitatis
1796 4788 1955 4832 erunt
2004 4776 2102 4829 ﬂu-

501 4880 683 4939 etus,
724 4874 775 4927 id
819 4881 898 4927 est
937 4875 1272 4927 cxumlantes
1309 4883 1495 4927 contra
1531 4882 1649 4925 tuos
1700 4873 1751 4924 in
1793 4869 2096 4925 tribulatio-

534 4969 711 5030 nibus,
740 4965 804 5020 ad
837 4963 1051 5017 modum
1090 4963 1347 5018 ﬂuctuum
1392 4965 1797 5019 exundantium.
1838 4962 1988 5029 Quod
2020 4970 2100 5014 cst

533 5059 738 5112 .licerc:
789 5055 1076 5122 Postquam
1126 5068 1309 5107 eorum
1342 5054 1710 5108 inﬁdelitatem
1745 5053 2096 5118 destruxeris,

530 5152 773 5204 destrnes
802 5147 963 5201 etiam
992 5161 1084 5199 eos
1116 5146 1166 5198 in
1199 5146 1301 5199 boc
1329 5161 1393 5199 ne
1433 5146 1539 5200 tuis
1573 5146 1795 5200 ulterius
1826 5146 2099 5199 contradi-

527 5251 686 5305 eant,
738 5250 791 5294 ct
834 5253 925 5293 eos
978 5246 1393 5308 persequantur.
1449 5237 1620 5307 Digne
1668 5240 1863 5307 quippe
1910 5254 2095 5293 eorum

490 5390 493 5395 ,
531 5334 979 5390 contradictiones
1006 5347 1170 5387 sonus
1224 5330 1496 5393 dicuntur,
1546 5344 1611 5383 eo
1645 5331 1786 5401 quod
1826 5346 1944 5384 cum
1988 5347 2099 5385 ma—

531 5442 632 5497 gno
665 5439 797 5479 sono
848 5424 998 5479 facta:
1032 5432 1177 5478 sunt.
1218 5420 1431 5490 Repetit
1480 5429 1658 5474 autem
1699 5422 1839 5489 quod
1886 5422 2097 5490 posuit,

534 5518 804 5571 :onturbas
852 5518 1169 5586 profundum
1202 5516 1389 5577 maris,
1423 5523 1481 5567 ut
1527 5515 1691 5568 addat
1723 5516 2094 5580 turbabuntur,

534 5626 745 5679 .uquam
768 5653 780 5677 ,
813 5623 1008 5682 gentes,
1037 5628 1154 5681 qua:
1194 5619 1319 5666 sunt
1346 5608 1668 5679 profundum
1702 5610 1894 5664 maris:
1932 5617 1989 5661 ut
2033 5611 2099 5661 ti—

532 5718 709 5759 meant
748 5707 814 5760 de
860 5708 1093 5773 peccatis
1141 5706 1251 5758 suis
1298 5704 1476 5759 servili
1530 5704 1716 5757 timore
1770 5702 1999 5767 scilicet,
2043 5712 2095 5755 et

2205 4508 2329 4560 rari.
2366 4507 2497 4562 Orat
2527 4524 2652 4562 vero
2685 4518 2742 4561 ut
2765 4508 2906 4578 quod
2945 4508 3237 4574 nuntiavit,
3268 4508 3507 4562 futurum
3533 4508 3604 4561 sic
3629 4519 3732 4558 con-

2205 4599 2393 4669 tingat.
2424 4600 2556 4653 Cum
2583 4600 2762 4666 addit,
2792 4600 2897 4653 dixi
2929 4600 3071 4668 quod
3113 4601 3406 4654 inebriabis
3452 4611 3663 4657 terram,
3693 4604 3735 4645 et

2203 4692 2279 4743 sic
2310 4689 2417 4752 fiat,
2436 4689 2594 4751 Deus,
2624 4690 2759 4742 rivos
2784 4691 2923 4758 ejus,
2959 4700 3135 4754 terra),
3162 4690 3323 4759 230
3344 4692 3553 4745 inebria.
3577 4690 3624 4742 In
3650 4687 3730 4739 alia
3804 4740 3805 4763 γ

2205 4777 2551 4833 translatione
2572 4777 3004 4843 babetur,sulcos
3021 4778 3153 4845 ejus,
3174 4788 3272 4833 etc.
3290 4789 3368 4843 ,et
3389 4781 3538 4843 bene,
3554 4776 3674 4846 quot
3690 4774 3729 4823 in
3802 4840 3803 4851 χ

2204 4868 2303 4921 hac
2321 4868 2669 4922 translatione
2692 4871 2825 4922 rivos
2836 4886 2930 4939 pro
2942 4870 3103 4923 sulcis
3122 4871 3288 4940 ponit,
3308 4872 3517 4942 eoqnod
3535 4872 3726 4924 rivorum

2203 4960 2333 5012 sulci
2351 4960 3067 5028 obtineantsimilitudinem,
3082 4977 3200 5015 cum
3220 4963 3284 5017 ad
3301 4965 3510 5018 modum
3533 4962 3726 5015 rivorum

2203 5051 2346 5118 ripas
2361 5051 2557 5106 habere
2572 5052 2874 5106 videantur.
2892 5053 3020 5106 Dico
3035 5054 3170 5106 rivos
3184 5054 3294 5122 ejus
3319 5065 3472 5109 terra:
3484 5052 3673 5111 incbria,
3687 5046 3724 5099 il

2200 5151 2284 5197 est
2329 5142 2475 5211 reple
2506 5143 2679 5215 gratia
2710 5143 2938 5212 Spiritali
2968 5143 3129 5197 corda
3169 5144 3309 5197 illius
3365 5154 3545 5207 terrm,
3588 5138 3723 5192 scissa

2201 5245 2253 5290 et
2300 5234 2502 5289 sulcata
2546 5250 2763 5289 vomere
2803 5234 3234 5303 praedicationis,
3271 5235 3322 5288 id
3357 5245 3436 5288 est
3468 5240 3632 5301 aperta
3670 5224 3720 5277 al

2202 5326 2639 5395 prmdicationem
2666 5325 3063 5395 recipiendam,
3097 5340 3217 5395 quae
3243 5327 3404 5396 'prius
3435 5325 3598 5379 clausa
3630 5322 3721 5369 eral

2200 5435 2297 5489 per
2347 5418 2750 5483 infidelitatem,
2806 5420 2871 5471 ad
2923 5419 3140 5472 modum
3191 5427 3346 5472 terrae
3400 5432 3508 5485 quzc
3543 5411 3599 5465 ad
3642 5408 3719 5460 hoc

2202 5512 2486 5577 scinditur,
2520 5511 2779 5577 sulcatur,
2815 5526 3030 5566 vomere
3059 5511 3318 5579 aperitur,
3353 5520 3405 5561 ut
3436 5521 3599 5561 semen
3624 5514 3717 5553 sus-

2203 5605 2398 5673 cipiat,
2443 5613 2496 5658 ct
2542 5603 2858 5658 inebriando
2898 5602 3075 5656 sulcos
3117 5602 3261 5669 ejus,
3308 5596 3577 5664 multiplica
3607 5586 3717 5659 getti-

2204 5697 2343 5749 mina
2390 5695 2532 5763 ejus,
2566 5695 2616 5749 id
2666 5703 2748 5749 cst
2793 5693 2958 5747 multa
3010 5694 3073 5747 da
3110 5693 3179 5744 ilii
3233 5690 3519 5760 genimina:
3560 5678 3715 5736 multus
3782 5730 3783 5745 λ
