3846 6334
71 419 143 477 illi
992 406 1354 468 EXPOSITIO
1394 410 1457 465 IN
1488 406 1822 465 PSALMOS.
1855 441 1924 449 —
1946 409 2138 466 PSAI..
2172 409 2328 465 LXV.

3174 406 3281 465 943

75 533 243 587 StliiCCl
271 542 603 583 successores
636 527 774 580 lilios
810 526 1112 595 spiritales,
1147 529 1212 583 de
1261 526 1504 583 doctrina
1542 535 1594 579 et
1628 530 1670 585 Α
1701 540 1798 594 pro
1827 527 2120 581 victoribus
2150 527 2388 595 ponitur,
2417 541 2539 580 cum
2573 527 2807 583 victores
2834 526 3055 584 coronis
3078 541 3276 596 smptus

72 623 162 691 ejus
189 620 281 674 lide
307 620 696 690 gertniuaulcs:
732 628 785 671 et
812 618 854 671 si
885 618 985 672 hoc
1028 617 1223 673 feceris
1246 660 1259 682 ,
1292 619 1590 688 germinans

71 716 255 783 quisque
292 711 549 765 laetabitur
596 712 649 763 in
692 707 979 763 stillicidiis
1020 710 1152 777 eius,
1188 711 1446 773 ﬂuminis,
1481 722 1597 762 sus-

72 802 311 872 cipicudis,
356 801 405 854 id
445 809 525 855 est
562 800 808 854 instanter
852 800 1144 869 suseipient
1171 799 1439 870 genitniua
1484 795 1599 866 ejus

75 907 224 955 teme.
258 893 516 947 stillicidia
549 891 668 963 ejus
699 892 961 955 ﬂuminis,
993 892 1046 945 id
1075 900 1157 947 est
1184 891 1457 945 doctrinas
1479 903 1598 958 quas

75 987 193 1039 abeo
218 984 509 1038 stillahunt:
538 985 622 1037 vel
662 984 740 1038 sic
770 990 989 1052 possent
1020 982 1072 1036 hi
1105 992 1214 1037 tres
1242 996 1432 1036 versus
1459 981 1595 1049 legi:

78 1075 224 1129 Exitus
258 1074 494 1127 matutini
542 1084 588 1127 et
637 1092 841 1143 vespere
886 1074 1164 1129 delectabis
1208 1075 1258 1127 in
1309 1073 1595 1144 gentibus;

76 1176 114 1218 et
137 1182 215 1233 per
241 1166 334 1218 hoc
362 1163 673 1226 delec.’nbis,
719 1164 842 1233 quia
884 1164 1105 1217 visitasti
1143 1171 1363 1225 terram,
1418 1162 1483 1215 id
1518 1170 1600 1215 cst

77 1268 222 1323 gentes
248 1256 578 1311 solummodo
604 1296 617 1316 ,
660 1266 706 1309 et
754 1257 834 1309 sic
877 1257 1106 1309 visitasli
1145 1254 1285 1324 quod
1330 1254 1600 1307 iuebtiusli

77 1366 182 1408 eam,
211 1348 557 1417 multiplicum
587 1347 904 1416 locupletare
934 1364 1045 1401 eam
1077 1349 1188 1401 lucc
1221 1356 1518 1400 mutantur.

128 1442 337 1494 Ostendit
360 1448 536 1493 autem
563 1453 667 1507 quo
695 1439 884 1493 ordine
926 1439 1163 1492 visitabit
1206 1448 1435 1500 terram,
1466 1437 1544 1491 sic
1580 1454 1591 1489 :

81 1533 175 1585 Dico
203 1534 328 1600 quod
363 1530 613 1584 visitahis
645 1540 884 1593 terram,
925 1538 977 1582 et
1012 1530 1112 1582 hoc
1163 1527 1329 1580 facies
1369 1541 1463 1595 per
1503 1524 1600 1577 ﬂu-

81 1636 193 1682 men,
220 1621 265 1672 id
297 1629 375 1673 est
413 1633 507 1688 per
547 1619 874 1687 primitivum
919 1618 1211 1672 Ecclesium
1250 1617 1313 1670 de
1354 1615 1551 1670 Judreis
1582 1656 1595 1679 ,

84 1726 168 1777 qua:
198 1711 378 1764 dicitur
424 1708 646 1773 ﬂumen,
682 1724 745 1761 eo
792 1710 933 1773 quod
982 1722 1047 1760 ex
1098 1721 1161 1760 ea
1213 1705 1596 1775 prtedicatores

83 1804 342 1871 precedent,
392 1803 533 1856 sicut
587 1802 651 1856 de
690 1802 908 1854 llumine
947 1800 1045 1854 rivi
1092 1799 1409 1869 procedunt.
1462 1796 1594 1850 Nam

85 1895 172 1945 Illud
207 1896 385 1961 ﬂumen
426 1892 521 1945 Dei
574 1891 823 1961 repletum
878 1901 983 1956 est,
1042 1891 1095 1944 id
1144 1898 1228 1944 est
1274 1887 1597 1957 replebitur,

84 1982 206 2048 aquis,
236 1981 281 2034 id
314 1990 395 2035 est
425 1979 626 2035 multos
681 1981 903 2035 habebit
946 1981 1349 2051 prtedicatores,
1384 1977 1473 2046 qui
1514 1975 1597 2029 di-

85 2083 230 2124 cuntur
274 2088 453 2141 aqure,
492 2088 558 2127 co
589 2073 734 2141 quod
787 2072 921 2126 alios
973 2073 1038 2126 ad
1072 2070 1287 2125 modum
1338 2066 1598 2137 aquarum

88 2164 275 2217 doctrina
304 2180 396 2217 sua
427 2173 634 2233 potent.
657 2165 721 2218 Et
751 2173 803 2217 tu
822 2204 836 2228 ,
869 2164 1031 2228 Deus,
1059 2162 1259 2231 parasti
1282 2159 1450 2213 cibum
1482 2159 1599 2211 illo-

88 2268 183 2314 runt,
199 2252 238 2303 id
260 2262 332 2307 est
354 2253 577 2321 parabis
597 2252 775 2305 cibum
793 2252 868 2305 illi
894 2252 1121 2318 ﬂumini,
1147 2250 1300 2306 dabis
1322 2246 1531 2303 scilicet
1550 2249 1598 2303 ei

91 2342 287 2410 Spiritum
317 2354 566 2397 sanctum
596 2385 610 2408 ,
640 2344 732 2413 qui
775 2344 880 2398 erit
909 2344 957 2397 ei
994 2344 1178 2407 cibus,
1221 2342 1271 2396 id
1318 2350 1402 2396 est
1447 2341 1600 2409 panis

89 2434 173 2489 vite
195 2446 237 2490 et
262 2436 583 2491 intellectus.
621 2436 736 2490 Non
768 2436 1061 2505 incongrue
1102 2450 1231 2489 vero
1269 2433 1480 2487 illorum
1508 2447 1597 2487 re—

90 2522 210 2578 fertur
227 2528 284 2580 ad
313 2528 537 2593 ﬂumen,
572 2527 826 2596 quoniam
854 2536 907 2582 et
945 2528 990 2581 si
1031 2527 1082 2581 in
1134 2527 1438 2581 litteratura
1490 2527 1601 2579 sin-

92 2617 251 2683 gulare,
295 2620 342 2673 iu
390 2635 556 2675 sensu
610 2629 791 2673 tamen
849 2629 933 2674 est
982 2617 1211 2687 plurale.
1270 2619 1399 2673 Dico
1456 2617 1599 2687 quod

92 2710 245 2771 parabis
269 2711 434 2765 cibqu
466 2711 721 2775 illorum,
754 2712 1002 2782 quoniam
1032 2711 1107 2763 ita
1137 2720 1239 2775 est,
1276 2710 1326 2764 id
1351 2716 1432 2765 est
1455 2710 1557 2764 erit
1584 2749 1598 2774 ,

96 2803 339 2867 preparatio
366 2804 499 2873 ejus,
537 2803 676 2868 cibi,
726 2803 777 2857 id
824 2814 907 2857 est
956 2802 1113 2857 aliter
1153 2802 1447 2872 prmparari
1495 2818 1599 2856 non

95 2901 236 2955 posset.
263 2894 381 2949 Orat
416 2905 602 2951 autem
636 2910 735 2965 pro
776 2895 907 2965 ipsis
951 2895 1396 2964 przedicatoribus
1419 2937 1432 2960 ,
1478 2910 1599 2950 cum

96 2986 216 3040 addit:
241 2989 353 3045 Dico
379 2994 523 3061 quod
557 2994 751 3061 ﬂumen
782 2990 879 3045 Dei
912 2990 1205 3060 replebitur
1236 2991 1406 3060 aquis,
1439 2990 1489 3044 id
1519 2999 1603 3044 est

96 3080 472 3147 pmdicatoribus,
501 3093 562 3138 et
587 3093 640 3137 tu
664 3124 679 3149 ,
704 3085 868 3148 Deus,
899 3083 1030 3137 rivos
1060 3083 1171 3152 ejus
1202 3084 1400 3138 inebria
1430 3084 1602 3153 gratia

1700 616 2070 681 houorcutur;
2133 626 2187 670 et
2238 617 2313 670 sic
2372 617 2703 686 exponitur:
2754 617 3017 671 benedices
3066 633 3276 674 corona?

1700 708 1824 760 auui
1852 707 2177 775 benignitatis
2209 717 2329 770 ture,
2363 708 2412 761 il
2441 718 2521 764 est
2545 707 2714 778 gloria
2742 708 3059 764 sublimabis
3104 710 3277 765 victo-

1700 812 1787 853 res
1807 797 2090 853 salvandos
2113 799 2163 852 in
2184 797 2695 878 antro‘banignitatis
2717 807 2841 865 tua),
2857 813 3046 853 omnes
3068 799 3279 855 scilicet

1702 890 1905 955 fideles,
1932 891 2021 959 qui
2058 891 2200 945 hunc
2230 892 2487 944 mundum
2530 891 2669 944 bene
2696 890 2925 943 vivendo
2967 889 3276 945 devincent.

1701 980 1834 1035 Cum
1850 982 1997 1035 dicit:
2013 980 2287 1035 Benedices
2299 998 2527 1046 coroua’,
2542 983 2606 1036 de
2621 982 2872 1037 universa
2890 981 3124 1036 Ecclesia
3142 981 3272 1052 agit.

1771 1074 1927 1145 231
1970 1074 2121 1141 Quod
2149 1075 2311 1128 etiam
2337 1089 2430 1143 per
2453 1086 2633 1143 partes
2655 1076 2965 1144 exponitur,
2993 1075 3073 1129 sic
3098 1088 3112 1127 :
3138 1073 3271 1128 Dico

1703 1168 1843 1235 quod
1872 1166 2135 1218 benediees
2171 1181 2408 1230 coronte,
2440 1164 2513 1219 ita
2552 1166 2794 1231 scilicet,
2844 1166 2985 1235 quod
3012 1174 3061 1218 et
3103 1165 3274 1237 campi

1702 1256 1811 1321 tui,
1845 1256 1932 1325 qui
1982 1263 2140 1309 erunt
2183 1270 2311 1325 pars
2350 1256 2491 1310 illius
2540 1271 2788 1321 corona},
2834 1256 3043 1310 scilicet
3091 1255 3279 1311 ﬁdeles

1702 1345 1868 1400 Judaei
1898 1345 1988 1415 qui
2035 1346 2286 1400 dicuntur
2334 1348 2540 1417 campi,
2591 1362 2655 1402 eo
2706 1346 2983 1417 quodjam
3016 1346 3279 1401 habentes

1703 1437 1795 1491 Dei
1837 1438 2084 1492 notitiam
2114 1440 2407 1495 habiliores
2436 1441 2653 1494 luerunt
2680 1456 2840 1510 quam
2872 1450 3060 1511 gentes
3088 1440 3153 1493 ad
3184 1440 3285 1495 dov

1702 1527 1891 1582 ctrina:
1922 1543 2105 1583 semen
2140 1531 2507 1598 recipiendum
2538 1549 2550 1584 :
2586 1532 2726 1585 sicut
2756 1532 2930 1601 campi
2983 1530 3278 1585 habiliores

1702 1627 1828 1672 sunt
1853 1633 2013 1688 quam
2046 1628 2325 1675 montuosa
2365 1630 2510 1676 terra
2542 1621 2607 1675 ad
2630 1636 2813 1676 semen
2849 1621 3274 1691 suscipiendum,

1703 1709 2054 1779 replebutttur,
2090 1711 2140 1764 in
2172 1711 2381 1777 futuro,
2412 1714 2644 1766 ubertate
2672 1712 3021 1767 beatitudinis
3059 1721 3279 1767 (eterna!

1700 1811 1755 1857 et
1785 1802 1835 1855 in
1868 1802 2046 1855 anima
2078 1815 2131 1859 et
2160 1802 2211 1855 in
2244 1817 2495 1872 corpore.
2528 1803 2595 1857 Et
2623 1803 2856 1873 speciosa
2901 1803 3125 1868 deserti,
3158 1817 3280 1872 quae

1703 1893 1954 1949 suntalia
1994 1907 2119 1963 pars
2158 1909 2403 1957 coruum,
2435 1893 2486 1947 id
2535 1903 2619 1948 cst
2650 1904 2839 1964 gentes
2863 1933 2877 1959 ,
2909 1909 3027 1962 quas
3074 1908 3137 1947 ex
3178 1895 3283 1947 hoc

1703 1987 1846 2057 quod
1884 1986 2032 2056 prius
2076 1987 2348 2040 desertum
2405 1998 2598 2051 erant,
2646 1987 2882 2052 scilicet,
2922 1985 3037 2055 lege
3081 1994 3134 2039 et
3185 1985 3283 2038 Dei

1702 2071 1893 2134 notitia
1925 2087 2211 2143 carentes,
2242 2078 2502 2147 speciosae
2534 2077 2689 2132 facta:
2724 2086 2848 2132 sunt
2900 2076 2951 2130 in
2993 2077 3095 2130 lide
3131 2083 3183 2129 et
3229 2076 3283 2128 in

1701 2171 1847 2227 omni
1894 2170 2151 2224 virtutum
2196 2178 2250 2225 et
2299 2169 2564 2224 bonorum
2631 2182 2854 2237 operum
2905 2165 3275 2235 perfectione,

1702 2262 2058 2330 pinguesceut,
2097 2259 2147 2314 id
2179 2268 2263 2315 est
2291 2259 2646 2329 replcbuntur
2675 2258 2864 2313 eadem
2896 2266 2947 2311 et
2972 2257 3283 2325 gaudebunt.

1704 2354 1956 2407 ubertate
1984 2366 2087 2420 qua
2137 2360 2190 2406 et
2221 2352 2417 2422 campi.
2460 2352 2821 2421 Pinguesccre
2872 2350 3000 2403 dicit
3036 2363 3063 2399 a
3098 2347 3285 2402 simili-

1704 2444 1888 2500 tudine
1923 2444 2137 2507 divitis,
2170 2444 2261 2512 qui
2311 2443 2564 2498 omnibus
2612 2441 2814 2496 divitiis
2854 2438 3118 2508 repletus,
3168 2439 3285 2506 pin-

1703 2537 1942 2606 guescit,
1974 2546 2027 2591 et
2064 2538 2254 2608 gaudet
2288 2538 2339 2591 iu
2383 2537 2481 2591 eis.
2519 2535 2649 2603 Qure
2686 2548 2815 2590 vero
2854 2542 2909 2588 et
2939 2532 3130 2585 deserti
3168 2548 3284 2601 spe-

1703 2629 1843 2681 ciosa
1876 2638 1929 2681 et
1957 2630 2126 2699 campi
2158 2630 2357 2685 habent
2402 2629 2564 2684 etiam
2613 2641 2738 2681 suas
2784 2634 3005 2695 partes:
3035 2623 3286 2695 praelatos

1703 2718 1939 2781 scilicet,
1974 2720 2065 2788 qui
2099 2720 2265 2774 colles
2300 2720 2577 2783 dicuntur,
2606 2733 2671 2771 eo
2701 2716 2843 2785 quod
2893 2715 3011 2769 aliis
3043 2722 3286 2783 prtcsunt

1704 2816 1764 2861 ut
1793 2808 1962 2863 colles
1999 2808 2255 2873 vallibus,
2295 2819 2349 2864 et
2378 2809 2654 2878 subjectos
2682 2807 2855 2861 dictos
2909 2804 3096 2870 valles,
3159 2806 3284 2874 quia

1706 2897 1947 2965 prmlatis
1974 2899 2334 2967 subjiciuntur
2355 2901 2495 2955 sicut
2520 2901 2687 2956 valles
2712 2900 2960 2966 collibus,
2985 2908 3039 2953 et
3066 2900 3285 2968 insuper

1704 2988 1940 3059 majores
1964 3000 2019 3045 et
2045 2990 2266 3045 altiores
2290 2991 2564 3061 praelatos,
2592 2992 2684 3062 qui
2712 2992 2956 3047 omnium
2978 2982 3034 3045 et
3064 2990 3282 3044 collium

1704 3088 1759 3133 et
1791 3079 2011 3133 vallium
2059 3079 2221 3134 duces
2268 3091 2422 3147 sunt,
2471 3082 2611 3137 sicut
2664 3082 2864 3136 arietes
2895 3074 2948 3135 et
2998 3082 3179 3136 ovium
3229 3089 3284 3136 et

97 3166 288 3235 spiritali,
314 3174 698 3242 praedicatores
741 3173 947 3228 scilicet
983 3174 1072 3244 qui
1104 3190 1168 3227 ex
1211 3174 1429 3227 llumine
1477 3187 1601 3242 pro-
1629 3212 1673 3273 Ο
1707 3183 1967 3239 agnorum
2000 3170 2167 3225 duces
2196 3172 2453 3227 existunt.
2486 3173 2732 3229 Ostendit
2758 3182 2937 3229 autem
2980 3188 3078 3243 per
3101 3182 3285 3240 partes

98 3257 211 3313 dcunt
223 3274 267 3316 ut
284 3266 391 3330 rivi,
407 3276 459 3320 et
480 3282 546 3337 pe
559 3282 582 3319 r
597 3266 740 3321 rivos
755 3265 1049 3320 inebriatos
1075 3264 1368 3335 multiplica
1384 3264 1603 3334 genimi-

100 3363 141 3400 tta
156 3351 237 3419 ejus
255 3355 488 3422 ﬂuminis,
514 3360 571 3413 id
602 3367 685 3412 est
708 3357 905 3412 multos
933 3356 1019 3412 fac
1052 3356 1358 3428 germinare
1380 3356 1516 3411 ﬁlios
1538 3356 1603 3411 de

101 3437 186 3491 rivis
204 3443 299 3504 ejus
325 3448 579 3502 ﬂuminis.
606 3446 756 3513 Quod
774 3456 857 3502 est
884 3447 1093 3501 dicere:
1121 3445 1315 3501 Multos
1336 3446 1403 3501 de
1430 3447 1604 3502 incre-

102 3530 194 3586 dulis
217 3535 258 3588 in
288 3535 454 3593 ludrea
485 3540 574 3594 fac
605 3540 907 3610 germinare
937 3540 989 3593 in
1022 3538 1126 3593 lide
1155 3538 1220 3593 de
1253 3540 1600 3610 generatione

103 3622 135 3673 in
153 3632 526 3695 generationem,
568 3647 661 3703 per
690 3633 1128 3702 praedicationem
1163 3632 1401 3686 rivorum
1431 3650 1444 3699 ;
1475 3643 1529 3687 et
1557 3635 1599 3689 si

105 3716 198 3772 rivos
218 3720 570 3788 inebriaveris,
602 3726 655 3777 in
681 3724 963 3779 stillicidiis
994 3724 1108 3793 ejus
1134 3723 1371 3779 ﬂuminis
1390 3766 1404 3790 ,
1433 3727 1485 3779 id
1511 3735 1594 3779 est

104 3806 137 3857 in
155 3809 366 3871 doctrinis
399 3834 516 3886 qua:
550 3816 830 3869 stillabant
862 3832 890 3868 a
929 3816 1058 3869 rivis
1106 3813 1367 3878 ﬂuminis,
1399 3815 1603 3869 [tutabi-

106 3905 159 3946 lar
178 3904 448 3971 germinans,
497 3907 549 3960 id
591 3915 678 3959 est
708 3906 938 3976 gentilis
983 3906 1212 3976 populus
1264 3906 1315 3960 in
1349 3906 1453 3961 lide
1486 3923 1604 3976 ger-

108 3989 268 4049 minans.
314 3998 456 4063 Quod
504 4008 591 4053 est
647 3998 824 4052 dicere
862 4017 875 4051 :
911 3997 1024 4053 Non
1072 3997 1245 4053 solum
1295 3996 1601 4054 Judmorum

107 4085 285 4149 populum
312 4092 606 4160 germinare
636 4090 864 4155 facient,
894 4091 988 4145 sed
1031 4090 1196 4145 etiam
1229 4090 1503 4159 geutilem.
1537 4092 1604 4147 Et

110 4168 174 4225 hoc
195 4186 330 4234 totum
373 4192 483 4247 est,
516 4198 583 4238 ac
622 4183 666 4237 si
717 4181 955 4236 breviter
986 4182 1189 4237 diceret
1222 4200 1234 4234 :
1276 4181 1385 4237 lloe
1414 4183 1603 4239 ordine

110 4261 281 4325 liSilabis
306 4283 522 4338 terram,
557 4283 748 4346 gentes
791 4273 1027 4338 scilicet,
1057 4274 1197 4343 quod
1235 4274 1385 4344 prius
1416 4275 1602 4330 Eccle-

111 4354 198 4408 siam
229 4362 531 4427 primitivum
564 4367 633 4419 de
660 4365 860 4421 Judteis
892 4366 1225 4429 constitues,
1258 4380 1376 4434 qua:
1408 4367 1602 4423 multos

114 4441 286 4506 lubitum
326 4466 400 4510 est
449 4458 865 4527 praedicatores,
916 4462 1179 4527 per'quos
1211 4465 1387 4520 terra,
1430 4457 1481 4510 id
1521 4467 1604 4512 est

1708 3274 1868 3329 quam
1902 3259 2199 3316 ubertatem
2235 3263 2508 3317 habebunt
2534 3273 2586 3318 et
2619 3266 2787 3335 campi
2827 3274 2875 3320 et
2916 3266 3150 3335 speciosa
3197 3266 3284 3320 tle—

1707 3351 1851 3417 serti,
1890 3368 2008 3406 cum
2039 3352 2116 3407 sic
2142 3354 2455 3425 subjungit:
2488 3355 2621 3410 Dico
2647 3358 2788 3426 quod
2820 3359 2990 3427 campi
3013 3357 3285 3429 repleban-

1707 3452 1795 3497 tur
1825 3444 2083 3508 ubertate,
2118 3455 2163 3499 et
2194 3448 2425 3514 speciosa
2471 3448 2664 3502 deserti
2698 3448 3073 3519 pingueseent;
3104 3459 3159 3506 et
3205 3450 3286 3505 sic

1707 3535 1830 3590 erit.
1863 3534 1998 3589 Nam
2028 3546 2076 3590 et
2106 3535 2293 3602 colles,
2323 3537 2375 3591 id
2419 3546 2502 3592 est
2534 3539 2770 3594 minores
2812 3540 3017 3610 praelati
3048 3550 3104 3597 et
3135 3558 3285 3597 cam-

1707 3638 1898 3694 porum
1925 3635 1978 3679 et
2006 3626 2201 3680 deserti
2222 3666 2236 3690 ,
2262 3627 2621 3696 acciugentur,
2657 3627 2709 3682 id
2736 3640 2822 3684 est
2852 3630 3203 3700 replebuutur
3229 3644 3285 3687 et

1707 3716 2269 3771 circumvallabuntur
2295 3727 2348 3770 et
2375 3717 2428 3772 in
2455 3732 2685 3788 corpore
2713 3728 2768 3774 ct
2802 3719 2856 3775 in
2891 3721 3091 3788 anima,
3112 3725 3287 3777 exsul—

1707 3810 1901 3863 tatione
1930 3808 2286 3865 beatitudinis
2314 3819 2553 3878 ceterum,
2582 3828 2611 3865 a
2644 3812 2998 3869 similitudine
3026 3815 3166 3871 illius
3191 3818 3287 3886 qui

1706 3915 1766 3956 re
1796 3901 1975 3971 aliqua
2007 3902 2331 3973 accingitur,
2383 3902 2435 3958 id
2479 3912 2562 3959 est
2614 3912 2757 3959 totus
2807 3905 3199 3973 circumdatur,
3231 3916 3288 3963 et

1707 3995 1927 4060 arietes,
1981 3994 2035 4049 id
2085 4004 2170 4049 est
2218 3994 2452 4064 majores
2503 3996 2747 4067 praelati,
2780 3998 2960 4052 ovium
2993 3998 3184 4067 duces,
3232 4001 3289 4057 id

1706 4091 1789 4137 est
1823 4084 2126 4150 minorum,
2160 4086 2333 4139 induti
2370 4096 2523 4154 sunt,
2571 4086 2623 4141 id
2650 4096 2735 4143 est
2762 4087 3055 4144 indueutur
3097 4091 3287 4145 eadem

1705 4176 2095 4243 exsultatione,
2124 4193 2227 4248 qua
2264 4186 2319 4232 et
2348 4178 2544 4246 colles,
2570 4179 2621 4234 id
2647 4188 2731 4234 est
2758 4189 2813 4234 et
2844 4181 2897 4234 in
2941 4182 3121 4235 anima
3148 4190 3204 4237 et
3229 4182 3288 4237 in

1707 4279 1935 4336 corpore
1962 4265 2330 4335 replebuntur.
2361 4267 2475 4323 lloc
2500 4275 2680 4322 autem
2708 4269 2910 4322 dictum
2938 4278 3022 4324 est
3048 4285 3144 4340 per
3169 4286 3254 4325 em
3275 4301 3289 4314 ο

1707 4358 1957 4427 phasim,
2021 4374 2051 4412 a
2102 4359 2459 4414 similitudine
2515 4359 2745 4430 alicujus
2813 4362 3092 4432 corporis,
3142 4364 3287 4432 quod

1710 4450 1945 4504 vestibus
1971 4450 2167 4519 quibus
2195 4450 2437 4505 indutum
2460 4459 2543 4505 est
2566 4451 2876 4520 cooperitur
2898 4461 2952 4507 et
2980 4452 3286 4509 circumda-

113 4541 269 4603 populus
303 4550 528 4617 gentilis,
562 4549 889 4617 germinabit
918 4550 968 4602 in
1005 4549 1107 4602 lide
1137 4556 1191 4602 ct
1223 4547 1599 4602 inebriabitur.
1636 4557 1679 4610 1)
1708 4551 1793 4596 tur
1825 4559 1838 4595 :
1873 4552 1919 4595 et
1951 4541 2142 4607 valles,
2166 4542 2217 4596 id
2243 4551 2326 4597 est
2352 4542 2550 4597 subditi
2574 4553 2630 4598 et
2658 4542 2887 4599 collibus
2914 4552 2969 4598 et
2998 4543 3282 4612 arietibus,

156 4629 332 4691 Ostcnso
358 4642 526 4709 primo
564 4641 1019 4711 peregrinationis
1049 4641 1256 4705 reditu,
1303 4642 1598 4695 secundum

115 4725 317 4783 Intendere
349 4732 604 4800 intendit,
635 4733 743 4787 sic:
800 4733 913 4785 Dixi
952 4733 1094 4803 quod
1132 4741 1326 4787 terram
1354 4733 1601 4788 visitabis

115 4812 401 4878 tIliaebriabis
437 4840 533 4895 per
571 4825 718 4879 rivos
761 4824 1028 4885 ﬂuminis,
1084 4833 1138 4879 et
1191 4824 1325 4887 hoc,
1360 4823 1598 4888 scilicet,

116 4896 223 4960 iacies
245 4910 287 4965 in
326 4915 419 4971 hoc
457 4918 688 4972 mundo:
724 4920 775 4972 in
827 4927 979 4973 sexta
1014 4916 1262 4971 videlicet
1311 4923 1496 4982 mtalc;
1548 4918 1599 4970 in

120 4986 236 5083 laturo
258 5015 415 5061 autem
449 5009 716 5063 benedices
744 5027 951 5063 corontc
974 5010 1097 5062 anui
1122 5008 1453 5078 benignitatis
1474 5019 1597 5075 tua’,

182 5096 269 5176 ξεί,
329 5099 583 5155 exaltabis
648 5102 699 5155 in
761 5100 967 5154 cmlesti
1021 5100 1189 5171 gloria
1240 5100 1597 5154 universalem

120 5165 330 5269 Lctlcsiam
359 5198 524 5253 tuam,
570 5201 624 5247 et
650 5208 714 5245 ex
744 5191 945 5245 Judaeis
973 5201 1025 5245 et
1058 5208 1121 5246 ex
1169 5190 1451 5260 gentibus,
1485 5207 1601 5259 qua:

120 5270 186 5314 ent
206 5282 362 5329 corona
399 5274 519 5333 anni
551 5283 881 5351 benignitatis
924 5293 1063 5348 ture,
1098 5283 1150 5338 id
1181 5291 1265 5337 est
1313 5281 1600 5336 multitudo

122 5354 315 5429 relicmpla
344 5370 388 5422 in
424 5387 563 5427 anno
602 5374 978 5445 benignitatis,
1031 5376 1082 5430 id
1128 5384 1212 5431 est
1258 5376 1310 5428 in
1361 5384 1601 5445 tempore

121 5447 305 5509 Passionis
350 5468 461 5515 tute.
500 5464 553 5516 ln
605 5480 708 5533 quo
752 5465 984 5535 benigne
1029 5482 1158 5537 ages
1205 5480 1325 5520 cum
1363 5466 1599 5520 humano

122 5544 266 5627 itinere.
288 5547 529 5609 Coronam
558 5558 699 5611 enim
718 5599 730 5622 ,
762 5559 1155 5613 multitudinem
1185 5558 1388 5612 circum
1418 5566 1599 5612 astan-

124 5628 208 5729 ξιυξξι
228 5636 375 5698 dicere
402 5651 792 5706 consuevimus.
824 5652 1055 5721 Ideoque
1082 5652 1241 5723 digne
1278 5667 1376 5722 pro
1412 5650 1596 5706 mum-

128 5718 250 5824 illaille
285 5736 473 5799 ponitur
505 5740 763 5806 fidelium,
802 5743 891 5811 qui
928 5718 984 5797 in
1019 5718 1219 5799 aeterna
1258 5718 1428 5814 gloria
1456 5756 1596 5812 ιπερ-

130 5817 256 5872 “ulla
288 5823 471 5888 Domini
516 5832 639 5890 Jesu
673 5834 874 5892 circum
926 5834 1210 5892 astabunt°
1260 5834 1343 5894 vel
1394 5847 1593 5892 corona

1704 4635 2043 4688 abundabunt
2067 4634 2359 4703 frumento,
2393 4636 2445 4689 id
2486 4645 2570 4691 est
2598 4635 2935 4693 beatitudine
2978 4640 3287 4709 praesentia:

1703 4726 1904 4781 Christi
1937 4742 2043 4795 qua
2075 4736 2365 4797 pascentur
2404 4728 2726 4796 spiritaliter
2754 4738 2807 4784 et
2850 4729 2903 4785 in
2932 4731 3110 4787 anima
3147 4740 3201 4788 et
3229 4734 3286 4788 in

1703 4836 1951 4891 corpore,
2000 4822 2066 4876 ad
2094 4819 2319 4875 modum
2346 4822 2606 4876 frumenti
2634 4823 2776 4893 quod
2808 4826 2979 4895 magis
3006 4826 3287 4897 egregium

1704 4923 1786 4969 est
1811 4914 2023 4969 cmteris
2057 4914 2323 4969 messibus
2371 4914 2440 4969 ad
2482 4916 2831 4984 pascendum.
2870 4918 3078 4973 Dicitur
3121 4917 3284 4974 etiam

1703 5005 2033 5061 frumentum
2074 5003 2335 5061 Dominus
2366 5005 2557 5072 Jesus,
2594 5008 2685 5077 qui
2728 5023 2825 5063 nos
2858 5024 2995 5079 pane
3024 5010 3285 5072 doctrina:

1702 5114 1811 5153 suae
1838 5099 2017 5153 satiat.
2051 5099 2124 5153 De
2162 5114 2269 5169 quo
2300 5099 2495 5170 legitur
2521 5120 2533 5155 :
2566 5120 2584 5151 ι
2624 5100 2736 5156 Nisi
2765 5116 2992 5172 granum
3020 5100 3282 5155 frumenti

1704 5188 1880 5259 (Joan.
1910 5206 2006 5254 xu,
2030 5190 2146 5260 24),
2172 5209 2188 5240 ι
2212 5198 2339 5256 ctc.;
2366 5201 2412 5245 et
2443 5192 2570 5260 ipsa?
2593 5192 2751 5247 calles
2780 5206 2897 5261 quae
2918 5191 3279 5254 abundabunt,

1704 5280 1962 5348 frumento
1978 5281 2367 5344 clamabunt,et
2390 5283 2627 5338 ostendit
2646 5285 2747 5338 hoc
2775 5300 2802 5336 a
2829 5292 2983 5352 parte
3006 5280 3279 5346 clamoris;

1702 5371 1777 5425 sic
1800 5387 1926 5427 vere
1946 5371 2264 5439 clamabunt,
2282 5376 2470 5428 etenim
2495 5375 2742 5445 hymnum
2766 5373 2936 5426 dicent
2964 5372 3101 5437 Deo,
3128 5372 3179 5426 id
3202 5378 3286 5426 est

1702 5461 1912 5517 laudem
1936 5478 2042 5518 non
2068 5479 2184 5527 ore,
2208 5465 2301 5518 sed
2329 5465 2603 5519 interioris
2635 5463 2935 5518 devotionis
2957 5462 3279 5517 intcnsionc.

2163 5554 2226 5608 IN
2277 5552 2609 5609 PSALMUM
2657 5552 2818 5607 LXV.

1773 5643 1985 5699 Titulus
2037 5645 2356 5714 scxagesimi
2417 5643 2615 5714 quinti.
2681 5642 2749 5697 In
2798 5643 2955 5712 ﬁnem
3018 5642 3284 5696 canticum

1700 5737 1890 5809 psalmi
1936 5736 2349 5790 resurrectionis.
2400 5736 2550 5801 Quod
2599 5735 2677 5791 sic
2720 5733 3047 5806 exponitur:
3084 5734 3139 5789 In
3181 5734 3284 5790 hoc

1702 5836 1940 5886 tractatu
1972 5826 2277 5885 coatinetur
2307 5828 2567 5881 canticum
2646 5828 2698 5884 id
2729 5836 2811 5885 cst
2836 5825 3073 5899 jucunda
3101 5839 3288 5897 remus
