3846 6334
519 375 623 434 945

1088 368 1143 424 S.
1183 363 1528 424 ΒΜ]ΝοΝῶ
1567 357 2204 420 CARTliUSIANORUM
2247 354 2732 414 lNSTITUTORlS
2770 355 2921 412 OPP.
2965 355 3146 409 PARS
3175 353 3214 408 l.
3637 358 3726 414 9n

524 486 762 552 ncralio,
811 483 1028 556 psalmi,
1079 483 1132 536 iu
1202 493 1284 536 est
1340 483 1492 535 bona:
1556 475 1916 548 operationis,
1963 473 2106 542 quod
2137 478 2181 538 Α
2211 473 2477 534 reddetis,
2511 487 2610 540 per
2641 470 2906 540 psalmum
2931 470 3004 525 sit
3031 468 3258 540 gloriosa
3301 476 3356 522 et
3382 467 3483 523 Deo
3505 482 3657 539 grata.
3679 478 3729 531 Si

521 579 796 635 canticum
828 581 913 629 est
955 569 1404 642 resurrectionis,
1437 565 1706 622 tendentis
1734 565 1786 618 in
1819 563 2008 632 ﬁnem,
2045 561 2100 616 id

523 678 607 726 est
631 668 684 722 in
713 663 1012 736 perfectam
1043 671 1098 716 et
1145 656 1640 715 incommutabilem
1674 652 2100 709 consummatio-

2205 560 2352 616 enim
2401 561 2470 614 ad
2522 561 2821 614 humanum
2871 558 3114 613 favorem
3161 555 3424 627 psalmum
3485 558 3733 628 diceretis,

2205 667 2314 706 non
2337 660 2482 707 esset
2506 651 2692 721 utique
2724 651 2960 722 gloriosa
2991 649 3110 704 laus
3138 659 3338 704 vestra.
3366 648 3512 706 Unde
3537 651 3734 720 Aposto-

524 775 670 818 nem.
706 757 862 824 Quod
896 763 979 810 est
1021 753 1242 808 dicere:
1277 751 1376 805 llic
1419 749 1598 819 agitur
1645 746 1711 801 de
1751 741 1988 816 jucunda
2021 757 2107 797 re-
2203 740 2286 796 lus
2324 758 2337 794 :
2378 758 2397 792 ι
2428 740 2634 794 Βοιιιιιιι
2677 748 2760 795 εει
2791 740 2921 794 mihi
2955 740 3128 811 magis
3158 739 3328 804 mori,
3374 755 3528 808 quam
3568 753 3620 795 ut
3643 744 3736 812 glo-

528 847 938 910 muneratione,
972 859 1092 914 qua:
1134 843 1351 898 dabitur
1377 839 1622 894 ﬁdelibus
1652 852 1749 908 pro
1777 837 1917 890 bona
1946 834 2105 890 devo-

481 922 484 926 I
529 941 676 994 tione
706 947 759 994 et
785 935 1134 1007 operatione,
1172 933 1224 986 in
1259 931 1348 986 illa
1380 929 1619 1000 perlecta
1653 936 1706 983 et
1729 933 2106 981 consummata

531 1031 961 1090 resurrectione,
993 1024 1044 1077 in
1075 1019 1370 1090 diejudicii
1394 1017 1571 1072 futura
1592 1058 1606 1082 ,
1637 1017 1702 1071 de
1726 1031 1831 1085 qua
1861 1028 2111 1070 remune-

529 1121 743 1176 ratione
767 1117 878 1190 agit
898 1115 1137 1171 breviter
1169 1131 1181 1168 :
1213 1112 1302 1166 ubi
1331 1111 1466 1166 dicit
1504 1126 1517 1163 :
1551 1108 1799 1162 bduxiin
1833 1123 1926 1161 nos
1948 1107 2001 1159 in
2034 1121 2111 1159 re-

532 1208 836 1279 frigerium,
883 1213 938 1258 ct
981 1212 1177 1258 etetera
1227 1213 1398 1270 usque
1429 1199 1526 1264 ad,
1557 1198 1722 1253 venite
1764 1205 1812 1249 et
1862 1194 2108 1248 narrabo.

533 1302 659 1371 Agit
684 1300 845 1355 etiam
879 1295 1174 1352 secundum
1221 1308 1381 1347 unam
1413 1290 1736 1346 sententiam
1786 1289 1852 1343 de
1897 1302 1990 1350 ea,
2021 1285 2114 1340 ubi

532 1393 714 1466 ponit,
747 1392 801 1443 in
836 1389 1051 1460 ﬂumine
1073 1386 1494 1457 pertransibunt,
1522 1389 1576 1436 et
1600 1389 1794 1435 extera
1825 1393 1996 1447 usque
2024 1377 2112 1442 ad,

537 1481 627 1554 qui
652 1480 975 1535 dominatur.
1008 1474 1427 1530 lntroducuntur
1457 1480 1638 1526 autem
1675 1469 1904 1538 apostoli
1935 1468 1988 1522 in
2015 1467 2118 1523 hoc

535 1569 774 1641 psalmo,
817 1565 1109 1621 invitantes
1133 1575 1322 1617 omnes
1349 1568 1538 1630 gentes
1557 1555 1669 1626 jam
1706 1570 2021 1620 conversas,
2052 1554 2120 1608 ad

537 1659 633 1714 Dei
667 1657 902 1719 laudem,
925 1653 1166 1710 contuitu
1195 1661 1409 1706 aeterna
1438 1647 1924 1714 remunerationis;
1948 1656 2005 1702 ut
2028 1662 2121 1701 au-

536 1760 648 1802 tem
679 1747 849 1800 Deum
879 1744 932 1799 in
969 1741 1274 1797 humilitate
1310 1737 1564 1803 laudent,
1604 1736 1950 1792 considerare
1992 1735 2122 1789 hor-

2206 832 2343 887 riam
2390 847 2565 886 meam
2604 832 2726 900 quis
2774 840 3032 896 evacuet;
3090 846 3211 885 nam
3259 831 3305 884 si
3337 831 3736 901 evangtlizavero

2208 940 2316 978 non
2344 931 2427 978 est
2458 922 2588 977 mihi
2617 923 2785 994 gloria
2823 923 2875 995 (1
2901 923 3027 978 Cor.
3061 939 3146 988 Ix,
3186 923 3284 987 15,
3320 922 3427 992 16).
3465 942 3481 974 ι
3515 924 3600 979 Vel
3636 927 3736 980 sic:

2211 1015 2340 1069 Dico
2357 1014 2582 1084 jubilate
2609 1024 2656 1068 et
2693 1014 2954 1084 psalmum
2991 1014 3181 1080 dicite,
3210 1024 3262 1068 et
3292 1014 3372 1068 sic
3406 1015 3517 1068 date
3552 1015 3736 1086 gloriam

2212 1107 2358 1160 laudi
2381 1105 2516 1175 ejus.
2542 1105 2594 1160 id
2620 1114 2703 1160 cst
2729 1104 2889 1160 facite
2920 1103 3206 1175 gloriosam
3239 1103 3446 1158 laudem
3476 1105 3598 1173 ejus.
3618 1105 3741 1172 Quod

2215 1207 2299 1253 est
2325 1198 2503 1252 dicere
2529 1211 2543 1250 :
2572 1194 2722 1250 Tunc
2749 1195 2982 1267 gloriosa
3006 1195 3112 1250 erit
3137 1194 3253 1248 laus
3285 1195 3403 1258 Dei,
3430 1196 3472 1250 si
3491 1210 3600 1251 eum
3616 1208 3660 1253 et
3676 1199 3744 1268 ju-

2216 1285 2326 1340 bilo
2341 1295 2394 1340 et
2410 1284 2616 1354 psalmo
2639 1285 3008 1340 lnudaveritis.
3023 1283 3375 1357 Soluinmodo
3396 1299 3518 1340 vero
3530 1283 3744 1351 jubilare,

2217 1378 2302 1432 vel
2333 1377 2600 1447 psalmum
2628 1376 2812 1431 dicere
2855 1391 2966 1430 non
3013 1375 3319 1440 suﬂiceret;
3347 1385 3401 1430 et
3431 1383 3485 1429 ut
3530 1378 3580 1431 in
3607 1377 3746 1432 humi

2219 1470 2369 1524 litate
2393 1467 2670 1537 jubiletis,
2697 1477 2752 1522 ct
2779 1467 3045 1538 psalmum
3087 1467 3316 1532 dicatis;
3362 1468 3512 1522 dicite
3537 1467 3659 1532 Deo,
3684 1469 3748 1520 in-

2221 1563 2409 1618 teriori
2455 1562 2634 1627 dictu,
2673 1562 2726 1616 id
2753 1570 2837 1617 est
2882 1575 2952 1616 ne
2996 1560 3063 1616 de
3082 1558 3258 1628 jubilo
3299 1567 3355 1612 et
3384 1559 3449 1612 de
3474 1557 3658 1627 psalmo
3679 1573 3750 1612 su-

2221 1655 2483 1725 perbiatis
2501 1695 2515 1720 ,
2545 1654 2783 1724 cogitate
2826 1655 2932 1708 hoc
2957 1653 3238 1708 vobiscum
3264 1649 3332 1704 ad
3363 1651 3606 1725 honorem
3633 1649 3710 1703 Dei
3735 1667 3746 1702 :

2225 1723 2268 1801 Ο
2297 1746 2464 1810 Βειιε,
2497 1723 2653 1815 quam
2684 1745 2941 1800 terribilia
2963 1752 3083 1798 sunt
3111 1759 3268 1812 Opera
3297 1752 3388 1796 tua
3407 1723 3501 1805 ,'id
3521 1749 3594 1795 est
3613 1755 3750 1810 quan-

538 1847 723 1894 tantur
748 1835 864 1905 ejus
892 1849 1057 1905 opera
1092 1831 1348 1888 terribilia
1372 1869 1386 1896 ,
1417 1829 1560 1899 quod
1587 1829 1790 1884 electos
1839 1826 2117 1897 repudiat,

2231 1847 2338 1891 tum
2371 1852 2659 1908 possumus
2690 1836 2962 1892 exterreri
3006 1835 3255 1890 contuitu
3286 1849 3506 1903 operum
3549 1836 3748 1887 tuorum!

537 1929 753 1985 Iudaeos
779 1925 1024 1991 scilicet,
1051 1931 1107 1979 et
1131 1921 1444 1992 repudiatos
1473 1918 1700 1991 gentiles
1727 1918 1908 1988 eligit,
1934 1917 1986 1971 in
2015 1931 2121 1986 quo

538 2032 771 2092 utroque
797 2032 960 2088 opere
987 2014 1245 2071 terribilis
1267 2026 1385 2068 esse
1413 2009 1788 2082 perpenditur.
1811 2008 1946 2064 Cum
1975 2008 2121 2061 enim

541 2113 744 2169 electos
773 2108 1049 2180 repudiet,
1083 2105 1378 2162 timendum
1423 2113 1535 2170 est,
1570 2111 1634 2157 ut.
1658 2111 1712 2158 et
1745 2110 1934 2162 gentes
1957 2101 2122 2156 si'su-

539 2202 868 2276 perbierint,
917 2199 1158 2270 abjiciat.
1201 2197 1336 2252 Cum
1383 2204 1563 2250 autem
1600 2194 1747 2264 ipsas
1778 2202 1964 2263 gentes
2005 2191 2121 2246 sola

542 2297 714 2367 gratia
740 2293 997 2364 elegerit,
1027 2291 1094 2345 ab
1119 2288 1323 2344 eisdem
1370 2287 1558 2353 valde,
1591 2302 1658 2342 ne
1685 2286 1924 2356 graviter
1953 2285 2124 2340 ollen-

541 2389 726 2450 datur,
760 2383 1112 2438 metuendum
1143 2389 1252 2446 est;
1284 2392 1353 2434 ne
1376 2377 1613 2434 otl'ensus
1650 2392 1744 2433 cas
1792 2379 1987 2447 quibus
2016 2378 2126 2432 cle-

542 2483 757 2531 menter
801 2469 1053 2536 indulsit,
1107 2468 1326 2538 gravius
1369 2466 1608 2521 damnet.
1655 2465 1848 2536 Agitur
1878 2481 2008 2521 vero
2059 2466 2125 2521 de

543 2567 855 2638 repulsione
883 2563 1191 2619 Judaeorum
1225 2559 1462 2615 breviter
1488 2558 1579 2613 ubi
1604 2559 1802 2613 dicitur
1827 2576 1839 2612 :
1867 2557 2124 2613 Mentien-

546 2665 635 2708 tur
667 2655 758 2708 tibi
787 2653 987 2708 inimici
1011 2653 1085 2705 tui
1113 2667 1130 2705 :
1161 2649 1228 2705 de
1262 2647 1526 2705 electione
1550 2648 1822 2719 gentium,
1856 2649 1944 2704 ubi
1971 2648 2125 2719 poni-

547 2757 655 2811 tur,
685 2747 775 2818 qui
799 2747 1048 2800 convertit
1068 2785 1085 2813 ,
1116 2753 1248 2809 etc.,
1296 2757 1467 2812 usque
1497 2741 1564 2796 ad
1609 2741 1892 2796 benedicite
1918 2758 1936 2796 :
1965 2742 2124 2813 232

550 2853 652 2909 pro
681 2836 880 2906 quibus
905 2842 1064 2888 orant
1095 2834 1207 2897 sui,
1235 2833 1324 2886 ubi
1356 2833 1586 2886 habetur
1611 2831 1780 2886 omnis
1809 2841 1970 2899 terra,
1994 2843 2125 2899 etc.,

545 2945 719 3000 usque
749 2927 816 2983 ad
846 2928 1032 2981 venite.
1060 2925 1437 2980 Adhortantur
1460 2937 1675 2994 quoque
1705 2925 1770 2977 ad
1801 2923 2128 2979 benedicen-

547 3023 676 3076 dum
707 3019 908 3084 Deum,
942 3016 1136 3080 corde,
1165 3029 1328 3085 opere
1360 3024 1415 3070 et
1443 3030 1576 3069 voce
1595 3055 1608 3079 ,
1637 3022 1692 3069 et
1719 3029 1786 3070 ne
1815 3015 2039 3070 timeant
2060 3015 2128 3068 ti-

544 3128 700 3171 more
729 3126 1014 3184 ptenarum
1044 3125 1166 3164 eum
1199 3125 1383 3164 coram
1410 3107 1718 3164 inﬁdelibus
1758 3105 2079 3162 benedicere
2108 3123 2122 3172 ;

545 3213 596 3259 et
633 3202 930 3273 praeferunt
949 3200 1114 3256 etiam
1141 3199 1500 3254 constantiam
1524 3213 1705 3263 suam,
1731 3212 1892 3268 quam
1925 3197 2128 3252 habent

545 3297 602 3352 in
627 3291 960 3348 multimodis
984 3290 1422 3346 tribulationibus
1449 3308 1463 3344 :
1490 3299 1549 3344 ut
1579 3289 1706 3360 ipsae
1735 3296 1924 3359 gentes
1947 3303 2128 3343 exeru-

543 3385 640 3456 plo
670 3399 859 3445 eorum
903 3381 1205 3438 clliciantur
1231 3385 1285 3436 in
1315 3380 1665 3435 tribulatione
1695 3387 2007 3435 constantes
2034 3397 2047 3433 :
2077 3389 2130 3434 ct

549 3479 654 3531 hoc
684 3476 849 3531 estin
898 3475 991 3529 illo
1023 3475 1140 3528 loco
1173 3474 1262 3528 ubi
1294 3473 1444 3527 dicit.
1477 3473 1810 3540 Benedicite,
1843 3487 2015 3542 usque
2062 3475 2130 3528 ad

548 3567 700 3622 illum
714 3566 803 3621 ubi
827 3567 1072 3631 trahetur,
1087 3565 1452 3620 transivimus:
1467 3565 1554 3620 ubi
1570 3565 1754 3635 incipit
1776 3581 1936 3636 agere
1949 3566 2015 3621 de
2043 3582 2124 3622 re-

551 3661 930 3716 muneratione
951 3675 1110 3730 quam
1135 3659 1190 3712 in
1219 3659 1398 3714 l‘uturo
1424 3675 1521 3731 pro
1541 3660 1846 3715 constantia
1878 3659 1960 3714 sui
1988 3659 2132 3715 acci-

551 3751 707 3822 pient
737 3767 750 3803 :
785 3757 845 3803 ut
871 3763 965 3804 eas
987 3761 1173 3819 gentes
1203 3764 1297 3819 spe
1323 3749 1560 3818 ejusdem
1587 3750 2042 3806 remunerationis
2065 3751 2132 3806 ad

515 3837 519 3840 ’
551 3839 914 3896 constantiam
947 3840 1194 3894 invitent.
1226 3840 1326 3896 Ubi
1358 3856 1486 3896 vero
1534 3840 1768 3896 habetur
1798 3858 1811 3895 :
1877 3839 2054 3896 Venite
2084 3851 2132 3896 et

553 3933 818 3999 narrabo,
861 3943 991 4000 etc.,
1041 3949 1214 4003 usque
1263 3934 1317 3987 in
1370 3932 1531 3988 ﬁnem
1577 3933 1804 4004 psalmi,
1841 3934 2134 3990 ostendunt

551 4022 818 4080 beneﬁcia
859 4023 976 4094 jam
1003 4023 1104 4078 sibi
1135 4038 1164 4076 a
1195 4022 1305 4079 Deo
1344 4023 1539 4078 collata
1589 4024 1786 4078 merito
1813 4024 1968 4079 bona:
2012 4023 2136 4078 vita:

551 4131 664 4170 sua:
692 4133 704 4169 :
733 4122 875 4169 utet
913 4113 1166 4184 gentilms
1214 4113 1411 4182 quibus
1442 4113 1736 4182 loquuntur
1772 4113 2001 4168 innuant
2029 4115 2134 4168 ista

549 4201 747 4256 eadem
780 4199 881 4256 sibi
913 4199 1092 4254 danda
1127 4215 1278 4264 esse,
1311 4199 1355 4253 si
1380 4199 1518 4254 bene
1541 4199 1722 4255 vivere
1751 4213 2134 4270 perseverave—

550 4292 693 4357 rint,
727 4299 781 4346 et
809 4291 889 4346 sic
917 4290 983 4344 ad
1029 4288 1225 4345 bonam
1256 4291 1422 4344 vitam
1457 4290 1708 4345 invitent.

548 4409 552 4434 ι
622 4379 854 4434 Jubilate
876 4380 1019 4446 Deo,
1058 4380 1226 4434 omnis
1258 4391 1418 4436 terra.
1447 4381 1600 4449 Quod
1650 4391 1733 4436 est
1767 4382 1985 4438 dicere:
2029 4379 2138 4437 Vos

2223 1925 2290 1979 Et
2314 1927 2538 1995 exponit
2561 1934 2769 1995 partem
2795 1927 3034 1995 ipsorum
3063 1939 3292 1994 operum
3320 1924 3400 1979 sic
3427 1940 3441 1976 :
3492 1923 3608 1978 Dico
3642 1921 3752 1992 quod

2222 2018 2482 2072 terribilia
2513 2027 2635 2071 sunt
2681 2033 2838 2086 opera
2875 2026 2991 2071 tua.
3045 2016 3110 2070 Et
3138 2030 3268 2070 ecce
3300 2015 3403 2074 hoc
3442 2029 3566 2084 opus
3590 2013 3670 2068 tibi
3690 2024 3753 2067 est

2229 2109 2470 2164 terribile
2510 2111 2654 2179 quod
2703 2109 2977 2178 disponis,
3005 2107 3252 2174 scilicet,
3287 2107 3432 2178 quod
3477 2107 3528 2159 in
3560 2105 3756 2158 multitu-

2227 2200 2350 2254 dine
2373 2200 2577 2254 virtutis
2602 2211 2708 2254 tua:
2728 2199 3046 2253 mentiantur
3067 2198 3161 2251 tibi
3187 2198 3390 2251 inimici
3420 2197 3513 2250 tui.
3540 2195 3669 2262 Quod
3693 2204 3754 2248 est

2226 2294 2408 2348 dicere
2433 2307 2447 2346 :
2472 2291 2686 2346 Judmos
2707 2292 2798 2362 qui
2823 2291 2974 2361 prius
3002 2289 3222 2344 fuerunt
3247 2289 3434 2351 amici,
3463 2302 3592 2342 nunc
3614 2295 3754 2338 autem

2227 2385 2370 2440 mala
2419 2384 2531 2438 vita
2577 2398 2673 2439 sua
2726 2383 2854 2438 lacti
2903 2391 3031 2438 sunt
3068 2381 3317 2447 inimici,
3345 2381 3497 2435 adeo
3536 2375 3758 2449 permittis

2224 2474 2487 2530 exemeari
2511 2481 2566 2528 et
2585 2473 2874 2538 obdurari,
2905 2472 3048 2542 quod
3079 2479 3132 2527 et
3169 2471 3385 2526 mentiti
3414 2479 3533 2525 sunt
3561 2477 3610 2522 et
3635 2481 3755 2520 mem

2225 2565 2452 2630 tiuntur,
2485 2571 2540 2618 et
2570 2571 2986 2632 perseveranter
3014 2560 3354 2614 mentiemur.
3397 2559 3452 2613 In
3495 2555 3756 2613 considera-

2227 2656 2374 2711 tione
2401 2654 2763 2710 mullitudinis
2790 2653 2996 2708 virtutis
3043 2662 3178 2718 tute,
3218 2651 3434 2707 scilicet
3471 2665 3582 2705 cum
3620 2646 3760 2702 consi-

2228 2746 2428 2800 derant
2450 2742 2824 2814 multipliciter
2839 2741 3133 2812 potentiam
3161 2749 3311 2796 tuam
3339 2745 3394 2796 in
3421 2737 3759 2795 resurrectione

2229 2847 2354 2902 tua,
2381 2847 2434 2892 et
2459 2837 2624 2892 totius
2669 2836 2853 2891 mundi
2891 2834 3305 2904 subjugatione,
3345 2843 3401 2890 et
3441 2834 3494 2888 in
3525 2829 3754 2886 miraculis

2228 2945 2349 3001 qua:
2395 2939 2654 3000 operatus
2678 2944 2772 2995 es,
2820 2937 2875 2984 et
2917 2927 3095 2982 adhuc
3141 2943 3240 2997 per
3291 2936 3412 2981 tuos
3442 2923 3680 2996 operaris,
3719 2928 3759 2974 et

2229 3022 2475 3077 contuitu
2520 3021 2667 3076 illius
2697 3022 2959 3076 deberent
3004 3029 3055 3075 te
3097 3019 3355 3083 laudare,
3389 3028 3443 3074 et
3489 3021 3634 3074 Deum
3669 3027 3761 3068 esse

2232 3112 2500 3168 conﬁteri.
2537 3112 2578 3165 Ε
2617 3110 2892 3166 contrario
2941 3109 3280 3164 mentiuntur
3304 3107 3600 3180 denegando
3631 3114 3673 3158 le
3697 3116 3760 3156 re-

2231 3204 2568 3270 surrexisse,
2596 3209 2656 3258 et
2689 3203 2858 3259 Deum
2907 3217 3060 3267 esse,
3110 3210 3166 3256 et
3213 3205 3528 3256 mentiantur
3562 3212 3760 3270 perseve-

2230 3307 2438 3354 ranter.
2467 3297 2525 3352 Si
2555 3312 2684 3352 vero
2715 3313 2743 3350 a
2772 3296 3056 3352 mendacio
3086 3305 3400 3359 cessarent,
3433 3292 3681 3349 tolerabile
3699 3303 3762 3342 es-

2232 3401 2337 3448 set.
2371 3390 2517 3446 Bene
2546 3405 2678 3446 vero
2708 3390 2892 3460 ponit,
2916 3390 3037 3444 'non
3070 3388 3434 3452 mentiuntur,
3455 3386 3541 3441 sed
3563 3384 3763 3437 mentien-

2231 3493 2340 3550 tur,
2373 3493 2432 3537 ut
2452 3482 2920 3552 perseverantiam
2945 3495 3132 3536 eorum
3160 3479 3214 3533 in
3243 3475 3523 3534 mendacio
3543 3474 3762 3531 ostendat.

2233 3575 2364 3630 Dico
2401 3573 2548 3644 quod
2574 3573 2914 3637 mentiantur,
2945 3579 3000 3626 et
3029 3571 3133 3625 hoc
3181 3569 3313 3636 tibi,
3369 3570 3422 3625 id
3449 3577 3529 3624 est
3553 3568 3610 3621 ad
3647 3574 3764 3619 tuum

2233 3666 2496 3720 honorem
2540 3663 2838 3733 continget.
2875 3659 3010 3714 Nam
3066 3667 3292 3730 propter
3349 3653 3765 3714 tantam'cxcmca-

2237 3758 2439 3813 tionem
2470 3770 2698 3821 eorum,
2750 3753 3030 3824 continget
3075 3752 3220 3822 quod
3251 3753 3427 3808 omnis
3456 3763 3610 3815 terra,
3637 3749 3767 3802 idest

2239 3847 2418 3902 omnis
2448 3847 2590 3902 modi
2626 3838 2858 3916 populus
2900 3843 3147 3916 gentilis,
3189 3845 3437 3898 adorabit
3468 3854 3546 3908 te,
3585 3841 3662 3912 qni
3697 3837 3767 3891 ad-

2234 3939 2340 3993 huc
2366 3947 2508 3992 terra
2557 3946 2670 4002 est,
2726 3937 2779 3990 id
2835 3944 2919 3990 est
2961 3935 3195 3991 terrenis
3221 3935 3487 3991 intentus.
3535 3932 3666 4001 Quod
3700 3937 3764 3982 est

2237 4030 2419 4085 dicere
2451 4047 2464 4084 :
2495 4028 2604 4084 illis
2631 4027 2903 4098 expulsis,
2943 4026 3164 4098 gentilis
3208 4027 3445 4096 populus
3471 4021 3760 4080 venerabitur

2239 4133 2290 4178 te
2321 4122 2426 4178 ﬁde
2472 4132 2528 4178 et
2575 4123 2894 4188 devotione,
2942 4136 3282 4194 cognoscens
3324 4131 3380 4178 te
3419 4120 3697 4176 Creatorem
3724 4118 3765 4162 ρι

2239 4231 2299 4271 se
2324 4225 2585 4284 reputans
2614 4224 2947 4269 creaturam.
2983 4215 3049 4269 Et
3071 4215 3149 4270 sic
3174 4214 3246 4269 sit
3271 4215 3448 4280 Deus,
3470 4211 3619 4266 omnis
3659 4219 3766 4259 terra

2239 4308 2418 4362 adoret
2449 4317 2528 4371 te,
2558 4317 2605 4361 et
2636 4307 2727 4376 qui
2755 4307 2820 4360 ad
2851 4308 2958 4362 hoc
2997 4323 3102 4363 non
3150 4307 3452 4372 sulliceret,
3477 4303 3646 4376 psallat
3669 4299 3741 4352 tibi
3752 4336 3764 4360 ,

2243 4407 2297 4453 et
2322 4397 2549 4468 exponit
2579 4397 2722 4452 istud
2751 4397 2847 4452 tibi
2880 4397 3148 4462 addendo,
3179 4398 3259 4453 sic
3289 4415 3302 4451 :
3331 4398 3534 4453 scilicet
3557 4391 3766 4465 prolatu»!

552 4486 741 4564 omnes
792 4481 978 4543 gentes
1015 4488 1292 4528 conversae
1315 4513 1329 4540 ,
1378 4489 1496 4544 qua:
1543 4475 1719 4530 adhuc
1755 4475 1886 4531 estis
1913 4486 2052 4530 terra
2084 4484 2138 4530 et
2173 4505 2218 4564 υ
2245 4489 2386 4542 (λίσαι
2417 4489 2616 4543 nomini
2645 4499 2764 4555 ιηο,
2811 4489 2863 4544 id
2907 4499 2991 4544 ρει
3034 4488 3195 4560 233
3223 4490 3291 4543 ad
3321 4489 3515 4543 bonum
3545 4498 3659 4554 opus
3679 4494 3763 4533 ma.

554 4563 726 4628 cinis,
756 4564 809 4617 id
839 4574 925 4619 est
967 4565 1226 4620 mortales
1263 4573 1318 4619 et
1369 4569 1606 4630 terreni,
1642 4568 1882 4622 nondum
1927 4567 2136 4623 scilicet

555 4651 826 4722 spiritales
870 4661 928 4708 et
971 4655 1306 4711 immortales
1357 4654 1518 4720 facti,
1567 4657 1732 4711 etiam
1791 4673 1912 4712 eum
1959 4659 2136 4713 adlmc

557 4751 698 4796 terra
745 4742 898 4809 sitis,
931 4743 1144 4800 laudate
1193 4745 1360 4800 Deum
1404 4747 1649 4802 interiori
1687 4747 1860 4816 jubilo
1906 4749 2133 4817 mentis,

557 4834 703 4904 quod
746 4849 848 4889 nec
881 4850 1014 4890 voce
1056 4854 1156 4894 nec
1203 4840 1409 4909 scripto
1450 4840 1608 4910 plane
1637 4848 1814 4911 potest
1843 4842 2136 4912 explicari,

559 4925 769 4982 scilicet
818 4925 1034 4982 laudate
1068 4945 1191 4984 eum
1235 4930 1446 4987 intensa
1497 4931 1809 4999 devotione,
1850 4935 1974 5003 quia
2010 4951 2138 4989 vero

561 5032 668 5070 non
693 5014 891 5070 sullicit
913 5015 1028 5071 solo
1055 5017 1226 5088 jubilo
1255 5019 1510 5088 laudare,
1541 5021 1797 5091 psalmum
1840 5024 1994 5077 dicite
2043 5041 2138 5079 no-

560 5108 690 5162 mini
712 5108 859 5179 ejus,
883 5107 936 5162 id
960 5118 1040 5164 est
1059 5109 1260 5184 bonum
1292 5127 1428 5182 opus
1456 5113 1760 5170 manifeste.
1793 5116 2004 5172 Insistit
2032 5134 2136 5174 non

561 5197 629 5252 ad
663 5196 904 5253 favorem
940 5198 1220 5255 hominum
1239 5242 1254 5269 ,
1283 5207 1377 5256 sed
1411 5203 1477 5257 ad
1507 5203 1715 5259 laudem
1744 5207 1976 5263 nominis
2000 5210 2134 5280 ejus,

567 5309 583 5338 ι
626 5298 684 5342 ιιι
731 5289 948 5345 videant
996 5305 1162 5362 opera
1191 5301 1368 5347 vestra
1409 5295 1583 5360 bona,
1626 5304 1680 5350 ct
1709 5296 2008 5367 gloriﬁcent
2039 5301 2140 5356 Pa-

560 5388 698 5433 trem
724 5389 965 5436 vestrum
995 5382 1085 5452 qui
1114 5383 1168 5438 in
1203 5382 1358 5439 ccelis
1408 5394 1491 5439 est
1519 5385 1732 5454 (Matth.
1764 5405 1816 5456 ν,
1866 5390 1954 5460 16)
1989 5405 2003 5444 :
2042 5410 2060 5442 ι
2087 5401 2142 5447 et

563 5477 905 5531 sic-dicendo
929 5479 1190 5546 psalmum
1219 5479 1431 5537 scilicet
1462 5483 1660 5536 nomini
1688 5484 1832 5554 ejus,
1860 5489 1981 5539 date
2027 5486 2141 5555 glo-

563 5570 698 5624 riam
722 5570 869 5626 laudi
897 5572 1013 5641 ejus
1032 5613 1046 5638 ,
1075 5574 1128 5629 id
1158 5585 1240 5631 est
1262 5575 1422 5633 facite
1447 5577 1734 5648 gloriosam
1763 5579 1972 5636 laudem
2002 5582 2138 5650 ejus,

565 5675 728 5728 quam
773 5664 822 5716 ei
862 5679 1027 5734 opere
1058 5667 1405 5724 exhibebitis.
1439 5669 1591 5738 Quod
1635 5681 1719 5726 est
1749 5673 1929 5728 dicere
1968 5689 1982 5727 :
2016 5675 2140 5730 Ideo

566 5748 820 5816 psalmum
852 5755 1008 5808 dicite
1031 5758 1228 5811 nomini
1272 5759 1413 5829 ejus,
1450 5770 1508 5815 ut
1553 5761 1665 5817 haec
1695 5763 1810 5818 laus
1841 5779 2000 5834 quam
2035 5765 2140 5820 Deo

2238 4578 2435 4634 nileste
2483 4579 2730 4647 insistat,
2775 4579 2841 4635 ad
2887 4581 3146 4636 honorem
3183 4579 3421 4635 nominis
3459 4578 3562 4640 tui,
3603 4588 3689 4628 non
3715 4566 3765 4622 al

2237 4671 2636 4727 extollentiam.

2306 4763 2640 4818 Adhortatur
2667 4772 2846 4819 autem
2883 4763 3038 4832 ipsas
3065 4765 3131 4818 ad
3168 4764 3456 4820 videndum
3504 4776 3598 4816 non
3627 4756 3762 4812 solum

2250 4853 2384 4908 illu‘d
2415 4853 2652 4908 terribile
2693 4868 2848 4922 opus,
2896 4869 3002 4923 quo
3028 4852 3240 4908 ludat-os
3295 4853 3518 4922 repellit,
3568 4848 3647 4904 sed
3685 4843 3762 4897 alia

2239 4944 2486 4999 terribilia
2508 4959 2692 5014 opera,
2721 4945 2925 4999 scilicet
2951 4944 3092 5016 quod
3119 4945 3338 5000 easdem
3371 4953 3551 5016 gentes
3574 4934 3762 5010 gratuila

2241 5039 2444 5108 pietate
2473 5039 2573 5114 sibi
2605 5039 2857 5108 acquirit,
2889 5047 2946 5092 ut
2985 5039 3108 5094 inde
3145 5040 3318 5109 magis
3345 5054 3465 5094 eum
3494 5037 3703 5092 timeant.
3725 5033 3764 5078 οι

2247 5129 2348 5184 hoc
2378 5128 2458 5182 sic
2489 5129 2621 5182 dicit
2647 5143 2660 5181 :
2695 5129 3044 5184 Ostendimus
3076 5145 3240 5184 unum
3278 5145 3412 5199 Opus
3437 5128 3524 5182 Dei
3553 5119 3764 5180 terribile.

2244 5219 2346 5274 hoc
2371 5219 2577 5273 scilicet
2603 5219 2746 5288 quod
2771 5219 2969 5272 inimici
3019 5221 3348 5274 mentiantur.
3381 5220 3444 5273 Et
3487 5216 3639 5270 adhuc
3669 5217 3764 5263 sunt

2243 5311 2346 5365 alia
2370 5311 2620 5364 terribilia
2649 5311 2891 5365 contuitu
2923 5325 3152 5380 quorum
3205 5326 3425 5380 operum
3469 5318 3523 5362 ut
3549 5308 3688 5361 Deum
3714 5297 3762 5350 Ii-

2243 5399 2459 5465 meatis,
2489 5415 2584 5454 vos
2617 5405 2798 5465 venite,
2840 5411 3050 5470 gentes,
3101 5410 3155 5455 et
3205 5401 3483 5456 devotione
3509 5406 3557 5452 et
3584 5393 3685 5452 ﬁde,
3723 5386 3760 5438 id

2243 5501 2327 5548 est
2351 5500 2650 5562 praeparate
2679 5507 2795 5558 vos,
2821 5504 2866 5546 et
2892 5492 2970 5548 sic
3000 5493 3162 5548 videte
3185 5491 3423 5546 interiori
3452 5491 3558 5544 visu
3585 5477 3760 5538 rationis

2243 5583 2331 5638 illa
2385 5599 2540 5652 opera
2604 5581 2814 5636 Domini
2860 5583 3144 5638 cxistentis
3201 5582 3438 5636 terribilis
3490 5583 3539 5632 in
3577 5566 3760 5628 consiliis

2243 5673 2443 5729 habitis
2469 5689 2623 5743 super
2648 5673 2785 5742 ﬁlios
2826 5673 3115 5741 hominum,
3155 5672 3204 5727 id
3235 5683 3312 5728 est
3348 5673 3397 5726 in
3436 5666 3650 5726 consiliis
3671 5670 3761 5727 qua:

2244 5773 2460 5820 exercet
2492 5764 2545 5818 in
2571 5765 2844 5835 gentibus,
2874 5779 2993 5836 quze
3017 5763 3111 5820 ﬁlii
3144 5765 3392 5822 dicuntur
3414 5761 3574 5817 Adam
3598 5762 3643 5808 et
3667 5749 3762 5804 [γε
