3846 6334
128 359 218 418 θιὸ-
1017 351 1377 409 EXPOSlTlO
1415 351 1480 407 IN
1511 350 1842 408 PSAMIOS.
1871 350 2145 406 ——PS.\L.
2178 351 2336 406 LXV.
3203 350 3309 409 916

129 473 378 546 primorum
405 465 695 530 hominum,
738 467 1030 522 secunilum
1064 471 1215 524 malae
1257 471 1377 524 vita!
1425 467 1638 523 coulor—
1666 469 1713 524 Α
1738 465 1910 519 salute
1943 466 2244 529 advenisse,
2279 473 2334 520 et
2373 464 2726 518 adhortantur
2752 477 2816 517 ne
2847 464 3103 518 insultent
3131 478 3307 534 genti-

130 565 349 617 utitatem.
379 557 528 625 Quod
553 566 634 612 est
659 558 839 613 dicere
869 575 882 611 :
910 557 1022 614 lloc
1048 561 1188 629 quod
1221 561 1372 616 valde
1397 559 1643 615 terribilis
1744 558 1867 622 bus,
1909 555 2340 626 quandoquidem
2381 554 2518 608 oeuli
2568 555 2777 608 Dannini
2835 556 3111 624 respiciunt
3156 573 3312 627 super

129 663 208 718 est,
230 658 429 721 apparet
454 651 506 703 in
537 649 766 704 consiliis
811 649 927 720 ejus
977 650 1336 706 existentibus
1363 667 1519 722 super
1549 652 1644 707 ho-
1744 655 1935 715 gentes,
1990 653 2046 698 et
2086 644 2164 699 sic
2207 643 2400 698 dicitur
2444 642 2875 712 quandoquidem
2924 642 3059 695 oculi
3104 643 3311 698 Domini

131 744 283 806 mines,
327 741 378 794 id
416 747 499 794 est
543 740 736 808 quibus
782 739 1088 793 dominatur
1136 740 1463 805 hominibus,
1499 755 1645 796 com-

1792 733 2023 803 ~spiciunt
2046 749 2200 804 super
2219 741 2416 803 gentes,
2447 747 2550 786 non
2578 748 2731 801 super
2750 729 2962 785 Iudaeos
2992 730 3152 802 234
3195 741 3311 785 tan-

131 833 284 904 piendo
310 831 358 886 in
386 831 462 886 eis
487 831 744 900 quidquid
787 831 886 886 sibi
917 831 1093 902 placet
1119 846 1137 884 :
1166 840 1220 887 et
1248 833 1352 888 hoc
1387 833 1646 890 denotan-
1748 836 1856 880 tum
1886 843 1898 878 :
1934 841 2035 878 non
2076 823 2388 890 exaltentur,
2418 823 2468 877 id
2491 831 2571 876 est
2608 837 2714 877 non
2747 821 3057 891 superbiant
3085 820 3313 888 amplius

134 935 198 978 tur
237 938 344 976 cum
393 922 520 976 dicit
567 938 742 990 super.
787 922 1034 978 Ostendit
1085 933 1264 978 autem
1319 924 1430 994 ipsa
1490 925 1646 996 opera
1745 918 1798 970 iu
1828 913 2132 984 semetipsis,
2164 914 2214 968 id
2257 913 2420 968 estin
2456 927 2650 982 genere
2689 921 2742 966 et
2782 911 2838 966 iu
2883 909 3072 964 notitia
3098 923 3230 962 sua:
3261 917 3316 962 ct

130 1012 336 1067 terribilia
363 1011 637 1066 subdendo
661 1011 740 1066 sic
773 1030 786 1065 :
819 1011 948 1068 Dico
976 1012 1189 1067 videtete
1229 1029 1384 1083 opera
1413 995 1644 1080 Domini,
1665 1030 1682 1049 -
1747 1005 1848 1060 hoc
1877 1004 2168 1060 secundum
2200 1005 2340 1074 quod
2368 1010 2494 1058 sunt
2523 1003 2588 1056 de
2620 1015 2817 1072 genere
2844 999 3096 1064 Abrahw,
3131 1005 3184 1050 et
3222 995 3315 1051 Dei

131 1103 240 1172 quod
263 1101 501 1156 Dominus
527 1102 772 1156 conuertit
799 1119 944 1157 mare
989 1103 1043 1156 in
1071 1104 1296 1170 aridam,
1338 1105 1390 1159 id
1415 1114 1500 1160 est
1521 1121 1646 1176 gen-
1749 1097 1996 1154 notitiam
2029 1096 2178 1167 prius
2222 1095 2544 1150 habuerunt.
2570 1093 2650 1146 llli
2691 1093 2779 1162 qui
2807 1098 3115 1161 exasperant
3147 1088 3312 1159 pieta-

133 1201 192 1246 tes
208 1205 309 1260 quae
331 1204 510 1245 amare
535 1189 824 1246 fueruntet
847 1191 1145 1264 dillluentes
1166 1192 1216 1246 in
1241 1193 1390 1260 vitia,
1423 1203 1480 1249 ut
1503 1211 1648 1249 mare
1754 1198 1857 1243 tem
1895 1187 2010 1250 Dei,
2033 1193 2286 1254 quantum
2311 1185 2377 1238 ad
2401 1182 2789 1254 reputationem
2819 1195 2991 1246 suam,
3017 1194 3124 1233 non
3149 1191 3318 1247 quau-

134 1295 326 1334 amarum
349 1289 430 1334 est
457 1287 512 1334 et
547 1279 804 1347 diilluum,
837 1281 1081 1335 conuertit
1105 1282 1159 1336 in
1187 1283 1389 1336 aridam
1425 1293 1643 1351 terram,
1750 1289 1860 1331 tum
1890 1275 1956 1330 ad
1987 1275 2176 1339 Deum,
2202 1273 2292 1343 qui
2335 1271 2389 1326 in
2419 1287 2513 1326 sua
2554 1279 2746 1325 natura
2775 1283 2984 1338 semper
3014 1267 3158 1320 mitis
3206 1273 3313 1319 est.

135 1371 171 1423 id
193 1369 339 1424 estad
367 1370 466 1424 hoc
505 1379 564 1424 ut
611 1370 720 1424 sint
759 1383 902 1426 terra
943 1387 1060 1440 sua,
1088 1387 1249 1442 quam
1297 1375 1511 1429 excolat
1557 1391 1646 1430 vo-
1748 1368 1902 1435 Quod
1949 1374 2032 1422 est
2077 1365 2303 1420 dicere:
2341 1364 2394 1418 in
2441 1363 2546 1418 hoc
2593 1376 2711 1416 eam
2766 1359 2994 1415 reddunt
3047 1371 3315 1426 asperam,

135 1477 244 1516 mere
261 1462 682 1528 przedicationis:
717 1471 772 1519 et
799 1475 856 1518 ut
885 1465 993 1519 sint
1029 1465 1188 1531 aridi,
1218 1465 1267 1520 id
1297 1476 1379 1522 est
1403 1467 1648 1523 sitientes
1748 1462 1904 1532 quod.
1937 1458 2273 1514 solummodo
2318 1456 2560 1526 iudicant
2590 1455 2762 1524 ipsam
2812 1445 3066 1523 pietatem
3121 1449 3333 1504 debere

134 1551 412 1618 doctrinam,
458 1569 621 1622 quam
683 1556 833 1622 prius
876 1555 1265 1625 neglexerunt,
1313 1556 1380 1610 ad
1433 1559 1646 1612 modum
1749 1547 1993 1603 misereri
2019 1545 2236 1610 Iudaeis,
2265 1560 2371 1600 non
2421 1544 2584 1598 etiam
2629 1541 2897 1613 gentibus.
2946 1538 3355 1594 Adhortantur.

137 1656 251 1699 teme
273 1645 424 1700 aridae
445 1661 564 1714 quae
601 1661 794 1715 aquam
817 1646 952 1701 sitit.
985 1646 1101 1701 Non
1143 1647 1314 1703 solum
1342 1656 1518 1702 autem
1549 1648 1650 1704 hoc
1749 1651 1926 1698 autem
1979 1648 2166 1711 gentes
2195 1638 2262 1692 ad
2303 1634 2727 1692 benedicendum
2780 1633 2971 1697 Deum,
3012 1631 3091 1686 sic
3126 1646 3140 1682 :
3173 1629 3316 1699 Ergo

136 1735 395 1790 beneficium
427 1736 718 1806 impendet,
741 1748 800 1791 ut
827 1747 1108 1794 convertat
1130 1748 1312 1810 gentes
1333 1741 1385 1794 in
1412 1741 1646 1796 aridam:
1681 1801 1719 1810 __
1749 1733 1871 1804 quia
1905 1731 2043 1787 oculi
2070 1731 2180 1800 ejus
2218 1728 2496 1798 reSpiciunt
2537 1740 2693 1795 super
2719 1737 2812 1779 vos
2833 1762 2849 1790 ,
2881 1720 3318 1788 benedicite,gen~

136 1827 202 1880 εει]
239 1827 361 1882 ἱεὶιιά
402 1801 566 1882 ειίίι-ῐη
622 1801 764 1898 quod
821 1829 935 1899 ipse
986 1832 1038 1884 in
1085 1801 1301 1901 ﬂumine
1358 1835 1650 1890 existentes
1681 1801 1723 1860 Β
1752 1801 1846 1892 tes,
1879 1824 2043 1878 Deum
2072 1831 2323 1887 nostrum,
2356 1817 2408 1873 id
2431 1825 2514 1872 est
2561 1815 2776 1870 laudate
2825 1809 3133 1868 omnimoda
3162 1807 3320 1862 laude

135 1918 371 1971 transibunt
406 1918 530 1972 illud
566 1918 764 1975 ﬂumen
789 1921 936 1991 pede,
966 1922 1016 1976 id
1043 1933 1124 1978 est
1157 1939 1252 1994 per
1295 1923 1649 1980 humilitatem

1800 1914 2056 1969 evotionis
2093 1921 2148 1967 et
2188 1909 2384 1981 operis.
2432 1908 2596 1979 Cujus
2649 1905 2785 1961 oculi
2819 1920 2974 1973 super
3021 1917 3115 1958 vos
3159 1902 3319 1968 respi-

138 2005 278 2075 inqua
299 2009 736 2076 perseverabunt.
768 2011 922 2078 Quod
966 2021 1052 2068 est
1085 2014 1267 2070 dicere
1297 2029 1312 2069 :
1342 2014 1528 2070 Faciet
1558 2031 1652 2071 eas
1751 2008 1916 2071 ciunt,
1947 2006 2037 2076 qui
2070 2005 2212 2060 Deus
2240 2011 2342 2069 est,
2365 2009 2420 2055 et
2460 2009 2662 2065 noster,
2697 1997 2748 2050 id
2791 2005 2874 2050 est
2914 1995 3074 2048 homo
3124 2000 3321 2046 nostra:

138 2101 318 2156 transire
342 2100 556 2170 ﬂumen,
593 2105 644 2159 in
679 2121 784 2176 quo
820 2119 945 2162 sum
969 2110 1115 2180 pede,
1141 2110 1192 2165 id
1228 2119 1311 2166 es;
1336 2112 1528 2166 merito
1552 2112 1651 2166 ιιη-
1755 2104 1963 2150 natura:
1997 2094 2263 2156 existens,
2293 2100 2340 2145 et
2379 2105 2483 2144 non
2515 2088 2688 2144 solum
2737 2099 2900 2155 opere
2948 2092 3002 2136 et
3038 2080 3322 2136 devotione

137 2191 326 2247 Utilitatis
377 2201 483 2249 Sita:
514 2213 528 2248 :
561 2196 647 2251 vel
691 2171 849 2267 pede,
900 2171 978 2253 id'
1009 2171 1112 2256 ρει.
1147 2216 1270 2256 cum
1319 2202 1649 2258 securitate:
1753 2188 2018 2252 laudetis;
2045 2185 2138 2242 sed
2167 2183 2401 2238 auditam
2420 2179 2576 2249 facile
2605 2193 2777 2232 vocent
2802 2175 2973 2229 laudis
2998 2173 3130 2242 ejus,
3160 2171 3212 2225 id
3239 2178 3324 2224 cst

139 2282 194 2336 vel
212 2285 334 2353 pede,
365 2286 413 2340 id
441 2296 524 2342 est
563 2264 868 2345 velociter:
898 2289 1094 2347 ﬂumen
1139 2291 1334 2347 dicitur
1371 2294 1474 2348 hoc
1512 2309 1654 2348 mor-
1755 2283 1966 2337 laudate
2004 2295 2125 2335 eum
2171 2276 2472 2339 manifeste,
2521 2280 2580 2327 ut
2609 2269 2830 2324 audiant
2865 2268 2952 2322 alii
2984 2275 3038 2322 et
3077 2264 3323 2334 exemplo

140 2373 214 2428 tale
251 2377 511 2444 satculum,
563 2393 631 2436 eo
685 2381 828 2451 quod
881 2382 948 2436 ad
997 2384 1211 2438 modum
1265 2383 1502 2440 ﬂuminis
1547 2386 1654 2440 cito

1146 2398 1211 2437 Im
1265 2383 1502 2440 ﬂuminis
1547 2386 1654 2440 cito
1755 2383 1934 2430 vestro
1963 2373 2173 2427 laudem
2203 2369 2336 2438 ejus.
2377 2366 2665 2436 Sequitur:

140 2463 246 2520 ﬂuat.
272 2467 407 2535 Quod
437 2469 604 2526 t'aeiet
631 2487 722 2528 eas
751 2475 982 2530 transire
1021 2475 1322 2530 reducendo
1347 2476 1410 2530 ad
1435 2477 1654 2531 immor-

1825 2465 1929 2532 Qui
1964 2463 2133 2534 posuit
2171 2463 2399 2516 animam
2430 2474 2594 2514 meam
2642 2457 2710 2510 ad
2740 2455 2924 2520 vitam,
2971 2469 3032 2508 ac
3063 2452 3107 2507 si
3139 2451 3322 2506 dicat:

140 2555 362 2622 uilitatem,
390 2569 441 2613 et
489 2561 598 2617 hoe
635 2575 734 2632 pro
777 2563 1078 2620 humilitate
1131 2580 1248 2631 sua,
1297 2573 1352 2620 et
1401 2566 1655 2622 velociter
1756 2559 1811 2614 Si
1843 2561 1892 2612 in
1937 2555 2093 2611 laude
2132 2552 2538 2624 persecutiones
2587 2549 2741 2604 vobis
2794 2545 3117 2618 ingruerint.
3161 2541 3328 2596 nolite

141 2659 228 2714 post
251 2657 452 2720 parvum
485 2663 700 2723 tempus
729 2665 782 2711 et
811 2672 1022 2724 secure,
1055 2666 1109 2712 ut
1138 2659 1192 2713 in
1219 2659 1459 2715 discessu
1499 2663 1655 2729 hujus
1758 2657 1902 2704 metu
1955 2645 2215 2701 desistere
2241 2659 2268 2696 a
2315 2641 2492 2705 laude,
2521 2639 2613 2694 sed
2643 2640 2910 2709 patienter
2954 2637 3237 2698 sustinete,
3271 2640 3330 2686 ut

141 2737 228 2793 vita:
251 2757 340 2796 non
379 2745 610 2802 timeant
654 2763 841 2818 poenas
865 2763 930 2803 ex
955 2750 1281 2805 conscientia
1313 2725 1650 2819 delictorum,
1756 2754 1851 2810 per
1893 2739 1995 2794 hoc
2039 2738 2104 2791 ad
2141 2735 2305 2789 vitam
2334 2730 2682 2804 perveniatis,
2712 2729 2852 2784 sicut
2889 2736 2943 2780 et
2977 2741 3096 2780 nos-
3121 2725 3329 2794 patien—

141 2833 287 2897 quibns
321 2838 461 2904 prius
487 2841 952 2895 emundabuutur.
980 2841 1081 2896 Pes
1103 2857 1200 2913 pro
1224 2843 1526 2898 humilitate
1555 2814 1654 2915 po.
1759 2842 1839 2888 ter
1861 2833 2183 2887 sustinemus
2213 2836 2265 2879 ut
2297 2826 2362 2878 ad
2393 2825 2557 2878 vitam
2587 2819 2985 2890 perveniamus.
3023 2818 3163 2915 Deus
3183 2814 3328 2868 enim
3410 2815 3418 2824 ‘

142 2919 265 2988 uitur,
289 2939 347 2978 eo
379 2928 516 2993 quod
573 2929 643 2983 sit
692 2928 914 2984 inferior
962 2905 1400 3001 pars-corporis.
1439 2905 1658 2988 POnitnr
1757 2925 1927 2993 posuit
1966 2923 2198 2975 animam
2240 2931 2428 2980 meam,
2469 2913 2598 2968 dicit
2635 2908 2879 2966 Ecclesia
2917 2905 3283 2978 apostolorum
3312 2943 3327 2966 ,

142 3011 259 3066 etiam
289 3031 376 3085 pro
400 3019 706 3088 velocitate,
739 3036 804 3077 eo
854 2996 995 3092 quod
1046 2996 1300 3078 velocitas
1351 3025 1402 3078 in
1435 3027 1657 3094 pedibus
1759 3017 1811 3071 id
1839 3022 1922 3070 est
1960 3010 2265 3067 humiliavit
2294 3005 2697 3062 sensualitatem
2724 3015 2902 3058 meam
2943 3002 2997 3055 in
3021 2996 3330 3061 tribulatic-

144 3099 323 3159 hominis
363 3105 618 3164 fundetur
649 3127 664 3164 :
697 3111 914 3181 ponitur
947 3125 1161 3182 quoque
1213 3128 1309 3182 pro
1347 3091 1654 3181 securitate,

1812 3105 1940 3168 bus,
1967 3102 2020 3158 id
2041 3108 2125 3157 est
2166 3097 2323 3170 atlligi
2355 3095 2620 3168 permisit,
2646 3102 2702 3150 et
2744 3093 2846 3151 hoc
2875 3091 2946 3149 ad
2972 3093 3130 3149 vitam
3161 3091 3331 3160 adipi-

143 3205 188 3245 00
207 3198 320 3263 quod
339 3201 563 3267 pedibus
601 3215 793 3256 secure
840 3203 1084 3258 nitimur.
1127 3202 1245 3271 Vel,
1273 3205 1657 3276 pertransibunt
1689 3183 1730 3196 ’³
1760 3193 2036 3260 scendam,
2069 3190 2121 3247 id
2147 3197 2231 3246 est
2256 3195 2314 3244 ut
2337 3201 2433 3259 per
2455 3186 2557 3242 hoc
2584 3187 2749 3240 vitam
2781 3183 3144 3254 adipiscamur
3168 3189 3330 3236 aeter-

147 3283 312 3350 liumen,
344 3290 392 3344 id
437 3301 520 3347 est
568 3301 918 3348 contemnent
955 3275 1279 3350 allluentiam
1323 3295 1657 3352 smcularium
1763 3303 1910 3342 nam.
1944 3286 2146 3340 Ponere
2170 3282 2385 3353 preprie
2426 3279 2674 3343 dicimus,
2706 3275 2922 3348 quando
2955 3291 3045 3331 res
3079 3275 3144 3330 de
3173 3289 3332 3345 supe-

149 3374 376 3446 bonorum,
405 3397 522 3452 quae
555 3382 757 3438 dicitur
782 3383 1000 3451 llnmen,
1031 3400 1095 3439 eo
1117 3385 1258 3454 quod
1285 3386 1394 3442 cito
1425 3385 1573 3452 fluat,
1606 3398 1660 3443 et
1763 3379 1891 3434 riori
1915 3378 2034 3431 loco
2063 3382 2299 3444 sumpta,
2331 3371 2554 3426 inl'erius
2598 3369 2846 3424 mittitur.
2877 3367 3106 3437 Ideoque
3135 3380 3333 3422 conve-

147 3465 583 3543 hocfacientpede,
619 3475 672 3529 id
710 3483 792 3530 est
821 3475 1102 3543 velociter,
1131 3485 1187 3531 et
1234 3477 1286 3530 in
1333 3477 1657 3545 humilitate,
1762 3469 1973 3526 nienter
2001 3479 2098 3537 pro
2126 3461 2409 3520 humiliare
2448 3475 2648 3530 ponere
2695 3459 2979 3528 accipitur,
3006 3465 3061 3513 et
3086 3457 3334 3528 quamvis

149 3569 288 3616 utnon
315 3565 427 3620 inde
447 3569 763 3638 superbiant
802 3585 816 3622 :
854 3577 908 3624 et
931 3569 1034 3634 ibi,
1063 3569 1115 3623 id
1155 3579 1238 3625 est
1274 3571 1329 3623 in
1369 3568 1458 3623 illo
1488 3577 1635 3624 trans
1765 3571 1848 3611 me
1875 3556 2066 3626 posuit,
2100 3569 2201 3607 non
2241 3565 2416 3606 tamen
2445 3550 2586 3603 dedit
2632 3550 2686 3602 in
2739 3547 3134 3602 commotionem
3180 3545 3334 3616 pedes

150 3648 204 3702 itu
228 3636 524 3723 tutabimur,
542 3670 599 3714 et
623 3674 720 3715 nos
754 3659 978 3730 apostoli
1002 3667 1261 3729 etgentes
1281 3669 1662 3730 pertranseun-
1763 3663 1922 3713 τηεσε,
1957 3646 2010 3700 id
2050 3654 2136 3700 εει
2175 3640 2295 3698 ηοῐί
2322 3642 2568 3714 Dormis"-
2594 3642 2644 3696 ίη
2672 3640 3088 3695 θοηηηοιίοηθιη
3111 3637 3226 3692 dari
3253 3636 3335 3692 af‘

151 3744 208 3790 tes
239 3743 285 3796 in
325 3745 426 3814 ipso
455 3748 586 3815 Deo,
623 3764 730 3804 non
780 3749 1226 3804 contristahimur
1255 3751 1321 3805 de
1369 3751 1662 3805 amissione
1767 3737 2025 3792 lectiones
2051 3749 2221 3802 meas,
2249 3744 2308 3789 ut
2337 3751 2446 3804 prae
2471 3735 2663 3787 timore
2691 3746 2973 3803 poenarum
2992 3745 3022 3784 a
3044 3730 3187 3785 bono
3207 3743 3336 3799 pro-

151 3836 462 3900 temporalium
495 3857 511 3905 ;
543 3839 630 3895 vel
669 3843 963 3896 secundum
1010 3841 1329 3896 sententiam
1377 3843 1610 3911 priorem
1644 3858 1657 3894 :
1764 3830 1937 3901 posito
1965 3836 2451 3883 commoverentur.
2481 3824 2672 3879 Posset
2699 3819 2897 3889 objici:
2931 3819 3100 3874 fuitne
3131 3818 3336 3888 aliquid

152 3917 308 3991 inipso
336 3927 647 3996 (tutabimur,
685 3931 734 3985 id
781 3932 955 3986 estin
1005 3932 1289 4002 adeptione
1329 3932 1497 4001 ipsius
1540 3947 1660 3987 cum
1765 3922 1904 3976 unde
1945 3920 2175 3991 possetis
2223 3917 2592 3973 commoveri?
2641 3915 2724 3970 Ad
2773 3913 2914 3986 quod
2968 3913 3045 3968 sic
3087 3911 3333 3974 additur,

152 4009 293 4070 dchoc
320 4021 508 4075 mundo
529 4023 995 4093 pertransibimus.
1108 4001 1121 4002 ί
1765 4011 2010 4068 faciendo
2061 4007 2443 4081 apostropham
2504 4007 2572 4062 ad
2635 4007 2804 4061 Deum
2861 4019 2982 4058 eum
3036 4001 3334 4072 gratiarum

200 4101 253 4160 In
278 4108 374 4175 ipso
408 4112 526 4166 dico
565 4114 657 4183 qui
684 4115 984 4169 dominatur
1012 4116 1066 4169 in
1097 4123 1346 4171 internum
1387 4117 1442 4170 in
1479 4117 1664 4172 uirtute

1814 4101 1996 4166 :tione,
2046 4099 2113 4154 de
2160 4091 2466 4152 constantia
2512 4111 2608 4150 sua
2646 4113 2658 4147 :
2694 4093 2832 4148 Vere
2862 4091 2962 4145 fuit
3009 4089 3151 4143 unde
3184 4101 3333 4142 com-

152 4207 235 4256 tua,
255 4197 298 4250 id
319 4208 398 4255 est
436 4203 486 4256 in
518 4204 756 4272 potentia
785 4205 886 4260 sibi
919 4221 1176 4276 congrua,
1217 4223 1322 4262 non
1366 4207 1420 4262 in
1466 4207 1664 4262 virtute

1821 4193 1968 4250 overi
2018 4205 2318 4262 possemus.
2368 4188 2627 4254 Quoniam
2668 4194 2746 4251 tu,
2777 4184 2912 4238 Deus
2939 4180 3170 4250 probasti
3219 4193 3335 4231 nos.

154 4282 284 4342 aliena
306 4307 317 4342 ε
343 4293 419 4347 νει
442 4295 494 4348 δη
518 4266 712 4350 iiii-mu;
739 4313 860 4362 εαα,
891 4297 943 4351 id
971 4266 1054 4353 es;
1073 4298 1124 4352 in
1149 4266 1386 4369 ῥοιεηιῖη
1422 4313 1664 4354 resurre-
1769 4285 1997 4356 Exponit
2025 4297 2152 4337 vero
2167 4281 2448 4351 quomodo
2475 4276 2746 4346 probavit,
2773 4288 2894 4328 cum
2935 4269 3102 4369 addit,
3129 4266 3338 4369 scilicet

155 4373 320 4432 ctionis.
349 4380 494 4448 Quod
522 4393 607 4438 est
636 4384 816 4439 dicere
895 4385 1000 4441 Per
1029 4388 1132 4442 hoc
1151 4358 1418 4444 Dominus
1444 4387 1664 4444 etractus
1766 4375 2072 4430 exanimasti
2105 4390 2196 4427 nos
2225 4372 2344 4440 igne
2367 4367 2788 4429 tribulationum,
2816 4371 2868 4418 et
2897 4377 3002 4415 non
3038 4358 3101 4413 ad
3131 4359 3338 4412 incom—

157 4471 240 4528 εει,
262 4470 370 4536 quia
407 4487 601 4542 passus
640 4484 798 4530 estet
828 4478 1142 4533 resurrexit.
1171 4476 1331 4534 Juxta
1370 4479 1496 4534 illud
1525 4479 1666 4550 Apo-
1698 4475 1741 4528 D
1770 4467 1988 4524 modum
2017 4475 2283 4528 nostrum,
2317 4471 2376 4515 ut
2409 4475 2475 4514 ex
2515 4466 2624 4512 toto
2666 4465 3051 4550 consumantur
3079 4451 3197 4550 igne
3244 4448 3340 4502 tri-

158 4556 244 4610 stoli
271 4575 317 4612 ει
340 4541 485 4620 Dedit
506 4567 583 4621 illi
616 4583 809 4623 nomen
836 4570 976 4639 quod
999 4579 1079 4624 est
1109 4585 1271 4640 super
1290 4586 1450 4627 omne
1472 4541 1668 4626 nomen
1771 4557 2102 4612 bulationum
2136 4573 2147 4606 :
2182 4553 2275 4608 sed
2315 4552 2386 4606 ita
2442 4546 2775 4610 examinasti,
2824 4543 2956 4597 sicut
3008 4541 3342 4595 examinatur

160 4643 283 4712 (Plut.
309 4670 362 4718 ιι,
395 4658 498 4719 10),
528 4679 546 4711 ι
579 4659 732 4726 Quod
783 4633 869 4716 esi
893 4661 1072 4716 dicere
1107 4680 1118 4715 ε
1155 4633 1274 4716 Non
1330 4660 1530 4716 ίήιειηι
1579 4662 1669 4715 ιω-
1773 4658 2062 4719 argentum.
2089 4646 2238 4713 Quod
2270 4653 2352 4700 est
2387 4643 2587 4697 dicere:
2620 4639 2774 4694 Sicut
2811 4642 3092 4707 argentum
3129 4634 3182 4726 in
3217 4633 3341 4703 igne

161 4743 330 4797 niuium
360 4757 437 4802 est
459 4750 510 4804 in
533 4725 622 4815 eo,
649 4766 770 4804 cum
799 4727 913 4819 ipse
939 4751 1244 4808 dominetur
1274 4755 1327 4808 in
1361 4754 1546 4806 virtute
1573 4769 1669 4806 sua
1775 4740 2003 4810 positum
2044 4737 2403 4797 examinatur,
2436 4734 2486 4787 id
2529 4741 2612 4788 est
2652 4729 2798 4787 omni
2843 4729 3000 4784 sorde
3048 4725 3340 4797 expiatur;

161 4825 197 4880 in
217 4843 432 4892 etei-num
461 4879 471 4892 .
507 4839 642 4906 Quia
683 4814 832 4896 vero-
862 4841 1070 4897 dixerat
1097 4860 1110 4898 :
1141 4845 1388 4898 convertit
1428 4859 1572 4896 mare
1617 4843 1672 4894 in
1777 4831 1848 4887 ita
1879 4845 1976 4885 nos
2000 4831 2117 4900 igne
2140 4827 2546 4882 tribulationum
2589 4821 2837 4893 expiasti.
2865 4818 3169 4875 Notandum
3199 4814 3344 4886 quod

161 4921 340 4990 aridam,
367 4943 428 4982 ne
465 4940 655 5000 gentes
695 4942 948 5000 putarent
973 4948 1032 4988 se
1076 4933 1270 4988 salvari
1301 4934 1508 4988 meritis
1539 4933 1670 4995 suis,
1776 4937 1882 4977 non
1919 4921 2037 4976 ideo
2068 4918 2198 4974 dicit
2233 4917 2460 4988 probasti
2488 4915 2630 4986 quod
2671 4913 2822 4983 prius
2859 4924 3044 4966 eorum
3089 4914 3345 4962 constan-

162 5006 274 5063 addit
295 5014 363 5068 sic
392 5033 404 5068 :
434 4997 562 5074 Dico
588 4997 833 5074 conuertit
867 5039 1032 5090 utare,
1062 5023 1112 5076 id
1149 5032 1230 5076 est
1265 5033 1452 5093 gentes
1483 5023 1536 5077 iu
1565 5025 1674 5076 ari-
1778 5015 1903 5068 tiam
1936 5010 2338 5082 ignoraret,sed
2365 5009 2503 5064 idem
2536 5016 2619 5062 est
2648 5020 2712 5061 ac
2740 5004 2784 5060 si
2812 5003 3056 5058 diceret:
3086 4997 3195 5052 Nos
3222 5011 3348 5066 pro-

163 5095 270 5162 dam,
295 5111 342 5156 et
372 5106 469 5162 hoc
498 5124 602 5163 non
633 5111 828 5166 merito
860 5113 1119 5181 gentium,
1145 5113 1238 5168 sed
1271 5113 1410 5167 oculi
1429 5114 1544 5182 ejus
1571 5113 1674 5166 mi-
1779 5107 1934 5161 batos
1961 5103 2264 5170 ostendisti,
2304 5102 2396 5172 qui
2439 5101 2590 5172 prius
2619 5114 2725 5154 non
2753 5097 3070 5151 videbamur
3093 5097 3332 5145 constan-

167 5187 421 5250 serieordiae
463 5201 762 5268 respiciunt,
807 5201 858 5254 id
906 5211 990 5257 est
1031 5202 1454 5258 misericorditer
1504 5213 1677 5273 gentes
1781 5199 2235 5254 tes.Demonstrat
2257 5204 2435 5249 autem
2461 5195 2604 5263 ipsas
2626 5189 2998 5246 tribulationes
3026 5198 3122 5254 per
3147 5188 3346 5251 partes,

169 5278 342 5346 resi’icit
364 5294 418 5340 nt
449 5287 640 5356 salvet,
669 5305 699 5344 a
739 5292 1089 5348 similitudine
1125 5293 1197 5363 pii
1227 5294 1460 5364 patroni,
1485 5269 1574 5362 qui
1612 5293 1680 5347 de
1779 5290 1858 5345 sic
1887 5305 1901 5342 :
1932 5287 2060 5342 Dico
2088 5285 2230 5356 quod
2251 5283 2479 5354 probasti
2508 5299 2598 5336 nos
2629 5282 2767 5350 igne,
2803 5285 2858 5332 et
2881 5289 3008 5329 ecce
3047 5273 3221 5342 ignem
3243 5269 3348 5364 sei-

169 5369 340 5430 s-hl'mi
363 5379 489 5435 solio
524 5381 734 5452 imperii
775 5385 855 5438 sui
881 5385 1110 5454 aliquem
1156 5357 1470 5456 oppressum
1504 5357 1680 5439 bculis
1782 5381 1906 5434 licet
1930 5377 2181 5433 induxisti
2211 5391 2324 5439 nos,
2352 5374 2508 5428 idest
2541 5367 2826 5442 permisisti
2853 5379 2951 5419 nos
2986 5359 3166 5417 in-Juci
3191 5359 3244 5412 in
3271 5357 3344 5411 la-

170 5456 338 5520 Pietatis
370 5483 473 5526 siue
500 5475 738 5543 reSpicit,
771 5483 827 5528 nt
853 5490 974 5528 eum
1025 5474 1216 5530 salvet.
1243 5475 1469 5530 Faciunt
1501 5481 1679 5528 autem
1781 5487 1991 5541 queam,
2022 5469 2074 5522 id
2111 5476 2197 5522 est
2237 5466 2289 5520 in
2322 5465 2564 5518 diversas
2591 5459 2868 5528 captiones
2896 5465 3197 5518 carcerum,
3231 5449 3348 5517 cip—

169 5559 497 5628 ‘Ptslmpham
523 5565 589 5618 ad
636 5582 929 5622 conversos
961 5567 1028 5622 de
1055 5567 1274 5632 Judatis,
1309 5569 1397 5636 qui
1445 5565 1680 5622 aflirma-
1783 5577 1996 5632 porum,
2054 5559 2406 5628 compedum.
2463 5559 2812 5614 catenarum,
2863 5541 3240 5603 νὶιιουιοτυιιι,
3295 5545 3350 5590 ει

172 5636 272 5739 ὶξξιιιῑ
295 5651 451 5710 nullus
478 5664 671 5724 praeter
697 5657 911 5712 Judazos
935 5659 987 5712 in
1031 5658 1135 5714 [ide
1167 5631 1499 5729 recipiendos
1542 5673 1679 5721 esse,
1787 5631 2104 5711 caeterorum
2133 5645 2468 5718 huiusmodi;
2496 5642 2732 5712 posuisti,
2757 5641 2808 5696 id
2832 5647 2916 5696 est
2939 5632 3230 5708 permi:isti
3260 5631 3356 5685 tri-

174 5729 370 5795 dir/entes
396 5742 666 5802 Dominum
691 5746 872 5804 Jcsum
909 5765 1004 5806 ιιι-ο
1024 5726 1324 5805 Iudaeorum
1354 5749 1686 5806 solummodo
1791 5746 2078 5801 butationes
2125 5743 2177 5798 in
2219 5741 2375 5796 dorso
2426 5747 2618 5803 nostra,
2672 5743 2729 5790 ut
2773 5732 3003 5790 diversis
3040 5726 3353 5785 verberibus
