3846 6334
456 281 555 336 N7
611 332 618 340 .

1038 281 1096 338 S.
1136 281 1484 358 BRUNONJS
1517 281 2163 341 CARTHUSIANORUM
2198 285 2682 344 lNSTlTUTORlS
2726 287 2877 345 OPP.
2916 290 3096 350 PARS
3130 280 3174 350 l.
3611 267 3698 358 sis

459 384 829 484 alliigeremur
851 409 866 458 ;
889 394 1192 462 imposuisti
1219 396 1472 460 homines,
1496 395 1548 450 id
1575 407 1658 452 est
1687 398 1888 467 imponi
1926 411 2049 466 per—
2077 406 2123 460 Α
2154 399 2237 455 vel
2266 401 2548 472 superbus,
2575 402 2715 456 sicut
2737 404 2880 461 aries
2913 406 3114 464 rebelle
3139 405 3342 464 animal
3362 419 3442 466 est
3464 422 3515 467 et
3535 429 3691 484 snper-

463 473 666 539 mia'tsti
703 482 917 552 impios,
948 485 1038 554 qni
1072 485 1196 555 jure
1235 485 1488 540 dicuntur
1525 485 1760 540 homines
1805 501 1911 540 non
1941 487 2050 556 spi-

480 571 716 640 rituales,
742 591 897 644 super
918 576 1091 645 capita
1136 585 1334 641 nostra,
1368 576 1420 630 id
1450 587 1533 632 est
1563 577 1876 632 dominandi
1903 579 2052 648 capi-

469 662 614 718 tibus
645 663 848 720 nostris
871 665 950 720 eis
995 665 1288 734 potentiam
1326 667 1676 731 concessisti,
1725 675 1786 722 ut
1832 678 2054 738 possent

467 737 720 816 occidere
750 767 871 821 nos,
904 754 986 808 vel
1033 755 1320 824 imposuisti
1360 773 1514 826 super
1546 758 1718 826 capita
1766 767 1963 825 nostra,
1999 759 2050 814 id

466 853 552 898 εει
581 841 860 912 subjecisti
891 859 990 900 nos
1015 847 1268 916 potentiae
1294 861 1502 902 eorum.
1537 847 1604 902 Et
1633 847 1762 919 quid
1793 847 1885 904 tibi
1916 849 2050 904 irem

466 945 566 1002 per
603 932 817 1004 singula
839 933 864 986 ?

526 1023 899 1102 .Transiaimus
943 1041 1036 1094 per
1063 1026 1230 1096 ignem
1257 1037 1304 1081 et
1331 1043 1546 1098 aquam,
1572 1027 1622 1082 id
1647 1037 1726 1083 est
1761 1043 1856 1098 per
1897 1044 2052 1099 pros-

465 1129 602 1190 pera
629 1123 683 1170 et
719 1129 817 1184 per
867 1117 1112 1190 adversa,
1162 1117 1242 1172 sic
1279 1128 1338 1172 ut
1373 1133 1472 1174 nec
1521 1120 1813 1189 asperitate
1859 1119 2048 1188 fracti,

479 1221 579 1262 nec
619 1205 976 1279 prosperitate
1014 1206 1182 1263 simus
1221 1209 1440 1264 clevati.
1480 1209 1624 1280 Ignis
1669 1219 1818 1266 recte
1856 1210 2053 1266 dicitur

477 1282 800 1364 advers-itas,
821 1314 887 1353 eo
911 1299 1052 1368 quod
1077 1308 1325 1369 torqueat
1349 1310 1404 1354 et
1431 1300 1662 1369 cruciet,
1683 1310 1739 1356 et
1765 1317 1862 1356 suo
1893 1300 2051 1358 modo

481 1400 604 1444 urat
629 1391 768 1446 sicut
804 1392 962 1462 ignis.
1005 1391 1158 1462 Aqua
1191 1393 1407 1463 quidem
1440 1395 1791 1464 prosperitas,
1823 1410 1888 1450 eo
1909 1397 2051 1466 quod

468 1497 568 1538 suo
601 1483 762 1539 modo
784 1484 924 1539 sicut
945 1499 1084 1562 aqua
1106 1484 1426 1554 refrigerat;
1452 1486 1533 1542 vel
1563 1487 1640 1542 sic
1675 1504 1687 1538 :
1718 1488 2052 1542 transivimus

465 1588 560 1642 per
579 1573 747 1643 ignem
785 1585 833 1628 et
857 1591 1065 1645 aquam,
1103 1575 1155 1640 id
1182 1585 1266 1631 est
1301 1591 1397 1645 per
1425 1577 1746 1633 omnismodi
1785 1587 2051 1633 tormenta

467 1677 590 1732 qua:
628 1661 762 1718 ﬁunt
792 1663 846 1718 in
896 1664 1019 1732 igne
1042 1675 1094 1720 et
1148 1665 1200 1720 in
1233 1681 1368 1735 aqua
1404 1675 1497 1722 :et
1527 1683 1624 1736 per
1667 1668 1782 1722 haec
1823 1667 1929 1722 duo
1964 1670 2051 1722 dat

417 1745 423 1750 ’
469 1752 772 1832 intelligere
801 1763 996 1810 caetera
1025 1765 1310 1812 tormenta.
1338 1757 1403 1812 Et
1434 1757 1558 1828 quia
1601 1773 1696 1828 per
1725 1759 1840 1813 haec
1869 1758 2050 1834 omnia
2080 1746 2126 1804 Β

470 1844 844 1913 transivimus,
882 1860 988 1901 non
1026 1847 1362 1914 deﬁcientes,
1443 1848 1692 1914 edit-xisti,
1727 1849 1779 1902 id
1807 1859 1888 1904 est
1917 1850 2052 1905 edu-

469 1949 561 1991 ces
609 1950 702 1988 nos
737 1935 806 1988 ab
848 1934 933 1990 his
984 1937 1264 2005 omnibus,
1321 1938 1564 1993 ducendo
1613 1939 1669 1992 in
1725 1938 2052 2008 refrigerium

469 2035 684 2082 :eternze
718 2027 934 2097 quietis.
982 2027 1216 2098 Exponit
1247 2038 1426 2084 autem
1461 2031 1511 2084 in
1542 2031 1684 2101 quod
1724 2029 2051 2101 refrigerium

469 2117 722 2185 deducet,
755 2120 835 2174 sic
864 2119 1108 2176 addendo
1141 2139 1154 2173 :
1191 2121 1328 2176 Vere
1375 2124 1429 2176 in
1470 2123 1800 2193 refrigerium
1834 2138 1919 2178 me
1961 2125 2053 2179 de-

470 2209 656 2265 duces.
686 2209 822 2266 Nam
850 2226 949 2282 ego
977 2215 1200 2268 introibo
1231 2215 1284 2268 in
1317 2215 1527 2270 domum
1557 2226 1722 2285 tuam,
1763 2217 1972 2273 scilicet
1999 2217 2052 2272 in

469 2301 806 2358 Hierusalem
835 2304 1132 2361 caelestem.
1167 2306 1280 2378 Ego
1309 2307 1428 2362 dico
1457 2308 1702 2363 existens
1733 2309 1784 2362 in
1807 2308 2054 2363 holocau-

472 2393 589 2458 stis,
617 2393 669 2448 id
692 2403 777 2449 est
800 2395 852 2450 in
889 2381 1263 2453 consummata
1302 2397 1628 2468 et'perfecta
1650 2400 2049 2456 combustione:

472 2483 634 2555 235
668 2494 726 2540 ut
751 2486 801 2540 in
822 2501 907 2542 me
924 2489 1074 2558 prius
1098 2489 1378 2560 quidquid,
1403 2491 1454 2546 id
1484 2501 1564 2546 est
1587 2499 1858 2548 terrenum
1890 2503 1973 2548 est
2000 2501 2054 2547 et

473 2577 707 2633 mortale
723 2589 778 2633 et
793 2579 1046 2650 passibile
1065 2592 1492 2650 consummatur,
1509 2592 1563 2638 et
1582 2583 1819 2653 perfecte
1839 2585 2054 2655 spirita-

473 2668 543 2724 lis
574 2668 699 2724 ﬁam
737 2679 794 2733 et
824 2671 1165 2748 immortalis.
1185 2671 1338 2742 juxta
1359 2674 1488 2730 illud
1509 2674 1750 2746 Apostoli
1786 2694 1799 2730 :
1835 2693 1853 2725 ε
1884 2674 2054 2744 Opor-

474 2771 553 2819 tet
581 2765 933 2835 corruptibile
971 2766 1075 2822 boc
1109 2765 1820 2838 induereincorruptionem
1850 2766 1900 2840 (Ι
1930 2767 2050 2822 Cor.

474 2871 564 2921 xv,
597 2855 710 2928 55).
749 2876 768 2908 ι
801 2855 1188 2914 llolocaustnm
1225 2859 1554 2935 sacriﬁcium
1588 2860 1718 2914 illud
1751 2861 2050 2924 dicebatur,

472 2949 616 3014 quod
653 2964 722 3004 ex
745 2959 857 3006 toto
901 2952 1343 3008 comburebatur.
1390 2953 1618 3024 Ideoque
1672 2970 1770 3025 pro
1812 2954 2054 3024 perfecta

471 3044 844 3102 combustionc
870 3046 1104 3119 ponitur,
1131 3056 1185 3102 et
1213 3055 1498 3118 postquam
1530 3049 1786 3104 introicro
1813 3049 2050 3114 domum,
2082 3089 2126 3149 Ο

473 3133 691 3196 reddam
722 3135 814 3189 tibi
837 3147 952 3202 vota
983 3153 1121 3204 mea,
1151 3137 1202 3192 id
1236 3146 1320 3192 est
1350 3138 1654 3208 persolvant
1681 3138 1773 3192 tibi
1802 3138 1854 3192 in
1889 3153 2052 3192 aeter-

468 3238 600 3277 num
627 3223 814 3280 laudes
841 3241 1010 3289 meas,
1045 3241 1110 3282 ex
1142 3227 1288 3282 omni
1320 3235 1447 3282 voto
1475 3236 1524 3282 ct
1565 3227 1838 3282 desiderio
1873 3246 1885 3280 :
1939 3244 2056 3297 qua:

469 3323 596 3370 vota
619 3301 760 3370 labia
792 3332 904 3370 mea
938 3315 1221 3380 interiora,
1261 3317 1402 3371 labia
1424 3317 1631 3372 scilicet
1653 3318 1857 3382 cordis,
1892 3317 1942 3371 itl
1969 3325 2056 3371 est

473 3405 832 3474 cogitationes
854 3422 984 3462 meae
1009 3408 1382 3471 distinxerunt,
1423 3409 1474 3462 id
1501 3418 1584 3463 est
1613 3409 1868 3464 distincta
1900 3419 1956 3463 et
1984 3409 2061 3463 di-

477 3501 615 3565 visa,
647 3511 702 3556 ει
751 3503 1070 3557 excellentia
1126 3503 1508 3558 intellexerunt
1563 3520 1673 3574 prae
1713 3505 1859 3559 ontni
1901 3505 2057 3559 laude

474 3605 597 3659 qum
621 3592 672 3645 in
699 3593 803 3647 hoc
831 3594 1031 3648 mundo
1067 3595 1146 3648 ﬁt.
1176 3594 1234 3648 ln
1271 3595 1372 3648 hoc
1414 3595 1557 3648 enim
1607 3596 1806 3650 mundo
1853 3597 2056 3666 imper--

473 3680 617 3735 l'ecte
650 3690 706 3737 et
733 3682 1020 3752 aliquando
1043 3699 1165 3739 cum
1204 3685 1361 3740 taedio
1387 3685 1531 3740 Deus
1559 3685 1807 3740 laudatur
1837 3705 1852 3753 ;
1891 3690 1944 3743 in
1974 3689 2058 3743 fu-

471 3781 601 3826 turo
632 3773 868 3841 quidem,
901 3784 956 3828 ct
984 3774 1218 3844 perfecte
1237 3786 1291 3830 et
1321 3777 1526 3846 absque
1551 3778 1707 3833 taedio
1730 3777 2056 3836 laudabitur.

478 3862 721 3919 Reddam
760 3876 899 3932 vota,
939 3866 1128 3922 eadem
1159 3869 1514 3925 similitudine
1543 3871 1696 3936 dicit,
1734 3888 1836 3941 qua
1872 3875 1924 3928 in
1955 3874 2060 3929 alio

476 3957 692 4027 pSalmo
725 3960 974 4028 proximo
1004 3949 1206 4014 dictum
1257 3971 1379 4016 est:
1418 3962 1537 4016 'l'ibi
1591 3963 1836 4015 reddetur
1886 3973 2058 4018 rotam

477 4053 538 4106 in
563 4049 893 4106 Hierusalem
918 4050 1090 4122 (Psal.
1116 4067 1262 4117 Lstv,
1291 4052 1380 4124 2);
1412 4061 1466 4106 et
1497 4053 1610 4108 haec
1642 4063 1758 4106 vota
1793 4069 1911 4108 esse
1935 4057 2056 4109 red-

483 4142 682 4208 denda,
715 4142 946 4197 locutum
985 4153 1060 4196 est
1095 4159 1152 4197 os
1196 4159 1367 4197 meum
1409 4142 1576 4197 etiam
1629 4143 1682 4196 in
1725 4143 2060 4198 tribulatione

479 4253 617 4292 mea.
667 4237 820 4304 Quod
851 4247 937 4294 est
970 4239 1189 4294 dicere:
1244 4237 1356 4295 Nec
1407 4239 1569 4294 etiam
1607 4237 1661 4293 in
1715 4239 2061 4296 tribulatione

475 4329 625 4385 tacui
670 4331 940 4386 reddenda
965 4347 1083 4387 esse
1121 4335 1234 4392 lucc
1263 4342 1402 4396 rota,
1447 4331 1538 4386 ubi
1587 4331 1862 4387 videretur
1911 4333 2060 4390 locus

2152 493 2312 558 bum,
2344 503 2398 548 et
2448 493 2734 548 incendam
2777 497 3022 564 hircum,
3074 500 3128 555 id
3168 513 3254 558 est
3307 501 3564 558 luxuriam
3599 524 3698 576 qua

2153 587 2284 642 fetet
2317 588 2410 643 tibi
2441 599 2500 644 ut
2529 591 2710 646 hircus
2735 589 2828 660 qui
2870 587 3096 644 fetidum
3134 591 3338 645 animal
3364 602 3448 647 est
3473 610 3486 646 :
3516 602 3566 648 et
3604 596 3697 652 ista

2153 679 2496 736 incensiones
2541 690 2702 737 erunt
2759 681 2854 736 tibi
2904 681 3212 737 dulcissima
3250 682 3698 756 bolucausta,quu

2153 771 2644 843 praeﬁgurabantur
2668 787 2764 843 per
2793 773 3107 829 holocausta
3133 791 3253 844 quae
3302 775 3356 830 in
3405 775 3515 847 lege
3559 782 3699 834 veteri

2152 877 2218 918 ex
2249 862 2420 918 bobus
2441 874 2491 918 et
2520 865 2688 929 hircis
2713 874 2770 920 et
2815 866 3080 921 arietibus
3118 865 3301 920 offerri
3349 869 3684 937 praecipieban

2155 961 2264 1006 tur.
2289 952 2664 1009 Adbortantur
2713 955 2938 1016 veroad
2965 955 3254 1010 videndum
3308 955 3580 1022 beneﬁcia,
3617 959 3700 1015 sibi

2149 1045 2261 1114 jam
2290 1061 2320 1100 a
2345 1045 2456 1102 Deo
2491 1047 2682 1102 collata
2713 1061 2728 1100 :
2760 1055 2817 1102 ut
2839 1056 2893 1102 et
2937 1046 3036 1116 ipsi
3071 1046 3210 1103 bene
3249 1049 3480 1102 vivendo
3524 1050 3586 1103 ad
3621 1051 3700 1106 hor

2156 1137 2427 1202 nitantur,
2456 1137 2534 1192 sic
2563 1156 2576 1192 :
2621 1137 2738 1192 Dixi
2769 1138 2932 1192 venite
2952 1148 2999 1192 et
3022 1138 3188 1192 videte
3220 1155 3381 1208 opera
3408 1148 3461 1192 et
3481 1139 3704 1193 terribilia

2154 1227 2273 1294 Dei,
2302 1236 2356 1283 et
2375 1227 2622 1283 enarravi
2654 1228 2811 1282 vobis
2831 1243 2918 1294 ea,
2949 1238 3008 1284 ut
3055 1243 3244 1284 eorum
3277 1229 3519 1285 contuitu
3543 1229 3705 1284 ‘Deum

2155 1331 2276 1371 cum
2307 1315 2502 1371 timore
2530 1316 2782 1372 laudetis.

2226 1404 2295 1461 Ut
2323 1415 2502 1462 autem
2531 1407 2598 1461 ad
2624 1406 2766 1463 hanc
2791 1406 3006 1462 laudem
3062 1409 3236 1480 magis
3283 1409 3558 1480 magisque
3586 1410 3706 1464 nita-

2155 1498 2307 1565 mini,
2333 1500 2518 1566 venite,
2559 1499 2611 1554 id
2647 1509 2731 1555 est
2779 1509 3088 1570 prteparate
3131 1517 3227 1557 vos
3281 1502 3348 1556 ad
3391 1501 3704 1564 audiendum,

2155 1606 2286 1647 aure
2311 1592 2494 1647 cordis
2517 1605 2669 1647 more
2693 1593 3048 1659 venientium,
3072 1594 3165 1664 qui
3187 1594 3254 1648 ad
3283 1593 3485 1664 aliquid
3511 1593 3705 1647 audien-

2155 1683 2280 1736 dum
2309 1691 2551 1738 currunt.
2584 1682 2649 1737 Et
2677 1683 2878 1748 audite,
2907 1691 2956 1738 et
2983 1686 3234 1752 narrabo,
3265 1686 3407 1740 vobis
3438 1702 3601 1739 autne:
3631 1688 3705 1752 qui

2154 1771 2344 1826 timetis
2383 1771 2574 1839 Deum,
2618 1772 2812 1827 timore
2847 1781 3022 1838 casto.
3065 1783 3264 1844 Quanta
3310 1772 3560 1828 beneﬁcia
3605 1773 3704 1840 fecit

2155 1863 2347 1916 anima:
2373 1878 2502 1917 mea:
2529 1879 2547 1916 :
2577 1877 2698 1932 qurc
2718 1861 2978 1917 beneﬁcia
3006 1863 3158 1918 vobis
3188 1862 3377 1926 faciet,
3411 1863 3455 1916 si
3485 1863 3610 1917 bene
3629 1877 3706 1917 no-

2154 1953 2238 2007 bis
2264 1951 2695 2007 conformemini.
2737 1951 2852 2008 Non
2884 1953 3203 2010 timentibus
3231 1954 3382 2008 enim
3429 1953 3536 2008 lucc
3565 1953 3702 2006 bene-

2156 2043 2276 2098 ﬁcia
2300 2059 2526 2098 narrare
2575 2041 2972 2097 infructuosmn
3003 2052 3167 2098 esset.
3201 2043 3269 2096 Et
3298 2058 3426 2108 ecce
3475 2040 3705 2096 beneﬁcia

2156 2134 2268 2188 haec
2307 2133 2515 2188 scilicet
2543 2133 2595 2186 in
2636 2148 2722 2188 me
2747 2131 2948 2199 effecit,
2991 2133 3133 2202 quod
3161 2131 3410 2197 clamavi,
3443 2131 3493 2186 id
3514 2142 3588 2186 est
3609 2130 3702 2186 cla-

2155 2238 2307 2278 more
2353 2223 2564 2278 intenso
2597 2223 2678 2293 egi
2715 2240 2727 2276 :
2763 2222 2888 2287 Ore,
2919 2231 2976 2276 et
3011 2237 3115 2277 non
3150 2236 3293 2276 vano
3333 2237 3447 2288 ore,
3481 2220 3567 2275 sed
3593 2235 3701 2280 utea,

2157 2312 2209 2366 id
2235 2321 2318 2367 est
2345 2312 2436 2368 tali
2467 2327 2562 2368 ore
2605 2312 2750 2382 quali
2797 2313 3032 2367 clamare
3087 2311 3264 2376 soleo,
3297 2311 3489 2380 devoto
3530 2310 3703 2366 scilicet

2155 2415 2208 2461 et
2239 2415 2464 2461 attento.
2495 2406 2558 2460 Et
2587 2408 2687 2462 hoc
2717 2407 2912 2461 iterum
2959 2407 3014 2460 in
3045 2421 3130 2461 me
3157 2403 3360 2472 eﬁecit,
3393 2404 3530 2474 quod
3553 2401 3702 2458 exsul-

2156 2499 2260 2553 tavi
2282 2499 2377 2552 sub
2409 2497 2587 2567 lingua
2613 2514 2746 2560 mea,
2775 2497 2826 2552 id
2852 2504 2934 2550 est
2961 2496 3011 2550 in
3041 2497 3206 2551 corde
3256 2512 3379 2550 meo
3408 2496 3472 2550 de
3502 2494 3698 2564 puritate

2157 2587 2473 2656 innocentia:
2499 2603 2648 2642 mete.
2679 2585 2830 2655 Quod
2858 2597 2940 2642 est
2969 2587 3189 2641 dicere:
3225 2586 3382 2640 Dedit
3412 2584 3534 2638 mihi
3576 2587 3702 2636 inno-

2157 2665 2410 2745 centiam,
2439 2679 2578 2734 unde
2601 2679 2760 2733 nimis
2784 2677 3132 2733 exsultarem.
3157 2676 3272 2732 Duo
3290 2691 3416 2730 vero
3440 2689 3606 2728 versus
3629 2672 3701 2740 qui

2156 2784 2474 2844 sequuntur,
2507 2769 2891 2842 prchosterate
2921 2770 3173 2840 leguntur
3193 2770 3274 2824 sic
3301 2787 3314 2822 :
3359 2767 3484 2823 Dico
3509 2765 3592 2824 sub
3621 2763 3700 2815 liu-

2156 2883 2258 2936 gua
2309 2864 2588 2930 exsultavi,
2625 2863 2694 2919 de
2752 2862 3056 2918 innocentia
3090 2876 3207 2916 mea
3239 2875 3404 2930 quam
3465 2856 3626 2926 diligo.
3653 2854 3703 2907 Et

2155 2967 2424 3028 propterea
2451 2956 2573 3026 quia
2615 2953 2980 3009 innocentiam
3013 2952 3197 3023 diligo,
3229 2960 3283 3006 et
3311 2951 3376 3006 de
3400 2964 3460 3004 ea
3503 2945 3698 3008 exsulta,

2157 3047 2442 3112 exaudivit,
2471 3046 2524 3100 id
2555 3053 2639 3102 est
2665 3045 2913 3100 exaudiet.
2943 3058 3028 3098 me
3058 3051 3308 3098 orantem
3341 3041 3476 3094 Deus
3504 3038 3563 3091 de
3605 3049 3702 3106 per-

2159 3137 2680 3192 fectioncvirtutum.
2716 3133 2782 3208 Et
2804 3135 3023 3188 attendit
3049 3134 3160 3188 voci
3185 3129 3553 3202 deprecationis
3577 3143 3696 3188 mea,

2159 3229 2209 3283 id
2249 3237 2332 3283 est
2360 3228 2644 3299 diligenter
2677 3235 2732 3282 et
2783 3235 2988 3283 attente
3038 3226 3293 3282 exaudiet
3318 3241 3404 3280 me
3450 3224 3700 3292 deprecan-

2161 3328 2266 3374 tem
2296 3318 2361 3372 de
2393 3320 2695 3374 remotione
2728 3318 3001 3374 vitiorum.
3035 3319 3101 3372 Et
3131 3318 3230 3372 hoc
3256 3316 3450 3385 probat
3476 3329 3535 3370 ex
3563 3326 3700 3381 oppo-

2159 3412 2284 3478 sito,
2325 3426 2446 3466 cum
2478 3412 2741 3481 pra-ponit
2769 3412 2848 3466 sic
2883 3429 2896 3465 :
2943 3409 3078 3466 Vere
3111 3410 3368 3466 exaudiet
3403 3421 3483 3461 me
3516 3412 3700 3473 propter

2161 3505 2522 3560 innocentiam
2558 3519 2720 3574 quam
2748 3503 2934 3570 dilexi,
2956 3515 3012 3560 et
3037 3505 3102 3559 de
3133 3519 3235 3575 qua
3270 3499 3539 3557 exsultavi.
3581 3492 3697 3547 Nam

2159 3597 2202 3649 si
2227 3596 2404 3665 aspexi
2463 3595 2788 3664 iniquitatem
2815 3595 2868 3647 in
2892 3596 3047 3650 corde
3070 3612 3201 3661 meo,
3241 3595 3296 3649 id
3348 3604 3428 3649 est
3481 3590 3523 3646 si
3545 3585 3698 3648 dilexi

2162 3687 2522 3755 iniquitatem,
2554 3694 2608 3740 et
2647 3685 2712 3739 de
2737 3701 2799 3739 ea
2839 3685 3092 3739 exsultavi
3119 3686 3170 3738 in
3227 3685 3393 3740 corde
3444 3696 3568 3743 meo,
3615 3692 3698 3728 non

2161 3781 2404 3836 exaudiet
2431 3794 2516 3833 me
2532 3777 2811 3833 Dominus.
2831 3778 3086 3847 Aspicerc
3100 3777 3318 3848 quidem
3335 3791 3428 3848 pro
3453 3774 3646 3840 diligere
3656 3775 3699 3821 et

2162 3871 2430 3926 exsultare
2457 3869 2697 3940 ponitur,
2729 3883 2794 3924 eo
2825 3869 2966 3938 quod
3012 3885 3125 3924 rem
3163 3884 3327 3938 quam
3369 3864 3633 3936 diligimus,
3655 3867 3698 3911 et

2162 3963 2226 4017 de
2248 3978 2351 4031 qua
2377 3959 2729 4022 exsultamus,
2761 3960 2958 4029 saepius
2988 3960 3303 4028 aspicimus.
3338 3960 3404 4014 Et
3435 3957 3582 4010 etiam
3617 3951 3698 4003 hoc

2163 4052 2338 4108 effecit
2365 4053 2415 4106 in
2448 4067 2553 4115 me,
2581 4052 2723 4120 quod
2777 4066 2877 4103 non
2901 4050 3112 4116 amarit,
3153 4049 3203 4102 id
3238 4057 3321 4102 est
3356 4043 3574 4101 amoveri
3612 4052 3695 4091 non

2163 4145 2404 4214 permisit
2433 4145 2720 4197 orationem
2749 4159 2914 4196 meam
2946 4159 2977 4195 a
3001 4158 3100 4208 me,
3135 4141 3184 4194 id
3212 4149 3296 4194 est
3325 4139 3614 4207 frequenter
3635 4129 3696 4182 lc-

2163 4237 2235 4291 cit
2265 4251 2350 4290 me
2377 4251 2535 4290 orare
2569 4249 2646 4299 se,
2688 4235 2828 4303 quod
2865 4241 2947 4286 est
2979 4247 3248 4286 summum
3297 4228 3614 4286 beneﬁcium.
3647 4218 3697 4272 Et

2164 4327 2475 4381 nonamovit
2501 4325 2913 4391 misericordiam
2953 4340 3102 4388 suam
3131 4338 3158 4375 a
3209 4337 3295 4375 me
3351 4320 3442 4376 sed
3481 4310 3697 4379 ιιιυιίίριί·

477 4422 714 4480 tacendi.
745 4422 876 4492 Dico
919 4423 1144 4478 introibo
1173 4425 1228 4478 in
1283 4423 1517 4490 domum,
1577 4436 1631 4482 ει
1682 4437 1742 4482 ut
1790 4427 2057 4482 introeam
2091 4429 2135 4487 D
2164 4421 2325 4483 cavit,
2367 4420 2418 4474 id
2457 4430 2540 4474 est
2571 4419 2797 4484 multum
2830 4417 2993 4488 236
3023 4414 3340 4470 beneﬁcium
3387 4427 3477 4483 per
3501 4401 3696 4460 miscri-

477 4515 803 4585 quandoqne
849 4516 939 4572 hic
982 4516 1201 4572 interim
1249 4517 1553 4572 holocausta
1602 4519 1889 4574 medullula
1934 4520 2062 4590 o/fe-

479 4620 597 4656 ram
627 4604 742 4669 tibi,
773 4605 824 4660 id
851 4614 935 4661 est
963 4607 1230 4662 sacriﬁcia
1255 4623 1377 4662 cum
1404 4609 1658 4676 medulla,
1689 4611 1902 4666 scilicet
1933 4627 2056 4665 cum

479 4694 729 4749 interiori
761 4695 1065 4762 dilectione,
1113 4714 1233 4768 quae
1268 4701 1500 4755 medulla
1555 4703 1776 4768 dicitur,
1821 4719 1886 4758 eo
1917 4705 2059 4773 quod

479 4785 709 4840 interior
741 4794 823 4840 est
866 4786 918 4840 in
952 4789 1131 4842 anima
1180 4799 1240 4844 ut
1289 4793 1540 4847 medulla.
1596 4794 1830 4863 Exponit
1877 4807 2056 4851 autem

483 4872 602 4942 ipsa
638 4871 976 4940 holocausta,
1032 4892 1155 4931 cum
1209 4880 1357 4934 addit
1413 4882 1665 4936 scilicet:
1708 4883 1927 4951 o/feram
1967 4886 2058 4938 tibi

476 4966 632 5022 boves
657 4967 926 5034 incensos,
953 4969 1005 5024 id
1029 4977 1112 5024 est
1139 4971 1503 5029 incensionem
1526 4973 1688 5030 boum
1704 4993 1821 5030 cum
1846 4979 2057 5031 incenso

461 5048 722 5131 arietum,
755 5062 807 5118 id
829 5071 912 5118 est
935 5073 992 5118 et
1018 5065 1382 5120 incensionem
1430 5070 1681 5134 arietum,
1713 5079 1768 5124 et
1807 5088 1924 5124 cum
1952 5071 2076 5124 liir-‘

477 5154 572 5218 ris,
598 5154 651 5210 id
673 5163 819 5212 estet
844 5155 1217 5212 incensionem
1234 5156 1530 5214 hircorum.
1556 5159 1708 5226 Quod
1733 5170 1815 5215 est
1838 5161 2016 5215 dicere
2042 5181 2055 5214 :

463 5241 770 5311 glncenzlam
811 5246 864 5302 in
900 5262 986 5303 me
1022 5247 1236 5311 bovem,
1268 5247 1319 5301 id
1363 5257 1446 5301 est
1498 5265 1714 5305 oritnem
1751 5250 2060 5305 recalcitra-

478 5336 702 5402 tionem,
737 5352 804 5393 ne
845 5338 1182 5395 recalcitrem
1203 5336 1333 5408 jugo
1377 5348 1770 5408 prmeeptorum
1818 5350 2058 5407 tuorum,

479 5437 537 5483 et
559 5429 1004 5500 castigationibus
1036 5430 1142 5485 tuis
1167 5445 1266 5499 per
1291 5429 1689 5494 tribulationes,
1731 5442 1790 5486 ut
1837 5435 1934 5488 bos
1961 5449 2059 5488 sa?-

476 5517 695 5590 pejugo
722 5520 1106 5577 recalcitratet
1133 5521 1381 5587 stimulo;
1432 5519 1526 5578 sed
1563 5521 1833 5593 patienter
1869 5523 2056 5593 jugttm

479 5617 711 5681 portem,
740 5619 796 5665 et
831 5609 1078 5677 verbera,
1107 5621 1162 5666 et
1213 5613 1498 5667 incendam
1529 5613 1580 5667 in
1614 5627 1699 5667 me
1728 5613 1972 5678 arietem,
2007 5613 2058 5668 id

483 5709 570 5756 est
607 5701 950 5760 rebellionem
988 5712 1043 5758 et
1079 5705 1382 5774 superbiam
1418 5723 1428 5759 :
1462 5721 1530 5762 ne
1575 5705 1667 5761 tibi
1703 5703 1918 5762 rebellis
1954 5706 2056 5759 sim

2165 4514 2401 4568 cordiam
2430 4511 2614 4566 datum
2645 4512 2836 4565 amovit
2863 4528 2890 4564 a
2925 4525 3030 4574 Ine,
3071 4509 3164 4564 sed
3193 4507 3375 4562 munia
3423 4505 3695 4571 augmenta—

2165 4606 2260 4660 vit.
2288 4605 2518 4674 Ideoque
2551 4604 2868 4666 benedictus,
2915 4601 2966 4655 id
2995 4610 3079 4655 est
3107 4599 3358 4652 laudatus
3390 4596 3456 4650 sit
3483 4588 3692 4646 Dominus

2163 4697 2469 4752 omnimoda
2493 4696 2670 4762 laude,
2704 4696 2792 4765 qui
2845 4711 2944 4747 non
2975 4693 3165 4745 amovit
3205 4690 3486 4744 orationem
3535 4693 3690 4736 meam.

2163 4801 2208 4842 et
2238 4787 2654 4843 misericordiam
2684 4802 2888 4840 suama
2937 4800 3037 4837 me.
3073 4783 3129 4836 ln
3187 4782 3288 4834 hoc
3347 4788 3517 4833 autem
3566 4771 3692 4824 dan"

2164 4881 2502 4936 auditoribus
2524 4877 2828 4947 exetnplum
2863 4873 3214 4930 benedicendi
3245 4871 3410 4926 Deum
3432 4868 3492 4922 de
3517 4859 3692 4920 collalis

2164 4972 2339 5037 bonis,
2367 4980 2425 5024 ut
2446 4975 2886 5040 augmententnr.

2631 5057 2698 5112 IN
2729 5055 3058 5113 PSALMUM
3088 5055 3269 5112 LXVI.

2235 5151 2443 5207 Titulus
2471 5151 2792 5220 sexagesimi
2815 5149 2974 5204 sexti.
3000 5147 3064 5202 In
3086 5148 3268 5217 ﬁnem,
3289 5144 3510 5214 psalmus
3536 5133 3688 5193 Dauid.

2162 5246 2389 5312 Quidam
2414 5253 2596 5299 autem
2625 5243 2965 5312 estpositores
2998 5241 3202 5295 habere
3237 5240 3513 5298 .dicuntnr,
3559 5229 3613 5283 In
3641 5227 3691 5291 β’

2163 5355 2277 5392 nem
2306 5339 2360 5390 in
2394 5337 2601 5406 hymnis
2649 5333 2883 5404 psalmus
2913 5332 3104 5385 cantici
3141 5330 3334 5384 David.
3385 5326 3690 5406 Hieronymus

2162 5439 2341 5483 autem
2375 5405 2657 5483 llebraicm
2688 5425 2936 5478 veritatis
2990 5423 3340 5494 investigator
3391 5405 3687 5481 diligentissi-

2161 5537 2280 5575 mus
2305 5521 2462 5576 habet
2497 5537 2508 5572 :
2550 5519 2603 5572 in
2623 5519 2778 5587 [iacnt
2809 5515 3041 5587 psalmus
3072 5511 3414 5583 David,quod
3428 5517 3503 5564 est
3521 5505 3686 5597 dicere".

2163 5613 2402 5683 psalmus
2450 5614 2550 5667 istc
2599 5620 2683 5666 est
2731 5609 2923 5672 David,
2963 5609 3013 5661 id
3047 5617 3132 5662 cst
3165 5604 3515 5676 apostolorum
3548 5605 3683 5691 ηειν-

2161 5706 2414 5761 cientium
2441 5705 2492 5760 in
2518 5705 2700 5765 tinem,
2726 5703 2776 5756 id
2805 5711 2890 5758 cst
2920 5700 2972 5757 in
2995 5699 3289 5762 perfectam
3320 5692 3663 5754 consummatio
