3846 6334
110 338 193 395 949
1032 331 1396 389 EXPOSITIO
1436 331 1502 386 IN
1531 331 1864 392 PSALMOS.
1889 365 1958 376 —-
1983 335 2158 392 PSAL
2203 335 2406 393 LXVII.
2472 355 2474 357 '
2595 341 2602 352 '
3231 336 3336 394 050

67 497 72 502 .
111 469 228 517 ηεω,
257 463 412 521 quam
439 448 579 504 Deus
610 449 836 502 daturus
865 453 949 502 est
981 449 1231 516 gentibus
1263 447 1561 511 conversis,
1598 457 1650 502 et
1682 456 1726 510 Α
1763 471 1780 504 ι
1822 450 1937 507 Non
1989 461 2071 507 est
2125 453 2270 507 enim
2325 451 2567 523 speciosa
2612 451 2730 509 laus
2777 451 2832 508 in
2879 466 2973 510 ore
3025 453 3333 524 peccatoris

111 548 154 602 in
178 546 268 600 hoc
295 541 488 598 saeculo
509 538 802 596 secundum
829 539 987 592 tidem
1014 547 1067 593 et
1093 553 1284 594 omnes
1318 539 1567 602 virtutes,
1601 553 1628 592 e

734 555 802 593 tm
829 539 987 592 ﬁdem
1014 547 1067 593 et
1093 553 1284 594 omnes
1318 539 1567 602 virtutes,
1601 546 1655 592 et
1759 548 1946 621 (Εεειῑ,
1986 565 2085 615 xv,
2125 549 2202 618 9).
2235 567 2253 601 ι

111 638 154 692 in
187 635 355 688 futuro
399 630 692 687 secundum
752 637 1014 684 aeternam
1063 628 1476 695 beatitudinem,
1536 641 1656 697 qua:
1829 644 2030 697 Versus
2069 651 2248 697 autem
2305 643 2398 711 qui
2436 639 2701 711 sequitur,
2735 637 2814 694 sic
2845 649 3227 710 praeposteram
3256 641 3333 697 le-

111 729 238 797 longe
276 723 564 795 perfectior
592 723 698 778 erit
737 723 840 777 hac
883 723 1135 792 praesenti
1167 723 1630 778 consummatione

1817 744 1922 796 tur,
1955 733 2162 801 singula
2195 732 2420 801 singulis
2452 729 2728 786 reddendo
2762 747 2774 784 :
2806 729 3052 784 Diximus
3079 740 3138 785 ut
3175 733 3331 788 misc-

116 817 206 885 ἵει,
234 819 284 872 in
308 817 480 886 Ιδηθηιι
527 816 581 872 id
612 823 696 871 85'-
733 815 786 870 ίη
822 815 1119 880 ChriSlum.
1171 829 1329 884 quem
1384 830 1482 885 ρτο
1511 829 1570 869 se
1603 822 1658 869 ει
1760 825 1969 889 rearis,
2009 834 2063 878 et
2120 823 2410 880 benedicas
2441 864 2454 888 ,
2506 831 2560 877 et
2612 821 2883 877 illutnines
2912 861 2927 887 ,
2975 829 3029 876 et
3081 822 3160 876 sic
3217 822 3332 877 lau-

111 927 190 981 pro
235 910 476 980 gentibus
522 916 702 975 orant,
751 923 874 964 cum
915 923 1014 979 per
1076 922 1198 962 eum
1239 909 1340 986 ista
1399 906 1659 978 perfectio
1760 916 1886 971 dent
1919 924 1987 979 te,
2040 923 2094 969 et
2137 926 2188 970 te
2231 915 2332 970 hoc
2369 914 2623 981 faciente,
2666 911 2934 968 Lwlentur
2970 921 3167 981 gentes,
3207 925 3336 980 quo-

112 1003 206 1057 tiat.
235 1001 294 1055 Et
322 1001 372 1055 in
403 1002 506 1056 hoc
531 1000 662 1055 dant
694 1000 823 1070 ipsis
851 1000 1099 1070 gentibus
1115 1001 1420 1070 exemplum
1443 1001 1655 1066 orandi,
1761 1006 1903 1059 niam
1935 1004 2094 1075 237
2118 1003 2305 1073 dirigis
2332 1003 2396 1058 de
2418 1003 2560 1058 bono
2593 1003 2645 1056 in
2677 1001 2889 1057 melius.
2937 998 3034 1055 Vel
3063 1000 3251 1071 dirigis
3273 1000 3340 1055 do

112 1109 209 1164 quat
235 1093 655 1162 intpcrfectiores
683 1093 942 1159 existunt,
973 1107 1094 1148 cum
1127 1091 1229 1162 ipsi
1281 1092 1436 1164 longe
1479 1092 1628 1162 perfe

1820 1097 1903 1154 alo
1931 1099 1982 1152 in
2007 1099 2205 1152 bonum
2238 1098 2379 1168 ipsas
2399 1107 2604 1168 gentes,
2632 1095 2687 1150 in
2714 1097 2818 1151 hac
2838 1105 3002 1160 terra,
3054 1093 3108 1148 id
3135 1092 3339 1148 esthoc

113 1183 279 1237 ctiores
303 1197 399 1251 pro
423 1196 482 1237 se
512 1189 692 1247 orent,
727 1182 922 1251 quibus
976 1196 1083 1236 non
1116 1182 1253 1237 adeo
1300 1183 1476 1238 oratio
1514 1182 1632 1238 vide

1820 1191 1979 1247 :culo.
2015 1188 2082 1244 Et
2117 1189 2397 1256 exsultent,
2423 1189 2484 1244 id.
2503 1196 2585 1244 est
2603 1195 2803 1242 tantam
2823 1185 3066 1240 Itctitiam
3082 1171 3339 1248 habeant,

115 1282 238 1327 retur
255 1286 374 1326 esse
407 1271 736 1327 necessaria.

1823 1300 1882 1339 tae
1902 1283 2064 1338 etiam
2095 1297 2219 1338 cum
2249 1280 2539 1335 saltatione
2593 1275 2838 1348 corporis
2883 1274 3222 1340 ostendatur,
3277 1273 3342 1329 de

169 1364 292 1417 Deus
333 1363 498 1418 Pater
533 1363 844 1418 misereatur
895 1364 1080 1430 nostri,
1113 1371 1172 1417 ut
1200 1363 1446 1418 carnales
1481 1372 1660 1418 motus

1822 1395 1865 1434 te
1894 1375 2145 1448 quoniam
2163 1375 2399 1445 judicas,
2429 1372 2480 1426 id
2503 1368 2862 1440 estjudicabis
2879 1367 2930 1422 in
2951 1367 3149 1431 futuro,
3173 1379 3341 1434 popu-

113 1466 298 1514 nostros
322 1450 666 1527 comprimat,
723 1471 791 1511 ne
827 1455 1154 1526 prtevaleant
1182 1455 1418 1511 motibus
1448 1455 1632 1517 spirita

1820 1488 1843 1527 s
1904 1471 1957 1524 in
2016 1467 2296 1538 aequitate,
2356 1462 2626 1519 reddendo
2701 1459 2994 1529 unicuique
3045 1455 3339 1512 secundum

117 1548 247 1613 libus,
265 1558 309 1603 et
345 1549 616 1602 benedicat
652 1548 820 1616 nobis,
873 1547 926 1602 id
963 1555 1049 1602 est
1107 1547 1314 1602 exaltet
1365 1557 1541 1604 motus
1570 1563 1635 1603 no

1820 1577 1925 1617 tera
1950 1577 2071 1626 sua,
2091 1559 2268 1630 justos
2297 1555 2577 1621 salvando,
2601 1564 2654 1610 ct
2680 1554 2910 1626 injustos
2940 1549 3265 1606 damnando.
3285 1547 3339 1602 Si

115 1653 231 1697 suos
278 1641 585 1712 spiritales,
645 1648 702 1694 ut
747 1638 1076 1711 praevaleant
1130 1639 1366 1696 motibus
1427 1641 1634 1697 carnali

1818 1671 1894 1712 :ro
1916 1669 2022 1710 non
2056 1651 2330 1708 misereris
2351 1651 2450 1715 eis,
2475 1657 2531 1704 et
2553 1655 2769 1712 caetera,
2804 1661 2911 1700 non
2947 1651 3092 1700 esset
3113 1642 3190 1697 eis
3217 1654 3337 1712 gau-

115 1730 213 1786 bus.
238 1729 507 1785 Illuminet
561 1728 758 1784 cultant
793 1746 946 1785 suum
989 1746 1146 1800 super
1199 1747 1312 1799 nos,
1354 1731 1407 1786 id
1439 1741 1524 1788 est
1576 1730 1666 1787 det
1694 1797 1737 1813 ﬂ
1767 1749 1999 1803 (tendum
2023 1749 2090 1800 de
2114 1743 2260 1813 justo
2285 1741 2486 1812 judicio
2516 1749 2627 1806 tuo,
2660 1753 2758 1810 per
2778 1737 2918 1808 quod
2943 1735 3089 1804 justc
3127 1739 3340 1804 proplc!

118 1822 534 1878 illuminationem
568 1821 686 1876 Filii
715 1823 795 1876 sui
835 1822 888 1875 in
939 1822 1174 1876 animam
1219 1831 1482 1892 nostram,
1546 1839 1637 1893 qua

1826 1838 2082 1910 iustitiam
2112 1797 2263 1892 suam
2285 1797 2583 1890 damnandi
2614 1839 2813 1886 essent.
2859 1827 2956 1884 Vel
3011 1827 3090 1882 sic
3141 1827 3195 1882 hi
3243 1825 3345 1880 duo

117 1923 182 1967 est
205 1927 354 1984 super
378 1928 481 1968 nos
505 1913 766 1980 existens,
791 1921 1053 1984 quantum
1089 1915 1157 1970 ad
1207 1913 1426 1986 corpus,
1475 1916 1530 1971 id
1583 1931 1636 1972 es

1828 1947 1955 1988 :rsus
1979 1938 2233 2001 aptantur
2262 1936 2321 1982 ut
2359 1927 2572 1982 diversa
2599 1925 2670 1980 sit
2697 1922 2967 1979 sententia
3017 1919 3236 1992 prioris,
3292 1925 3347 1974 et

119 2005 327 2074 superior
358 2014 413 2058 et
443 2003 658 2073 dignior
696 2018 825 2074 pars
847 2011 932 2059 est
972 2004 1172 2071 nostri,
1227 2019 1422 2075 regens
1471 2017 1632 2074 corpu

1824 2023 1952 2078 idem
1983 2019 2252 2076 sententia
2282 2015 2526 2072 secundi.
2555 2015 2834 2069 Diximus:
2863 2011 2999 2066 Deus
3020 2011 3343 2073 misereatur,

118 2103 160 2150 et
184 2093 454 2150 dominans
483 2093 588 2159 illi;
622 2092 830 2149 scilicet
859 2093 947 2148 det
979 2093 1136 2149 nobis
1161 2092 1360 2147 claram
1408 2100 1463 2148 ct
1491 2092 1665 2148 mani-
1767 2124 1820 2170 el
1846 2114 2084 2168 ηοεηεθι
2117 2111 2379 2182 genuum
2413 2108 2479 2163 Ει
2505 2107 2626 2176 quia
2655 2105 2720 2159 ad
2766 2107 2868 2160 hoc
2921 2101 3121 2172 ροριιιξ,
3177 2101 3229 2155 id
3264 2107 3348 2155 ρει

121 2183 278 2238 [Nam
315 2182 686 2254 cognitionem
739 2182 860 2238 Filii
911 2183 994 2238 sui
1045 2191 1102 2238 υί
1129 2197 1224 2254 Per
1250 2183 1352 2238 hoc
1381 2182 1448 2278 Ψ]
1499 2181 1667 2252 ipsum
1768 2213 1952 2278 gentes
1983 2181 2664 2274 nonpossentattingere:
2713 2196 3076 2266 Conﬁteantur
3121 2193 3214 2246 tibi
3252 2208 3348 2261 po-

119 2279 262 2368 Patris
289 2278 921 2368 notitiamattingamns,
952 2278 1044 2368 qui
1097 2278 1250 2368 idem,
1275 2285 1357 2332 est
1387 2276 1440 2330 in
1484 2289 1667 2368 essent
1767 2276 1898 2368 im“,
1937 2294 2094 2360 Deus,
2123 2299 2343 2362 peccata
2371 2305 2489 2356 sua,
2544 2285 2853 2358 ρσηιίιεηάο
2898 2283 2964 2340 δε
2999 2283 3111 2349 eis;
3146 2289 3201 2336 et
3243 2294 3350 2335 non

120 2367 176 2421 tia
196 2382 304 2423 eum
327 2367 504 2459 Filio,
525 2366 744 2459 vultus
769 2368 906 2459 bene
953 2367 1123 2459 Filius
1153 2366 1370 2434 dicitur.
1407 2381 1479 2459 _00
1525 2366 1669 2438 qu°d
1768 2366 1923 2459 pauci
1947 2385 2150 2458 papuli,
2171 2385 2263 2440 sed
2282 2383 2630 2452 conﬁteantur
2655 2380 2748 2434 tibi
2770 2378 2947 2450 pepuli
2973 2392 3168 2432 omnes.
3189 2374 3256 2428 Et
3273 2375 3354 2429 sic

120 2472 196 2528 Ρθτ
212 2473 324 2513 eum
349 2456 538 2512 Patris
568 2455 913 2512 ίηνίδίδίηιθε
954 2457 1170 2528 cognita
1214 2464 1318 2522 es"
1376 2456 1517 2512 Sicut
1571 2470 1669 2526 per
1769 2455 2081 2536 leuentur-et
2117 2475 2371 2531 exsultent
2387 2485 2584 2544 gentes,
2616 2471 2865 2542 quoniam
2881 2467 3121 2540 judicas,
3169 2467 3222 2520 iit
3264 2464 3352 2518 fllv

120 2547 308 2612 wuum’
343 2557 497 2604 unus
525 2547 684 2603 homo
727 2549 1092 2618 cognoscuur'
1137 2545 1382 2602 Ut'vero
1407 2548 1668 2641 immatur
1771 2582 1916 2638 turo,
1947 2569 2166 2641 populos
2195 2569 2246 2621 in
2270 2568 2533 2638 wquilate,
2563 2573 2608 2618 et
2641 2572 2814 2635 gentes
2857 2561 2912 2616 in
2955 2570 3099 2614 terra
3145 2557 3350 2627 dirigis,

121 2642 329 2698 carnales
350 2650 534 2696 motus
560 2656 833 2711 nunquam
861 2641 916 2695 in
938 2642 1040 2695 hoc
1069 2643 1266 2695 sacculo
1295 2640 1513 2710 penitus
1544 2655 1640 2697 esst

1834 2680 1890 2720 tae
1924 2640 2080 2718 aliter
2109 2676 2213 2715 non
2245 2659 2543 2729 gauderent
2576 2663 2631 2710 et
2671 2653 3026 2716 exsultarent,
3057 2647 3152 2703 sed
3176 2646 3353 2717 potius

121 2733 552 2804 “mi’ri'nmdosv
601 2733 831 2803 ideoque
901 2733 967 2788 de
1024 2747 1212 2788 eorum
1266 2731 1670 2802 εοηδβνθδδίθηθ
1773 2731 2139 2812 t-ristarentur.
2167 2748 2387 2820 Repetit
2415 2754 2597 2802 autem
2625 2745 2769 2814 quod
2795 2741 2933 2798 dixit
2979 2739 3354 2809 conﬁteantur,

125 2827 400 2895 frequenter
425 2825 694 2880 orandum
716 2839 856 2892 esse,
885 2825 1050 2880 etiam
1086 2833 1209 2895 post
1234 2824 1668 2880 benedictionem
1771 2855 1830 2901 ul
1858 2844 2021 2899 add,“
2045 2855 2262 2897 causam
2301 2852 2472 2908 quam
2519 2833 2884 2890 conﬁtendum
2909 2839 3014 2892 est,
3039 2831 3117 2884 sic
3140 2847 3153 2882 :
3180 2827 3355 2894 Conﬁ-

121 2919 641 2985 etilluminationem,
672 2934 738 2974 ne
760 2917 1112 2989 praevaleant,
1170 2925 1422 2986 repetunt
1452 2916 1569 2971 sic:
1603 2915 1672 2970 Et
1772 2944 2001 2998 manu",
2035 2933 2280 3001 inquam,
2305 2927 2398 2981 ubi
2424 2923 2625 2996 ρφαιί,
2655 2923 2813 2985 ηεαδ,
2865 2919 3216 2988 conﬁteantur
3265 2915 3356 2967 tibi

124 3023 376 3082 postquam
430 3009 780 3067 benedixcrit
824 3019 880 3065 et
927 3007 1312 3064 illuminavcrit
1363 3007 1671 3060 misereatur
1771 3025 1949 3097 populi
1978 3038 2173 3078 omnes.
2207 3019 2276 3074 Ει
2303 3016 2497 3072 ωηο(ιο
2551 3010 2917 3070 ροηῃιεηαυιη
2973 3015 3057 3063 ρει
3103 3005 3355 3075 quoniam

125 3105 260 3169 nobis,
287 3119 507 3174 semper
525 3102 930 3172 comprimendo
955 3109 1130 3155 motus
1147 3099 1392 3156 carnales
1413 3099 1466 3152 in
1490 3098 1665 3152 nobis.
1699 3139 1740 3198 Ο
1775 3119 1914 3174 dedit
1939 3125 2079 3171 terra
2104 3113 2335 3185 ρ-υσιηηι
2363 3123 2541 3173 suum,
2566 3105 2618 3160 id
2651 3112 2735 3160 est
2762 3103 2902 3156 Deus
2933 3097 3163 3155 Verbum
3217 3105 3357 3148 terra

125 3195 174 3248 Et
190 3196 340 3251 nimio
361 3194 589 3266 quidem
616 3193 938 3263 impetrandi
975 3191 1260 3254 desiderio,
1287 3187 1669 3258 apostropham
1705 3187 1740 3198 ν
1775 3212 1947 3266 [πως
1971 3222 2068 3279 pro
2094 3205 2249 3261 nobis
2281 3210 2336 3260 et
2382 3203 2566 3257 homo,
2620 3196 2774 3251 Dedi;
2826 3195 2878 3248 in
2929 3199 3082 3263 parte
3129 3189 3358 3259 fructum

125 3287 186 3341 sic
209 3288 267 3340 ad
287 3287 460 3342 Deum
494 3285 698 3340 faciunt
724 3299 738 3338 :
767 3283 1033 3346 Diximus,
1089 3281 1420 3347 miserearis,
1456 3278 1644 3335 bcncdi

1843 3276 2349 3368 um,inn0centiam
2390 3276 2600 3348 scilicet
2641 3302 2738 3358 per
2769 3292 3113 3356 peccatorum
3164 3276 3356 3333 remis-

125 3390 214 3446 cas,
241 3379 537 3443 illuminas,
571 3387 623 3430 ut
653 3377 742 3432 hic
776 3375 935 3430 modo
957 3390 1332 3444 cognoscamus
1366 3374 1503 3428 viam
1528 3381 1674 3425 tuum
1777 3397 2006 3458 sionem,
2036 3398 2091 3447 et
2110 3390 2370 3444 νίηυιυηι
2395 3381 2828 3456 pel-rectionem,
2861 3384 2912 3431 et
2958 3373 3050 3429 Dei
3097 3369 3358 3440 cognitio-

126 3469 166 3522 in
216 3481 364 3526 terra.
424 3469 682 3539 Alioquin
735 3484 863 3525 vero
917 3468 1139 3522 minime
1201 3481 1672 3537 cognosceremus,
1779 3491 2234 3555 "em’ewarwm
2266 3479 2474 3534 ίι-υοιυε
2505 3475 2757 3532 daturum
2801 3485 2859 3524 se
2890 3465 3140 3540 promisit
3188 3463 3241 3518 in
3273 3460 3360 3516 fu-
3447 3471 3452 3474 '

126 3567 241 3632 quod
270 3576 350 3621 est
382 3566 618 3620 dicere:
671 3564 963 3619 Videamus
1012 3562 1375 3634 cognitionem
1421 3559 1542 3615 Filii
1599 3567 1645 3612 tu

1843 3593 1924 3644 ro,
1969 3579 2294 3644 cooperante
2349 3568 2522 3640 gratia
2581 3564 2748 3619 totius
2796 3559 3100 3622 Trinitatis,
3153 3555 3360 3611 scilicet

126 3669 221 3710 esse
243 3659 296 3710 in
322 3657 505 3720 nobis,
533 3655 662 3710 etin
684 3654 942 3724 gentibus,
975 3654 1065 3724 qui
1089 3654 1266 3709 adhuc
1288 3667 1475 3708 sumus
1509 3661 1674 3718 terra,
1779 3667 2207 3726 benedictionem
2253 3670 2533 3716 mmmam,
2567 3657 2634 3711 Ει
2660 3655 2784 3726 quia
2809 3668 2928 3708 cam
2955 3649 3184 3705 dandam
3240 3660 3362 3702 esse.

127 3745 168 3800 id
215 3757 290 3803 θεῖ
339 3747 579 3802 animale
625 3761 822 3817 corpus
875 3747 1156 3812 habemcso
1218 3760 1324 3800 ηοη
1377 3744 1676 3816 spirituum:
1780 3757 2030 3830 promisit
2060 3774 2073 3810 :
2105 3753 2388 3810 Benedicat
2412 3767 2505 3804 nos
2535 3749 2586 3802 in
2611 3749 2792 3802 l'utttro
2823 3743 2964 3798 Deus
2991 3742 3183 3812 Pater,
3214 3743 3364 3792 bene-

125 3836 248 3902 lllm
277 3840 416 3910 Ψιοά
453 3839 504 3892 in
536 3837 787 3894 θτίὶῑίοηθ
829 3837 1106 3892 Domini“
1131 3844 1345 3892 0mm":
1390 3855 1404 3888 ‘
1440 3836 1560 3891 Fial
1588 3851 1679 3890 η’
1781 3853 1918 3905 dicat
1944 3849 2080 3903 Deus
2102 3855 2294 3909 noster,
2326 3844 2479 3898 idest
2509 3840 2702 3904 Filius,
2735 3838 2824 3909 qui
2871 3845 3066 3890 nostra:
3117 3833 3365 3886 humanae

129 3928 277 3985 lunias
304 3941 389 3984 tua
409 3928 556 3984 sicut
579 3930 629 3983 in
653 3929 789 3985 coelo
818 3939 872 3983 et
902 3931 955 3984 in
985 3939 1127 3985 terra
1159 3928 1373 4000 (Matth.
1399 3943 1474 3994 vi,
1509 3927 1631 3999 10);

1846 3947 1989 3993 itura:
2020 3947 2102 3992 est
2130 3935 2423 4006 particeps,
2467 3929 2748 3985 Beuedicat
2799 3943 2894 3982 nos
2922 3925 3091 3979 °Deus
3131 3920 3365 3991 Spiritus

129 4023 245 4089 quod
263 4032 342 4078 est
379 4023 569 4077 dicere
596 4038 614 4076 .'
643 4021 797 4077 Sicut
822 4023 903 4078 VIS
928 4023 1178 4077 notitiam
1363 4021 1439 4076 ιιιί
1467 4036 1586 4076 esse
1626 4021 1678 4076 ἱιι
1783 4039 2032 4094 sanctus;
2064 4035 2118 4082 et
2152 4026 2276 4098 quia
2303 4024 2462 4078 aliter
2489 4037 2598 4077 ῃοη
2629 4027 2848 4091 possem,
2877 4017 2943 4072 ad
2973 4015 3117 4070 illam
3143 4011 3366 4068 benedi-

130 4114 409 4171 cccleslibus
453 4115 752 4186 spiritibus,
787 4115 838 4170 in
877 4112 1334 4185 angelisscilicet,
1369 4103 1452 4167 ita.
1469 4127 1682 4184 quoque
1784 4123 2019 4177 ctioncm
2063 4120 2402 4191 pertingere;
2439 4115 2528 4171 hic
2569 4115 2788 4170 interim
2847 4118 3242 4168 metuanteum,
3300 4104 3367 4158 ti-

132 4205 240 4260 velis
265 4208 313 4262 in
345 4207 660 4264 hominibus
689 4222 833 4261 esse.
861 4205 1029 4261 Filius
1060 4207 1145 4260 via
1196 4205 1415 4272 dicitur,
1446 4220 1509 4260 eo
1538 4203 1682 4274 quod
1785 4231 1936 4271 more
1958 4222 2109 4270 casio
2130 4228 2305 4266 omnes
2328 4210 2650 4279 βηεειενηυ,
2699 4199 2857 4260 idest
2877 4195 3066 4256 omnes
3118 4197 3250 4266 Ῑυειί
3284 4194 3366 4256 ﬁ-

131 4309 209 4363 per
233 4315 348 4353 eum
376 4298 444 4352 ad
469 4296 649 4351 Patris
681 4296 928 4350 notitiam
959 4295 1195 4362 venitur,
1215 4293 1367 4364 juxta
1391 4295 1533 4365 quod
1569 4295 1648 4364 ips

1846 4317 1997 4363 entes
2025 4306 2078 4360 in
2109 4319 2168 4359 se
2195 4301 2585 4362 terrenitatetn,
2612 4297 2696 4352 vel
2723 4311 2900 4350 omnes
2930 4292 3060 4362 ﬁnes
3102 4299 3274 4353 let-rte,
3312 4285 3365 4340 id

133 4393 372 4454 testatur;
403 4406 420 4438 ι
453 4387 568 4456 Ego
592 4400 708 4440 sum
739 4386 844 4453 via,
879 4385 1100 4452 veritas,
1131 4393 1186 4442 et
1216 4386 1325 4440 vita
1353 4384 1535 4455 (Joan.
1567 4400 1652 4438 xiv

1847 4407 1874 4452 t
1910 4393 2234 4451 omnismodi
2265 4399 2452 4464 gentes
2478 4387 2786 4446 habitantes
2813 4384 2868 4440 in
2899 4381 3150 4442 omnibus
3173 4377 3366 4435 ﬁnibus

132 4474 194 4546 li)’.
223 4496 239 4530 ι
271 4478 335 4534 Ει
367 4494 477 4534 non
505 4479 556 4532 in
582 4478 771 4548 paucis
804 4493 1177 4549 cognoscamus
1206 4492 1325 4534 esse
1348 4477 1483 4531 uiam
1507 4486 1671 4543 tuam,
1703 4503 1754 4562 ι)
1781 4500 1959 4547 terra,
2435 4480 2437 4484 ’
2727 4481 2730 4484 “

132 4571 208 4624 sed
224 4571 270 4625 in
297 4571 642 4637 omnibus,id
669 4579 753 4626 est
783 4572 834 4626 in
864 4571 1188 4628 omnismodi
1217 4571 1465 4641 gentibus
1489 4587 1678 4642 cogno-
1709 4561 1724 4562 ί
2041 4561 2156 4575 ﬂ"
2246 4575 2312 4631 IN
2337 4571 2666 4631 PSALMUM
2703 4568 2908 4627 LXVII.

132 4675 309 4717 ιειιηιυε
336 4678 461 4718 0358
483 4662 717 4717 δαιῑιιανε
744 4671 913 4728 “tum.
974 4663 1026 4717 id
1067 4672 1178 4728 es"
1233 4663 1514 4718 Videamus
1564 4677 1685 4717 0558
1857 4669 2400 4741 Psalmisexagesimi
2433 4666 2646 4737 septimi
2676 4664 2877 4719 titulus.
2936 4659 3003 4714 In
3025 4659 3183 4730 ﬁnem
3227 4655 3368 4728 psal-

134 4755 351 4809 notitiam
381 4755 502 4809 Filii
535 4755 638 4820 tui,
681 4756 773 4824 qui
809 4763 894 4810 est
919 4755 1173 4809 salutaris
1219 4764 1364 4819 tuus,
1397 4770 1492 4826 per
1521 4768 1653 4824 quer

1850 4786 1904 4823 us
1951 4764 2122 4820 David
2171 4760 2389 4826 cantici,-
2436 4759 2578 4829 quod
2629 4756 2708 4812 sic
2761 4753 3048 4825 exponitur
3079 4768 3092 4804 :
3122 4748 3369 4804 Psalmus

134 4850 362 4903 mundum
391 4848 590 4904 salvas.
619 4847 693 4902 Dc
720 4864 826 4919 quo
859 4848 1174 4918 prmdictum
1201 4858 1282 4903 cst
1321 4864 1418 4918 per
1453 4849 1685 4919 proplic-
1793 4859 1893 4912 iste
1921 4867 2004 4912 est
2034 4852 2200 4908 David
2225 4850 2502 4922 prophetae
2529 4847 2869 4917 respicientis
2901 4846 2952 4900 in
2989 4843 3173 4909 ﬁnem,
3205 4841 3258 4896 id
3289 4846 3370 4895 est

135 4943 224 4991 tam
255 4958 270 4996 :
301 4959 317 4990 ι
353 4940 530 4995 Μέιιρι
560 4942 638 4998 cis
665 4942 985 4998 salvatorem
1014 4950 1069 4994 ct
1096 4949 1565 5012 propugnatorem,
1595 4956 1654 5009 (ιι

1873 4946 2392 5004 consummationem
2424 4941 2680 4998 Ecclesim
2703 4939 2938 4994 futuram
2955 4952 3049 5008 per
3068 4934 3368 4998 Christum,

136 5027 298 5086 liberet
331 5048 426 5087 eos
459 5032 630 5102 (Paul.
663 5049 816 5100 xxrx,
850 5033 962 5103 20.)
999 5053 1014 5084 ι
1037 5032 1358 5106 Notandum
1393 5047 1520 5086 vero
1556 5045 1655 5101 apo

1875 5039 1961 5094 hic
1983 5037 2277 5093 secundum
2302 5033 2689 5105 perfectionem
2713 5032 2994 5094 virtutum,
3023 5035 3076 5082 et.
3104 5029 3157 5082 iu
3188 5026 3369 5082 futuro

135 5123 278 5179 stolos
302 5126 368 5179 de
394 5127 497 5181 hac
521 5128 826 5199 cognitione
849 5143 946 5196 pro
968 5142 1026 5182 se
1061 5141 1239 5192 orare,
1270 5141 1374 5182 non
1409 5126 1526 5180 ideo
1548 5124 1689 5194 quod
1793 5125 2087 5182 secundum
2105 5123 2400 5193 perfectam
2432 5121 2820 5176 beatitudinem
2852 5135 2865 5172 :
2895 5117 2979 5172 vel
3027 5111 3371 5183 respicientis

136 5226 351 5280 careant,
388 5217 483 5273 scd
508 5227 566 5272 ut
619 5219 672 5272 in
715 5219 794 5272 eis
835 5227 1232 5290 attgmcntctur,
1285 5227 1343 5273 ut
1383 5219 1686 5288 exemplum
1795 5220 1848 5273 in
1888 5219 2048 5273 linem
2077 5216 2419 5280 saeculorum,
2449 5215 2502 5270 id
2540 5215 2701 5270 estin
2752 5219 2962 5267 sextam
3019 5217 3257 5272 aetatem,
3314 5206 3370 5264 in

136 5308 480 5373 orandi,sicut
501 5323 660 5378 supra
688 5309 945 5374 diximus,
969 5310 1088 5364 aliis
1121 5310 1378 5364 tribuant.
1399 5309 1689 5379 Postquam
1794 5327 1899 5381 qua
1927 5311 2070 5365 Deus
2097 5316 2511 5364 constructurus
2540 5316 2657 5361 erat
2678 5304 2996 5368 Ecclesiam,
3051 5302 3180 5358 etin
3207 5301 3369 5356 linem

137 5405 296 5451 autem
343 5398 596 5454 misertus
644 5401 810 5455 l'ueris
847 5409 904 5455 et
947 5400 1310 5466 benedixcris,
1346 5409 1400 5454 ct
1431 5399 1692 5454 illumiua-
1797 5402 2011 5474 mundi,
2034 5391 2250 5470 quando
2282 5400 2426 5452 illam
2459 5394 2826 5450 remunerabit
2874 5402 3078 5446 aeterna
3136 5391 3372 5447 beatitu-

138 5490 260 5543 veris
284 5501 471 5561 gentes
501 5511 513 5546 :
548 5492 910 5562 Con/iteanlur
939 5495 1052 5559 tibi,
1101 5494 1261 5558 Deus,
1291 5494 1492 5564 populi,
1528 5493 1578 5546 id
1609 5501 1692 5546 est
1797 5493 1952 5557 dine;
1983 5490 2212 5560 psalmus
2250 5489 2436 5552 David,
2473 5487 2592 5540 dico
2630 5484 2869 5537 existens
2896 5481 3130 5552 psalmus
3157 5483 3372 5546 cantici,

140 5578 337 5638 laudent
364 5594 415 5638 te
452 5595 636 5656 gentes
664 5587 972 5641 omnimoda
1001 5587 1173 5651 laude,
1205 5583 1385 5641 ct'non
1414 5586 1570 5656 pauci
1602 5601 1692 5654 po-
1798 5582 1849 5636 id
1875 5590 1957 5635 est
1985 5583 2162 5636 nimi-.c
2184 5577 2557 5650 jucunditatis.
2609 5573 2944 5630 Jucundatur
2992 5575 3134 5629 enim
3169 5575 3222 5628 in
3271 5575 3374 5629 hoc

142 5673 359 5740 puli,sed
389 5678 731 5746 conﬁteantur
756 5681 848 5733 tibi
870 5679 1047 5750 populi
1070 5695 1270 5743 omnes,
1301 5678 1349 5731 id
1378 5687 1460 5732 cst
1492 5677 1694 5732 omnis-
1798 5676 2006 5746 psalmo
2033 5677 2290 5746 propheta
2316 5686 2482 5741 agens
2509 5669 2573 5722 de
2603 5667 2834 5738 gloriosa
2871 5666 3073 5722 Christi
3131 5682 3391 5742 resnrrcﬁ

143 5767 288 5836 ωοάίν
327 5769 420 5844 qui
453 5780 601 5827 antea
642 5785 848 5843 gratam
879 5773 1090 5829 laud-cm
1130 5772 1223 5827 tibi
1248 5787 1351 5826 non
1385 5771 1690 5826 redderent.
1801 5768 1977 5824 ctiouc
2010 5767 2210 5833 futura,
2241 5778 2402 5835 quam
2433 5769 2611 5831 optat;
2640 5767 2692 5814 et
2717 5758 2782 5815 de
2810 5758 3145 5815 beatitudine
3201 5757 3372 5820 iusto-‘-
