3846 6334
448 214 544 306 est

1008 243 1064 299 ὃ.
1103 239 1452 299 BRUNONIS
1487 236 1874 296 CARTHUSIA
1889 235 2019 292 NOli

2122 243 2129 286 ι
2170 235 2652 290 ιδιειιῚ-υτοιιιε
2679 235 2829 290 ΟΡΡ.
2875 235 3052 293 PARS
3078 237 3117 292 Ι.

3581 241 3679 296 952

449 374 568 415 rum
600 357 996 429 primitivorum
1028 367 1084 412 et
1116 357 1218 420 hic,
1252 369 1306 412 et
1335 357 1387 410 in
1423 356 1622 419 futuro,
1671 368 1806 422 quos
1830 352 2020 406 adhor-
2053 356 2095 411 Δ
2125 347 2381 402 exsultent
2414 350 2468 403 in
2493 361 2767 420 conspectu
2801 353 2914 416 Dei.
2949 354 3000 409 id
3022 369 3106 408 εει
3132 375 3185 408 ιιι
3215 353 3318 410 hoc
3367 353 3513 424 quod
3559 371 3698 424 Spem

451 460 596 506 tatur
617 450 682 502 ad
711 449 1035 503 cantandum
1063 449 1191 510 Deo,
1247 446 1675 514 etpsallemlmn,
1721 451 1775 496 et
1831 441 2020 509 praedi-

451 540 680 594 candum
713 538 856 591 aliis.
883 537 1006 606 Agit
1035 552 1249 606 quoque
1305 537 1370 590 (Ιε
1421 534 1712 588 universali
1767 533 2021 586 Ecclesia:

451 628 856 691 constitutione,
884 627 1152 696 quomodo
1184 627 1294 689 lict,
1317 635 1368 678 et
1387 641 1481 692 per
1497 641 1651 693 quos,
1675 632 1728 676 et
1749 624 1814 676 de
1836 638 2023 676 ascen-

452 719 602 773 sione
635 716 854 770 Christi.
886 716 1022 770 Dicit
1053 717 1214 771 etiam
1251 715 1443 769 multos
1467 712 1731 782 perfectos
1759 713 1850 781 qui
1875 713 2022 767 vide—

449 811 652 862 buntur
680 823 800 862 esse
835 807 1100 868 Christus,
1133 821 1473 875 nequaquam
1521 820 1664 860 esse.
1713 805 1834 874 Agit
1859 805 2018 858 etiam

451 901 518 955 de
544 899 724 961 futura
761 897 1015 952 Ecclesia:
1047 897 1506 958 remuneratione,
1532 906 1585 949 et
1621 896 1672 950 in
1698 896 1800 949 hoc
1826 896 2022 950 saeculo

451 992 518 1045 de
547 992 918 1046 hazreticornm
947 990 998 1044 in
1047 989 1300 1043 Ecclesia:
1353 989 1719 1057 superatione,
1752 997 1805 1043 et
1842 989 2020 1044 incre-

451 1081 684 1146 patione.
717 1080 784 1133 Et
815 1080 869 1132 in
901 1079 983 1132 his
1006 1079 1256 1133 omnibus
1285 1094 1405 1148 qua:
1435 1077 1614 1131 futura
1649 1079 1904 1146 praevidet
1940 1079 2023 1148 ju-

450 1170 772 1232 cnmlando,
827 1169 917 1222 dat
955 1169 1256 1236 exemplum
1304 1169 1478 1232 nobis,
1538 1169 1590 1222 in
1621 1168 1704 1222 his
1735 1169 1938 1224 eisdem
1970 1171 2020 1224 in

450 1257 543 1312 Dei
584 1257 739 1312 laude
761 1258 1065 1328 jncundari.
1105 1257 1218 1311 .lam
1239 1273 1365 1327 pars
1391 1258 1652 1326 completa
1679 1267 1780 1312 est.
1814 1258 1890 1312 De
1918 1260 2023 1314 alia

449 1363 580 1402 vero
608 1357 758 1418 parte
783 1347 1097 1417 complenda
1127 1351 1258 1402 certi
1295 1349 1596 1402 existimus.
1645 1349 1768 1419 Agit
1810 1365 2024 1419 quoque

449 1452 551 1490 non
581 1439 836 1506 optando,
870 1439 962 1492 sed
992 1439 1335 1493 concedendo
1364 1441 1428 1493 de
1455 1440 1812 1503 inimicorum,
1836 1452 1888 1495 et
1914 1444 2021 1510 hic,

447 1535 501 1578 et
529 1526 581 1580 in
610 1527 790 1582 futuro
831 1528 1179 1585 damnatione
1207 1547 1218 1581 :
1253 1539 1312 1584 ut
1342 1545 1440 1582 nos
1470 1531 1821 1600 perterrendo
1849 1542 2022 1587 retra-

447 1615 542 1668 hat
577 1617 644 1670 ab
694 1631 881 1671 eorum
929 1619 1330 1684 conformitate,
1383 1628 1438 1674 ει
1493 1629 1551 1675 ιιι
1604 1636 1848 1692 magnam
1905 1637 2026 1680 esse

446 1704 644 1760 Christi
674 1709 969 1777 potentiam
1001 1709 1208 1762 innuat.

516 1797 781 1870 Exsurgat
811 1800 950 1854 Deus
979 1801 1247 1866 Christus,
1283 1818 1346 1858 ac
1375 1804 1417 1858 si
1452 1804 1657 1859 diceret
1688 1823 1702 1860 :
1750 1805 2025 1862 Prmvideo

447 1891 742 1956 Christum,
773 1895 1068 1948 secundum
1095 1895 1196 1950 hoc
1227 1899 1368 1964 quod
1421 1898 1581 1952 homo
1623 1899 1746 1962 erit,
1801 1900 2026 1954 moritu-

448 1999 588 2049 rum,
611 1994 664 2038 et
697 1996 1150 2052 resurrecturum,
1196 1997 1250 2042 et
1278 1988 1328 2041 in
1359 1989 1460 2042 hoc
1495 2005 1617 2044 esse
1645 1990 1812 2044 Deum
1863 2007 2025 2062 appa-

449 2075 698 2130 riturum.
724 2077 788 2131 Et
818 2079 944 2148 quia
983 2078 1086 2133 hoc
1115 2081 1386 2143 praevideo
1416 2081 1676 2147 futurum,
1703 2086 1941 2141 concedo
1969 2097 2024 2142 et

448 2177 642 2237 exopto
679 2177 734 2222 ιιι
782 2181 1048 2240 exsurgat,
1101 2171 1242 2226 Deus
1283 2188 1378 2241 per
1407 2175 1509 2229 hoc
1555 2176 1896 2245 appar-iturus
1927 2191 1942 2230 :
1969 2187 2023 2234 ot

448 2262 711 2326 prrcvideo
746 2261 884 2330 quod
911 2263 1116 2317 inimici
1145 2263 1262 2330 ejus
1281 2265 1473 2330 Judazi,
1506 2269 1594 2336 qui
1620 2268 1672 2321 in
1699 2284 1820 2322 eum
1847 2269 2022 2324 insur-

449 2367 478 2419 g
513 2361 571 2405 nt
621 2351 968 2423 blasphemiis
991 2363 1044 2409 et
1075 2355 1534 2424 tribulationibus,
1590 2361 2016 2431 dissipabuntur,

449 2444 567 2496 ideo
598 2444 795 2514 ubique
823 2455 1107 2512 terrarum,
1141 2456 1188 2500 et
1219 2447 1419 2518 fugient
1442 2468 1472 2504 a
1505 2450 1639 2519 facie
1665 2452 1800 2521 ejus,
1833 2454 1883 2507 in
1918 2456 2020 2510 hoc

450 2531 642 2586 sacnlo
671 2549 684 2586 :
717 2542 764 2586 et
795 2534 845 2587 in
872 2533 1053 2588 futuro
1082 2535 1325 2604 deﬁcient
1375 2540 1508 2592 sicut
1556 2541 1754 2609 Iunius,
1800 2553 1850 2596 et
1882 2547 2019 2615 peri-

449 2623 571 2676 bunt
601 2641 631 2678 a
665 2625 800 2693 facie
823 2625 938 2679 Dei.
970 2627 1035 2680 Et
1057 2628 1158 2682 hoc
1183 2629 1441 2698 concedo,
1472 2641 1532 2685 ut
1565 2633 1878 2703 dissipentur
1931 2637 2017 2693 hic

449 2715 643 2769 .m'mici
671 2716 784 2786 ejus
822 2717 1017 2786 ubique
1072 2721 1236 2792 238
1278 2731 1544 2777 terrarum
1589 2743 1602 2778 :
1642 2735 1689 2778 et
1737 2726 1943 2796 fugiant
1984 2747 2016 2783 τι

449 2807 578 2866 {acie
606 2809 720 2876 ejus
745 2811 833 2880 qui
862 2811 1078 2866 oderunt
1107 2830 1248 2878 eum,
1295 2814 1354 2900 id
1373 2823 1454 2869 est
1488 2825 1680 2884 sponte
1707 2819 1963 2900 recedant
1985 2835 2014 2873 a

449 2902 753 2969 cognitione
781 2903 897 2971 ejus
920 2919 1068 2959 more
1095 2906 1351 2974 fugientis
1383 2925 1395 2960 :
1427 2915 1486 2961 ut
1540 2911 1793 2964 excaecati
1843 2911 2018 2966 nolint

2124 441 2392 494 habebunt
2425 457 2484 496 se
2512 442 2676 496 Deum
2701 442 2752 496 in
2777 442 2957 497 futuro
2980 455 3390 514 conspecturos.
3445 445 3511 498 Et
3551 451 3600 504 in
3623 453 3699 505 fu-

2126 541 2244 585 turo
2272 532 2592 587 delectentur
2637 534 2690 588 in
2721 535 2902 588 la‘titia
2936 527 3286 593 beatitudinis
3340 550 3582 603 aeternae,
3616 544 3696 597 ubi

2123 623 2322 677 nullum
2354 624 2625 678 fastidimn
2651 627 2776 690 erit,
2809 627 2903 680 sed
2933 637 3134 681 :eterna
3163 629 3458 684 delectatio
3502 642 3603 686 est.
3645 634 3696 687 lu

2123 713 2223 767 hoc
2243 712 2385 768 enim
2415 714 2614 768 sagculo
2641 715 2931 782 aliquando
2972 716 3080 770 Deo
3115 717 3398 772 fastidiose
3453 722 3694 776 servitur.

2125 803 2236 858 lluc
2265 813 2443 858 autem
2478 806 2679 858 dictum
2714 816 2796 859 est
2827 806 2894 860 de
2921 807 3210 876 primitivis
3229 805 3411 875 justis.
3439 808 3590 864 Facit
3615 828 3694 865 auo

2127 904 2228 948 tein
2264 897 2642 965 apostropham
2675 897 2740 950 ad
2768 897 2912 966 ipsos
2957 899 3158 966 justos,
3208 901 3440 954 hortans
3475 903 3541 956 ad
3577 916 3695 957 cau-

2125 986 2345 1040 tandum
2371 989 2479 1042 Deo
2515 998 2569 1042 et
2598 988 2956 1056 psallendum,
2984 1001 3042 1044 ut
3077 991 3142 1044 ad
3178 991 3423 1046 lagtitiam
3449 993 3592 1047 illaut
3625 1007 3695 1048 at-

2127 1074 2330 1144 tingere
2353 1086 2685 1140 mereanlur,
2713 1078 2790 1132 sic
2826 1096 2839 1132 :
2869 1078 3020 1142 Dico,
3050 1096 3082 1134 0
3106 1080 3260 1146 justi,
3291 1082 3437 1148 quod
3471 1080 3693 1135 delecta-

2125 1166 2310 1222 bimini
2347 1170 2400 1224 in
2433 1169 2639 1224 lwtitia.
2668 1171 2734 1224 Et
2764 1181 2822 1224 ut
2850 1173 2951 1226 hoc
2983 1173 3054 1226 sit
3089 1191 3101 1226 :
3127 1172 3351 1226 Cantate
3379 1173 3511 1235 Deo,
3545 1174 3592 1226 id
3623 1185 3691 1228 est

2125 1259 2340 1316 laudate
2370 1262 2534 1316 Deum
2569 1262 2620 1316 in
2651 1264 3132 1332 contemplatione,
3160 1265 3420 1319 llieorica:
3445 1266 3566 1319 vitae
3589 1276 3694 1320 stu-

2125 1350 2873 1420 demlo:etpsalmumdicite
2925 1355 3124 1408 nomini
3175 1355 3311 1425 ejus,
3373 1356 3428 1409 in
3473 1357 3691 1426 practice

2125 1441 2254 1506 vita,
2284 1441 2334 1494 id
2372 1453 2456 1497 est
2509 1443 2643 1498 bene
2703 1446 3002 1514 operamini
3051 1445 3118 1500 ad
3171 1447 3436 1501 honorem
3481 1449 3692 1504 nomini!

2125 1530 2258 1599 ejus.
2287 1530 2398 1587 Hoc
2423 1542 2600 1586 autem
2631 1534 2834 1588 dictum
2867 1545 2971 1600 est,
3024 1545 3286 1605 quantum
3337 1536 3406 1590 ad
3448 1537 3691 1604 diversos,

2128 1630 2186 1676 ut
2218 1623 2396 1678 minus
2420 1623 2643 1692 perfecti
2691 1626 2900 1680 scilicet
2951 1628 3190 1697 praeﬁca
3227 1629 3339 1682 vita
3373 1627 3539 1684 Deum
3588 1629 3690 1683 lau-

2057 1689 2100 1742 Β
2127 1715 2274 1782 dent,
2303 1725 2358 1770 et
2391 1689 3033 1785 perfectiores-theorica.
3060 1719 3310 1774 Practica
3337 1721 3450 1774 vita
3474 1730 3555 1775 est
3586 1738 3691 1790 quae

2125 1807 2299 1862 activa
2331 1806 2554 1873 dicitur,
2585 1810 2722 1864 bene
2753 1811 2992 1880 operari,
3024 1812 3196 1867 nudos
3235 1813 3460 1877 vestire,
3510 1822 3563 1868 et
3603 1830 3688 1870 cte-

2127 1903 2242 1949 tera
2271 1895 2496 1961 similia;
2535 1897 2612 1952 sic
2639 1907 2817 1953 tamen
2848 1907 2906 1952 ut
2941 1913 3048 1952 non
3079 1914 3144 1953 ex
3180 1909 3293 1954 toto
3329 1910 3542 1956 terrena
3592 1902 3687 1956 sul-

2125 1984 2346 2040 licitudo
2371 1987 2946 2044 amhiaturztheorica
2994 2003 3140 2053 vero,
3197 2006 3316 2059 qua:
3373 1993 3686 2061 contempla-

2125 2075 2232 2128 tiva
2257 2077 2471 2140 dicitur,
2503 2079 2758 2134 omnibus
2785 2080 3016 2135 terrenis
3043 2081 3284 2148 omissis,
3319 2081 3452 2137 solis
3499 2083 3686 2138 oratio-

2124 2166 2299 2232 nibds,
2329 2177 2384 2222 et
2404 2168 2836 2239 contemplandis
2865 2171 3092 2225 secretis
3123 2172 3216 2225 Dei
3242 2187 3460 2226 vacare.
3505 2173 3568 2227 Et
3594 2189 3684 2227 non

2123 2259 2292 2312 solum
2321 2261 2553 2316 cantelis
2581 2271 2637 2316 et
2665 2262 2928 2330 psalmum
2959 2263 3176 2328 dicatis,
3207 2263 3298 2318 sed
3333 2265 3434 2318 iter
3467 2264 3614 2334 facite
3645 2266 3686 2318 ei

2121 2351 2208 2421 qui
2229 2352 2456 2404 ascendit
2503 2369 2658 2422 super
2679 2370 2943 2407 occasum.
2994 2353 3106 2409 lloc
3163 2353 3295 2409 dicit
3345 2364 3598 2424 quantum
3627 2355 3684 2408 ad

2120 2440 2526 2508 praedicatores,
2557 2443 2697 2511 quod
2729 2452 2813 2497 est
2847 2443 3032 2498 dicere
3059 2462 3072 2498 :
3108 2443 3503 2501 Praedicatioue
3524 2453 3680 2499 vestra

2119 2528 2282 2584 facite
2303 2528 2419 2598 ejus
2445 2531 2648 2584 notitia:
2687 2531 2794 2586 iter
2823 2532 2876 2586 in
2904 2533 3157 2588 cordibus
3201 2533 3524 2599 inﬁdelium,
3576 2549 3680 2604 quae

2119 2635 2214 2690 per
2235 2620 2602 2677 inﬁdelitatem
2625 2623 2808 2678 clausa
2836 2633 2964 2679 sunt
2989 2638 3004 2677 :
3032 2633 3087 2678 et
3110 2624 3212 2678 iter
3263 2623 3448 2680 facere
3476 2625 3678 2690 debetis,

2119 2725 2239 2766 cum
2270 2712 2404 2766 adeo
2446 2723 2638 2783 potens
2686 2713 2901 2770 futurus
2921 2715 2992 2770 sit
3045 2715 3188 2784 quod
3246 2716 3502 2771 ascendet
3548 2730 3680 2784 super

2120 2816 2381 2868 occasum,
2432 2801 2484 2856 id
2532 2811 2616 2856 est
2643 2811 2885 2858 conteret
2914 2813 3086 2859 morte
3119 2812 3174 2858 et
3203 2804 3255 2858 in
3287 2819 3351 2858 se
3380 2811 3435 2858 et
3478 2803 3529 2858 in
3561 2802 3679 2868 suis,

2119 2892 2185 2946 ad
2215 2891 2429 2946 modum
2461 2892 2604 2947 illius
2624 2893 2714 2962 qui
2747 2909 2860 2948 rem
2889 2881 3300 2964 eonteritquam
3324 2893 3498 2950 calcat
3523 2902 3572 2947 et
3597 2908 3673 2947 su-

447 3007 564 3046 eum
594 3010 936 3062 cognoscere.
963 2999 1028 3052 Et
1052 2999 1153 3054 hoc
1180 3000 1301 3054 ideo
1324 3001 1620 3072 contingat,
1648 3003 1771 3072 quia
1797 3004 2014 3060 oderunt
2047 3027 2087 3084 ρ
2119 2999 2217 3053 per
2238 2999 2399 3053 quam
2427 2985 2705 3084 θξθθξιδξιο-
2721 2985 2866 3040 MO“
2915 2995 3095 3040 amem
3125 3000 3358 3084 ‘30?“95
3398 2995 3539 3084 τξθιθ
3565 2983 3676 3039 (Μ’

448 3099 580 3148 eum,
621 3084 774 3141 idest
803 3087 928 3142 odio
955 3103 1076 3143 eum
1098 3102 1513 3160 prosequentur,
1556 3109 1662 3148 non
1709 3110 1774 3149 ex
1827 3096 2020 3152 merito

448 3174 576 3244 ejus.
607 3175 676 3230 Et
711 3177 763 3231 in
787 3179 967 3234 futuro
1015 3181 1259 3250 deﬁciunt
1299 3183 1368 3237 ob
1417 3185 1562 3240 omni
1611 3186 1812 3256 quiete,
1857 3198 1911 3242 et
1955 3188 2022 3243 ab

449 3265 588 3317 anmi
615 3268 899 3324 commodo
929 3271 1070 3338 quod
1099 3285 1156 3325 se
1180 3279 1372 3341 putant
1394 3274 1698 3342 habituros,
1748 3277 1838 3346 qui
1862 3289 2021 3335 erunt

449 3353 666 3408 exaltati
693 3355 906 3410 ﬂamma
927 3359 1034 3413 odii
1060 3368 1115 3413 ει
1161 3377 1338 3430 prava:
1391 3365 1842 3434 concupiscentia).
1887 3385 2018 3436 suae,

450 3445 577 3497 sicut
606 3447 800 3514 deﬁcit,
844 3449 896 3502 id
927 3459 1009 3504 εει
1049 3452 1322 3506 evanescit
1368 3454 1546 3523 {unius
1575 3472 1604 3510 a
1633 3457 1845 3512 flamma
1873 3459 2018 3514 exal-

449 3548 610 3593 tatus.
640 3539 735 3593 Vel
760 3541 1028 3611 deﬁciunt,
1061 3545 1114 3598 in
1145 3546 1320 3614 poenis
1345 3587 1360 3612 ,
1410 3547 1461 3602 id
1511 3559 1594 3604 est
1639 3563 2021 3610 censumantur

450 3638 499 3681 et
529 3631 858 3697 crucientur,
893 3647 998 3687 non
1027 3634 1107 3690 sic
1132 3646 1188 3690 ut
1209 3652 1276 3692 ex
1307 3648 1418 3694 toto
1463 3641 1810 3699 destruantur
1841 3663 1854 3700 :
1887 3648 2019 3703 sicut

450 3719 622 3786 fumus
657 3721 928 3777 exaltatus
958 3724 1154 3793 deficit,
1193 3743 1300 3783 non
1345 3738 1402 3784 ut
1428 3732 1559 3786 nihil
1589 3733 1872 3800 eﬁiciatur,
1925 3739 2018 3793 sed

451 3811 774 3881 dispergitur
799 3822 857 3867 ut
881 3829 984 3868 non
1011 3830 1285 3886 appareat.
1304 3819 1462 3877 Juxta
1485 3826 1625 3894 quod
1648 3827 1774 3883 alibi
1797 3829 2014 3887 dicitur:

451 3919 467 3949 ι
493 3900 634 3954 Mors
659 3904 915 3971 depascet
943 3920 1036 3960 eos
1069 3905 1243 3976 (Psal.
1297 3926 1484 3982 XLVIII,
1534 3915 1646 3985 15),
1680 3935 1700 3968 ι
1741 3926 1794 3972 ει
1819 3927 1877 3972 ιιι
1903 3935 2019 3974 ma-

450 3991 528 4060 gis
555 3993 738 4046 miseri
768 3993 896 4060 sint,
925 3995 1056 4050 sicut
1079 3999 1195 4067 [luit
1243 4016 1360 4054 cera
1391 4019 1422 4055 a
1453 4005 1587 4071 [acie
1625 4005 1780 4076 ignis,
1837 4008 1888 4063 id
1935 4019 2019 4065 est

450 4082 586 4137 sicut
612 4084 930 4141 inconstans
961 4096 1044 4142 est
1068 4103 1191 4143 cera
1221 4098 1344 4145 ante
1378 4095 1718 4161 praesentiam
1747 4097 1906 4168 ignis,
1942 4100 2017 4153 sic

449 4184 654 4226 oet-eant
698 4185 992 4243 peccatores
1015 4219 1029 4242 ,
1083 4181 1509 4236 antonomastice
1548 4182 1715 4239 Judaei
1749 4187 1954 4242 scilicet
1986 4207 2018 4243 α

449 4263 580 4321 facie
615 4265 732 4333 Dei,
763 4268 813 4322 id
841 4278 922 4323 est
948 4285 976 4323 a
1001 4273 1284 4340 praesentia
1315 4283 1370 4328 et
1395 4290 1422 4328 a
1447 4275 1897 4346 contemplatione
1920 4278 2014 4334 Dei

2126 3084 2232 3142 tur,
2249 3092 2314 3132 eo
2341 3077 2483 3146 quod
2513 3079 2578 3132 ad
2610 3078 2877 3134 defectum
2901 3094 3098 3148 corpus
3117 3078 3362 3134 deducit.
3419 3078 3491 3134 Et
3517 3087 3672 3132 tamen

2122 3168 2225 3224 alia
2250 3185 2410 3226 causa
2435 3178 2518 3225 est
2539 3185 2712 3240 quare
2737 3171 2944 3226 debetis
2973 3171 3078 3226 iter
3107 3171 3290 3227 facere
3319 3171 3394 3236 ei,
3445 3172 3561 3240 quia
3586 3171 3675 3225 sci-

2121 3258 2246 3314 licet
2272 3260 2350 3314 illi
2375 3271 2458 3315 εει
2486 3277 2671 3314 nomen
2697 3260 2973 3315 Dominus.
3001 3261 3171 3332 Magis
3195 3273 3378 3317 autem
3405 3263 3544 3328 dicit,
3565 3261 3672 3316 sub-

2115 3352 2426 3422 jungendo:
2458 3351 2717 3407 Dominus
2745 3369 2929 3407 nomen
2958 3353 3059 3419 illi,
3109 3369 3269 3423 quam
3307 3354 3354 3408 si
3385 3353 3674 3431 simpliciter

2119 3455 2346 3514 poneret
2375 3443 2627 3498 Dominus
2653 3455 2747 3499 est.
2779 3443 2958 3500 lnuuit
2983 3445 3128 3500 enim
3150 3461 3248 3515 per
3276 3447 3402 3509 hoc,
3433 3446 3565 3515 quod
3587 3459 3671 3498 no-

2121 3551 2241 3590 men
2269 3538 2372 3591 hoc
2401 3536 2614 3606 proprie
2641 3545 2696 3590 et
2717 3552 2826 3606 pra:
2853 3539 3065 3592 caateris
3093 3537 3356 3607 competit
3386 3538 3433 3592 ei
3452 3577 3466 3602 ,
3493 3543 3545 3590 et
3581 3535 3668 3587 iter

2120 3624 2168 3678 ei
2198 3623 2464 3689 faciendo,
2491 3625 2746 3679 exsultate
2772 3625 2824 3678 in
2850 3635 3125 3697 conspectu
3155 3626 3291 3696 ejus,
3318 3641 3384 3682 ac
3399 3627 3439 3680 si
3454 3625 3666 3702 diceret:

2121 3717 2178 3771 Si
2233 3718 2288 3771 in
2345 3716 2594 3772 faciendo
2655 3718 2759 3771 iter
2818 3718 3121 3787 persecutio
3177 3717 3472 3788 ingruerit,
3526 3713 3666 3768 nolite

2120 3809 2372 3878 deﬁcere,
2402 3812 2495 3864 scd
2524 3809 2777 3866 exsultate
2809 3811 2862 3864 in
2889 3821 3162 3882 conspectu
3179 3812 3314 3882 ejus,
3347 3812 3398 3865 id
3415 3818 3494 3866 est
3519 3810 3564 3864 in
3583 3820 3664 3876 spe

2119 3911 2438 3972 conspectus
2452 3899 2588 3969 ejus;
2613 3901 2696 3956 vel
2713 3903 2765 3956 in
2785 3914 3058 3972 conspectu
3081 3904 3216 3974 ejus,
3241 3904 3293 3957 id
3314 3913 3398 3958 est
3421 3903 3470 3956 in
3486 3900 3662 3960 anima,

2120 4008 2280 4063 quam
2311 3993 2424 4063 ipse
2451 3992 2598 4047 solus
2625 3991 2906 4063 conspicit.
2937 3993 3005 4048 Et
3049 3995 3094 4048 si
3132 3994 3375 4049 exterius
3431 3992 3480 4046 iu
3523 4002 3662 4044 carne

2121 4087 2302 4142 tristes
2332 4085 2656 4155 appareatis,
2688 4093 2742 4140 et
2769 4086 3150 4141 exsultaudum
3183 4093 3289 4150 est,
3322 4100 3442 4140 cum
3459 4083 3566 4138 sitis
3583 4094 3662 4134 eos

2118 4177 2498 4246 praedicatione
2518 4184 2701 4232 vestra
2724 4177 3048 4246 superaturi.
3073 4175 3206 4230 Nam
3229 4176 3380 4230 vobis
3398 4172 3662 4246 pradican-

2120 4269 2285 4332 tibus,
2318 4266 2670 4321 turbabuntur
2705 4267 2949 4322 inﬁdeles
2977 4268 3116 4322 bona
3165 4265 3583 4327 conturliatione,
3616 4268 3661 4312 et

451 4358 661 4425 remoti,
679 4359 828 4428 juxta
860 4361 986 4415 illud
1011 4364 1150 4431 quod
1181 4363 1372 4434 legitur
1404 4384 1417 4418 ε
1462 4383 1479 4416 ι
1534 4365 1776 4422 Tollatur
1822 4370 2015 4440 impius
2047 4365 2092 4424 D
2119 4359 2222 4414 hoc
2243 4358 2543 4429 continget.
2577 4375 2607 4412 α
2629 4359 2766 4429 facie
2805 4359 2939 4428 eius.
2970 4357 3024 4412 id
3053 4367 3136 4414 est
3165 4374 3194 4414 a
3227 4359 3524 4430 cognitione
3562 4353 3661 4424 eius

409 4497 414 4506 ,
451 4465 514 4503 ne
535 4451 715 4506 videat
751 4454 978 4523 gloriam
1008 4455 1098 4510 Dei
1125 4455 1258 4527 (Isa.
1289 4473 1436 4524 xxvi,
1470 4457 1576 4528 lO).
1620 4480 1638 4512 ι
1694 4460 1850 4516 Esset
1873 4464 2014 4517 enim

451 4537 626 4605 aliqua
656 4541 736 4594 eis
773 4544 1134 4614 refrigeratio,
1188 4547 1231 4601 si
1259 4547 1310 4600 in
1345 4549 1520 4616 poenis
1569 4551 1868 4616 constituti,
1921 4553 2014 4608 Dei

450 4631 902 4698 contemplatione
932 4634 1132 4702 perfrui
1165 4647 1398 4706 possent,
1428 4639 1569 4708 quod
1593 4655 1714 4695 esse
1743 4657 1846 4695 non
1871 4653 2018 4712 pote-

457 4719 966 4790 rit.C0n£eunnler
991 4727 1100 4797 ag‘it
1142 4727 1496 4796 dejnstorum
1547 4730 1742 4801 duplici
1782 4733 2016 4788 beatitu-

455 4810 593 4873 Zline,
614 4825 736 4863 eum
765 4810 928 4867 dicit:

517 4899 585 4954 Et
605 4903 741 4971 justi
764 4905 1056 4974 epulentur,
1107 4923 1168 4963 ac
1199 4909 1240 4964 si
1283 4910 1697 4967 diceret:Sicut
1753 4914 2018 4984 praevideo

459 4993 588 5061 pmd
615 4993 815 5048 inimici
846 5003 900 5048 et
929 4995 1017 5050 hic
1049 5005 1101 5050 et
1133 4997 1184 5051 in
1243 4999 1422 5055 futuro
1451 5003 1881 5070 damnabuntur;
1945 5005 2015 5057 ita

460 5085 715 5156 grtevideo
743 5103 811 5142 ex
836 5087 1100 5158 opposito,
1131 5089 1253 5158 quia
1277 5089 1406 5160 justi
1435 5092 1488 5144 in
1522 5093 1622 5147 hoc
1651 5093 1847 5148 smculo
1869 5094 2018 5148 exal-

457 5176 709 5232 .abnntur
729 5187 782 5235 et
809 5180 1178 5244 exsultabunt,
1211 5189 1262 5234 et
1294 5182 1344 5234 in
1377 5181 1556 5237 futuro
1585 5182 2014 5238 delectaliuntur:

455 5276 499 5320 :t
530 5267 601 5321 ita
633 5270 872 5325 concedo
894 5279 947 5325 ct
975 5278 1188 5340 empto.
1230 5268 1263 5322 Ι
1273 5270 1373 5324 usti
1403 5270 1698 5338 epulentur,
1753 5282 1800 5324 et
1845 5273 2018 5326 exsul-

451 5367 548 5410 .ent
572 5359 627 5413 in
663 5373 936 5429 conspectu
963 5362 1076 5428 Dei,
1109 5363 1159 5416 id
1181 5371 1266 5418 est
1298 5362 1608 5417 reﬁciantur
1628 5364 1855 5418 diversis
1869 5366 2020 5420 donis

452 5444 618 5497 sancti
652 5444 905 5516 Spiritus,
937 5451 1002 5504 ad
1027 5451 1242 5505 modum
1267 5450 1556 5520 epulantis,
1589 5450 1680 5521 qui
1711 5452 1882 5506 variis
1909 5451 2016 5508 fer-

451 5534 583 5590 culis
617 5537 875 5594 reﬁcitur.
912 5541 978 5595 Et
1027 5544 1291 5611 epulando
1341 5543 1595 5598 exsultent
1647 5544 1702 5597 in
1747 5557 2017 5614 conspectu

455 5623 564 5684 Dri.
597 5629 648 5683 id
681 5641 761 5686 est
791 5633 840 5686 in
866 5633 1042 5687 anima
1067 5651 1225 5690 uuam
1252 5636 1395 5694 solus
1424 5637 1564 5693 Deus
1594 5636 1876 5694 conspicit.
1927 5636 2017 5691 Vel

2120 4449 2236 4514 Dei,
2274 4464 2435 4518 quam
2464 4464 2606 4503 nunc
2628 4449 2895 4520 ignorant.
2925 4448 3051 4519 Ejus
3072 4449 3220 4512 dico,
3277 4446 3548 4503 existentis
3577 4460 3657 4514 pa-

2120 4542 2214 4595 tris
2241 4541 2591 4609 orphanorum
2621 4541 2674 4595 in
2713 4541 2815 4596 hoc
2843 4541 3064 4606 saeculo,
3107 4551 3162 4595 et
3185 4539 3348 4595 futuri
3373 4539 3558 4610 judicia
3595 4551 3617 4588 ι
3653 4557 3660 4566 ~

2120 4631 2364 4697 duarum,
2379 4639 2499 4702 post
2515 4633 2616 4686 hoc
2631 4631 3060 4702 saeculum,quod
3082 4641 3167 4686 est
3187 4631 3395 4686 dicere:
3411 4630 3504 4696 Qui
3523 4627 3658 4683 Pater

2119 4732 2199 4779 est
2214 4723 2300 4777 hic
2315 4732 2577 4786 vestrum,
2591 4723 2734 4778 idest
2757 4723 2840 4792 pie
2862 4723 3206 4794 patrocinans
3227 4722 3379 4778 vobis
3400 4734 3538 4775 more
3555 4716 3659 4804 piis:

2120 4813 2238 4868 simi
2259 4813 2427 4879 patris
2441 4828 2506 4868 ne
2529 4813 2581 4867 in
2605 4812 3034 4868 tribulationibus
3055 4813 3336 4877 deﬁciatis,
3352 4812 3438 4883 qui
3459 4809 3655 4880 orphanl

2120 4905 2282 4976 239
2319 4905 2452 4960 estis
2484 4913 2696 4959 mortuo
2738 4913 2890 4974 patre
2926 4915 3106 4958 vestro
3133 4903 3368 4958 diabolo.
3403 4901 3656 4972 Orphanus

2122 4996 2338 5065 proprie
2367 4995 2585 5059 dicitur,
2621 4993 2772 5061 cujus
2807 5005 2961 5064 pater
2989 5003 3234 5048 mortuus
3269 5003 3386 5058 est;
3417 5001 3467 5048 et
3508 4991 3553 5045 in
3588 4986 3653 5040 fu-

2123 5099 2242 5142 turo
2261 5087 2424 5158 judex
2448 5087 2551 5141 erit
2575 5086 2760 5152 vestri,
2786 5095 2843 5140 ut
2864 5101 2958 5140 vos
2985 5087 3276 5140 secundum
3301 5085 3484 5140 merita
3503 5090 3652 5136 vestra

2115 5178 2259 5250 jnste
2290 5185 2630 5243 renumeret,
2661 5177 2748 5247 qui
2786 5177 2958 5231 viduae
3001 5193 3096 5246 per
3123 5177 3512 5232 similitudinem
3536 5170 3649 5224 dici-

2122 5269 2276 5335 mini,
2310 5283 2374 5324 eo
2404 5269 2546 5338 quod
2577 5283 2606 5322 a
2645 5268 2839 5323 solatio
2879 5277 3211 5322 terrenorum
3249 5263 3482 5321 destituti
3513 5258 3648 5319 estis,

2121 5377 2241 5431 quae
2279 5362 2331 5415 in
2371 5362 2519 5416 vobis
2569 5368 2778 5415 mortua
2813 5369 2969 5425 sunt,
3018 5359 3116 5416 soli
3161 5361 3270 5416 Deo
3313 5360 3647 5416 adhaerentes,

2122 5454 2258 5508 sicut
2291 5453 2447 5507 vilua
2479 5469 2508 5506 a
2541 5451 2716 5506 mariti
2746 5453 2827 5506 sui
2858 5450 2968 5519 jam
3000 5452 3196 5506 mortui
3229 5450 3414 5506 solatio
3438 5441 3646 5502 destitui-

2123 5561 2227 5601 tur.
2269 5546 2334 5601 Et
2370 5560 2465 5614 per
2500 5547 2605 5601 hoc
2641 5560 2735 5599 eos
2769 5545 2993 5598 attrahit
3027 5543 3091 5598 ad
3123 5543 3465 5599 obediendum
3503 5537 3576 5601 ei,
3603 5533 3646 5586 in

2122 5637 2368 5694 faciendo
2397 5638 2516 5704 iter,
2555 5652 2676 5692 cum
2706 5645 2758 5693 et
2791 5637 2877 5691 hic
2908 5644 3063 5707 pater
3095 5651 3280 5693 eorum
3307 5635 3403 5699 sit,
3429 5627 3549 5685 etin
3577 5621 3642 5676 lli-
