3856 6322
87 327 168 383 955

957 314 1311 375 EXPOSITIO
1348 316 1414 371 ΙΝ
1456 316 1788 375 PSALMOS.
1816 348 1889 362 -
1916 316 2109 375 PSAL.
2150 314 2332 371 LXVII

3182 321 3212 377 9
3222 321 3287 377 3.1

90 440 342 510 turojudex
367 437 575 492 futurus
593 434 680 491 sit.
705 432 817 489 Non
842 431 1013 488 solum
1040 444 1217 488 autem
1242 432 1608 498 turbabuntur,
1641 438 1687 495 Α
1715 435 1833 489 sine
1870 433 2113 505 quolibet
2150 432 2346 486 merito
2392 428 2534 484 illius
2570 437 2746 486 terra}.
2793 432 2857 487 Et
2901 450 3026 491 vere
3073 435 3287 490 divorso

89 536 164 589 scd
197 541 305 602 post
343 529 697 583 turbationem
725 566 740 592 ,
785 526 921 580 Deus
962 526 1016 579 in
1053 524 1167 578 loco
1208 541 1302 578 suo
1350 539 1614 593 apparens

89 628 204 679 Deus
234 622 517 675 inhabitare
552 620 681 688 [acit
705 657 720 682 ,
769 618 821 671 id
860 626 942 671 est
990 615 1150 670 faciet
1185 630 1278 670 eos
1322 616 1613 670 existentes

90 717 213 769 tutius
250 713 403 765 moris
438 712 491 764 in
536 712 721 777 domo,
766 708 906 779 quod
950 719 1032 763 est
1064 708 1241 763 dicere
1279 725 1292 762 :
1327 706 1457 763 Cum
1502 707 1615 777 ipse

92 805 203 856 Deus
235 802 332 863 sit,
370 809 559 868 potens
595 808 713 863 est,
750 799 838 868 qui
881 797 1183 853 inhabitare
1225 797 1387 854 faciat
1429 814 1522 853 eos
1561 799 1615 851 in

90 893 230 955 domo,
261 889 308 942 id
339 897 417 942 est
443 896 854 957 perseveranter
881 887 1042 943 iaciat
1067 888 1313 943 habitare
1342 887 1394 941 in
1428 886 1613 942 Eccle-

91 986 172 1048 sia,
200 996 306 1050 qua:
332 990 412 1035 est
443 979 635 1035 domus
672 995 767 1035 sua
787 1020 802 1046 ,
829 996 925 1035 eos
956 978 1126 1035 factos
1157 981 1310 1034 unius
1344 980 1531 1044 moris,
1562 980 1616 1035 id

89 1084 156 1128 est
177 1070 394 1138 ejusdem
423 1072 849 1137 consuetudinis,
876 1080 929 1126 et
954 1070 1193 1139 ejusdem
1228 1072 1536 1139 voluntatis,
1563 1081 1617 1128 et

90 1164 289 1233 ejusdem
325 1162 623 1217 concordia:
654 1181 667 1216 :
702 1163 840 1232 quod
880 1173 960 1217 est
992 1178 1056 1218 ac
1093 1163 1138 1219 si
1171 1164 1403 1219 diceret:
1432 1163 1616 1219 Faciet

90 1268 165 1308 cos
206 1260 473 1321 postquam
516 1252 711 1307 turbati
749 1252 950 1306 fuerint
986 1253 1231 1308 eumdem
1263 1254 1462 1309 habere
1503 1271 1616 1311 mo-

90 1359 179 1398 rem
201 1341 461 1408 credendi,
484 1351 537 1397 et
566 1344 701 1399 bene
730 1344 944 1414 agendi,
967 1353 1022 1399 et
1042 1344 1120 1398 sic
1149 1344 1200 1398 in
1231 1344 1471 1400 Ecclesia
1495 1360 1617 1415 per-

90 1446 300 1487 severare
324 1431 503 1495 faciet,
546 1448 647 1488 nec
677 1450 912 1504 unquam
951 1435 1020 1490 ab
1049 1434 1166 1504 ejus
1204 1436 1617 1507 participatione

90 1525 348 1579 abcrrando
378 1524 675 1580 discedere.

143 1615 240 1671 liuc
267 1624 434 1669 autem
460 1616 603 1685 quod
635 1616 762 1671 dicit
788 1618 841 1671 in
875 1617 988 1672 loco
1014 1635 1109 1673 suo
1146 1629 1326 1673 sancto
1355 1619 1520 1687 Deus,
1550 1620 1614 1675 ad

89 1709 171 1762 hoc
193 1706 546 1777 interpositum
577 1718 679 1773 est,
710 1717 768 1762 ut
790 1707 1036 1763 ostendat
1065 1709 1116 1764 in
1144 1726 1249 1779 quo
1278 1710 1613 1781 comprobaui

89 1784 232 1868 possit
255 1812 364 1852 eum
390 1811 509 1851 esse
538 1798 721 1852 Deum.
755 1798 880 1854 Dico
906 1798 1044 1855 Deus
1068 1799 1318 1857 Christus
1340 1801 1497 1856 faciet
1526 1818 1618 1857 eos

90 1888 344 1941 inhabitare
377 1888 428 1940 in
459 1888 634 1941 domo.
681 1887 817 1942 Deus
854 1890 973 1943 dico
1005 1891 1058 1944 in
1102 1891 1215 1945 loco
1259 1901 1437 1946 sancto
1479 1908 1573 1945 suo
1600 1934 1615 1961 ,

90 1983 205 2034 Deus
243 1994 492 2049 apparens
517 2022 531 2047 ,
573 1979 621 2033 id
661 1989 742 2035 est
775 1981 864 2050 qui
898 1982 1279 2052 comprobatur
1318 1997 1437 2037 esse
1481 1982 1619 2038 Deus

89 2088 163 2140 per
188 2070 355 2124 ﬁdeles
382 2085 531 2135 suos,
564 2070 652 2139 qui
685 2079 843 2126 erunt
874 2070 1024 2125 locus
1050 2070 1165 2139 ejus
1193 2072 1244 2127 in
1275 2088 1381 2143 quo
1414 2072 1620 2127 inhabi-

91 2160 215 2225 tabit,
246 2175 370 2229 quos
399 2160 531 2215 adeo
562 2162 822 2231 gloriosos
861 2163 1020 2217 faciet
1050 2163 1101 2217 in
1135 2164 1442 2232 miraculis,
1482 2177 1535 2220 et
1566 2166 1619 2219 in

90 2251 339 2305 virtutibus
386 2260 440 2306 et
486 2253 738 2322 operibus
784 2252 937 2308 bouis
982 2254 1271 2324 perfectos.
1316 2254 1428 2311 Nisi
1475 2256 1619 2310 enim

92 2341 208 2395 Deus
233 2350 402 2407 esset,
438 2357 544 2397 non
583 2343 768 2412 utique
799 2344 930 2398 tales
960 2358 1052 2399 eos
1079 2342 1292 2399 efﬁcere
1320 2356 1517 2415 posset.
1558 2346 1623 2400 Et

92 2436 191 2502 quia
210 2443 378 2503 posset
400 2435 565 2504 quaeri
587 2453 600 2488 :
621 2437 886 2504 quomodo
910 2434 1069 2490 faciet
1084 2436 1423 2492 inhabitare?
1444 2447 1618 2493 osten~

92 2527 153 2579 dit
175 2526 267 2580 hoc
309 2542 430 2579 cum
461 2527 646 2592 addit,
678 2526 756 2581 sic
792 2544 806 2579 :
840 2524 1037 2580 Educet
1074 2542 1104 2582 a
1144 2527 1381 2596 peccatis
1426 2530 1621 2583 vinctos

92 2617 198 2684 ipsis
223 2618 451 2686 peccatis
480 2619 532 2671 in
554 2618 862 2687 fortitudine
886 2619 1179 2689 ponendos,
1212 2620 1261 2674 id
1289 2628 1370 2675 est
1400 2635 1534 2691 quos
1555 2620 1622 2674 ab

93 2709 364 2764 inﬁrmitate
414 2721 756 2781 peccatorum
804 2713 1083 2780 expeditos
1136 2711 1305 2767 fortes
1359 2713 1523 2769 faciet
1570 2723 1624 2769 et

92 2808 397 2867 constantes.
420 2800 757 2865 Notandum,
790 2800 930 2869 quod
963 2802 1029 2857 de
1075 2801 1179 2857 illis
1213 2803 1409 2859 vinctis
1450 2804 1622 2873 dicit,

92 2892 180 2958 qui,
210 2891 324 2945 licet
351 2893 590 2961 peccatis
618 2893 854 2962 graviter
883 2894 1123 2960 onerati,
1173 2894 1410 2949 nondum
1444 2907 1624 2951 tamen

95 2982 135 3032 in
160 2982 555 3048 profunditatem
590 2994 935 3054 peccatorum
964 2985 1317 3040 devenerunt.
1346 2986 1411 3040 Et
1439 2987 1627 3041 simili-

94 3082 155 3125 ter
189 3073 316 3128 sicut
362 3076 592 3141 vinctos,
632 3076 811 3129 educet
852 3093 938 3131 eos
978 3078 1139 3132 etiam
1182 3079 1271 3148 qui
1319 3088 1624 3148 exasperant

94 3161 251 3229 Deum,
278 3165 328 3222 id
356 3175 440 3220 est
464 3167 553 3236 qui
586 3167 773 3229 Deum,
803 3182 924 3222 cum
958 3168 1009 3222 in
1046 3178 1238 3223 natura
1265 3170 1335 3225 sit
1370 3169 1543 3223 dulcis
1571 3177 1625 3225 et

94 3254 233 3319 mitis,
258 3271 503 3326 asperum
536 3257 760 3322 faciunt,
789 3273 1062 3328 nunquam
1097 3260 1415 3329 resipiscere
1440 3260 1623 3314 volen-

95 3351 176 3396 ιξε.
199 3344 292 3410 Qui
318 3360 442 3399 vero
473 3346 581 3400 sint
614 3346 685 3399 illi
723 3346 1006 3415 exprimit,
1043 3361 1164 3402 cum
1189 3348 1334 3403 addit
1362 3366 1374 3402 :
1406 3347 1624 3404 Scilicet

93 3451 161 3488 eos
192 3438 389 3504 educet,
429 3440 517 3508 qui
546 3437 658 3507 jam
688 3440 921 3493 habitant
953 3441 1006 3493 in
1047 3441 1297 3510 sepulcris
1319 3483 1333 3509 ,
1366 3441 1417 3496 id
1453 3450 1531 3497 est
1570 3441 1623 3496 in

94 3540 236 3583 morte
262 3531 536 3596 caecitatis,
563 3531 652 3601 qui
679 3531 789 3602 jam
821 3531 1108 3601 desperant
1132 3532 1380 3599 salutem,
1409 3542 1626 3604 propter

94 3630 394 3688 peccatorum
419 3636 639 3675 suorum
664 3622 1103 3692 profunditatem,
1129 3625 1270 3692 quod
1298 3635 1381 3679 est
1404 3626 1584 3680 dicere
1608 3643 1623 3681 :

93 3713 141 3765 Ει
174 3714 281 3768 ilius
314 3716 495 3767 educet
542 3730 570 3767 a
610 3714 847 3783 peccatis
874 3756 890 3781 ,
940 3714 1030 3785 qui
1082 3716 1418 3770 solummodo
1461 3716 1623 3771 vincti

92 3817 250 3871 «runt,
282 3807 511 3861 nondum
547 3816 722 3862 tamen
766 3808 995 3868 mortui,
1028 3817 1081 3862 et
1113 3807 1231 3861 illos
1259 3808 1349 3879 qui
1384 3808 1495 3877 jam
1533 3824 1627 3877 per

94 3898 483 3965 daperalionetn
508 3908 667 3952 erunt
689 3899 886 3952 mortui
917 3900 1120 3963 educet,
1150 3909 1206 3953 et
1229 3916 1315 3952 eos
1339 3900 1627 3953 inhabitare

94 3987 135 4040 in
161 3990 296 4043 domo
330 3990 507 4059 faciet.
565 3988 824 4059 Sepulcra
864 3989 951 4043 hic
991 4004 1087 4060 pro
1121 4000 1293 4045 morte
1335 3999 1624 4060 ponuntur,

94 4093 145 4130 eo
175 4082 301 4148 quod
334 4082 386 4135 in
417 4079 678 4150 sepulcris
716 4090 1050 4134 mortuorum
1085 4095 1308 4149 corpora
1341 4094 1624 4150 ponantur.

95 4166 147 4220 Et
181 4171 477 4241 priusquam
518 4186 613 4225 eos
647 4172 867 4235 educas,
912 4169 956 4224 0
990 4171 1126 4225 Deus
1154 4211 1169 4237 ,
1206 4182 1343 4226 terra
1375 4183 1544 4235 mota,
1575 4173 1626 4226 id

95 4269 160 4310 cst
187 4260 275 4327 ipsi
307 4261 527 4323 terreni,
562 4269 616 4314 et
656 4261 706 4313 in
731 4259 947 4323 .ludacis,
981 4269 1034 4313 ct
1080 4262 1130 4315 in
1163 4262 1409 4331 gentibus
1444 4277 1628 4316 move-

96 4348 267 4402 buntur
307 4352 368 4405 de
400 4350 717 4404 inﬁdelitate
760 4352 824 4405 ad
856 4352 1035 4404 fidem.
1079 4351 1140 4405 Et
1180 4352 1283 4406 hoc
1327 4361 1449 4406 tunc
1488 4352 1626 4416 erit,

96 4457 191 4493 cum
216 4444 549 4511 egredereris,
589 4444 641 4497 id
672 4453 756 4497 est
791 4444 1085 4512 egredieris
1125 4459 1389 4512 apparens
1424 4445 1474 4497 in
1505 4462 1626 4497 con-

98 4542 243 4597 spectu
294 4532 466 4601 pepuli
494 4533 591 4597 tui,
620 4532 853 4598 Judaici,
890 4533 981 4603 qui
1024 4532 1098 4585 tui
1130 4533 1373 4586 notitiam
1398 4532 1510 4601 jam
1538 4534 1634 4586 ali-

98 4624 379 4687 quantulum
410 4624 620 4694 attigit;
648 4623 790 4692 quod
819 4633 904 4677 est
932 4623 1110 4677 dicere
1145 4641 1157 4675 :
1192 4623 1270 4676 'l'u
1304 4624 1392 4691 qui
1420 4623 1467 4677 ei
1494 4639 1633 4677 nunc

98 4726 144 4763 es
172 4712 440 4778 obscurus,
468 4723 524 4767 et
557 4714 610 4766 in
650 4728 840 4782 magna
872 4722 1025 4783 parte
1066 4713 1280 4782 ignotus
1304 4754 1319 4779 ,
1352 4714 1635 4781 apparehis

98 4804 351 4859 manifeste
375 4808 427 4859 in
454 4814 748 4874 conspectu,
781 4806 831 4858 id
862 4815 946 4860 est
972 4806 1023 4859 in
1050 4804 1485 4860 consideratione
1512 4805 1634 4858 lidei

96 4896 246 4960 populi
276 4897 348 4949 tui
375 4911 392 4949 :
425 4897 489 4951 Et
521 4909 649 4951 tunc
691 4908 828 4950 terra
857 4907 993 4950 ntota
1024 4898 1129 4951 erit
1156 4899 1221 4952 ad
1268 4897 1424 4951 fidem
1461 4915 1473 4950 :
1518 4913 1634 4950 cum

99 4990 430 5051 pertransieris
459 4992 515 5045 in
536 4992 816 5055 desertum,
849 4990 899 5044 id
923 5000 1005 5045 est
1034 5007 1154 5044 cum
1182 5006 1211 5045 a
1238 4989 1434 5045 ludatis
1460 5005 1636 5044 trans-

102 5076 198 5131 iens
220 5081 269 5133 in
294 5083 537 5136 notitiam
560 5082 821 5152 gentium,
843 5082 932 5150 qui
952 5081 1222 5136 desertum
1248 5082 1405 5135 modo
1421 5090 1563 5145 sunt,
1582 5090 1637 5135 et

100 5166 197 5221 sine
218 5170 453 5224 doctrina
474 5180 527 5226 et
554 5172 688 5239 lege,
713 5183 764 5223 et
790 5171 963 5225 fructu
991 5172 1251 5226 bonorum
1275 5187 1495 5241 operum
1514 5181 1638 5225 sunt

101 5255 218 5311 sicut
239 5258 535 5324 desertum;
569 5269 622 5313 et
650 5260 884 5313 ostendit
907 5274 1001 5329 per
1022 5275 1156 5328 quos
1181 5262 1454 5314 ministros
1474 5261 1537 5314 ad
1572 5260 1635 5312 ﬁ-

102 5346 204 5402 dem
227 5351 596 5415 movebuntur,
614 5351 857 5404 addendo
869 5352 974 5405 sic:
999 5350 1133 5405 Vere
1148 5361 1289 5405 terra
1315 5351 1632 5403 movebitur.

159 5436 352 5494 Etenim
401 5442 554 5507 caeli,
606 5441 657 5494 id
705 5450 789 5495 est
832 5442 1210 5510 praedicatores
1254 5440 1636 5495 distillaveruut

99 5529 303 5597 plurium
333 5532 708 5595 voluntariam,
742 5532 794 5586 id
820 5540 904 5586 est
933 5533 1146 5585 diverso
1178 5532 1334 5585 modo
1362 5531 1637 5585 stillabant

102 5622 374 5680 doctrinam
402 5626 745 5680 voluntariam
772 5626 971 5697 gratis,
1002 5635 1055 5678 et
1080 5626 1196 5679 sine
1230 5626 1400 5694 pretio
1426 5626 1636 5690 datam,

100 5714 169 5767 Vel
194 5716 550 5784 voluntariam,
578 5716 634 5773 id
659 5727 739 5774 est
766 5716 995 5786 gratuita
1021 5716 1111 5771 Dei
1140 5717 1410 5774 voluntate
1435 5718 1634 5781 datam,

1714 526 1872 581 modo
1907 523 2184 580 stillabant
2216 522 2542 583 doctrinam,
2581 530 2640 575 ut
2669 524 3039 591 capacioribus
3067 542 3285 597 magna,

1713 618 1893 673 minus
1942 632 2074 672 vero
2124 615 2414 685 capacibus
2460 628 2624 682 parva
2674 613 2982 682 loquantur.
3044 618 3285 673 Pluriam

1714 709 1834 764 dico
1863 708 2186 778 procedente
2212 723 2242 759 a
2273 705 2409 774 {acie
2448 704 2577 769 Dei,
2629 704 2679 757 id
2711 712 2794 758 est
2823 720 2850 757 a
2894 707 3197 775 cognitione
3234 716 3289 763 ct

1715 797 2071 854 illustratione
2099 807 2153 854 ct
2183 796 2468 868 prtcsentia
2499 794 2625 859 Dei,
2664 804 2716 850 et
2748 809 2852 849 non
2884 798 3116 851 recentis
3152 799 3246 853 Dei
3273 839 3290 863 ,

1715 890 1807 945 sed
1837 890 1932 945 Dei
1970 888 2153 954 Sinai,
2196 888 2248 943 id
2280 897 2364 942 est
2405 886 2497 941 Dei
2539 887 2747 941 datoris
2784 886 2984 941 veteris
3026 886 3194 955 legis,
3237 899 3288 941 ct

1716 984 1808 1040 Dei
1841 983 2020 1046 Israel,
2049 983 2100 1037 id
2127 992 2211 1037 est
2236 980 2431 1048 Jacob;
2466 996 2529 1035 ac
2556 981 2597 1035 si
2624 981 2774 1034 dicas
2807 998 2819 1034 :
2849 980 2947 1047 Qui
2974 980 3138 1035 etiam
3167 990 3293 1036 ante

1714 1075 1884 1146 legem
1916 1076 1966 1130 in
2000 1074 2147 1130 Sinai
2179 1073 2384 1139 datam,
2425 1073 2664 1128 existens
2693 1072 2795 1127 fuit
2825 1072 2997 1140 Deus,
3031 1072 3116 1128 vel
3152 1072 3294 1128 Deus

1714 1165 1906 1232 Israel,
1938 1167 1989 1221 id
2022 1176 2103 1222 est
2132 1166 2255 1221 novi
2288 1164 2468 1236 populi
2503 1164 2733 1219 videntis
2771 1163 2936 1219 Deum
2966 1166 3017 1217 in
3050 1175 3294 1218 content-

1716 1257 1981 1329 platione;
2013 1258 2156 1329 quod
2189 1269 2272 1313 est
2298 1258 2478 1312 dicere
2505 1270 2521 1310 :
2555 1256 2697 1311 Deus
2736 1264 2820 1310 est
2849 1263 2903 1309 et
2931 1255 3131 1309 veteris
3163 1254 3295 1325 legis

1715 1356 1768 1403 et
1818 1362 1990 1403 novae.
2043 1347 2194 1402 Sinai
2245 1362 2375 1403 vero
2416 1347 2804 1416 interpretatur
2851 1346 3088 1400 tentatio.
3147 1346 3295 1401 Unde

1715 1439 1852 1494 bene
1890 1454 1987 1509 pro
2028 1439 2144 1508 lege
2181 1438 2350 1494 veteri
2392 1438 2631 1509 ponitur,
2672 1453 2791 1509 qua:
2838 1453 3002 1493 causa
3044 1447 3163 1493 erat
3200 1454 3296 1508 per

1716 1529 2213 1599 prtevaricationem
2244 1527 2326 1582 sui
2365 1528 2656 1597 peccandi,
2697 1527 2835 1583 sicut
2878 1527 3104 1581 tentatio
3136 1526 3296 1599 2m

1718 1634 1943 1690 peccare
1981 1618 2128 1673 facit.
2162 1618 2385 1674 Peccata
2416 1634 2647 1689 namque
2689 1618 3037 1688 prohibebat,
3089 1634 3194 1673 non
3228 1620 3296 1673 ad

1722 1712 2039 1767 cessandum
2069 1711 2379 1780 adjuvabat.
2411 1710 2563 1766 Unde
2587 1711 2876 1781 Apostolus
2904 1726 2919 1764 :
2954 1731 2972 1763 ‹
3008 1711 3294 1766 Peccatum

1720 1804 2006 1859 occasione
2041 1811 2262 1873 accepta
2291 1818 2388 1872 per
2420 1803 2731 1857 mandatum
2760 1803 2971 1858 seduxit
3001 1818 3085 1856 me
3113 1802 3293 1871 (llam.

1720 1912 1795 1951 vn
1816 1935 1832 1961 ,
1868 1895 1978 1967 ll).
2015 1914 2033 1947 ι
2064 1893 2157 1948 V'el
2184 1894 2308 1964 quia
2338 1893 2389 1946 in
2415 1891 2564 1947 Sinai
2594 1892 2688 1946 fttit
2717 1893 2859 1958 data,
2884 1892 3031 1946 Sinai
3061 1907 3158 1960 pro
3184 1891 3298 1961 lege

1720 1987 1955 2059 ponitur.
1990 1986 2042 2040 ln
2086 1986 2186 2040 hoc
2217 1985 2360 2039 enim
2400 1985 2621 2038 damnat
2666 1983 2951 2053 impiorum
2984 1980 3295 2037 Judaeorum

1721 2091 1986 2137 errorem,
2020 2076 2110 2146 qui
2140 2090 2262 2129 cum
2295 2074 2462 2129 Deum
2492 2087 2612 2129 esse
2648 2075 2912 2145 dcuegant
2933 2115 2947 2139 ,
2998 2089 3120 2129 cum
3152 2075 3298 2128 dicat

1721 2182 1826 2221 non
1856 2175 2124 2222 recentem
2153 2166 2319 2221 Deum
2347 2166 2497 2231 csse,
2519 2165 2613 2219 sed
2649 2164 2810 2218 Deum
2842 2163 2988 2218 Sinai
3007 2206 3022 2229 ,
3051 2174 3106 2220 et
3134 2165 3297 2219 Deum

1722 2256 1906 2311 Israel.
1937 2254 2065 2310 Dico
2104 2255 2245 2323 quod
2272 2254 2497 2325 pluviam
2529 2252 2865 2307 distillabunt
2893 2254 3035 2314 caeli,
3067 2261 3122 2306 ct
3148 2253 3293 2306 illam

1722 2345 2013 2417 segregabis
2044 2345 2183 2400 Deus
2211 2360 2241 2398 a
2271 2333 2593 2413 pbrdeudis,
2630 2352 2684 2396 ct
2725 2343 2826 2396 hoc
2853 2342 3147 2396 Iiwt'editati
3173 2352 3297 2409 tua',

1724 2439 1777 2494 id
1806 2447 1889 2494 est
1918 2438 1983 2492 ad
2009 2452 2145 2506 opus
2172 2436 2431 2499 ﬁdelium,
2457 2435 2547 2504 qui
2575 2434 2866 2504 participes
2887 2441 3046 2486 erunt
3073 2432 3301 2486 incredi-

1727 2529 1851 2585 tatis
1880 2537 2003 2593 tute,
2029 2526 2235 2583 scilicet
2261 2525 2612 2580 beatitudinis
2638 2534 2882 2589 ceterum;
2910 2523 2996 2578 vel
3019 2524 3108 2591 qui
3137 2532 3301 2577 erunt

1726 2620 2017 2676 haereditas
2047 2628 2159 2683 tua,
2191 2632 2325 2686 quos
2356 2625 2408 2669 tu
2440 2630 2536 2684 per
2561 2614 2943 2684 prwdicatores
2969 2612 3185 2669 excoles
3204 2654 3219 2678 ,
3247 2621 3303 2668 et

1727 2711 1780 2765 in
1810 2725 1876 2765 eo
1904 2709 2127 2764 multum
2164 2723 2258 2763 eos
2287 2715 2523 2762 attentos
2550 2705 2741 2772 reddit,
2770 2713 2825 2758 et
2854 2704 3096 2760 subditos
3116 2745 3131 2771 ,
3174 2720 3299 2758 cum

1728 2802 1808 2858 eis
1836 2801 1966 2856 dicit
1990 2797 2325 2854 solummodo
2351 2797 2581 2851 dandam
2606 2810 2724 2850 esse
2754 2811 2866 2849 rem
2898 2795 3033 2849 adeo
3058 2805 3300 2849 sanctam

1729 2901 1784 2947 et
1822 2890 2135 2962 pretiosam.
2182 2887 2248 2941 Et
2294 2887 2561 2955 inﬁrmata
2601 2895 2698 2951 est,
2732 2887 2783 2939 id
2827 2893 2911 2940 est
2944 2884 3301 2939 inﬁrmabitur

1731 2987 1845 3055 ipsa
1887 2992 2028 3037 terra
2065 2980 2118 3035 in
2152 2979 2386 3047 nequitia
2430 2992 2526 3032 sua
2552 3017 2566 3042 ,
2604 2985 2824 3046 propter
2852 2975 3082 3046 pluviam
3115 2973 3301 3028 volun-

1731 3079 1940 3132 tariam.
1969 3074 2043 3127 Tu
2070 3090 2204 3141 vero,
2232 3072 2321 3142 qui
2346 3071 2411 3125 ad
2438 3073 2537 3124 hoc
2559 3079 2753 3139 potens
2773 3084 2851 3134 es,
2878 3067 3139 3136 perfecisti
3163 3082 3301 3131 eam,

1730 3175 1782 3229 id
1808 3181 1889 3228 est
1910 3171 2191 3241 perfectam
2220 3166 2385 3221 facies
2406 3165 2459 3219 in
2481 3164 2626 3219 omni
2653 3165 2791 3218 bono
2818 3170 3107 3233 postquam
3138 3158 3301 3213 fuerit

1727 3268 2019 3324 inﬁrmata.
2058 3262 2149 3316 Vel
2177 3262 2255 3315 sic
2279 3278 2292 3313 :
2325 3260 2453 3313 Dico
2475 3257 2617 3328 quod
2643 3254 2966 3326 segregatim
2995 3252 3147 3307 dabis
3175 3251 3296 3320 plu-

1726 3361 1858 3415 viam
1896 3354 2191 3410 Ita-redilati
2230 3363 2362 3415 tute,
2404 3362 2449 3404 et
2484 3348 2771 3404 barredilas
2802 3346 3072 3415 inﬁrmata
3108 3352 3211 3411 est,
3249 3344 3302 3397 id

1725 3460 1809 3507 est
1831 3447 2214 3510 inﬁrmabitur,
2240 3444 2291 3498 in
2318 3442 2663 3497 tribulatione
2683 3438 2860 3494 carnis
2882 3445 3101 3507 prepter
3122 3450 3304 3490 susce-

1725 3541 1992 3611 ptionem;
2038 3534 2180 3606 quod
2223 3542 2306 3589 est
2347 3533 2527 3587 dicere
2580 3548 2594 3584 :
2636 3530 2735 3594 Qui
2783 3528 3086 3583 doctrinam
3135 3526 3305 3580 susci-

1728 3629 1898 3697 piens,
1930 3626 1978 3680 ei
2007 3624 2228 3680 obedire
2269 3629 2499 3690 sataget,
2533 3619 2718 3674 multis
2748 3616 3184 3671 tribulationibus
3219 3616 3302 3668 in-

1729 3720 2029 3774 lirtnabitur
2059 3716 2125 3770 ab
2159 3715 2360 3784 itnpiis.
2396 3712 2472 3766 Tu
2510 3729 2625 3766 vero
2658 3711 2749 3780 qui
2789 3719 2980 3780 potens
3019 3724 3106 3775 es,
3136 3708 3307 3778 perfe-

1727 3813 1841 3866 cisti
1863 3826 1999 3877 eam,
2033 3808 2084 3863 id
2108 3816 2189 3862 est
2214 3825 2227 3860 :
2255 3806 2346 3860 sed
2370 3805 2493 3874 quia
2524 3813 2741 3873 propter
2768 3813 2816 3857 te
2839 3802 3220 3865 inﬁrmahitur,
3251 3811 3306 3855 tu

1727 3901 2019 3974 perfectam
2047 3897 2213 3954 facies
2241 3912 2358 3951 eam
2392 3897 2443 3949 in
2477 3894 2689 3961 futuro,
2722 3903 2775 3948 ct
2804 3894 3023 3948 omnino
3051 3893 3262 3947 beatam
3287 3932 3303 3956 ,

1729 4007 1791 4047 ac
1834 3991 1877 4045 si
1916 3990 2061 4044 dicat
2102 4007 2114 4043 :
2162 3987 2277 4042 Non
2318 3995 2404 4041 est
2442 3984 2737 4040 curandum
2781 3985 2826 4039 si
2871 3985 3170 4038 inﬁrmctur
3209 3997 3309 4050 pro

1728 4081 1940 4152 pluvia;
1976 4078 2266 4133 inlirmatio
2304 4077 2446 4132 enim
2490 4074 2613 4140 illa,
2643 4090 2805 4130 causa
2852 4075 2983 4140 erit,
3016 4074 3140 4142 quia
3184 4087 3302 4125 eam

1731 4173 1781 4226 in
1814 4172 1992 4226 futuro
2034 4171 2296 4241 perficies.
2339 4169 2406 4223 Et
2433 4169 2534 4222 boc
2572 4177 2737 4220 totum
2783 4165 2849 4219 ab
2879 4164 2969 4217 illo
3014 4164 3128 4215 loco
3154 4202 3167 4225 ,
3214 4161 3304 4214 ubi

1730 4265 1927 4317 dicitur
1959 4261 2094 4315 Deus
2124 4263 2177 4315 in
2213 4261 2325 4315 loco
2346 4303 2360 4327 ,
2388 4259 2735 4329 mquipollens
2759 4267 2862 4321 est,
2892 4272 2954 4310 ac
2984 4256 3027 4309 si
3056 4254 3134 4307 sic
3172 4252 3307 4305 ordo

1730 4364 2023 4425 poneretur
2053 4372 2065 4407 :
2097 4352 2199 4406 Per
2236 4353 2340 4406 hoc
2382 4350 2730 4403 turbabuntur
2754 4357 2969 4417 gentes,
3009 4344 3150 4413 quod
3193 4343 3308 4396 caeli

1663 4453 1706 4509 l)
1734 4445 2067 4499 distillabnnt
2093 4442 2344 4511 pluviam,
2393 4455 2488 4508 per
2517 4453 2676 4506 quam
2709 4447 2848 4491 terra
2899 4434 3220 4497 movebitur,
3253 4432 3307 4484 id

1733 4549 1815 4594 cst
1865 4536 2170 4591 turbabitnr
2215 4536 2350 4587 bona
2385 4530 2720 4595 turbatione,
2767 4546 2883 4582 cum
2928 4526 3206 4597 egredieris
3254 4524 3308 4578 in

1734 4641 2004 4698 conspectu
2047 4625 2225 4696 populi
2263 4625 2372 4688 tui,
2414 4633 2465 4678 et
2510 4621 2892 4693 pertransieris
2930 4621 2984 4673 in
3024 4617 3304 4672 desertum.

1737 4725 1799 4778 Et
1826 4734 1951 4777 tunc
1987 4722 2172 4775 educes
2202 4720 2425 4776 vinctos,
2458 4724 2511 4770 et
2536 4732 2620 4768 eos
2651 4714 2739 4785 qui
2766 4714 2999 4766 habitant
3040 4712 3094 4764 in
3131 4708 3307 4778 sepul-

1736 4815 1855 4877 cris,
1884 4821 1940 4869 et
1963 4811 2041 4866 sic
2066 4810 2358 4864 inhabitare
2404 4806 2561 4876 facies
2611 4806 2665 4860 in
2693 4806 2870 4870 domo,
2897 4813 2951 4857 et
2975 4812 3096 4873 post
3130 4800 3309 4856 dimit-

1739 4913 1818 4957 tes
1852 4900 2289 4955 tribulationibus
2316 4896 2609 4959 inlirmari,
2658 4904 2711 4950 et
2741 4896 2793 4948 in
2832 4894 3014 4947 futuro
3042 4891 3305 4962 perﬁcies.

1737 4996 2038 5049 Notandum
2068 4993 2209 5061 quod
2240 5006 2361 5045 cum
2402 4991 2542 5044 idem
2585 4988 2656 5042 sit
2685 4987 3055 5049 turbabuntur,
3088 4995 3142 5037 et
3171 4993 3308 5036 terra

1736 5097 1875 5139 mota
1909 5095 2023 5148 est,
2059 5084 2180 5136 ideo
2218 5082 2502 5152 repetitum
2548 5094 2666 5133 esse
2707 5088 2765 5132 ut
2806 5075 3056 5131 ostendat
3097 5074 3312 5141 quando

1737 5178 2060 5238 movebitur,
2090 5186 2143 5229 et
2172 5191 2267 5245 per
2298 5189 2453 5243 quos.
2482 5172 2616 5239 Quia
2645 5186 2771 5225 vero
2804 5169 3042 5228 dixerat,
3073 5181 3312 5232 segrega-

1738 5268 1813 5320 bis
1854 5264 2147 5319 ltrrredituti
2185 5275 2288 5315 tua!
2312 5303 2327 5327 ,
2371 5262 2519 5316 dedit
2558 5259 2854 5327 intelligere
2890 5252 3145 5323 quosdam
3193 5267 3311 5305 csse

1737 5357 1826 5427 qui
1858 5372 1961 5409 non
1993 5364 2112 5409 sunt
2152 5353 2204 5406 iu
2236 5353 2576 5416 haereditate;
2601 5350 2827 5414 ideoque
2866 5342 3192 5398 determinat
3222 5343 3308 5408 qui

1738 5455 1861 5501 sunt
1888 5446 2096 5499 dicendi
2127 5459 2245 5498 esse
2272 5445 2322 5496 in
2351 5442 2693 5502 luereditate,
2720 5447 2777 5490 ut
2802 5436 2879 5489 sic
2906 5441 3191 5502 appareat,
3219 5432 3308 5502 qui

1741 5537 1791 5589 in
1821 5552 1883 5589 ea
1918 5551 2020 5588 non
2052 5534 2179 5597 sint,
2209 5542 2263 5586 et
2293 5533 2363 5585 ita
2392 5545 2509 5584 esse
2540 5530 2591 5582 in
2616 5543 2677 5581 ea
2706 5535 2987 5595 satagunt,
3016 5533 3069 5578 et
3104 5523 3206 5578 hoc
3235 5526 3311 5578 sic

1740 5627 1867 5679 dicit
1899 5640 1912 5679 :
1949 5626 2074 5680 Dico
2105 5625 2243 5694 quod
2279 5624 2502 5693 pluviam
2533 5619 2820 5689 segregabis
2850 5616 3144 5672 Itwreditali
3182 5627 3309 5671 tute.

1810 5714 1876 5769 lu
1906 5731 1965 5768 ca
2006 5723 2184 5768 autem
2216 5711 2527 5767 haereditate
2555 5707 2886 5768 habitabant.
2918 5706 2968 5760 id
3009 5713 3092 5761 est
3122 5721 3309 5762 uerse-

1653 3115 1697 3177 C
