3846 6334
455 285 579 360 ’πει

1035 296 1092 354 S.
1133 296 1270 354 Βιιυ
1283 295 1483 354 NONIS
1523 295 1606 352 CA
1617 291 2060 351 RTHUSIANOR

2219 249 2706 352 insrrreroms
2745 295 2892 353 ore.
2927 297 3113 357 parts
3141 301 3183 355 ι.

2749 91 2780 102 η

3619 313 3708 370 056

479 422 732 472 verauler
779 401 1074 472 manebunt
1121 411 1376 466 auium/ia
1398 454 1412 479 ,
1460 411 1512 466 id
1557 420 1638 466 est
1683 409 1755 464 illi
1800 409 1890 477 qui
1941 416 2067 461 sunt
2099 414 2140 469 Α
2173 406 2323 464 Facit
2353 419 2536 466 autem
2559 416 2947 484 apostropham
2983 418 3049 471 ad
3079 420 3192 488 ipsa
3221 419 3414 489 spolia,
3447 422 3711 488 adhortans

479 507 742 563 mansueti
774 515 828 562 et
860 503 1160 574 simplices,
1186 503 1329 559 sicut
1371 504 1457 557 illa
1489 517 1608 572 qua:
1643 500 1940 571 vulgariter
1977 499 2062 553 di-

479 605 677 654 cuntur
713 596 968 651 animalia
999 635 1012 660 ,
1059 595 1226 649 boves
1266 594 1514 657 scilicet,
1554 603 1610 647 et
1653 609 1757 647 non
1805 591 2066 661 cujusque

480 688 626 743 modi
658 687 942 751 animalia,
975 686 1068 741 sed
1097 697 1187 739 tua
1209 727 1222 752 ,
1254 685 1304 740 id
1333 695 1414 740 est
1445 686 1518 738 tui
1553 684 1710 740 {idem
1742 695 1796 739 et
1825 683 2066 738 dilectio—

483 797 606 836 nem
631 779 909 846 habentia,
940 788 993 834 et
1013 779 1143 850 jugo
1172 787 1275 832 tuae
1307 777 1660 845 subjectionis
1687 777 1899 832 subdita
1929 776 2068 831 sicut

485 869 740 924 animalia
759 867 885 939 jugo
918 869 1105 938 subjici
1132 869 1319 923 idonea
1343 877 1484 922 sunt.
1513 867 1659 922 Multi
1689 881 1921 936 namque
1943 874 2070 922 sunt

483 961 577 1030 qui
621 961 836 1016 tametsi
863 961 1125 1016 mansueti
1153 960 1460 1025 videantur,
1484 960 1612 1029 jugo
1637 968 1813 1014 tamen
1843 959 1934 1014 Dei
1963 973 2066 1013 non
2092 953 2098 958 ⁷

485 1049 866 1119 subjiciuntur.
911 1050 1015 1104 Per
1052 1051 1152 1105 hoc
1182 1059 1360 1105 autem
1410 1050 1652 1104 innuitur
1694 1049 1820 1118 quia
1869 1048 1943 1102 illi
1975 1047 2066 1117 qui

485 1157 594 1197 non
625 1151 750 1197 sunt
773 1143 1024 1196 animalia
1058 1142 1184 1206 Dei,
1215 1157 1320 1198 non
1349 1137 1474 1196 sunt
1502 1143 1552 1200 in
1573 1139 1703 1213 ejus
1730 1142 2066 1196 haereditate.

487 1229 737 1287 Ostendit
763 1240 942 1286 autem
973 1232 1276 1285 doctrinam
1309 1231 1402 1286 Dei
1435 1246 1540 1285 non
1569 1246 1687 1286 esse
1713 1231 1869 1286 bouis
1893 1237 2070 1284 auste-

490 1337 635 1388 ram,
674 1330 733 1376 ut
778 1321 1020 1378 uolentes
1069 1323 1312 1392 recipere
1365 1323 1434 1377 ad
1474 1338 1594 1378 eam
1639 1322 1900 1386 attrahat,
1950 1321 2065 1375 sic:

489 1414 619 1469 Dico
656 1415 800 1483 quod
829 1414 1057 1484 pluviam
1098 1415 1392 1485 segregabis
1433 1414 1728 1469 [nereditati
1770 1423 1874 1466 tua:
1898 1453 1912 1478 ,
1951 1426 2074 1482 quae

488 1520 593 1560 non
625 1506 726 1560 erit
759 1505 807 1560 ei
834 1514 1074 1568 austera,
1108 1505 1202 1560 sed
1245 1515 1298 1559 tu
1341 1505 1482 1560 Deus
1513 1505 1744 1574 parasti,
1779 1504 1828 1557 id
1865 1512 1948 1558 est
1979 1517 2069 1572 pa-

489 1594 636 1650 rabis
671 1596 816 1648 illam
844 1593 1074 1665 pluviam
1101 1595 1342 1664 pauperi,
1370 1595 1421 1649 id
1443 1604 1526 1650 est
1566 1594 1632 1648 ad
1659 1608 1795 1663 opus
1820 1592 2073 1662 pauperis

487 1688 848 1751 luereditatis,
893 1687 1101 1745 scilicet
1129 1703 1250 1758 quae
1283 1702 1489 1757 pauper
1523 1687 1626 1740 erit
1661 1679 1876 1754 spiritu.
1921 1684 1986 1738 Et
2018 1687 2072 1738 in

487 1777 768 1832 dulcedine
791 1779 1030 1849 parabis,
1061 1777 1112 1832 id
1137 1785 1220 1832 est
1247 1777 1320 1830 ita
1347 1785 1405 1830 ut
1427 1777 1497 1831 sit
1521 1777 1570 1830 ei
1597 1775 1786 1831 dulcis.
1815 1775 1869 1829 In
1892 1775 2074 1830 dulce-
2111 1767 2150 1823 Il

487 1871 614 1925 dine
643 1871 763 1926 dico
790 1881 914 1936 tua,
947 1872 1000 1926 id
1033 1881 1116 1924 est
1157 1885 1186 1923 a
1231 1879 1282 1924 te
1305 1870 1460 1938 data,
1509 1886 1572 1925 ac
1605 1858 1660 1924 ἐἰ
1691 1869 1837 1924 dicat
1871 1889 1884 1923 :
1918 1868 2068 1922 Illam

485 1962 651 2015 etiam
696 1961 1032 2018 dulcedinem
1064 1977 1093 2015 a
1135 1976 1193 2016 se
1235 1977 1338 2015 non
1373 1961 1680 2026 habebunt,
1717 1961 1810 2014 sed
1846 1975 1874 2012 a
1905 1969 1975 2014 te.
2007 1959 2073 2013 Et

485 2068 584 2125 per
621 2056 724 2110 huc
759 2071 888 2111 eam
927 2055 1212 2121 humiliat,
1254 2070 1322 2110 ne
1356 2070 1384 2109 a
1437 2069 1495 2110 se
1542 2055 1668 2110 boni
1704 2053 1907 2123 aliquid
1951 2068 2072 2108 esse

485 2137 779 2202 existimet.
813 2147 1061 2204 Ostendit
1099 2163 1314 2219 quoque
1345 2149 1729 2218 praedicatores
1769 2147 2071 2202 doctrinam

487 2252 586 2306 per
619 2237 849 2293 liberum
887 2239 1171 2294 arbitrium
1217 2255 1246 2292 a
1289 2239 1424 2294 facie
1467 2239 1560 2293 Dei
1601 2255 1706 2292 non
1754 2239 2067 2308 suscipere,

486 2331 580 2386 sed
607 2347 636 2384 a
666 2332 758 2386 Dei
799 2331 939 2386 dono
965 2332 1194 2395 habere,
1229 2342 1285 2386 ut
1325 2347 1417 2401 per
1448 2333 1550 2386 hoc
1579 2346 1674 2386 eos
1699 2332 1949 2386 humiliet
1971 2372 1984 2398 ,
2017 2342 2072 2387 et

485 2422 731 2476 utadd-at
775 2423 853 2477 sic
892 2441 905 2476 :
948 2423 1066 2477 Dixi
1103 2425 1248 2493 quod
1295 2425 1408 2477 coeli
1454 2425 1734 2480 stillabant
1773 2425 2005 2496 pluviam
2039 2443 2070 2480 a

484 2515 624 2585 {acie
655 2515 776 2578 Dei,
807 2530 967 2584 quam
1000 2525 1179 2571 tamen
1211 2532 1240 2571 a
1282 2531 1340 2571 se
1371 2532 1474 2572 non
1504 2518 1810 2582 habebunt,
1843 2517 1937 2572 sed
1961 2517 2071 2570 Do-

485 2607 660 2660 minus
694 2606 836 2659 dabit
878 2607 1082 2661 verbum
1131 2608 1572 2675 priedicatiouis,
1621 2625 1781 2680 quam
1823 2611 2072 2680 superius

485 2695 717 2764 pluviam
747 2698 958 2762 vocavi,
989 2698 1484 2768 evangelizanlibus,
1516 2701 1566 2754 id
1591 2709 1676 2755 est
1702 2701 2072 2770 prazdicatori-

484 2785 618 2850 bus,
653 2801 789 2856 quos
831 2786 1000 2842 caelos
1027 2788 1237 2843 vocavi.
1271 2788 1338 2842 Et
1372 2789 1502 2843 illud
1545 2790 1753 2844 verbum
1783 2791 1926 2844 dabit
1953 2807 2068 2844 cum

485 2879 672 2933 virtute
705 2878 903 2947 multa,
954 2880 1008 2937 id
1049 2890 1131 2936 cst
1180 2897 1301 2936 cum
1347 2882 1633 2953 multiplici
1684 2883 2069 2939 miraculorum

482 2973 683 3029 virtute
709 3018 723 3042 ,
757 2983 816 3030 ut
845 2991 948 3031 non
979 2976 1153 3032 solum
1183 2977 1236 3031 in
1270 2978 1653 3048 praedicatione
1681 2987 1930 3048 potentes
1959 2979 2070 3034 sint

483 3066 579 3119 sed
599 3067 760 3120 etiam
786 3065 837 3120 in
863 3065 1138 3124 miraculis
1166 3088 1178 3123 :
1201 3078 1256 3124 et
1278 3085 1373 3140 per
1396 3070 1498 3125 hoc
1521 3070 1682 3124 etiam
1700 3071 1915 3140 exponit
1937 3073 2066 3141 quid

483 3153 1034 3229 vocaveritpluviam,
1061 3171 1117 3216 et
1140 3177 1272 3231 quos
1299 3163 1482 3218 caelos.
1516 3162 1774 3218 Dominus
1799 3164 1945 3228 dico,
1977 3181 2068 3218 rea:

484 3251 734 3304 virtutum
757 3251 916 3324 24],
943 3255 1118 3308 dilecti
1141 3256 1315 3310 dilecti
1329 3257 1654 3323 existens,id
1679 3267 1755 3310 est
1783 3265 1959 3311 rector
1989 3257 2066 3326 ip-

486 3358 670 3398 sorum
697 3345 1212 3415 evangelizantium,
1247 3348 1336 3417 qui
1366 3366 1462 3418 per
1486 3349 1789 3418 emphasim
1820 3349 2069 3403 dicentur

411 3491 416 3496 _
484 3437 722 3491 virtutes
767 3437 992 3503 Christi,
1035 3439 1212 3492 dilecti
1268 3456 1297 3493 a
1365 3441 1474 3495 Deo
1526 3440 1709 3504 Patre,
1763 3441 2062 3496 secundum

489 3529 632 3595 quod
664 3528 829 3592 Deus,
859 3544 982 3583 cum
1023 3531 1068 3584 ei
1121 3531 1191 3584 sit
1231 3523 1731 3593 consubstantialis,
1778 3541 1832 3586 et
1865 3531 2061 3597 dilecti,

485 3622 628 3688 quod
663 3623 825 3678 homo
853 3639 976 3678 cum
1009 3625 1224 3679 futurus
1249 3642 1276 3680 a
1313 3627 1550 3696 peccatis
1578 3627 1830 3681 omnibus
1859 3627 1926 3682 sit
1962 3628 2062 3681 im-

487 3713 686 3767 munis.
712 3714 953 3768 Virtutes
979 3715 1246 3783 dicentur,
1270 3733 1332 3772 eo
1355 3719 1498 3788 quod
1521 3719 1667 3773 omni
1703 3720 1900 3773 virtute
1922 3720 2061 3789 pleni

488 3813 669 3949 (ἓξὲξ,
701 3813 757 3860 el
788 3807 889 3860 hoc
920 3817 1000 3863 est
1025 3825 1089 3864 ac
1117 3810 1160 3864 si
1191 3801 1420 3878 dicet-el,
1461 3811 1606 3864 dabit
1653 3811 2066 3881 euangelizanti-

488 3894 584 3949 ’ὺιῦ
616 3906 666 3949 et
701 3900 1001 3949 nolentium
1045 3901 1396 3949 nrz'ndimndi-
1429 3913 1482 3949 et.
1510 3903 1768 3949 miracula
1805 3903 2062 3949 faciendi-

477 3887 666 3950 ’ὺιὶἒίὲι
701 3900 1002 3967 potentiam
1045 3901 1398 3966 przedicaudi,
1429 3913 1482 3958 et
1510 3903 1768 3957 miracula
1805 3903 2062 3965 faciendi,

485 3997 542 4042 et
577 3988 974 4058 plenitudinem
999 3993 1259 4052 virtutum
1297 4013 1308 4048 :
1339 3997 1464 4063 quia
1495 3994 1609 4049 haec
1649 3995 1750 4048 tria
1777 3996 1841 4048 ad
1876 3995 2063 4048 Eccle-

447 4067 581 4135 .si:e
624 4082 1037 4140 instructionem
1083 4096 1244 4140 erunt
1295 4088 1468 4142 utilia.
1521 4088 1636 4141 Non
1679 4087 1820 4142 enim
1873 4101 2060 4141 eorum

483 4171 856 4238 praedicatioui
890 4178 1224 4241 crederetur,
1259 4176 1357 4231 nisi
1391 4177 1652 4231 miracula
1678 4185 2056 4247 operarentur.

486 4261 543 4317 Si
571 4279 698 4318 vero
723 4274 777 4318 et
807 4264 941 4320 bene
967 4269 1352 4337 prmdicarcnt,
1382 4280 1437 4323 et
1475 4269 1735 4325 miracula
1766 4285 2058 4340 operaren-

484 4363 590 4420 tur,
626 4367 698 4422 et,
750 4358 1040 4414 virtutibus
1091 4371 1368 4430 carentes,
1417 4363 1556 4416 male
1603 4362 1874 4430 viverent,
1917 4365 2056 4435 magi

482 4449 818 4515 viderentur,
853 4462 907 4508 et
931 4454 1009 4508 sic
1033 4455 1112 4510 eis
1144 4456 1367 4510 minime
1395 4457 1734 4512 crederetur.

554 4543 712 4598 Dabit
747 4546 911 4616 igitur
954 4559 1008 4603 et
1036 4551 1356 4618 praulicarc,
1394 4561 1450 4605 et
1503 4553 1762 4608 miracula
1796 4568 1979 4624 agere,
2011 4562 2064 4607 et

483 4631 622 4686 bene
653 4635 854 4692 vivere.
898 4638 964 4692 Et
994 4655 1099 4694 non
1132 4649 1340 4695 tantum
1374 4641 1522 4695 dabit
1567 4649 1775 4697 verbum
1803 4643 2064 4714 evangeli-

487 4726 748 4792 zanlibus,
784 4738 839 4784 et
868 4747 973 4786 non
1017 4742 1225 4789 tantum
1252 4734 1362 4790 [lex
1391 4737 1497 4790 erit
1535 4738 1786 4791 virtutum
1828 4753 1896 4792 ne
1924 4739 2058 4792 deli--

485 4817 664 4879 ciant,
723 4821 815 4874 sed
867 4830 920 4876 et
965 4824 1107 4878 dabit
1156 4827 1387 4881 dividere
1434 4827 1635 4896 spolia,
1686 4829 1738 4884 id
1781 4837 1865 4884 est
1912 4829 2063 4884 dabit

486 4917 812 4977 potestatem
839 4912 1166 4971 distribuere
1205 4917 1341 4972 alios
1376 4919 1584 4986 lideles,
1624 4921 1715 4990 qui
1745 4931 1909 4977 erunt
1935 4938 2060 4992 spo-

483 4997 553 5052 lia
581 4999 758 5054 ablata
786 5002 1002 5058 diabolo
1033 5021 1130 5075 per
1165 5007 1312 5078 ipsos
1341 5011 1806 5082 evangelizantes,
1832 5022 1891 5068 ut
1925 5013 2060 5070 alios

481 5089 692 5148 faciant
739 5095 956 5152 diverso
998 5101 1156 5154 modo
1207 5101 1259 5154 in
1312 5101 1554 5159 Ecclesia
1602 5105 1879 5175 praelatos,
1926 5106 2060 5162 alios

480 5197 611 5239 vero
655 5183 957 5254 subjectos.
998 5187 1130 5244 Dico
1175 5190 1320 5243 dabit
1357 5193 1588 5250 dividere
1627 5182 1819 5265 spolia',
1848 5205 1903 5250 et
1945 5198 2059 5252 lane

480 5277 674 5332 divisui
724 5279 828 5334 erit
874 5283 1062 5350 speciei
1091 5284 1308 5349 domus,
1342 5285 1393 5340 id
1433 5297 1515 5342 est
1559 5289 1628 5343 ad
1674 5305 1811 5360 opus
1853 5291 2054 5360 speciei

479 5369 757 5436 Ecclesiae,
796 5375 1007 5430 sellicet
1055 5385 1114 5431 ut
1158 5376 1399 5432 Ecclesia
1437 5395 1558 5449 quae
1596 5383 1790 5440 domus
1837 5385 1932 5439 Dei
1975 5396 2060 5441 est

477 5461 780 5528 speciosior
801 5464 892 5529 sit,
918 5477 1141 5536 propter
1157 5469 1530 5526 diversitatem
1547 5472 1780 5530 ﬁliorum
1806 5492 2052 5532 suorum.

475 5547 635 5605 Juxta
663 5553 806 5622 quod
828 5554 1119 5625 Apostolus
1141 5560 1272 5616 dicit
1301 5580 1314 5616 :
1346 5581 1364 5614 ι
1395 5563 1671 5630 Quosdam
1702 5570 1881 5638 posuit
1912 5569 2053 5626 Deus

477 5641 530 5696 in
562 5643 819 5712 Ecclesia,
851 5650 1084 5718 primum
1116 5656 1413 5722 apostolos,
1447 5661 1685 5716 secundo
1732 5664 2047 5732 prophetas,

478 5735 637 5793 tertio
669 5738 943 5810 doctores,
988 5743 1183 5804 deinde
1232 5749 1457 5809 virtutes
1483 5753 1543 5821 (I
1576 5753 1697 5808 Cor.
1751 5771 1846 5824 xu,
1875 5755 1987 5811 ‘28).
2028 5775 2045 5809 ι

2169 500 2508 555 utdormiant
2534 503 2668 558 inter
2695 507 2896 560 medios
2920 510 3107 572 clerOs,
3138 511 3428 566 ostendens
3453 527 3602 582 quam
3622 522 3714 572 uti-

2169 589 2378 646 litatem
2405 593 2527 648 inde
2560 593 2854 664 habebunt,
2899 598 2979 652 sic
3007 616 3019 652 :
3054 598 3173 654 Dixi
3212 600 3356 669 quod
3385 604 3526 657 dabit
3547 606 3620 660 eis
3641 607 3710 661 di-

2169 685 2340 739 videre
2369 686 2556 756 spolia.
2581 688 2668 754 Et,
2695 703 2728 744 ο
2758 706 2855 745 vos
2885 691 3074 760 spolia,
3108 701 3163 746 ut
3188 693 3307 748 sitis
3331 694 3534 765 species
3553 697 3713 753 domas

2169 776 2262 834 Dei
2316 779 2589 846 Ecclesite,
2650 783 2874 838 dormite
2914 786 3053 839 inter
3089 787 3288 841 medios
3325 796 3512 854 cteros,
3539 791 3585 844 id
3627 801 3713 857 est,

2171 873 2434 941 quiescite
2465 876 2530 928 ad
2562 875 2780 930 mmlum
2814 877 3138 934 dormientis
3163 881 3300 935 inter
3340 881 3598 937 mediatos
3631 883 3717 938 cle-

2172 981 2276 1029 ros,
2309 967 2450 1034 quod
2478 976 2556 1022 est
2585 967 2767 1024 dicere
2811 981 2839 1022 :‘
2862 968 2954 1025 Sic
2989 971 3158 1040 quieti
3202 981 3396 1040 estote,
3447 983 3504 1028 ut
3541 975 3648 1031 sitis
3672 977 3715 1032 in

2172 1059 2352 1114 medio
2405 1060 2636 1116 duorum
2685 1063 3032 1120 clericorum.
3070 1065 3299 1122 Mediata
3336 1082 3562 1136 namque
3607 1069 3719 1124 dici-

2174 1167 2316 1215 mus,
2360 1169 2484 1224 qum
2520 1157 2696 1211 media
2735 1157 2959 1214 habent.
2991 1158 3182 1216 Clerus
3212 1161 3396 1216 electio
3425 1161 3718 1231 interpreta-

2175 1257 2278 1302 tur.
2309 1247 2538 1304 Ponitur
2573 1267 2706 1322 ergo
2751 1251 2952 1319 clerus,
3002 1263 3056 1309 et
3093 1269 3192 1324 pro
3227 1255 3568 1310 multitudine
3607 1258 3712 1311 lilio-

2175 1361 2291 1399 rum
2322 1345 2483 1412 hujus
2507 1332 2722 1420 iutuidi,
2754 1349 2844 1416 qui
2877 1355 3091 1402 terrena
3118 1349 3292 1420 magis
3315 1364 3477 1420 quam
3507 1351 3717 1407 coelestia

2175 1441 2398 1510 eligunt,
2425 1451 2480 1494 ct
2512 1419 2626 1510 pro.
2641 1440 2986 1496 multitudine
3020 1442 3217 1497 civium
3245 1459 3615 1512 supernorum,
3642 1446 3719 1514 qui

2176 1548 2203 1584 a
2236 1531 2343 1585 Deo
2368 1531 2526 1586 elecri
2562 1542 2708 1586 sunt.
2740 1531 2866 1588 Sive
2893 1533 3076 1588 clerus
3101 1549 3199 1602 pro
3241 1534 3402 1589 bonis
3446 1537 3719 1606 temporali-

2177 1623 2276 1677 hus
2311 1623 2550 1692 ponitur,
2587 1640 2706 1692 quae
2734 1641 2761 1679 a
2790 1627 3022 1681 terrenis
3045 1626 3344 1697 eliguntur,
3389 1639 3442 1682 et
3467 1644 3560 1698 pro
3591 1628 3721 1683 bonis

2177 1717 2518 1780 coe'cstihus,
2549 1733 2670 1787 qua:
2717 1735 2746 1772 a
2791 1717 2923 1772 viris
2952 1719 3156 1774 sanctis
3201 1719 3494 1791 eliguntur.
3540 1719 3720 1775 Fideles

2183 1818 2362 1865 autem
2398 1810 2470 1864 illi
2507 1811 2764 1865 dicuntur
2813 1811 3056 1867 dormire
3089 1813 3222 1866 inter
3251 1813 3453 1867 medios
3482 1813 3651 1878 cleros,
3677 1814 3720 1866 id

2175 1913 2258 1959 est
2298 1903 2578 1972 quiescere
2605 1903 2656 1956 in
2689 1903 2864 1958 medio
2897 1903 3088 1958 harum
3132 1903 3363 1958 duarum
3404 1903 3714 1965 electionum,

2174 1997 2382 2052 scilicet
2439 1998 2820 2068 temporalium
2864 1999 3132 2054 bonorum
3156 2009 3208 2055 et
3237 1998 3560 2064 caelestium,
3586 1999 3656 2054 vel
3677 1998 3718 2051 in

2176 2089 2354 2146 medio
2390 2091 2734 2145 szecularium
2771 2092 3014 2146 virorum
3063 2100 3119 2146 et
3160 2093 3367 2148 civium
3418 2093 3716 2157 ccelicorum,

2174 2183 2265 2254 qui
2307 2183 2420 2252 jam
2461 2185 2668 2256 egressi
2721 2185 3044 2241 electionem
3075 2194 3441 2264 -terrenorum
3493 2188 3718 2244 bonorum

2174 2287 2228 2332 et
2281 2277 2392 2347 jam
2447 2286 2627 2347 spreta
2670 2277 3052 2333 conformitate
3098 2279 3443 2335 szeeularium
3481 2279 3716 2342 virorum,

2176 2384 2297 2424 eum
2325 2371 2465 2424 bene
2497 2369 2728 2424 vivendo
2752 2369 2819 2425 ad
2868 2370 3116 2425 caelestia
3167 2370 3310 2425 bona
3341 2373 3572 2436 tendant,
3598 2379 3644 2424 et
3665 2369 3718 2422 ad

2173 2461 2510 2516 consortium
2557 2461 2755 2520 civium
2794 2476 3170 2532 supernorum,
3205 2477 3314 2518 non
3351 2473 3524 2516 tamen
3559 2477 3718 2532 prope-

2178 2561 2303 2607 rant
2332 2552 2722 2607 murmurando
2752 2551 2818 2608 de
2843 2552 3103 2608 dilatione
3132 2554 3441 2622 electionis,
3469 2571 3616 2626 quam
3642 2574 3718 2614 ex-

2174 2650 2422 2712 spectant
2467 2661 2478 2696 :
2517 2657 2692 2712 neque
2720 2640 3068 2699 revertuntur
3099 2646 3164 2721 ad
3190 2647 3510 2712 smcularem
3537 2649 3718 2704 electio-

2176 2752 2318 2800 nem,
2350 2752 2509 2807 qnam
2549 2734 2660 2804 jam
2711 2737 2914 2806 egressi
2939 2748 3074 2824 sunt
3107 2748 3162 2793 et
3187 2752 3534 2810 spreverunt,
3561 2743 3642 2797 sed
3676 2742 3717 2796 in

2176 2830 2356 2883 medio
2405 2830 2597 2883 harum
2640 2830 2867 2884 duarum
2915 2831 3213 2900 dormiunt,
3239 2834 3314 2904 {id
3349 2844 3431 2890 est
3475 2836 3717 2905 quiescunt

2179 2919 2315 2973 bene
2340 2919 2590 2996 vivendo,
2622 2905 2784 2975 sic-ut.
2816 2921 2882 2976 ad
2912 2931 3152 2990 spretam
3189 2928 3568 2991 nonlredeaut,
3598 2927 3716 2982 clad

2175 3025 2292 3064 eam
2325 3026 2488 3080 quam
2532 3021 2849 3081 exspectant
2880 3014 3150 3093 patienter
3189 3031 3298 3070 non
3330 3026 3714 3088 praapmperent.

2177 3101 2330 3155 Tunc
2355 3112 2535 3155 autem
2563 3114 3054 3172 prmproperarent,
3087 3106 3130 3160 si
3158 3116 3290 3161 ante
3339 3117 3540 3177 tempus
3565 3123 3592 3162 a
3631 3105 3716 3161 Deo

2173 3193 2515 3261 dispositum,
2543 3195 2609 3248 ad
2637 3210 2754 3248 eam
2785 3211 2844 3250 se
2865 3211 2970 3250 non
3003 3197 3275 3267 attingere
3303 3200 3541 3256 dolerent
3564 3199 3633 3254 vel
3655 3202 3717 3252 sic

2172 3283 2458 3352 adaptalnr
2498 3267 2700 3350 littera,
2735 3295 2793 3340 ut
2823 3289 3092 3360 sententia
3125 3290 3195 3342 sit
3219 3289 3433 3344 eadem.

2244 3374 2482 3429 Dormite
2507 3377 2556 3430 id
2585 3383 2664 3430 cst
2694 3376 2859 3446 quieti
2890 3387 3086 3446 estote,
3128 3395 3233 3434 non
3285 3391 3715 3452 praeproperantcs

2170 3465 2456 3519 existendo
2507 3467 2642 3519 inter
2680 3469 2879 3522 medios
2917 3469 3105 3536 cleros,
3141 3471 3190 3524 id
3239 3482 3347 3536 cst,
3405 3473 3539 3528 inter
3580 3472 3713 3526 colle-

2169 3559 2378 3612 ctioucs
2411 3558 2667 3622 fidelium,
2699 3576 2817 3628 quae
2835 3572 2960 3616 sunt
2983 3563 3137 3629 cleri,
3161 3564 3212 3618 id
3241 3578 3326 3620 est
3349 3567 3526 3622 electra
3552 3581 3579 3621 a
3609 3568 3712 3626 Deo.

2168 3656 2222 3700 et
2251 3658 2373 3702 sunt
2407 3650 2566 3716 tchii
2611 3652 2767 3717 cleri,
2805 3653 2949 3706 inter
2983 3665 3256 3710 terrenum
3296 3659 3498 3715 clerum
3540 3671 3588 3715 et
3619 3673 3714 3713 cm-

2170 3739 2356 3793 lcstem
2404 3739 2608 3794 clerum
2640 3743 3026 3809 quiescentes;
3062 3754 3119 3799 ut
3162 3745 3278 3814 jam
3307 3759 3572 3820 terrenum
3613 3749 3715 3803 reli-

2168 3831 2408 3896 querint,
2443 3841 2496 3886 ct
2542 3831 2605 3884 ad
2652 3834 2929 3888 corlestem
2984 3837 3220 3891 nomium
3273 3841 3620 3909 pervenerint.
3661 3839 3716 3894 Et

2170 3922 2270 3975 hoc
2303 3931 2470 3975 totum
2499 3933 2605 3987 est,
2637 3940 2699 3978 ac
2727 3926 2769 3979 si
2803 3925 3050 3981 diceret:
3086 3929 3333 3986 Dormite
3363 3933 3630 3988 existendu
3651 3933 3714 3984 in-

2171 4019 2252 4064 ter
2277 4011 2628 4068 collectioucs
2651 4012 2945 4082 justorum,
2965 4019 3056 4087 qui
3085 4028 3212 4074 sunt
3238 4020 3375 4076 cleri
3405 4023 3578 4091 medii,
3597 4023 3714 4076 inter

2165 4105 2302 4158 duos
2326 4091 2498 4160 clcros
2532 4115 2806 4161 terrenum
2833 4117 2890 4162 et
2918 4109 3216 4165 cmlcstem.

2238 4194 2370 4248 Nam
2397 4198 2440 4248 si
2469 4196 2750 4252 dormiatis
2771 4199 2906 4252 inter
2931 4203 3126 4257 medios
3150 4204 3342 4271 cleros,
3368 4207 3418 4262 id
3441 4217 3540 4271 est,
3565 4207 3710 4262 sinon

2169 4297 2592 4356 murmurantes,
2650 4307 2755 4344 non
2809 4308 3306 4364 prmproperantes,
3341 4303 3434 4356 sed
3472 4302 3711 4358 dormien-

2169 4394 2268 4447 tcs,
2301 4384 2352 4438 id
2397 4392 2480 4438 est
2512 4385 2778 4452 patienter
2807 4392 3198 4458 exspectando,
3240 4395 3579 4463 quiescentes
3621 4409 3711 4446 ma-

2093 4471 2140 4530 D
2168 4476 2344 4531 neatis
2368 4477 2419 4531 in
2455 4478 2634 4531 medio
2655 4479 2883 4534 duarum
2914 4482 3266 4551 electionum,
3299 4490 3599 4558 temporalis
3625 4488 3711 4542 sci-

2169 4568 2294 4624 licet
2338 4577 2394 4625 et
2455 4571 2694 4627 caelestis
2746 4593 2759 4628 :
2811 4576 2966 4631 erilis
3031 4580 3387 4650 deargenlala!
3433 4600 3602 4654 penna:
3642 4596 3708 4636 eo-

2165 4660 2378 4729 lumbw,
2427 4663 2479 4717 id
2525 4671 2609 4718 est
2654 4663 2809 4720 eritis
2846 4666 3204 4726 sublimantes
3252 4673 3546 4730 Ecclesiam
3594 4674 3707 4727 bona

2163 4753 2274 4808 vita
2296 4763 2351 4809 et
2370 4755 2642 4821 oratione,
2669 4767 2724 4811 et
2748 4757 2913 4813 etiam
2953 4762 3343 4830 praulicatione
3373 4777 3543 4822 vestra
3571 4764 3628 4818 ad
3650 4764 3710 4816 si-

2167 4847 2526 4904 militudinem
2578 4864 2912 4918 pennarum,
2964 4853 3244 4910 volucrem
3303 4859 3706 4921 sublimantium,

2165 4938 2294 4992 dum
2343 4955 2464 4994 eam
2516 4956 2614 5010 per
2661 4957 2842 4996 aerem
2893 4944 3189 5002 devehunt.
3219 4949 3478 5006 Columba
3521 4949 3704 5018 quidmu

2164 5027 2406 5084 Ecclesia
2421 5031 2642 5096 dicitur,
2661 5045 2726 5086 eo
2745 5033 2888 5102 quod
2907 5035 3134 5106 simplex
3155 5039 3225 5094 sit
3240 5050 3295 5096 et
3316 5041 3435 5098 sine
3449 5041 3562 5096 felle
3581 5044 3704 5095 tuac.-

2163 5122 2393 5190 phemia:
2416 5123 2578 5196 242
2603 5125 2656 5180 in
2683 5124 2853 5181 Deum
2879 5136 2933 5183 et
2961 5129 3016 5184 in
3041 5132 3370 5199 proximum,
3397 5136 3462 5190 ad
3490 5135 3705 5190 similitu-

2163 5215 2344 5272 dinem
2369 5216 2653 5282 columba,
2691 5234 2814 5290 qua:
2840 5221 2957 5277 avis
3001 5223 3229 5293 simplex
3262 5237 3414 5283 estet
3445 5227 3552 5283 sine
3583 5225 3701 5280 felle.

2160 5307 2322 5364 Juxta
2369 5310 2511 5379 quod
2562 5310 2630 5366 de
2677 5326 2740 5368 ea
2791 5312 3036 5383 Sponsus
3089 5317 3142 5371 in
3190 5318 3426 5375 Canticis
3461 5327 3701 5374 testatur:

2167 5420 2184 5453 ι
2227 5401 2342 5457 Una
2370 5410 2454 5457 est
2485 5403 2736 5461 columba
2765 5421 2880 5462 mea
2914 5407 3096 5476 (Cant.
3131 5425 3207 5476 vr,
3235 5412 3291 5482 8)
3327 5431 3346 5464 ι
3373 5423 3479 5467 etc.
3506 5411 3562 5465 Et
3591 5408 3703 5461 tales

2160 5509 2344 5561 penna:
2369 5508 2488 5563 quin
2515 5502 2676 5576 erunt
2702 5496 3082 5566 deargentatce,
3119 5502 3170 5557 id
3199 5512 3282 5558 est
3306 5510 3584 5571 argentea,
3611 5496 3701 5552 sci-

2162 5583 2285 5639 licet
2319 5585 2373 5639 in
2406 5589 2714 5642 constantia
2751 5590 3138 5654 perfectissimi
3180 5595 3352 5660 eritis,
3387 5603 3442 5648 ut
3471 5608 3560 5664 per
3583 5591 3700 5644 ictus

2161 5675 2600 5740 tribulationum.
2648 5695 2716 5736 ne
2743 5681 3011 5739 deﬁciatis
3056 5701 3071 5738 :
3107 5682 3491 5742 sicut'mcrnm
3533 5695 3698 5749 argen-

2166 5773 2280 5820 tum
2306 5766 2373 5822 ad
2401 5767 2540 5826 ictus
2573 5771 2686 5827 non
2712 5784 2898 5846 crepat
2927 5775 3132 5832 mallei.
3163 5777 3229 5834 Et
3268 5793 3368 5834 non
3397 5776 3558 5834 solum
3587 5783 3696 5843 pen‘
