3856 6322
100 332 177 392 957

102 462 165 502 na!
188 441 328 499 eritis
356 438 452 495 sed
492 436 656 493 etiam
698 435 989 502 posteriora
1031 434 1190 487 dorsa
1226 433 1366 503 ejus,
1414 432 1626 488 scilicet
1662 434 1708 491 Α

103 533 341 593 licclcsite.
384 527 732 585 lntransitive
767 527 971 581 dictum
1021 531 1126 585 est,
1174 539 1239 579 ac
1285 523 1330 577 si
1376 521 1626 576 diceret:

100 626 236 686 Erilis
282 622 415 678 tales
447 619 781 691 posteriores
813 618 865 671 in
906 615 1169 681 Ecclesia,
1198 614 1289 683 qui
1327 613 1479 668 erilis
1505 612 1632 667 dor-

99 732 210 779 sum,
234 712 281 766 id
310 720 392 767 est
423 710 571 781 digni
601 708 798 779 quibus
845 708 1153 777 imponatur
1178 719 1314 758 onus
1352 703 1631 773 rcgiminis

100 802 535 873 Ecclesizezquasi
579 804 911 871 posteriores
957 811 1138 871 partes
1188 799 1463 868 corporis,
1494 812 1631 868 quas

99 915 176 956 nos
192 897 392 952 dorsum
424 894 676 961 dicimus,
706 905 760 949 et
787 894 996 949 habiles
1020 900 1148 948 sunt
1189 891 1255 944 ad
1298 906 1440 945 onus
1475 889 1629 945 defc-

97 988 309 1049 rentlum,
337 984 480 1055 quod
510 992 596 1039 est
622 999 687 1039 ac
716 985 761 1039 si
803 985 1010 1038 diceret
1043 1001 1055 1036 :
1089 982 1258 1036 Erilis
1281 982 1500 1036 dorsum
1528 980 1630 1035 Ec-

97 1082 261 1140 clesiaz.
287 1076 334 1133 id
366 1086 448 1134 est
474 1077 621 1148 digni
658 1076 972 1147 praedatione
1003 1074 1281 1138 Ecclesiae,
1312 1074 1521 1128 scilicet
1548 1073 1630 1127 di-

96 1176 167 1245 gni
185 1181 235 1226 ut
255 1170 485 1240 episcopi
512 1169 634 1224 sitis
663 1169 747 1224 vel
776 1167 1103 1239 presbyteri,
1135 1175 1191 1220 et
1221 1166 1401 1221 creteri
1428 1166 1480 1219 iu
1522 1165 1628 1219 Ec-

98 1265 232 1323 clesia
265 1262 491 1334 praelati,
528 1262 620 1332 qui
652 1262 899 1331 subjecta
939 1260 1196 1316 Ecclesia:
1230 1260 1470 1314 membra
1496 1274 1629 1328 prte-

97 1356 326 1414 dicatione
352 1362 408 1408 et
451 1353 704 1422 exemplo
733 1354 888 1408 bona:
913 1352 1056 1416 vitaz,
1089 1360 1144 1406 ct
1171 1351 1419 1404 oratione.
1447 1358 1627 1404 vestra

95 1449 303 1521 portetis.
328 1448 434 1503 Vos
455 1446 579 1503 dico
602 1447 656 1501 iu
692 1445 895 1516 pallore
922 1447 1042 1501 auri
1067 1447 1426 1508 abundantes,
1454 1445 1504 1498 id
1532 1454 1616 1499 est

96 1545 137 1599 in
162 1539 338 1612 pallido
381 1554 538 1603 auro,
591 1537 802 1593 scilicet
843 1538 893 1591 in
952 1536 1287 1607 perfectione
1341 1536 1624 1603 virtutum,

95 1649 189 1705 qua:
212 1631 514 1700 designatur
556 1645 654 1699 per
692 1629 949 1699 pallidum
1004 1644 1216 1691 aurum,
1262 1628 1405 1697 quod
1447 1630 1628 1697 perfe-

94 1726 293 1793 ctiuspst
314 1724 402 1779 illo
423 1738 578 1790 auro,
604 1724 747 1794 quod
768 1723 947 1777 album
969 1723 1252 1789 nimisfest,
1288 1722 1371 1775 vel
1400 1723 1619 1777 rubrum

98 1819 215 1873 sicut
248 1831 498 1885 caprum;
538 1817 681 1884 quod
710 1825 796 1870 est
829 1817 1011 1871 dicere
1046 1834 1060 1871 :
1093 1816 1285 1871 Merito
1314 1817 1468 1872 eritis
1495 1832 1626 1885 prae-

92 1908 164 1962 lati
197 1905 454 1971 Ecclesia),
483 1906 607 1975 quia
634 1907 790 1962 eritis
820 1907 1043 1976 perfecti
1075 1909 1125 1961 in
1157 1907 1302 1962 omni
1329 1909 1552 1964 virtute.

149 1995 232 2051 Vel
268 1998 340 2051 sie
369 2012 556 2052 versus
592 1998 693 2052 iste
724 1999 1013 2067 exponitur
1046 2018 1056 2052 :
1107 1999 1151 2056 Ο
1186 2001 1357 2069 spolia
1390 2000 1621 2055 dormite

90 2090 203 2142 inter
230 2088 415 2141 medios
454 2088 642 2153 clero»,
686 2090 864 2157 idest,
905 2107 1077 2162 usque
1126 2093 1194 2147 ad
1238 2094 1623 2148 domuitionem

91 2178 269 2243 mortis,
295 2177 555 2233 studendo
585 2180 871 2235 moramini
900 2181 1042 2237 inter
1066 2182 1263 2248 clerus,
1286 2184 1337 2238 id
1366 2191 1449 2238 est
1480 2184 1624 2239 inter

89 2270 258 2326 multos
291 2270 454 2326 libros
499 2271 702 2326 veteris
733 2281 789 2326 et
842 2290 995 2329 novae
1043 2274 1196 2345 legis,
1237 2284 1291 2331 et
1320 2291 1424 2330 non
1477 2277 1620 2332 inter

89 2377 248 2417 omnes
280 2362 463 2428 libros,
492 2377 615 2417 cum
643 2363 796 2418 multi
824 2380 1012 2419 eorum
1052 2367 1163 2421 sint
1183 2369 1500 2438 apocrypbi,
1528 2369 1621 2424 scd

88 2454 197 2506 inter
220 2452 424 2516 medios,
474 2453 526 2506 id
568 2462 653 2507 est
684 2454 830 2508 inter
862 2454 980 2509 illos
1015 2457 1106 2526 qui
1138 2467 1269 2511 sunt
1304 2473 1623 2514 communes

88 2541 334 2596 catholicis
364 2541 491 2597 viris
508 2551 564 2597 et
594 2544 1143 2615 auctorizabilcs,-qui
1172 2561 1200 2600 a
1235 2562 1368 2616 papa
1401 2547 1621 2603 Gelasio

89 2633 203 2688 bene
225 2646 584 2689 numerantur.
612 2634 844 2690 Medium
874 2653 973 2707 pro
996 2639 1267 2692 communi
1294 2624 1464 2709 ponit,
1492 2642 1617 2711 quia

89 2740 157 2779 res
180 2740 289 2794 qua:
324 2726 374 2779 in
405 2726 581 2781 medio
619 2727 1095 2783 circumstantium
1131 2732 1350 2799 ponitur
1378 2732 1514 2787 solet
1542 2734 1622 2789 eis

86 2832 183 2871 esse
210 2818 391 2873 onmis.
440 2816 656 2873 Clerum
684 2821 903 2889 quidem
950 2821 1184 2877 dicimus
1218 2825 1480 2879 nsualitcr
1508 2826 1619 2880 ele-

88 2911 291 2963 ricorum
356 2909 772 2965 multitudinetu.
830 2912 1064 2981 Ideoque
1108 2913 1282 2968 clcros
1331 2915 1418 2969 hic
1469 2918 1619 2984 ponit

86 3014 163 3065 pro
191 3000 518 3057 multitudine
557 3002 818 3057 librorum
875 3006 1158 3074 utriusque
1210 3007 1363 3075 legis.
1401 3009 1467 3063 Et
1511 3025 1616 3064 non

84 3089 155 3143 bic
190 3088 463 3145 den0tatur
512 3091 891 3163 interpretatio
935 3096 1088 3151 vocis
1138 3095 1320 3165 hujus,
1365 3114 1486 3168 quae
1534 3110 1615 3154 est
1645 3127 1686 3186 ο

84 3180 248 3234 clerus.
278 3181 340 3235 Et
361 3182 496 3237 bene
527 3185 674 3253 ponit
705 3186 861 3253 inter,
891 3202 953 3241 ac
981 3189 1021 3241 si
1045 3190 1249 3243 diceret
1289 3205 1303 3242 :
1341 3166 1523 3260 Usque
1550 3194 1616 3247 ad
1646 3166 1688 3186 υ

82 3269 426 3326 dormitionem
467 3274 680 3328 studete
719 3276 770 3328 in
810 3278 1283 3334 auctorizabilibus
1321 3280 1498 3346 libris,
1537 3283 1618 3337 sic

81 3370 125 3413 ut
145 3361 250 3415 sitis
272 3362 407 3416 inter
430 3378 544 3429 eos,
561 3364 610 3417 id
632 3375 716 3419 est
739 3367 788 3419 in
815 3369 989 3422 medio
1010 3383 1198 3423 eorum
1222 3370 1613 3425 conlirmantcs

83 3450 251 3506 alteros
290 3465 384 3521 per
414 3452 613 3508 alteros
645 3472 658 3508 :
702 3472 869 3512 novos
914 3458 1122 3513 scilicet
1159 3475 1256 3529 per
1297 3468 1532 3524 veteres,
1565 3471 1620 3516 et

79 3551 258 3596 veteres
283 3559 375 3611 per
406 3558 594 3600 novos.
630 3546 758 3600 Dico
789 3548 1056 3611 dormite;
1092 3564 1213 3602 nam
1254 3551 1298 3602 si
1339 3551 1617 3605 dormiatis

78 3633 190 3685 inter
214 3635 400 3688 medios
431 3635 619 3701 Cieros,
650 3637 700 3690 id
724 3646 807 3690 est
830 3638 873 3689 si
908 3654 1075 3705 usque
1122 3639 1187 3692 ad
1237 3640 1616 3695 domuitionem

79 3723 307 3779 studentis
337 3725 389 3778 in
422 3727 601 3781 medio
637 3727 1102 3782 auctorizabilium
1145 3729 1433 3797 librorum,
1464 3733 1618 3786 eritis

76 3831 228 3882 penum
251 3818 524 3883 columbw,
562 3820 613 3874 id
641 3828 724 3875 est
767 3821 1150 3875 sublimatorcs
1198 3822 1478 3886 Ecclesim,
1516 3826 1617 3878 boc

78 3920 162 3960 non
189 3917 436 3973 mutatur,
465 3918 520 3963 et
544 3910 677 3964 tales
699 3928 881 3981 perime
910 3928 1029 3981 qua:
1058 3914 1215 3967 eritis
1240 3915 1613 3984 deargentattc,

77 3996 213 4050 ldest
261 3998 525 4055 habentes
577 4012 884 4072 argentum,
926 4003 1136 4058 scilicet
1187 4005 1517 4060 intellectum
1547 4008 1613 4061 ad

75 4084 280 4143 litteram
310 4090 399 4159 qui
437 4090 638 4146 nitidus
680 4103 762 4146 est
797 4102 855 4146 ut
884 4102 1193 4163 argentum,
1224 4106 1279 4148 et
1308 4110 1410 4149 non
1440 4096 1612 4150 solum

74 4194 228 4246 penna:
248 4183 622 4253 deargentatw,
648 4185 743 4239 sed
771 4186 936 4239 etiam
981 4188 1274 4255 posteriora
1302 4189 1446 4242 dorsi
1473 4189 1610 4257 ejus,

76 4272 251 4326 scilicet
276 4273 551 4337 Ecclesim,
600 4277 775 4342 eritis,
814 4277 864 4331 id
896 4288 979 4331 est
1010 4278 1156 4346 digni
1200 4278 1265 4331 ad
1308 4294 1447 4333 onus
1474 4280 1613 4348 regi-

76 4363 209 4420 minis
232 4367 485 4421 Ecclesia:
513 4368 898 4433 deferendum;
934 4370 1035 4423 hoc
1064 4386 1280 4440 quoque
1306 4386 1411 4425 non
1438 4382 1612 4426 muta-

1659 1781 1699 1839 Β

76 4466 164 4511 tur.
195 4459 290 4516 Vos
316 4462 436 4517 dico
466 4463 522 4516 in
555 4463 753 4531 pallore
777 4464 898 4516 auri
940 4463 1296 4531 abundantes,
1348 4465 1397 4517 id
1440 4474 1525 4519 est
1557 4466 1608 4518 in
1642 4470 1687 4528 D
1715 4487 1867 4535 eain;
1914 4469 2055 4539 quod
2099 4480 2180 4523 est
2226 4469 2404 4521 dicere
2449 4484 2461 4519 :

76 4551 242 4616 pallido
282 4570 435 4621 auro,
489 4556 699 4610 scilicet
745 4557 796 4609 iu
835 4558 1064 4627 mystico
1107 4558 1419 4622 intellectu,
1448 4574 1607 4627 quem

76 4642 216 4699 tincci
238 4661 506 4717 anagogcn
524 4647 728 4713 dicunt,
749 4647 837 4717 qui
862 4663 956 4717 per
969 4648 1224 4717 pallidum
1242 4663 1452 4707 aurum.
1470 4650 1611 4717 quod

75 4734 247 4805 reliquo
268 4738 408 4792 omni
441 4754 573 4792 auro
596 4739 885 4807 perfectius
916 4749 1019 4805 est,
1049 4739 1365 4810 designatur
1386 4753 1452 4794 eo
1468 4742 1612 4809 quod

74 4825 204 4897 longe
242 4830 311 4884 sit
353 4829 651 4898 perfectior
682 4830 958 4885 intellectu
1012 4832 1103 4887 illo
1130 4835 1219 4903 qui
1268 4833 1334 4886 ad
1371 4833 1608 4888 litteram

73 4928 174 4984 est;
202 4921 333 4989 quod
366 4930 450 4976 est
479 4937 543 4976 ac
576 4922 619 4977 si
647 4924 850 4978 diceret
895 4943 907 4977 :
959 4924 1112 4994 Digni
1153 4924 1305 4978 eritis
1332 4934 1392 4978 ut
1423 4940 1611 4995 penna:

72 5006 174 5062 sitis
194 5009 460 5077 Ecclesiae,
492 5022 548 5065 et
596 5014 838 5078 dorsum,
878 5030 1001 5069 cum
1027 5026 1083 5069 et
1113 5015 1392 5070 intellectu
1425 5018 1492 5071 ad
1523 5018 1609 5072 lit-

73 5107 237 5166 teram,
260 5114 313 5156 et
339 5102 568 5172 mystico
593 5104 1021 5162 abundaveritis.
1054 5106 1262 5161 llabeut
1288 5117 1467 5163 autem
1495 5110 1611 5177 qui-

70 5191 173 5245 dam
199 5194 549 5263 expositores,
582 5196 633 5248 in
662 5198 829 5250 t’irore
868 5198 1017 5261 auri,
1048 5195 1202 5263 juxta
1243 5213 1378 5266 quos
1408 5199 1486 5253 sic
1511 5214 1607 5253 ex-

70 5286 262 5350 ponitur
291 5307 303 5341 :
339 5287 397 5343 Si
421 5288 696 5341 dormiatis
731 5288 869 5341 inter
902 5288 1098 5341 medios
1128 5287 1327 5352 cleros,
1365 5288 1415 5340 id
1443 5298 1529 5342 est
1555 5290 1606 5343 in

70 5378 222 5434 medio
240 5380 697 5435 auctorizabilium
718 5381 977 5435 librorttm
995 5422 1011 5449 ,
1034 5380 1188 5436 eritis
1210 5396 1392 5450 perime
1412 5382 1609 5435 colurn-

70 5468 156 5533 ὑπ’,
181 5472 227 5525 id
253 5482 335 5527 est
361 5473 741 5527 sublimatores
768 5475 1041 5529 Ecclesim.
1074 5475 1188 5531 lloe
1212 5492 1317 5531 non
1346 5487 1604 5532 mutatur.

66 5560 125 5614 Et
150 5564 488 5635 deargentatw
509 5581 689 5634 penna:
720 5583 737 5619 :
767 5565 819 5618 in
848 5566 946 5618 hac
973 5567 1239 5621 sententia
1268 5568 1486 5637 proprie
1516 5584 1607 5637 po-

68 5653 198 5706 nitur
217 5656 585 5727 deargentatw.
604 5658 1026 5725 Deargentatum
1050 5659 1192 5712 enim
1218 5658 1420 5712 dicitur
1441 5662 1602 5728 quod,

69 5756 175 5799 cum
198 5749 429 5805 exterius
459 5749 648 5805 habeat
672 5762 971 5823 argentum,
1002 5750 1229 5808 interius
1250 5750 1395 5807 aliud
1422 5754 1601 5809 habet.

991 316 1356 373 EXPOSITIO
1384 316 1451 371 IN
1484 315 1821 371 PSALMOS.
1855 321 1921 357 -'-
1957 316 2150 373 PSAL.
2186 317 2391 374 LXVII.

3210 330 3314 387 958

1807 432 1899 488 Sic
1925 449 2056 505 ergo
2103 435 2399 504 exponitur
2435 454 2446 489 :
2486 435 2738 494 Exterius
2772 444 2831 495 in
2880 457 2976 497 ore
3024 442 3227 498 claram
3263 453 3319 500 et

1734 535 2076 580 resouantem
2125 526 2432 581 facundiam
2464 527 2736 585 habebitis
2763 546 2883 599 qua:
2907 548 3005 601 per
3033 545 3316 605 argentum

1733 616 2067 686 designatur,
2101 618 2243 687 quod
2294 618 2503 672 clarum
2535 628 2698 674 estet
2733 621 2985 687 nitidum,
3021 634 3076 677 et
3123 625 3318 681 melius

1732 710 1880 763 omni
1913 709 2019 763 alio
2075 709 2300 764 metallo
2347 725 2632 775 resonans,
2663 719 2717 764 et
2754 726 2859 764 non
2898 711 3072 765 solum
3111 730 3316 781 pemtre,

1733 805 1905 869 eritis,
1957 806 2050 860 sed
2092 814 2149 858 et
2176 805 2466 874 posteriora
2497 804 2643 858 dorsi
2680 805 2796 873 ejus
2841 803 3115 868 Ecclesia},
3152 806 3202 859 id
3233 816 3319 861 est

1732 892 1934 950 latores
1960 894 2242 964 reginrinis
2276 893 2415 961 ejus.
2449 894 2562 949 Iloc
2589 896 2753 949 etiam
2786 910 2891 951 non
2924 905 3185 949 mutatur.
3210 898 3319 951 Vos

1732 985 1853 1041 dico
1878 986 2217 1043 abundantes
2244 987 2296 1040 in
2329 988 2498 1041 virore
2533 988 2673 1051 auri,
2708 988 2867 1042 idest
2901 987 2955 1041 in
2986 987 3165 1040 virore
3194 1003 3316 1055 pro-

1731 1076 1957 1132 cedente
1982 1093 2047 1131 ex
2075 1092 2230 1140 auro,
2275 1078 2487 1132 scilicet
2523 1076 2575 1131 iu
2608 1079 2901 1143 cbaritatc,
2934 1092 3054 1146 quae
3101 1091 3317 1146 semper

1732 1165 1784 1219 iu
1804 1180 2127 1236 unoquoque
2153 1166 2293 1220 fideli
2319 1167 2512 1221 viridis
2537 1176 2641 1231 est,
2668 1179 2722 1222 et
2749 1183 3022 1239 nunquam
3048 1168 3314 1231 marcida,

1730 1274 1849 1327 qn:e
1870 1260 2114 1329 procedit
2159 1275 2222 1314 ex
2265 1259 2509 1314 interiori
2557 1261 2849 1329 sapientia,
2903 1276 3025 1330 qua:
3065 1260 3311 1331 perfecta

1730 1362 1812 1407 est
1844 1362 1902 1407 ut
1948 1368 2138 1406 aurum
2166 1361 2221 1408 et
2258 1353 2515 1422 pretiosa.
2563 1353 2771 1408 Dicitur
2797 1354 3017 1423 quidem
3049 1369 3079 1407 a
3131 1354 3314 1408 multis

1730 1444 1852 1512 quia
1876 1459 2066 1498 aurum
2094 1442 2355 1512 optimum
2393 1444 2682 1513 aliquando
2710 1445 2946 1499 colorem
2971 1444 3128 1498 habet
3147 1445 3312 1498 virori

1728 1536 1985 1590 vicinum.
2006 1534 2101 1590 Vel
2118 1535 2222 1590 sie;
2252 1535 2416 1591 Eritis
2434 1553 2616 1605 penum
2638 1537 3010 1605 deargeutata',
3037 1538 3087 1591 id
3111 1546 3194 1591 est
3222 1554 3311 1589 su-

1728 1626 2041 1681 blimatores
2068 1625 2219 1680 nitidi
2248 1626 2297 1679 in
2320 1628 2465 1680 otuni
2510 1627 2766 1681 virtutum
2792 1637 2842 1680 et
2865 1642 3088 1695 epernnt
3134 1627 3310 1696 perie-

1730 1720 2083 1783 ctionc,sicut
2106 1721 2598 1790 argentum,ethoc
2623 1720 2793 1774 iubae
2816 1720 2948 1785 vita,
2975 1730 3029 1773 et
3051 1720 3103 1773 in
3132 1721 3310 1773 futura

1729 1810 1889 1881 243
1931 1812 2085 1866 eritis
2114 1813 2403 1881 posteriora
2446 1812 2587 1866 dorsi
2634 1814 2769 1881 ejus,
2806 1812 2857 1865 id
2888 1821 2974 1866 est
3022 1813 3312 1879 portitores

1728 1901 1843 1970 ejus
1876 1904 2127 1959 Ecclesiae
2156 1905 2209 1958 in
2239 1904 2440 1973 pallore
2468 1907 2609 1971 auri,
2650 1905 2700 1958 id
2736 1914 2818 1958 est
2859 1904 2910 1957 in
2945 1904 3143 1973 pallido
3179 1920 3313 1958 auro

1727 1995 1934 2049 scilicet
1980 1995 2028 2049 in
2070 1994 2304 2065 perfecta
2349 1995 2704 2059 beatitudine,
2744 2010 2863 2063 quae
2913 2010 3008 2064 per
3055 1993 3309 2062 pallidum

1727 2102 1916 2140 aurum
1948 2088 2090 2156 quod
2123 2087 2422 2156 perfectum
2470 2095 2554 2141 cst
2601 2087 2892 2155 accipitur,
2940 2086 2991 2140 id
3035 2095 3116 2140 est
3160 2085 3312 2140 eritis

1728 2180 1864 2235 tales
1892 2180 1984 2233 filii
2028 2178 2145 2246 ejus
2189 2180 2464 2242 Ecclesizc.
2508 2180 2599 2248 qui
2646 2179 2698 2232 in
2744 2179 2926 2233 futuro
2962 2193 3218 2248 magnum
3259 2189 3314 2231 ct

1725 2272 2007 2340 gravidum
2039 2272 2249 2342 pondus
2275 2281 2494 2326 interna:
2533 2272 2886 2325 beatitudinis
2933 2271 2985 2324 in
3031 2270 3185 2324 vobis
3220 2268 3316 2322 dc-

1727 2365 1938 2431 feretis,
1967 2368 2032 2420 ad
2061 2368 2278 2420 modum
2305 2366 2452 2419 dorsi
2485 2365 2627 2434 quod
2658 2380 2797 2418 onus
2824 2364 3026 2427 defert;
3054 2362 3194 2432 quod
3229 2369 3314 2414 est

1724 2458 1906 2512 dicere
1936 2476 1950 2509 :
1980 2458 2047 2511 Et
2073 2458 2159 2511 hic
2187 2458 2365 2511 nitore
2391 2457 2676 2524 virtutum,
2715 2466 2770 2510 et
2803 2469 3048 2524 operum,
3087 2464 3141 2507 ct
3171 2469 3310 2521 pra:-

1723 2551 2014 2607 dieationis
2046 2550 2343 2605 Ecclesium
2369 2549 2755 2613 sublitnabitis,
2786 2556 2839 2601 et
2869 2547 2921 2600 in
2955 2545 3137 2599 futuro
3170 2562 3311 2615 pne-

1724 2642 1888 2696 mium
1948 2639 2301 2695 beatitudinis
2354 2648 2572 2693 reterns:
2626 2636 2906 2693 deferetis.
2965 2635 3305 2701 Notandum,

1723 2733 1863 2801 quod
1896 2731 1948 2785 in
2000 2730 2371 2800 superioribus
2398 2728 2652 2784 omnibus
2695 2728 2982 2783 sententiis
3019 2735 3307 2795 postquam

1722 2839 1817 2878 eos
1844 2838 2050 2893 pennas
2083 2822 2240 2885 dixit,
2274 2837 2380 2875 non
2412 2818 2683 2889 superfluo
2712 2819 2913 2873 dixerit
2937 2832 3031 2872 eos
3064 2817 3305 2873 dorsum.

1723 2914 1871 2967 Multi
1903 2927 2137 2981 namque
2173 2921 2302 2965 sunt
2342 2928 2544 2979 penum,
2576 2911 2626 2963 id
2651 2918 2736 2965 est
2781 2910 2917 2964 bona
2949 2910 3058 2963 vita
3087 2925 3183 2964 sua
3215 2924 3311 2963 su-

1722 3005 2038 3058 blimalores
2090 3001 2363 3064 Ecclesize,
2397 3002 2488 3070 qui
2532 3015 2637 3054 non
2683 3008 2811 3054 sunt
2858 2999 3102 3063 dorsum,
3140 3000 3190 3055 id
3220 3008 3306 3054 est

1722 3098 1947 3168 prxlati.
1995 3097 2047 3149 In
2096 3096 2197 3150 hac
2238 3104 2419 3149 autem
2467 3094 2656 3147 ultima
2695 3093 2964 3147 sententia
3015 3102 3306 3169 pennaset

1726 3192 1944 3245 dorsum
1975 3203 2093 3247 esse
2133 3188 2344 3241 diversa
2398 3195 2684 3256 perpatcns
2721 3194 2825 3249 est,
2867 3200 2988 3238 cunt
3037 3199 3201 3241 unum
3250 3184 3302 3235 iu

1723 3281 1972 3352 praesenti
2007 3280 2322 3347 accipiatur,
2373 3294 2561 3348 penum
2608 3277 2839 3342 scilicet,
2886 3276 3030 3331 aliud
3076 3290 3206 3329 vero
3250 3275 3302 3327 in

1723 3375 1924 3435 futuro,
1958 3373 2059 3426 hoc
2088 3380 2172 3425 est
2197 3372 2437 3424 dorsum.
2470 3370 2671 3424 Versus
2701 3378 2881 3422 autem
2914 3367 3004 3436 qui
3033 3366 3299 3436 sequitur,

1720 3467 1926 3522 scilicet
1949 3466 2073 3518 dum
2104 3465 2372 3526 discernit,
2403 3473 2492 3518 etc
2524 3506 2536 3527 ,
2564 3463 2771 3517 duobus
2815 3461 2989 3515 modis
3018 3460 3304 3513 continua-

1723 3570 1830 3625 tur,
1860 3559 1937 3612 sie
1966 3566 2143 3610 tamen
2176 3566 2233 3609 ut
2263 3556 2531 3624 expositio
2557 3571 2660 3609 non
2694 3561 2949 3608 mutetur.
2980 3552 3111 3606 Nam
3137 3552 3180 3607 si
3209 3566 3301 3606 ac-

1719 3650 1982 3718 cipiamus
2028 3648 2201 3701 claros
2249 3663 2345 3716 pro
2390 3647 2598 3699 duabus
2648 3646 3032 3707 electionibus,
3086 3653 3303 3697 terrena

1720 3740 1923 3796 scilicet
1964 3747 2016 3794 et
2054 3740 2284 3802 caelesti,
2328 3739 2405 3790 sic
2443 3738 2793 3790 continuatur
2839 3755 2852 3789 :
2906 3735 3024 3788 Dixi
3070 3735 3302 3788 dormite

1718 3838 1854 3889 inter
1897 3836 2093 3888 medios
2138 3834 2322 3897 cleros,
2370 3833 2421 3886 id
2466 3842 2548 3886 est
2591 3833 2758 3901 quieti
2801 3839 2974 3886 estote
3020 3831 3071 3884 in
3125 3830 3302 3883 medio

1718 3927 1942 3981 duarum
1990 3926 2338 3989 electionnm,
2371 3933 2423 3978 et
2467 3925 2509 3976 si
2554 3924 2849 3986 dormiatis,
2900 3921 3112 3978 ostendi
3159 3922 3300 3990 quod

1718 4017 1842 4072 inde
1887 4017 2008 4072 sitis
2036 4017 2361 4071 assecuturi.
2416 4015 2529 4069 Non
2576 4023 2660 4070 est
2708 4026 2885 4068 autem
2935 4012 3149 4068 borarie
3178 4011 3298 4065 dor-

1717 4109 2013 4174 miendum,
2050 4109 2142 4161 sed
2181 4109 2363 4161 tandin
2397 4107 2543 4169 dunt,
2579 4106 2732 4159 idest
2762 4104 3001 4173 quandiu’
3030 4118 3119 4154 rem
3151 4101 3298 4154 cade-

1714 4201 1828 4262 stis,
1861 4200 1911 4254 id
1942 4209 2024 4253 est
2054 4199 2192 4253 Deus
2222 4198 2407 4261 Pater,
2441 4197 2685 4249 discernit
2721 4212 2857 4262 rcges
2891 4180 3045 4261 super
3066 4206 3177 4244 eam
3207 4204 3297 4243 co-

1716 4291 1973 4355 lumbam,
2006 4290 2056 4344 id
2085 4298 2167 4342 cst
2200 4289 2417 4342 ordinat
2449 4287 2645 4340 multos
2696 4284 2942 4352 praelatos
2989 4296 3152 4351 super
3196 4280 3295 4333 Ec-

1714 4381 1955 4442 clesiam,
1981 4390 2036 4431 ιιι
2058 4379 2405 4432 dmnineutur
2425 4376 2473 4428 ci
2502 4376 2639 4428 bona
2666 4372 3032 4426 dominatione
3060 4368 3295 4438 regendo

2509 4464 2716 4519 Tandiu
2768 4473 2849 4516 est
2893 4461 3293 4526 dormiendum,

1715 4562 1953 4631 quandiu
2006 4561 2117 4615 lucc
2164 4574 2402 4629 praesens
2449 4559 2556 4611 vita
2591 4557 2764 4616 durat,
2804 4555 2990 4624 inqua
3040 4553 3181 4606 Deus
3211 4553 3293 4605 di-

1714 4653 1902 4705 scernit
1932 4668 2073 4719 reges
2103 4667 2259 4718 super
2286 4666 2424 4704 eam.
2454 4648 2555 4704 Per
2586 4648 2687 4701 hoc
2715 4654 2890 4700 autem
2922 4646 3070 4715 ipsos
3104 4643 3293 4713 praela-

1716 4754 1798 4798 tos
1826 4741 2082 4811 subjectis
2110 4740 2475 4806 commendat,
2504 4753 2627 4794 cum
2659 4754 2688 4791 a
2717 4738 2827 4793 Deo
2852 4736 2985 4792 dicit
3011 4751 3107 4792 eos
3131 4751 3294 4805 super

1714 4836 1984 4905 subjectos
2008 4834 2270 4890 ordinari.

1784 4928 2109 4992 Notandum,
2157 4926 2299 4995 quod
2331 4923 2459 4979 nulli
2502 4923 2771 4979 dormieut
2816 4924 2952 4977 inter
2988 4922 3152 4977 cleros
3197 4936 3292 4991 per

1715 5030 1880 5075 totam
1929 5020 2069 5072 hanc
2111 5018 2298 5083 vitam,
2350 5031 2473 5071 cum
2520 5030 2626 5070 non
2667 5015 2778 5100 sint
2821 5029 3037 5084 semper
3085 5013 3138 5066 in
3189 5012 3291 5065 hoc

1714 5112 1912 5165 mundo
1940 5109 2160 5174 victuri,
2202 5108 2295 5163 sed
2326 5116 2586 5173 quantum
2627 5108 2693 5161 ad
2724 5120 2913 5162 omnes
2944 5105 3148 5160 dictum
3185 5110 3290 5156 est.

1712 5203 1858 5257 Inter
1893 5214 2082 5254 omnes
2122 5199 2265 5254 enim
2309 5200 2449 5253 banc
2489 5197 2869 5254 domuitionem
2910 5192 3289 5264 complebunt,

1713 5317 1817 5355 non
1856 5300 2227 5367 unusquisque
2249 5307 2437 5361 totam,
2465 5296 2559 5351 sed
2600 5294 2971 5362 unusquisque
3000 5287 3288 5361 partemin

1712 5402 1855 5446 statu
1891 5406 2008 5445 suo.
2038 5387 2187 5445 Unus
2208 5388 2428 5458 quidem
2462 5387 2651 5454 viginti
2689 5399 2879 5448 annos,
2905 5383 2995 5437 alii
3026 5395 3156 5435 vero
3188 5379 3286 5432 tri—

1711 5482 1886 5551 ginta;
1920 5480 2008 5533 alii
2039 5486 2218 5532 autem
2256 5478 2448 5547 magis,
2478 5476 2567 5530 alii
2595 5475 2794 5538 minus,
2825 5482 2879 5527 ct
2922 5474 3001 5527 sic
3027 5471 3092 5525 de
3117 5484 3283 5541 gene-

1711 5574 1918 5626 ratione
1945 5573 1994 5625 in
2018 5570 2418 5642 generationem
2444 5564 2807 5626 succedendo;
2832 5571 2886 5615 et
2909 5560 3284 5630 unusquisque

1712 5665 1762 5717 in
1792 5672 1933 5717 statu
1965 5678 2060 5716 suo
2091 5660 2405 5715 dormienda
2448 5673 2544 5727 per
2576 5665 2738 5711 totam
2770 5654 2935 5706 vitam
2969 5654 3128 5707 istam
3159 5650 3283 5703 dor-

1713 5754 1879 5810 micnt
1905 5756 2038 5809 inter
2066 5753 2257 5807 medios
2285 5751 2468 5806 cirros.
2503 5748 2556 5803 Si
2587 5761 2712 5802 vero
2744 5744 2919 5800 clerus
2955 5740 3281 5811 accipiamus
