3856 6322
122 330 194 388 96l
222 352 223 355 η

1018 316 1378 375 EXPOSlTlO
1416 314 1482 371 IN
1514 312 1849 371 PSALMOS.
1890 345 1958 355 -—
1998 315 2190 370 PSAL.
2233 314 2432 370 LXVII.

3238 322 3351 380 969.

125 441 257 517 255
296 438 358 493 ad
398 437 568 491 Deum
611 448 731 490 cum
768 431 1057 504 gratiarum
1106 439 1339 495 actione,
1377 431 1496 484 sic:
1528 426 1646 481 Dixi
1683 433 1723 488 Α
1753 428 1851 480 iter
1870 426 2025 495 faciet
2061 425 2371 481 salutarium
2397 439 2725 492 nostrorum,-
2762 430 2857 483 sed
2882 431 2948 485 ad
2981 431 3073 487 Dei
3124 432 3339 490 laudem

127 533 241 605 quod
268 527 385 583 ﬁent
418 542 630 589 currus,
660 535 714 580 et
744 539 839 594 per
871 523 970 577 hoc
1000 524 1126 577 fient
1168 538 1353 575 currus
1378 534 1396 571 .'
1425 530 1477 574 et
1506 518 1660 573 habi-

130 623 243 680 tabis
276 623 325 672 in
362 619 434 672 eis
475 620 529 672 in
569 617 697 671 Sina
743 617 795 669 in
837 623 1051 677 sancto,
1106 611 1250 682 quod
1291 610 1568 663 ascenzlisti
1610 609 1663 661 in

128 716 281 775 altum,
305 711 353 764 id
385 718 471 763 est
504 708 806 763 ascendens
852 706 904 759 in
944 703 1138 758 ecelum
1186 702 1476 757 secundum
1522 699 1663 769 quod

128 807 278 861 homo.
324 798 453 852 Nam
501 799 798 852 secundum
830 795 972 863 quod
1002 794 1164 855 Deus,
1208 807 1313 845 non
1362 804 1420 844 es
1455 787 1662 852 localis,

130 905 171 950 ct
193 907 272 962 per
292 902 569 943 ascensum
608 895 780 949 tuum,
817 883 1078 938 mittendo
1117 881 1375 951 Spiritum
1420 884 1663 933 sanctum

131 986 173 1039 iu
187 984 272 1044 eis,
293 980 411 1033 ﬁent
440 992 635 1032 currus
660 986 798 1032 tuus.
820 974 931 1027 Nisi
954 975 1094 1027 enim
1114 973 1311 1035 abires,
1334 970 1664 1031 Paraeletus,

129 1078 180 1133 ad
204 1090 284 1131 eos
328 1088 427 1127 non
468 1071 679 1125 veniret
717 1069 895 1138 (Joan.
933 1083 1044 1129 xw,
1072 1068 1147 1135 7).
1188 1068 1252 1120 Et
1288 1076 1341 1119 tu
1372 1064 1668 1118 ascendens

128 1165 272 1236 cepisti
316 1162 679 1232 captivitatem,
718 1160 769 1214 id
820 1168 924 1213 est'
954 1158 1134 1227 capies
1186 1166 1361 1211 tecum
1408 1162 1461 1209 et
1505 1153 1667 1209 duces

130 1265 313 1312 sanctos
337 1251 676 1323 patriarchas
698 1259 751 1305 et
780 1250 1089 1320 prephetas,
1114 1248 1204 1318 qui
1230 1255 1356 1301 ante
1382 1247 1667 1300 adventum

131 1362 250 1405 tuum
296 1345 605 1409 morientes,
656 1344 856 1412 captivi
914 1343 965 1395 in
1007 1340 1222 1395 inferno
1266 1339 1667 1403 detinehuntur,

129 1454 238 1513 quos
268 1435 595 1504 resurgendo
636 1434 760 1488 inde
790 1433 1011 1499 educes,
1039 1442 1094 1486 et
1124 1431 1466 1487 ascendendo
1496 1440 1670 1485 tecum

128 1530 347 1585 «educes.
370 1525 475 1580 Per
497 1525 600 1580 hoc
631 1533 811 1579 autem
844 1524 995 1577 vivos
1021 1523 1192 1578 allicit
1217 1524 1285 1578 ad
1311 1522 1669 1578 obediendum

130 1622 229 1684 sibi,
265 1627 319 1672 ut
350 1626 405 1673 et
435 1618 534 1688 ipsi
564 1617 923 1671 deducantur.
955 1614 1067 1669 Non
1098 1614 1269 1670 solum
1299 1624 1477 1669 autem
1504 1614 1671 1683 capti-

128 1715 299 1768 ritatem
326 1708 530 1779 capies,
562 1708 656 1763 sed
687 1708 851 1763 etiam
886 1708 939 1760 in
965 1706 1283 1771 hominibus,
1325 1705 1379 1759 id
1408 1715 1492 1760 est
1532 1704 1674 1759 inter

129 1805 224 1860 illos
244 1802 327 1873 qui
354 1810 514 1857 erunt
544 1799 793 1855 homines
820 1799 998 1853 adhuc
1038 1799 1088 1851 in
1120 1811 1284 1852 carne
1320 1797 1560 1851 viventes
1585 1813 1674 1848 ac—
1707 1773 1746 1831 η

126 1894 305 1965 cepisti,
344 1893 399 1949 id
435 1900 522 1948 est
562 1892 788 1962 accipies
830 1891 999 1954 dona,
1033 1890 1175 1959 quod
1215 1898 1300 1945 est
1338 1889 1521 1943 dicere
1552 1904 1565 1939 :
1599 1887 1674 1940 Ex

128 1985 408 2041 hominibus
441 1984 705 2055 quosdam
746 1982 981 2052 accipies
1015 1997 1110 2050 per
1136 1982 1437 2037 doctrinam
1481 1994 1676 2034 currus

128 2080 208 2146 tui,
247 2079 332 2149 qui
362 2087 527 2133 erunt
571 2077 712 2132 dona
763 2086 873 2140 tua,
928 2090 956 2128 a
1003 2088 1093 2129 tuo
1138 2076 1234 2130 tibi
1282 2075 1492 2130 scilicet
1518 2074 1676 2128 Patre

127 2171 345 2228 donandi.
383 2167 500 2224 Hoc
547 2178 730 2223 autem
776 2166 1013 2222 ostendit
1062 2183 1091 2220 a
1138 2174 1314 2237 parte,
1357 2168 1436 2221 sic
1480 2184 1492 2220 :
1540 2166 1676 2221 Vere

126 2262 327 2331 accipies
366 2260 634 2331 quosdam
684 2274 751 2314 ex
801 2258 1140 2322 hominibus,
1192 2258 1282 2328 qui
1330 2267 1493 2312 erunt
1536 2257 1673 2312 dona

128 2360 218 2405 tua.

186 2440 374 2496 Etenim
412 2438 671 2509 accipies,
714 2453 747 2493 o
771 2437 1048 2492 Dominice
1074 2438 1255 2503 homo,
1288 2453 1388 2490 non
1414 2437 1675 2491 credentes

128 2532 383 2586 inhabitare
407 2530 691 2584 Dominum
717 2528 904 2593 Deum,
947 2528 1157 2583 scilicet
1190 2529 1449 2597 quosdam
1492 2542 1556 2581 ex
1584 2526 1678 2581 Ju-

128 2624 251 2689 daais,
279 2622 363 2692 qui
390 2629 554 2676 erunt
584 2637 686 2675 non
716 2620 981 2675 credentes
1012 2620 1306 2673 inhabitare
1336 2620 1387 2673 in
1420 2628 1471 2674 te
1496 2619 1678 2673 Domi-

130 2729 229 2768 num
268 2714 429 2767 Deum
457 2753 473 2778 ,
517 2713 611 2782 qui
659 2713 761 2767 hoc
807 2713 1001 2767 dicturi
1054 2722 1180 2767 sunt
1227 2714 1494 2767 verbum:
1525 2730 1543 2763 ι
1580 2712 1678 2767 llic

132 2809 263 2862 homo
306 2822 409 2861 non
453 2816 535 2860 est
580 2820 609 2858 a
640 2806 768 2871 Deo,
814 2806 903 2875 qui
951 2807 1246 2860 Sabbatum
1295 2821 1399 2860 non
1445 2805 1681 2859 custodit

131 2894 283 2963 (toan.
306 2911 375 2960 lx,
406 2895 515 2967 16).
547 2915 566 2947 ι
618 2896 724 2950 Per
765 2895 905 2949 hanc
953 2903 1129 2948 autem
1158 2897 1457 2965 partemile
1481 2895 1680 2953 Judaeis

132 2986 299 3051 innuit,
345 2985 491 3056 quod
538 2986 704 3041 etiam
754 2986 820 3039 de
862 2985 1116 3055 gentibus
1165 2997 1375 3055 partem
1426 2988 1674 3057 accipiet.

1764 518 2212 587 magniﬁcandam
2265 517 2545 587 repetitum
2603 527 2714 584 est,
2762 529 2815 572 et
2860 524 3103 588 quamvis
3154 534 3349 593 polt‘ns

1764 610 1868 663 erit
1906 610 1972 663 ad
2003 609 2182 663 salvos
2212 623 2339 663 suos
2377 607 2701 673 faciendum,
2739 617 2914 663 tamen
2940 615 3105 666 exitus
3132 615 3346 668 Domini

1766 701 1928 768 illius,
1958 716 2145 756 revera
2162 700 2661 756 etantonomastice
2694 700 2900 753 Domini
2928 704 3349 767 existentis,erit

1766 794 1934 845 exitus
1976 792 2177 845 mortis.
2232 790 2386 858 Quod
2432 801 2516 843 est
2556 790 2734 844 dicere
2767 807 2778 841 :
2810 789 2966 843 Exiet
3006 793 3072 844 ad
3117 793 3345 861 gloriam

1769 883 2183 938 resurrectionis
2214 892 2269 936 et
2304 880 2731 935 immortalitatis
2759 897 2856 949 per
2884 866 3132 934 mortem.
3184 881 3345 935 Juxta

1769 972 1895 1026 illud
1924 991 1935 1026 :
1973 992 1991 1025 α
2020 972 2315 1043 Oportebat
2337 973 2446 1043 pati
2474 972 2748 1027 Christum
2776 983 2830 1025 et
2859 987 3161 1042 resurgere,
3194 982 3247 1026 et
3280 974 3351 1025 ita

1770 1066 1977 1119 intrare
2008 1065 2060 1119 in
2087 1064 2314 1135 gloriam
2345 1048 2503 1118 suam
2530 1063 2681 1131 (Luc.
2712 1080 2863 1129 xxiv,
2897 1064 3019 1135 28);
3046 1085 3064 1117 ι
3096 1080 3157 1119 ac
3191 1065 3233 1119 si
3266 1064 3351 1118 di-

1770 1155 1997 1211 cat:Ne
2019 1155 2344 1210 existimetis
2385 1169 2509 1209 eum
2561 1154 2941 1224 impotentem,
2978 1157 3101 1225 quia
3156 1157 3353 1209 morie-

1774 1256 1886 1313 tur;
1918 1264 2039 1302 nam
2066 1262 2161 1317 per
2192 1256 2420 1301 mortem
2450 1246 2619 1300 exibit
2657 1248 2722 1299 ad
2750 1246 2996 1317 gloriam.
3031 1247 3096 1300 Et
3123 1262 3217 1317 per
3250 1248 3353 1302 huc

1773 1338 1951 1392 innuit
1987 1336 2113 1408 quia
2145 1345 2201 1391 et
2229 1336 2412 1391 ﬁdeles
2450 1337 2673 1391 exibunt
2710 1352 2807 1406 per
2844 1347 3071 1391 mortem
3103 1338 3356 1392 similiter

1773 1429 1838 1484 ad
1868 1430 2117 1501 gloriam.
2160 1429 2227 1483 Et
2268 1429 2319 1483 in
2351 1429 2455 1483 hoc
2491 1428 2668 1483 innuit
2712 1445 2817 1483 non
2857 1430 3054 1484 debere
3093 1445 3189 1483 eos
3228 1445 3357 1483 (02‘.-

1777 1522 1983 1577 tristari
2008 1514 2080 1575 de
2110 1521 2212 1576 hoc
2243 1522 2386 1590 quod
2419 1530 2547 1576 sunt
2572 1521 2818 1576 morituri

1845 1612 1977 1667 Cum
2024 1627 2153 1666 vero
2197 1612 2282 1666 his
2329 1611 2459 1666 dicit
2499 1611 2710 1665 Domini
2753 1611 2983 1676 Domini,
3026 1614 3092 1665 ad
3138 1612 3351 1665 laudem

1776 1703 1892 1772 ejus
1930 1704 2029 1758 hoc
2059 1702 2187 1758 facit
2219 1720 2233 1758 :
2264 1719 2329 1758 ac
2368 1704 2414 1757 si
2446 1703 2630 1758 dicat:
2660 1704 2805 1758 Illius
2835 1705 3042 1759 Domini
3080 1706 3230 1771 dicit,
3261 1704 3352 1774 qui

1778 1797 2208 1851 antonomastice
2252 1796 2511 1851 Dominus
2554 1804 2675 1861 est,
2738 1797 2823 1850 cui
2870 1797 3047 1851 omnis
3105 1808 3355 1852 creatura

1777 1888 1991 1942 subdita
2023 1896 2126 1943 est.
2173 1888 2307 1955 Quia
2334 1903 2462 1942 vero
2498 1888 2709 1942 dixerat
2746 1904 2868 1943 eum
2905 1890 3250 1950 moriturum,
3289 1905 3355 1943 ne

1777 1978 1955 2047 aliquo
1982 1979 2140 2034 modo
2163 1979 2441 2034 videretur
2468 1994 2589 2033 eum
2628 1980 2981 2051 depressisse,
3017 1982 3361 2037 commendat

1776 2084 1899 2122 eum
1935 2070 2046 2125 sic:
2075 2070 2207 2125 Dico
2236 2071 2378 2140 quod
2415 2071 2584 2124 exitus
2635 2071 2846 2126 Domini
2877 2072 2982 2127 erit
3021 2074 3205 2127 mortis
3251 2075 3357 2127 exi-

1778 2170 1881 2215 tus.
1931 2159 2294 2216 Verumtamen
2324 2161 2461 2217 Dens
2506 2164 2767 2230 existens,
2818 2169 2931 2235 ipse
2960 2167 3051 2236 qui
3096 2166 3355 2220 Dominus

1777 2253 2098 2323 simpliciter
2138 2256 2409 2319 credetur,
2460 2256 2752 2327 confringet
2798 2260 2972 2329 capita
3019 2260 3357 2313 inimicorum

1730 2356 1735 2361 '
1777 2363 2012 2410 suorum,
2046 2347 2096 2401 id
2125 2357 2207 2402 est
2241 2347 2548 2418 confringet
2576 2359 2895 2418 potestatem
2929 2351 3213 2421 Spirituum
3247 2366 3363 2404 ma-

1779 2435 2067 2505 lignorum,
2114 2437 2205 2507 qui
2254 2446 2384 2492 sunt
2428 2438 2603 2507 capita
2658 2438 2975 2501 inﬁdelium,
3020 2440 3111 2507 qui
3159 2440 3361 2494 inimici

1781 2528 1874 2582 Dei
1905 2538 2051 2583 sunt.
2083 2528 2150 2583 Et
2176 2529 2336 2599 digne
2368 2529 2581 2599 quidem
2627 2530 2803 2600 eapita
2844 2531 3142 2587 inﬁdelium
3176 2534 3366 2587 dicun-

1781 2629 1888 2684 tur,
1916 2622 2042 2691 quia
2069 2621 2149 2677 eis
2171 2621 2548 2687 dominantur,
2573 2620 2735 2694 246
2756 2623 2897 2678 sicut
2926 2633 3085 2694 caput
3105 2624 3365 2679 membris

1780 2714 2034 2768 omnibus
2065 2714 2395 2768 dominatur.
2428 2713 2580 2780 Quod
2614 2724 2697 2769 est
2727 2715 2910 2770 dicere
2936 2731 2953 2771 :
2977 2714 3204 2771 Auferet
3249 2732 3363 2770 ma-

1780 2807 1943 2879 lignis
1989 2807 2270 2876 spiritibus
2320 2816 2668 2877 potestatcm,
2714 2822 2783 2861 ne
2829 2808 2935 2862 illis
2977 2810 3067 2877 qui
3116 2810 3273 2863 modo
3315 2809 3365 2864 ei

1780 2899 1923 2957 male
1952 2899 2181 2953 vivendo
2210 2898 2577 2961 inimicantur,
2606 2898 2867 2953 dominari
2895 2901 3119 2969 possint.
3155 2902 3220 2955 Et
3245 2919 3367 2955 con-

1783 2993 1971 3063 fringet
1989 2990 2224 3045 rerticem
2242 2989 2420 3059 capilli
2432 3006 2524 3057 per
2539 2989 2919 3044 ambulantinm
2938 2992 2991 3045 in
3014 2991 3212 3045 delictis
3234 2995 3364 3057 suis,

131 3076 258 3131 Facit
293 3086 474 3132 autem
514 3076 895 3147 apostropham
936 3078 1003 3131 ad
1045 3077 1342 3142 auditores,
1388 3079 1683 3134 enuntians
1710 3119 1753 3181 Ο
1786 3085 1837 3140 id
1874 3094 1958 3139 est
1992 3083 2300 3151 superbiam
2348 3081 2585 3137 levitatis
2625 3097 2813 3136 eorum
2858 3085 2947 3153 qui
2996 3084 3370 3153 perambulant

132 3167 328 3222 salutem
355 3184 451 3239 per
480 3168 764 3222 Dominum
815 3167 1077 3223 futuram.
1121 3168 1213 3226 Sic
1241 3170 1375 3235 dixi,
1409 3170 1551 3240 quod
1578 3171 1684 3227 Do-

134 3261 283 3315 minus
307 3258 466 3316 Jesus
501 3260 747 3316 ascendit
784 3262 836 3314 in
872 3261 1059 3325 altum,
1092 3271 1148 3316 et
1184 3264 1416 3333 accipiet
1453 3265 1591 3318 dona
1632 3265 1686 3319 in

133 3352 415 3416 hominibus,
446 3361 504 3406 et
534 3353 649 3422 ipse
668 3352 961 3406 benedictus
982 3352 1258 3417 Dominus,
1295 3355 1346 3409 id
1370 3367 1453 3409 est
1481 3354 1687 3412 exalta-

136 3449 206 3495 tus
232 3442 481 3497 Dominus
518 3441 754 3498 existens
789 3481 803 3506 ,
840 3442 954 3507 die,
994 3443 1045 3497 id
1077 3452 1162 3499 est
1197 3460 1295 3515 per
1342 3445 1688 3500 illuminatio-

133 3546 237 3585 uem
276 3532 458 3603 glorise
488 3547 600 3588 sua:
624 3573 639 3597 ,
667 3547 787 3602 qua:
814 3548 911 3603 per
934 3533 1074 3588 diem
1109 3536 1395 3605 accipitur,
1441 3552 1505 3589 co
1542 3536 1686 3605 quod

135 3622 376 3679 illuminat
423 3624 643 3690 fideles,
694 3625 761 3680 ad
805 3626 1214 3681 similitudinem
1264 3628 1370 3683 diei
1426 3616 1685 3683 mundum

133 3716 517 3774 illuminantis:
564 3717 808 3784 Quotidie
835 3758 850 3786 ,
905 3720 957 3773 id
1004 3728 1088 3774 est
1131 3722 1347 3777 assidue
1395 3723 1462 3778 de
1502 3725 1587 3779 die
1632 3724 1686 3779 in

134 3807 275 3872 diem,
303 3808 458 3877 faciet
495 3810 641 3863 nobis
662 3825 965 3879 prosperum
1004 3812 1104 3865 iter
1132 3811 1450 3868 salutarium
1483 3824 1689 3870 nostro-

135 3911 256 3961 rum,
295 3898 347 3952 id
386 3908 473 3954 est
514 3898 873 3955 salvationum
935 3910 1273 3968 nostrarum;
1315 3905 1458 3974 quod
1495 3914 1579 3959 est
1608 3906 1690 3959 di-

134 4000 281 4042 cere:
312 3987 641 4045 llluminatio
677 3990 795 4060 ejus
824 3990 981 4045 nobis
1015 3992 1121 4046 erit
1159 3993 1265 4047 iter
1321 3993 1389 4049 ad
1430 3994 1687 4051 salvatio-

135 4091 237 4145 nes,
265 4079 315 4134 id
342 4089 427 4136 est
458 4080 524 4135 ad
553 4089 900 4149 peccatorum
934 4082 1302 4147 remissiones,
1337 4093 1392 4140 et
1428 4086 1495 4139 ad
1522 4088 1689 4141 vitam

136 4180 428 4241 perpetuam
474 4172 859 4237 obtinendam,
909 4174 960 4228 id
1004 4184 1086 4229 est
1137 4175 1462 4232 illuminatio
1507 4179 1691 4249 gloriae

134 4259 234 4327 ejus
258 4264 485 4319 salvabit
530 4279 631 4320 nos
675 4279 705 4318 a
734 4265 993 4333 peccatis,
1038 4275 1092 4321 et
1132 4268 1198 4322 ad
1230 4268 1400 4322 vitam
1445 4270 1688 4327 reducet.

135 4350 250 4408 Cum
295 4355 423 4409 dicit
455 4356 622 4420 nobis,
660 4355 903 4425 adjungit
943 4373 1001 4412 sc
1051 4358 1298 4416 fidelibus
1341 4376 1492 4417 nova:
1534 4361 1691 4434 legis,

1788 3175 1841 3229 in
1879 3172 2090 3228 delictis
2123 3172 2255 3237 suis,
2287 3172 2338 3226 id
2366 3180 2451 3225 est
2491 3183 2841 3241 perseverant
2868 3174 3045 3228 eundo
3082 3175 3147 3229 de
3167 3174 3367 3230 delicto

1789 3265 1841 3319 in
1865 3264 2143 3319 delictum.
2192 3263 2344 3330 Quod
2372 3272 2454 3317 est
2478 3264 2658 3318 dicere
2685 3281 2697 3317 :
2724 3263 2828 3318 Per
2858 3264 2960 3318 hoc
2990 3266 3280 3336 confringet
3313 3267 3366 3320 in

1787 3357 1867 3411 eis
1895 3357 2095 3426 cnpita,-
2121 3355 2171 3411 id
2201 3365 2285 3411 est
2309 3365 2631 3425 potestatem
2670 3357 2927 3427 capitum,
2957 3359 3097 3427 quod
3129 3357 3369 3413 confrin-

1788 3456 1879 3519 get
1910 3450 1959 3501 in
1989 3448 2068 3502 eis
2103 3448 2432 3518 superbiam,
2481 3462 2599 3516 quae
2646 3449 2889 3517 procedit
2926 3464 2992 3503 ex
3036 3464 3222 3503 eorum
3272 3464 3369 3503 va-

1790 3540 1997 3601 nitate,
2044 3550 2140 3606 per
2181 3552 2343 3607 quam
2391 3536 2472 3592 eis
2526 3536 2701 3606 capita
2747 3537 3112 3592 dominantur.
3171 3539 3371 3595 Vertex

1789 3628 2005 3698 quidem
2035 3628 2161 3697 quia
2201 3628 2306 3681 alta
2343 3642 2468 3697 pars
2504 3637 2588 3683 est
2624 3628 2676 3682 in
2718 3629 2955 3696 homine,
2998 3638 3143 3685 recte
3179 3645 3372 3701 super-

1790 3721 1937 3775 biam
1983 3720 2247 3790 designat,
2305 3734 2426 3789 quae
2475 3719 2595 3788 plus
2640 3720 2809 3776 nimio
2840 3728 3094 3775 mentem
3146 3721 3370 3775 exaltat.

1790 3811 2031 3881 Capillus
2065 3826 2192 3866 vero
2224 3811 2349 3881 quia
2379 3810 2652 3866 levissima
2691 3826 2778 3867 res
2815 3820 2915 3876 est,
2948 3820 3003 3868 et
3031 3813 3177 3868 omni
3210 3821 3375 3869 vento

1792 3901 2044 3956 facillime
2089 3901 2307 3967 cedens,
2341 3916 2439 3970 pro
2466 3902 2705 3956 vanitate
2755 3910 3129 3971 competenter
3173 3903 3375 3973 accipi-

1794 4003 1900 4050 tur.
1954 3993 2068 4049 Hoc
2117 4003 2296 4047 autem
2328 3994 2396 4048 ab
2427 3995 2751 4049 auctoritate
2787 3995 3044 4057 ostendit,
3091 3995 3169 4050 sic
3194 4011 3207 4047 :
3233 3993 3376 4049 Vere

1792 4087 2054 4141 Dominus
2121 4085 2411 4157 confringet
2477 4086 2767 4152 inimicos,
2844 4088 3211 4143 converteudo
3275 4102 3372 4143 eos

1793 4179 1859 4233 ad
1900 4194 1977 4233 se.

1864 4269 1998 4325 Nam
2023 4269 2277 4323 Dominus
2328 4269 2460 4322 dixit
2514 4269 2613 4323 hoc
2665 4269 2797 4323 mihi
2848 4269 3095 4335 interius,
3142 4269 3372 4341 spiritali

1796 4362 2148 4427 revelatione,
2179 4362 2260 4414 Ea:
2286 4360 2481 4423 Basan,
2515 4361 2565 4413 id
2604 4370 2685 4414 est
2713 4374 2779 4413 ex
2808 4360 3125 4415 confusione
3158 4377 3375 4414 concer-

135 4446 407 4500 osteudens
445 4461 503 4501 se
532 4444 647 4513 jam
683 4446 787 4501 ﬁde
824 4446 1077 4502 Ecclesiae
1107 4450 1407 4505 membrum
1444 4467 1585 4521 esse,
1627 4469 1690 4509 ac
1721 4464 1765 4519 1)
1791 4467 1896 4509 tam
1927 4452 2209 4523 quosdam,
2250 4451 2302 4505 id
2335 4460 2419 4504 est
2458 4459 2749 4503 convertam
2797 4451 3056 4520 quosdam
3095 4451 3161 4503 ad
3191 4465 3276 4503 me
3307 4450 3373 4504 de

137 4536 174 4590 si
199 4537 335 4593 dicat
368 4539 475 4594 :Et
505 4555 591 4595 me
619 4549 744 4595 ante
790 4550 995 4611 tempus
1042 4542 1391 4611 plenitudinis
1450 4547 1688 4603 existen-

138 4634 247 4690 tem,
278 4638 329 4684 et
369 4629 526 4684 ﬁdem
563 4630 681 4701 ejus
708 4630 998 4685 habentem
1043 4640 1099 4686 et
1132 4633 1251 4688 illos
1284 4649 1420 4703 quos
1467 4635 1521 4689 in
1554 4645 1690 4691 tem-

138 4732 252 4787 pore
277 4720 632 4789 plenitudinis
673 4731 931 4786 assumel,
969 4724 1140 4777 salvos
1176 4724 1330 4793 faciet
1370 4741 1397 4779 a
1430 4728 1686 4795 peccatis,

137 4808 469 4869 illuminando
516 4828 616 4869 nos
662 4814 836 4884 gratia
886 4830 983 4869 sua
1030 4816 1283 4885 Spiritali,
1326 4827 1380 4873 et
1422 4820 1490 4875 ad
1524 4821 1690 4876 vitam

136 4914 280 4969 quam
320 4905 602 4961 amisimus
639 4906 877 4960 reducet.
915 4904 1104 4962 Nullus
1132 4909 1277 4963 enim
1308 4910 1444 4965 adeo
1471 4925 1693 4969 sanctus

137 4996 359 5059 exstitit,
407 4998 497 5066 qui
548 5006 674 5052 ante
723 5006 935 5068 tempus
985 4999 1333 5069 plenitudinis
1385 5018 1413 5056 a
1459 5006 1694 5071 peccatis

137 5084 470 5156 originalibus
516 5088 837 5145 salvaretur.
874 5090 939 5144 Et
967 5091 1103 5146 bene
1133 5093 1282 5163 ponit
1309 5096 1539 5163 quotidie
1575 5114 1695 5164 pro.

136 5191 326 5241 sperum
358 5179 457 5232 iter
479 5181 672 5249 faciet;
699 5181 942 5250 quotidie
973 5197 1206 5253 namque
1235 5183 1420 5239 ﬁdeles
1449 5200 1545 5254 per
1570 5202 1695 5258 gra-

137 5266 252 5321 tiam
287 5269 381 5324 Dei
416 5272 641 5327 veniuut
685 5273 750 5326 ad
794 5271 1168 5336 salvationem,
1221 5277 1594 5347 unusquisque
1639 5278 1693 5333 in

138 5370 224 5411 suo
257 5369 422 5414 statu.
456 5361 716 5416 Dominus
764 5362 884 5416 dico
933 5362 1175 5417 existens
1204 5363 1340 5417 Deus
1370 5377 1561 5431 noster,
1609 5366 1696 5420 cui

138 5444 351 5506 facimus
396 5451 573 5508 locum
616 5454 831 5509 deitatis
867 5455 920 5508 in
957 5454 1114 5509 nobis
1161 5456 1483 5522 obcdicndo,
1518 5467 1570 5512 et
1600 5472 1697 5513 nos

140 5536 228 5606 ipsi
259 5541 551 5608 subdendo,
584 5552 639 5598 et
664 5543 906 5597 existens
935 5543 1075 5598 Deus
1115 5545 1283 5598 salvos
1317 5547 1566 5615 faciendi,
1602 5562 1699 5617 po-

142 5635 269 5695 teus,
300 5632 353 5686 id
395 5644 480 5688 est
508 5634 596 5702 qui
643 5644 835 5703 potens
864 5635 969 5688 erit
1015 5636 1079 5690 ad
1109 5635 1422 5695 salvandum
1460 5652 1580 5691 nos.
1630 5636 1700 5691 Et

144 5717 236 5778 hoc
266 5723 403 5780 idem
434 5735 512 5782 est
537 5727 677 5797 quod
709 5726 956 5796 superius
986 5727 1187 5796 posuit,
1217 5726 1518 5797 prosperum
1550 5729 1697 5783 nobis

1793 4544 2027 4601 inimicis
2092 4542 2228 4597 meis
2281 4556 2296 4595 :
2364 4550 2582 4611 propter
2626 4539 2845 4606 Basan,
2912 4541 2964 4595 id
3016 4550 3099 4596 est
3153 4551 3377 4612 pr0pter

1793 4636 2160 4693 confusionem
2209 4649 2369 4703 quam
2404 4632 2454 4687 in
2484 4648 2544 4687 se
2580 4632 2876 4699 habebunt,
2909 4632 2973 4687 de
3000 4633 3234 4703 peccatis
3262 4634 3377 4689 suis

1791 4727 2205 4784 verecundando
2251 4735 2307 4781 et
2360 4724 2641 4795 gemendo.
2691 4724 2864 4779 Basan
2907 4725 3103 4796 quippe
3134 4726 3373 4795 confusio

1793 4821 2006 4875 dicitur.
2067 4818 2197 4873 Cum
2251 4817 2382 4872 dicit
2430 4833 2493 4871 ea:
2520 4816 2740 4883 Basan,
2795 4817 2921 4872 illud
2978 4833 3042 4871 ex
3100 4819 3376 4873 causative

1793 4911 2030 4983 ponitur.
2062 4908 2308 4965 Ostendit
2348 4916 2528 4961 autem
2564 4923 2659 4977 per
2688 4916 2870 4977 partes
2897 4923 3036 4978 quos
3070 4917 3373 4973 convertet,

1796 5002 2043 5058 addendo
2100 5003 2222 5063 sic,
2295 5000 2502 5055 scilicet
2570 5010 2863 5054 convertam
2934 5002 2989 5054 in
3056 5000 3375 5071 profundum

1796 5094 1957 5149 maris
2002 5093 2329 5157 existentes,
2381 5093 2431 5146 id
2483 5102 2567 5145 est
2624 5092 2741 5146 illos
2780 5092 2869 5162 qui
2928 5090 3178 5162 profundi
3216 5101 3375 5146 erunt

1798 5186 1851 5239 in
1899 5185 2282 5240 amaricatione
2326 5183 2601 5237 vitiorum.
2664 5182 2768 5237 Per
2809 5184 2948 5238 hanc
2992 5198 3121 5237 vero
3168 5192 3376 5253 partem

1798 5278 1973 5332 innuit
2000 5278 2121 5347 quia
2147 5275 2313 5330 multo
2340 5277 2511 5347 magis
2537 5283 2815 5331 convertet
2841 5275 3121 5342 quosdam,
3140 5275 3376 5330 nondum

1799 5369 2094 5424 existentes
2134 5368 2185 5421 in
2220 5367 2488 5437 profundo
2522 5369 2705 5420 maris.
2738 5365 2891 5419 Facit
2915 5375 3093 5419 autem
3132 5374 3380 5435 apostro-

1800 5463 1960 5531 pham
2010 5459 2076 5513 ad
2110 5458 2299 5522 Deum,
2330 5474 2450 5511 cum
2480 5458 2778 5527 gratiarum
2820 5457 3053 5519 actione,
3092 5457 3171 5510 sic
3205 5474 3217 5508 :
3260 5456 3376 5509 Dixi

1800 5567 1832 5604 o
1863 5551 2019 5613 Deus,
2053 5551 2192 5618 quod
2242 5560 2527 5603 convertes
2574 5557 2628 5601 et
2670 5547 2980 5615 confringes
3026 5547 3296 5609 inimicos,
3328 5556 3381 5597 et

1800 5656 1972 5709 usque
2007 5642 2140 5694 adeo
2186 5638 2537 5708 eonfringes,
2598 5649 2651 5691 ut
2700 5655 2786 5706 pes
2842 5650 2962 5690 tuus
3006 5638 3296 5707 intinga-‘ur
3324 5637 3378 5689 in

1803 5731 2075 5801 sanquine,
2105 5731 2154 5785 id
2178 5738 2260 5785 est
2290 5729 2488 5784 inimici
2524 5728 2647 5784 facti
2681 5745 2773 5785 oes
2805 5738 2943 5788 tuus.
2978 5730 3029 5784 id
3061 5739 3141 5785 est
3170 5729 3380 5784 discur-
