3856 6322
463 233 563 288 9ϋὸ

1052 224 1108 278 S.
1152 219 1499 278 BRUNONIS
1534 173 2177 276 CAETIIUSIANORUM
2207 211 2694 272 INSTITUTORIS
2728 209 2882 269 OPP.
2924 207 3106 266 PARS
3137 209 3179 263 Ι.

3583 216 3671 274 364

463 359 613 402 seres
645 341 720 397 tui
749 341 840 412 qui
884 348 936 395 te
970 354 1066 409 per
1101 340 1358 393 mundum
1402 315 1771 407 disctirreutes
1803 330 2029 386 conﬁte-
2059 335 2103 390 Α
2137 329 2405 385 Faciendo
2437 343 2566 383 vero
2603 327 2990 400 apostropham
3035 324 3105 378 ad
3148 335 3244 377 eos
3287 333 3418 391 quos
3457 329 3674 395 superius

464 440 681 499 buntur,
715 434 1052 504 intinguntur
1091 432 1143 485 in
1173 429 1436 500 sanguine
1469 426 1734 497 martyrii.
1776 421 2042 492 Exprunit

464 535 642 582 autem
672 525 736 578 ad
753 523 894 592 quod
911 521 1210 577 eﬁicientur
1230 535 1318 590 pes
1343 533 1465 573 cum
1487 516 1690 571 subdit:
1715 512 1811 568 Pes
1836 514 1956 567 dico
1973 527 2040 565 ex

465 615 688 670 inimicis
714 598 904 671 lactus.
931 611 1110 680 lingua
1127 623 1313 662 canum
1335 616 1561 658 tuorum.
1583 601 1943 657 lmtransitive
1965 600 2048 656 di-

465 716 612 760 ctum
639 713 744 767 est,
776 719 839 758 ac
865 702 908 756 si
939 701 1146 756 diceret
1173 717 1184 751 :
1211 696 1309 763 Qui
1335 697 1672 750 discursores
1719 709 1784 746 ex
1815 692 2046 761 inimicis

467 796 772 851 eﬁicientur
833 792 1064 863 linguosi
1119 790 1190 844 lui
1222 800 1384 842 canes
1407 804 1420 838 :
1447 794 1500 839 et
1534 785 1636 839 hoc
1664 803 1693 837 a
1724 784 1908 858 teipse,
1940 798 2043 836 non

469 902 498 940 a
531 885 702 939 libero
735 883 960 936 arbitrio
1001 895 1119 935 suo.
1154 879 1305 945 Quod
1345 886 1428 931 est
1463 875 1647 928 dicere
1679 890 1692 924 :
1731 873 1920 943 Facies
1953 885 2046 946 eos

469 949 674 1030 similes
717 973 979 1044 liuguosis
1008 971 1260 1032 canibus,
1293 967 1382 1037 qui
1413 967 1586 1020 ﬁdelia
1627 965 1880 1019 animalia
1921 973 2048 1020 sunt

469 1066 702 1121 dominis
741 1065 874 1128 suis,
901 1071 955 1117 et
993 1061 1227 1116 inimicis
1264 1058 1619 1123 oblatrantes,
1653 1066 1711 1111 ut
1747 1057 1846 1126 ipsi
1895 1056 2050 1111 simi.-

470 1158 593 1211 liter
642 1156 735 1210 tibi
783 1153 986 1216 ﬁdeles,
1033 1149 1304 1206 lnereticis
1345 1159 1401 1203 et
1446 1148 1698 1203 oumibns
1745 1148 2049 1203 inﬁdelibus

471 1245 756 1306 oblatrcnt,
787 1241 983 1310 ubique
1008 1240 1246 1311 gentium
1276 1239 1668 1303 discurrentes,
1705 1247 1759 1291 ct
1789 1237 2048 1292 doctrina:

471 1339 674 1406 semina
706 1343 1045 1404 spat-gentes,
1084 1346 1183 1401 pro
1221 1346 1327 1399 qua
1369 1331 1531 1385 etiam
1583 1345 1685 1384 non
1730 1329 2050 1383 dubitabunt

473 1427 659 1498 intiugi
703 1427 754 1478 in
798 1425 1051 1493 sanguine
1095 1423 1362 1493 martyrii.
1425 1422 1559 1489 Quia
1588 1437 1715 1476 vero
1753 1422 1888 1491 pede
1927 1437 2050 1475 cur-

471 1521 626 1581 ritur,
683 1534 775 1587 pes
820 1532 917 1586 pro
946 1516 1344 1570 discursoribus
1380 1515 1519 1568 haud
1550 1515 1842 1584 incongrue
1883 1512 2052 1567 sumi-

473 1618 577 1662 tur.
613 1609 713 1661 Pcr
744 1608 842 1661 hoc
878 1599 1055 1658 autem
1096 1604 1431 1675 intingentur
1461 1603 1513 1656 in
1543 1602 1795 1672 sanguine
1819 1601 1943 1671 quia
1974 1601 2051 1654 vi-

473 1699 658 1750 derunt
697 1698 962 1767 ingressus
1002 1709 1140 1759 tuos,
1188 1695 1240 1749 id
1269 1704 1354 1749 est
1392 1694 1651 1748 videbunt
1674 1710 1880 1764 gressus
1912 1704 2050 1757 (nos,
2081 1674 2129 1736 Β

475 1792 636 1854 Deus,
668 1790 824 1843 idest
854 1789 997 1858 quod
1037 1799 1088 1841 ιιι
1119 1804 1215 1859 per
1243 1796 1468 1843 mortem
1498 1788 1784 1858 gradieris.
1823 1787 2055 1857 Ideoque

477 1880 550 1932 tui
589 1879 834 1948 exemplo
877 1879 1231 1949 intingeutur.
1280 1878 1334 1932 ln
1369 1878 1473 1932 alia
1507 1879 1860 1950 translatione
1891 1878 2055 1933 habe-

477 1981 600 2024 tur:
637 1949 891 2024 Viderunt
939 1970 1128 2022 itinera
1168 1980 1278 2022 tua.
1321 1969 1435 2036 Qua
1483 1970 1548 2023 de
1589 1983 1644 2021 re
1685 1949 1740 2022 et
1782 1969 2057 2038 ingressus

475 2082 572 2135 pro
599 2080 816 2137 gressus
843 2067 1076 2134 positum
1103 2079 1222 2119 csse
1251 2064 1574 2133 colligimus.
1609 2063 1683 2116 Nc
1712 2079 1840 2118 vero
1871 2065 2057 2118 incon-

475 2157 698 2209 veniens
743 2156 1015 2208 videretur
1059 2169 1180 2208 eum
1217 2155 1380 2208 Deum
1427 2168 1570 2216 esse,
1611 2164 1663 2206 et
1697 2169 1792 2221 per
1823 2160 2055 2208 mortem

477 2247 627 2317 gradi
685 2247 969 2301 conﬁrmat
999 2246 1122 2308 hoc,
1165 2247 1230 2298 ad
1271 2246 1679 2299 instructionem
1725 2246 2055 2310 auditorum,

478 2340 858 2409 apostropham
889 2338 953 2392 ad
983 2354 1075 2393 cos
1113 2337 1380 2400 faciendo,
1413 2338 1492 2391 sic
1521 2355 1534 2392 :
1563 2338 1692 2392 Dico
1729 2339 1872 2407 quod
1905 2339 2056 2394 vidc-

476 2431 608 2485 bunt
631 2446 847 2500 gressus
872 2442 1009 2485 tuos.
1033 2431 1100 2484 Et
1121 2445 1267 2495 vere,
1295 2445 1327 2482 ο
1357 2429 1658 2492 auditores,
1684 2445 1902 2499 gressus
1927 2431 2058 2486 tales

477 2521 751 2575 cruntDei
782 2522 902 2586 mei,
936 2523 1069 2590 regis
1098 2520 1223 2584 mei,
1249 2521 1338 2589 qui
1379 2530 1475 2586 est,
1508 2520 1560 2575 id
1595 2531 1677 2575 cst
1699 2521 1964 2576 habitabit
2004 2523 2060 2576 in

475 2622 655 2666 sancto
692 2612 973 2668 Dominico
1013 2613 1260 2677 homine;
1302 2626 1366 2666 ac
1402 2612 1446 2665 si
1488 2613 1671 2678 dicat:
1701 2613 1936 2667 Verbum
1965 2613 2059 2667 Dei

477 2703 619 2758 Deus
646 2720 796 2758 meus
827 2705 1066 2759 existens
1101 2705 1402 2772 cuicunque
1431 2705 1570 2759 Dens
1599 2721 1703 2758 non
1730 2706 1981 2760 videatur
2005 2715 2061 2762 et

481 2807 574 2849 rex
608 2811 779 2862 meus,
809 2798 1104 2851 secundum
1151 2795 1293 2865 quod
1333 2798 1385 2850 in
1423 2809 1602 2850 sancto
1633 2799 1758 2864 erit,
1785 2799 2062 2869 gradietur

477 2902 573 2954 per
620 2899 870 2952 mortem,
923 2887 974 2941 id
1024 2895 1106 2941 est
1155 2897 1375 2942 sanctus
1420 2888 1507 2943 ille
1557 2890 1656 2958 ipsi
1709 2891 2062 2959 personaliter

478 2976 660 3030 unitus
689 2977 971 3032 morietur.
1005 2973 1156 3045 Quod
1186 2986 1268 3032 est
1295 2993 1358 3033 ac
1396 2979 1442 3033 si
1471 2979 1612 3036 dicat
1639 2997 1652 3032 :
1685 2980 1822 3036 Dens
1855 2987 2060 3036 uerbum

479 3068 623 3122 dabit
663 3068 743 3122 eis
781 3069 1088 3138 exemplum
1134 3069 1396 3126 moriendi
1444 3072 1734 3142 gradiendo
1775 3089 1870 3144 per
1911 3091 2060 3131 mor-

479 3169 610 3214 tem.
646 3162 711 3215 Et
761 3163 882 3217 ideo
921 3164 1099 3218 adhuc
1147 3165 1481 3235 intingentur
1521 3167 1574 3220 in
1619 3170 1894 3238 sanguine,
1935 3171 2061 3239 quia

478 3265 838 3322 prtevenerunt
880 3256 1162 3326 principes,
1199 3257 1250 3312 id
1277 3268 1362 3312 est
1406 3259 1654 3328 apostoli,
1683 3261 1776 3329 qui
1804 3262 2062 3332 principes

479 3354 642 3423 erunt
669 3345 943 3410 Ecclesiae,
985 3347 1322 3416 prtevcnicnt
1355 3362 1449 3401 eos
1496 3347 1548 3401 in
1591 3350 1912 3406 intinctione
1942 3367 2064 3406 san-

480 3434 675 3504 guinis.
715 3436 867 3501 Quod
913 3446 997 3490 est
1029 3437 1248 3493 dicere:
1280 3436 1396 3492 Non
1425 3439 1599 3493 solum
1636 3440 1777 3496 Dens
1803 3443 1952 3498 dabit
1983 3445 2064 3501 eis

480 3521 785 3590 exemplum
829 3522 1158 3593 intiugendi,
1201 3525 1294 3579 sed
1325 3534 1380 3580 et
1408 3527 1637 3596 apostoli
1675 3531 1764 3600 qui
1798 3531 1950 3602 prius
1983 3532 2064 3588 in-

483 3611 776 3680 tingentur.

552 3699 817 3766 Quoniam
867 3711 1046 3758 autem
1095 3704 1306 3760 dixerat
1355 3721 1447 3762 eos
1481 3709 1764 3780 principes,
1817 3728 1886 3768 ne
1917 3713 2066 3769 vide-

485 3799 672 3844 rentur
701 3791 766 3846 de
795 3793 1098 3862 principatu
1129 3811 1227 3850 suo
1254 3799 1554 3867 superbire,
1585 3803 1734 3856 addit
1763 3818 1777 3856 :
1804 3805 2062 3874 principes

485 3881 605 3936 dico
639 3882 902 3950 conjuncti
945 3884 1306 3952 psullentibus,
1351 3889 1404 3943 id
1435 3900 1516 3944 cst
1547 3891 1633 3960 qui
1669 3893 2064 3963 conjungentnr

486 3977 781 4032 minoribus
822 3978 1068 4034 ﬁdelibus
1111 3981 1249 4034 bene
1293 3985 1674 4056 operantibus,
1714 3997 1773 4045 ut
1816 4003 1941 4046 cum
1984 3988 2064 4047 eis

485 4067 594 4126 sint
642 4084 807 4132 unum
848 4085 1045 4144 corpus
1078 4069 1355 4142 Ecclesim,
1389 4079 1488 4134 sic.
1534 4082 1686 4146 Quod
1727 4091 1810 4137 est
1843 4083 2059 4138 dicere:

489 4161 601 4217 Non
639 4163 1072 4234 dedignabuntur
1103 4167 1349 4238 conjungi
1394 4171 1646 4239 subditis,
1678 4183 1739 4228 ut
1763 4190 1928 4228 unum
1953 4175 2064 4229 sint

488 4271 606 4310 cum
637 4256 737 4323 eis,
767 4259 861 4312 sed
889 4274 992 4312 una
1023 4261 1270 4315 collectio
1300 4275 1422 4315 cum
1453 4263 1533 4317 eis
1563 4274 1743 4319 erunt.
1791 4265 2062 4336 Exprimit

2114 422 2358 496 .vocavit
2382 421 2475 475 Dei
2508 421 2668 490 pedes
2697 429 2752 474 et
2779 417 3055 488 linguosos
3086 430 3277 480 canes,
3308 415 3594 474 adhortatur
3615 425 3674 477 ad

2146 511 2572 567 benedicendum
2617 509 2822 571 Deum,
2873 505 3182 564 habitando
3238 506 3291 560 in
3338 510 3679 566 communitate

2146 602 2425 666 Ecclesiae,
2481 616 2586 654 non
2625 597 2859 669 superbe
2910 597 3201 652 ditidendo
3243 611 3304 651 se
3347 598 3412 651 ab
3447 612 3524 663 ea,
3558 601 3679 670 quod

2148 694 2258 749 Deo
2308 702 2454 747 esset
2498 692 2787 761 ingratum,
2838 688 3280 758 quandoquidem
3315 689 3550 757 principes
3573 709 3679 746 con-

2139 784 2312 853 juncti
2341 790 2499 835 eruut
2521 779 2850 850 juveneulis.
2887 777 2930 834 Ο
2958 793 3055 833 vos
3085 779 3432 833 convertendi
3458 795 3515 832 ex
3532 778 3681 836 Busan

2149 874 2314 929 futuri
2369 873 2532 944 pedes
2575 874 2669 928 Dei
2696 913 2710 935 ,
2765 872 2936 928 nolite
2987 871 3272 942 superbire
3325 871 3389 946 de
3433 871 3527 926 hoc
3565 877 3682 942 quod

2147 965 2312 1034 pedes
2339 964 2514 1029 eritis,
2545 963 2639 1018 sed
2674 963 2729 1016 in
2761 960 3030 1027 Ecclesiis,
3060 961 3112 1015 id
3143 970 3230 1016 est
3263 961 3316 1014 in
3346 965 3684 1019 communitate

2149 1057 2514 1113 Ecclesiarum
2563 1057 2630 1111 de
2657 1055 2861 1111 Judacis
2890 1055 3209 1118 existentes,
3239 1067 3374 1123 quas
3411 1053 3687 1123 iuvenculas

2149 1148 2360 1212 vocavi,
2393 1147 2675 1202 benedicite
2699 1145 2924 1199 Domino
2953 1144 3084 1208 Deo,
3122 1144 3178 1198 id
3211 1151 3300 1199 est
3333 1143 3532 1197 laudate
3565 1145 3686 1200 illum

2155 1243 2462 1306 Dominum,
2492 1241 2584 1310 qui
2614 1241 2757 1294 Deus
2785 1248 2869 1294 est
2898 1247 3091 1308 potens
3126 1251 3477 1292 remunerare
3511 1237 3684 1292 laudem

2150 1343 2411 1397 vestram,
2449 1333 2662 1386 laudate
2693 1330 2908 1386 scilicet
2941 1343 3096 1392 voce,
3131 1328 3266 1392 vita,
3297 1334 3352 1380 et
3387 1341 3479 1394 pro
3504 1342 3560 1382 eo
3597 1343 3688 1382 mo-

2152 1424 2357 1479 riendo.
2389 1425 2517 1478 Dico
2540 1421 2819 1476 benedicite
2842 1419 2972 1485 Deo,
3005 1419 3148 1488 quod
3189 1417 3500 1472 benedicere
3529 1431 3688 1486 prce"-

2151 1518 2242 1572 dat
2269 1517 2333 1570 de
2361 1516 2591 1585 fontibus
2615 1511 2805 1576 Israel,
2857 1511 2910 1564 id
2947 1519 3032 1564 est
3075 1510 3142 1564 de
3190 1508 3439 1577 exemplo
3481 1509 3688 1573 fontium,

2153 1610 2204 1664 id
2237 1619 2322 1664 est
2353 1607 2628 1671 Ecclesiae,
2667 1605 2876 1660 scilicet
2921 1603 3141 1657 laudate
3180 1617 3306 1656 eum
3341 1601 3395 1655 in
3435 1603 3692 1656 communi-

2158 1711 2266 1756 tate
2297 1699 2553 1755 Ecclcsia:
2582 1700 2648 1752 de
2673 1696 2874 1752 Judmis
2903 1694 3267 1764 persistendo,
3305 1693 3447 1747 sicut
3473 1693 3684 1760 apostoli,

2156 1791 2244 1862 qui
2274 1791 2528 1846 dicuntur
2566 1789 2740 1844 fontes
2766 1786 3041 1850 Ecclesiae,
3073 1799 3138 1839 eo
3167 1785 3311 1854 quod
3341 1799 3458 1838 eam
3488 1784 3692 1838 doctrina

2156 1900 2252 1940 sua
2291 1891 2502 1953 potant.
2555 1879 2696 1935 Nihil
2745 1879 2889 1954 enim
2938 1877 3233 1946 proﬁceret
3275 1878 3414 1930 bene
3459 1875 3634 1942 facere,
3657 1876 3692 1928 si

2157 1975 2521 2046 superbiendo
2569 1971 2926 2028 discederetis
2974 1969 3043 2023 ab
3083 1968 3344 2024 Ecclesia:
3397 1966 3692 2022 collectione.

2156 2069 2315 2124 Juxta
2355 2067 2498 2138 quod
2525 2063 2816 2136 Apostolus
2862 2070 3132 2117 testatur:
3162 2080 3180 2112 ι
3213 2059 3275 2114 Si
3315 2060 3574 2113 tradidero
3602 2074 3695 2112 cor-

2157 2177 2259 2232 pus
2305 2175 2482 2214 meum
2533 2157 2604 2236 ita
2655 2165 2715 2210 ut
2755 2153 3000 2216 ardeam,
3043 2152 3371 2206 cbaritatem
3410 2158 3575 2204 autem
3612 2165 3694 2202 non

2160 2252 2409 2313 habeam,
2437 2247 2572 2302 nihil
2603 2245 2734 2299 mihi
2772 2243 2994 2313 prodest
3025 2241 3074 2312 (ι
3100 2239 3225 2294 Cor.
3256 2256 3382 2303 xm,
3409 2239 3484 2308 3).
3514 2257 3530 2289 ι
3579 2238 3696 2292 Tunc

2158 2341 2375 2411 quidem
2417 2336 2768 2394 discederetis
2804 2334 2872 2388 ab
2900 2331 3162 2394 Ecclesia,
3206 2331 3254 2386 si
3294 2346 3391 2385 vos
3431 2330 3564 2384 solos
3599 2345 3696 2384 sau-

2161 2444 2278 2488 ctos
2326 2445 2449 2486 esse
2489 2429 2820 2500 iudicantes,
2875 2422 2994 2476 illos
3029 2423 3095 2476 Jc
3140 2421 3385 2476 Ecclesia
3426 2420 3697 2490 iudicaretis

2161 2539 2281 2580 esse
2315 2522 2656 2586 solummodo
2699 2531 3018 2591 peccatores
3067 2529 3124 2574 et
3164 2517 3416 2587 indignos
3460 2529 3696 2570 conversa-

2165 2619 2308 2672 tione
2337 2628 2548 2684 vestra,
2584 2624 2636 2671 et
2673 2615 2754 2670 sic
2789 2614 3111 2670 cbaritatem
3145 2625 3277 2681 erga
3315 2623 3410 2664 eos
3447 2623 3544 2662 non
3567 2607 3697 2661 babe-

2163 2709 2318 2766 retis.
3355 2715 3361 2726 '
3537 2762 3542 2768 .

2237 2802 2454 2856 Diceret
2507 2799 2706 2868 aliquis
2735 2817 2748 2854 :
2777 2798 2880 2866 Qui
2936 2805 3098 2853 erunt
3141 2795 3322 2850 fontes
3369 2793 3484 2848 illi?
3527 2791 3698 2844 Adhuc

2163 2903 2342 2948 autem
2369 2893 2447 2948 sic
2476 2892 2782 2961 respondet,
2807 2890 2903 2956 ibi,
2937 2889 2987 2943 id
3016 2898 3100 2944 est
3128 2889 3271 2942 inter
3301 2886 3422 2941 illos
3447 2885 3603 2938 fontes
3621 2883 3700 2936 erit

2165 2985 2442 3055 Benjamin
2470 2982 2909 3045 adolescentulus,
2954 2983 3006 3035 id
3047 2991 3132 3035 est
3159 2979 3361 3034 Paulus
3399 2979 3484 3048 qui
3529 2978 3619 3032 erit
3651 2976 3700 3029 dc

2168 3080 2308 3136 tribu
2337 3077 2634 3146 Beniamin,
2663 3077 2805 3132 sicut
2836 3077 2978 3130 idem
3005 3082 3236 3128 testatur
3268 3072 3337 3126 ad
3361 3070 3700 3140 Philippenses.

2171 3189 2189 3222 ι
2225 3170 2339 3241 Ego
2378 3168 2738 3223 circumcisus
2775 3176 2964 3220 octava
3003 3165 3090 3219 die
3123 3177 3189 3217 ex
3222 3177 3424 3234 genere
3471 3159 3614 3216 Israel
3654 3159 3701 3212 de

2167 3265 2306 3321 tribu
2340 3263 2618 3330 Beniamin
2673 3261 2841 3330 (Phil.
2871 3277 2953 3325 ιιι,
2981 3259 3060 3327 5),
3091 3278 3110 3310 ι
3147 3266 3256 3312 etc.
3308 3256 3512 3311 Dicitur
3558 3260 3703 3306 autem

2165 3354 2362 3409 Paulus
2396 3351 2835 3414 adolescentulus,
2871 3365 2936 3406 eo
2962 3349 3106 3420 quod
3134 3348 3358 3401 ultimus
3387 3343 3703 3415 apostolorum

2165 3447 2232 3502 ad
2280 3445 2438 3500 [idem
2468 3443 2726 3498 venerit:
2769 3459 2875 3496 non
2926 3443 3068 3512 quod
3119 3442 3173 3495 in
3218 3439 3324 3494 ﬁde
3371 3448 3428 3494 ct
3467 3435 3703 3492 sanctitate

2167 3535 2532 3606 imperfectior
2556 3533 2848 3599 exstiterit,
2874 3533 2965 3602 qui
2998 3533 3118 3587 ideo
3147 3531 3460 3587 abortivum
3490 3544 3544 3584 se
3570 3535 3701 3582 testa-

2169 3635 2256 3681 tnr
2305 3625 2384 3682 sic
2431 3644 2442 3679 :
2501 3645 2519 3677 ι
2553 3625 2856 3680 Novissime
2901 3624 3145 3679 omnium
3197 3631 3456 3692 tanquam
3503 3619 3705 3674 abortivo

2164 3719 2313 3774 visus
2336 3727 2438 3783 est,
2476 3726 2532 3773 et
2566 3718 2698 3771 mihi
2726 3716 2774 3787 (Ι
2803 3715 2926 3770 (.‘or.
2957 3731 3047 3780 xv,
3073 3715 3152 3786 8).
3186 3735 3205 3767 ι
3241 3715 3378 3770 Dico
3399 3715 3536 3784 quod
3559 3710 3705 3778 Benia-

2166 3811 2302 3875 min,
2335 3811 2508 3866 id'est
2531 3808 2733 3864 Paulus
2771 3817 2855 3864 est
2899 3809 3115 3862 futurus
3163 3808 3314 3862 inter
3357 3805 3704 3878 apostoloszet

2165 3903 2268 3957 hoc
2309 3901 2362 3955 in
2399 3901 2590 3955 mentis
2627 3901 2816 3964 extasi,
2862 3899 2914 3954 id
2951 3907 3034 3954 est
3070 3913 3168 3968 per
3203 3913 3488 3954 excessum
3527 3895 3704 3957 mentis,

2166 3994 2376 4054 scilicet
2417 3993 2649 4051 cxtasim
2689 3993 2885 4050 mentis
2923 3991 2974 4045 in
3017 4005 3122 4060 qua
3153 3991 3262 4045 erit
3297 4004 3527 4061 pergens
3554 3988 3706 4041 Dama-

2164 4106 2338 4155 scum,
2373 4090 2591 4159 quando
2623 4085 3061 4158 circumfnlgebit
3101 4098 3224 4139 eum
3262 4083 3355 4136 lux
3386 4083 3451 4136 de
3483 4080 3628 4144 coelo,
3655 4077 3705 4131 si-

2165 4191 2258 4237 cut
2286 4183 2336 4236 in
2361 4181 2584 4236 Actibus
2621 4180 2851 4250 apostol.
2886 4179 3082 4249 legitur
3115 4176 3254 4249 (Act.
3302 4190 3380 4243 ix,
3406 4173 3484 4242 5).
3516 4171 3600 4225 Vel
3624 4170 3704 4224 sic:

2164 4269 2586 4340 Benjamin‘erit
2622 4269 2696 4324 ibi
2727 4269 2968 4324 existens
2999 4270 3054 4322 in
3089 4285 3306 4323 excessu
3342 4269 3546 4329 utentis,
3574 4267 3618 4320 i-l
3646 4272 3702 4319 es'

490 4359 665 4404 autem
711 4351 906 4419 quibus
963 4354 1314 4422 psallentibus
1347 4355 1760 4429 coniungentur,
1790 4375 1911 4416 cum
1940 4361 2066 4416 sub-
2098 4362 2259 4430 uni
2307 4361 2413 4415 erit
2457 4363 2512 4415 in
2562 4360 3019 4428 contemplatione
3062 4368 3402 4414 secretorum
3450 4359 3701 4415 ett-hstium

488 4439 677 4509 iungit,
717 4439 926 4496 scilicet
952 4452 1108 4497 erunt
1134 4446 1191 4499 in
1219 4447 1390 4500 medio
1421 4448 1826 4516 juvencularum
1862 4462 2065 4522 tympa-

489 4531 814 4596 nistriarum,
840 4531 890 4585 id
924 4542 1006 4586 est
1042 4543 1202 4588 erunt
1229 4535 1522 4592 existentes
1550 4538 1689 4594 inter
1719 4541 1836 4596 illos
1861 4542 2063 4608 ﬁdeles,

489 4631 545 4674 ut
606 4622 714 4676 sint
780 4637 884 4676 una
955 4624 1206 4678 collectio
1271 4640 1394 4680 cum
1435 4628 1546 4693 eis,
1611 4630 1702 4699 qui
1762 4630 2065 4699 jnvenculae

489 4709 643 4782 247
674 4711 940 4777 dicentur,
969 4729 1032 4766 eo
1062 4715 1202 4782 quod
1231 4715 1283 4769 in
1317 4717 1420 4772 ﬁde
1439 4719 1669 4787 iuvenes
1693 4731 1875 4790 erunt,
1902 4723 1954 4777 id
1981 4733 2067 4779 cst

490 4804 697 4857 novitcr
727 4803 791 4856 ad
821 4805 980 4857 ﬁdem
1011 4806 1350 4863 accedentes.
1385 4810 1798 4882 Tympanistria:
1823 4831 1952 4870 vero
1980 4817 2066 4870 di-

492 4901 707 4956 cuntur,
734 4907 798 4945 eo
828 4893 967 4960 quod
1000 4893 1050 4947 in
1085 4904 1336 4965 tympano
1362 4899 1530 4955 Deum
1562 4903 1872 4968 lattdabunt,
1903 4907 1954 4960 id
1984 4916 2066 4962 est

492 4983 667 5036 carnis
705 4983 1144 5051 mortiﬁcatioue,
1175 5004 1294 5057 qua:
1335 5000 1647 5062 tympanum
1697 4997 2016 5067 intelligitur
2047 5016 2060 5051 :

493 5073 630 5140 quod
668 5073 932 5126 musicum
970 5069 1383 5135 instrumentum
1425 5092 1504 5138 est
1561 5095 1900 5140 mortuorum
1951 5088 2066 5142 ani-

493 5161 711 5215 malium
767 5162 994 5232 pellibus
1051 5165 1370 5225 involutum.
1426 5171 1480 5225 lu
1524 5157 1639 5228 hoc
1694 5184 1876 5229 autem
1935 5177 2066 5232 dant

497 5251 792 5321 exemplum
833 5254 1174 5332 humilitatis,
1206 5275 1272 5313 ne
1305 5262 1500 5331 aliquis
1533 5264 1584 5316 in
1611 5265 1848 5319 Ecclesia
1875 5267 2065 5334 prtela-

497 5360 578 5399 .us
611 5355 800 5400 contra
836 5349 1079 5404 subditos
1122 5353 1432 5407 extollatur.
1473 5354 1902 5424 Tympauistrias
1943 5360 2065 5428 qui-

500 5437 612 5490 dem
651 5437 891 5495 subditos
911 5440 1103 5522 ﬁdeles
1134 5439 1390 5498 feminine
1426 5444 1580 5508 dicit,
1607 5459 1671 5499 eo
1701 5447 1839 5514 quod
1873 5449 2064 5519 imper-

499 5531 745 5586 .ectiores
774 5529 899 5588 sunt
935 5535 1194 5602 apostolis
1233 5537 1285 5588 in
1323 5537 1630 5602 sanctitate,
1673 5539 1812 5593 sicut
1854 5540 2064 5596 femini-

500 5633 593 5678 .ius
630 5638 791 5678 sexus
843 5619 1210 5694 imperfectior
1258 5634 1311 5679 et
1358 5627 1586 5680 debilior
1619 5636 1695 5684 est
1742 5632 2058 5688 masculino.

2167 4451 2376 4508 scilicet
2417 4467 2538 4507 cum
2581 4451 2821 4521 rapietur
2863 4465 3036 4520 usque
3078 4453 3145 4504 ad
3193 4452 3416 4506 tertium
3448 4451 3703 4511 eademet

2169 4542 2384 4596 audiret
2429 4555 2626 4595 arcana
2655 4541 2819 4594 verba
2862 4555 2984 4610 qua:
3034 4554 3141 4594 non
3178 4540 3308 4595 licet
3351 4539 3550 4594 homini
3595 4537 3703 4605 loqui

2169 4629 2252 4702 (ll
2276 4630 2530 4695 Corax",
2554 4629 2631 4699 4).
2663 4629 2759 4684 Vel
2787 4629 2864 4684 sic
2892 4647 2904 4682 :
2932 4627 3216 4700 Benjamin
3233 4630 3339 4684 erit
3363 4630 3458 4695 ibi,
3493 4639 3544 4683 et
3567 4627 3703 4681 hocin

2166 4735 2407 4774 excessus
2437 4719 2622 4772 mentis
2658 4719 2958 4781 hominum,
2991 4719 3044 4772 id
3072 4727 3155 4773 est
3183 4718 3236 4772 in
3267 4727 3507 4788 stupore.
3551 4716 3695 4784 διεψε-

2166 4815 2300 4869 bunt
2330 4813 2476 4867 enim
2509 4811 2661 4866 multi
2704 4809 2824 4878 eius
2857 4811 3270 4866 conversionem
3314 4810 3566 4873 audituri,
3611 4820 3703 4861 cum

2165 4903 2316 4972 prius
2345 4902 2599 4957 Ecclesia:
2633 4909 2949 4970 persecutor
2978 4899 3194 4954 futurus
3224 4901 3317 4955 sit.
3358 4900 3428 4954 Et
3459 4899 3526 4954 ibi
3557 4913 3584 4952 e
3607 4897 3702 4956 iam,

2169 4995 2331 5048 idest
2367 4995 2417 5047 in
2463 4993 2782 5049 collectione
2822 4991 3049 5046 fontium
3099 4991 3266 5044 Israel
3297 5001 3457 5045 erunt
3490 4986 3702 5058 principes

2165 5084 2332 5147 Juda,
2371 5095 2419 5137 et
2453 5083 2709 5152 principes
2743 5081 3006 5144 Zabulon,
3046 5091 3092 5134 et
3125 5081 3388 5150 principes
3422 5075 3702 5146 Neplttalim,

2168 5175 2218 5229 id
2268 5184 2350 5228 est
2401 5175 2582 5229 caeteri
2630 5173 2887 5243 apostoli,
2935 5187 3167 5241 quorum
3213 5171 3434 5240 quidam
3480 5178 3622 5224 erunt
3654 5165 3704 5218 de

2169 5267 2310 5320 tribu
2348 5265 2508 5328 Juda,
2561 5267 2780 5334 quidam
2831 5266 2898 5318 de
2939 5263 3207 5327 Zabulou,
3257 5263 3477 5332 quidam
3514 5274 3624 5314 vero
3653 5257 3702 5310 de

2167 5358 2488 5428 Nephtalim.
2513 5359 2588 5413 De
2613 5359 2696 5412 his
2713 5358 2855 5411 enim
2879 5358 3122 5412 tribubus
3140 5357 3326 5411 volunt
3352 5357 3559 5426 quidam
3573 5367 3703 5420 expc-

2167 5452 2360 5504 sitores
2397 5450 2668 5516 apostolos
2697 5448 2881 5514 fuisse,
2914 5459 2968 5503 ct
2999 5450 3042 5502 si
3079 5448 3307 5502 forsitan
3353 5448 3598 5516 scriptum
3625 5441 3700 5494 alio

2166 5541 2432 5596 cubinon
2475 5542 2757 5594 habeatur.
2802 5540 2956 5606 Quod
2999 5541 3085 5594 hic
3124 5539 3352 5594 denotat
3383 5539 3626 5608 Propheta
3648 5531 3698 5584 ad

2168 5634 2492 5690 evidentiam
2528 5636 2820 5705 prophetia:
2847 5651 2976 5692 suae.
3013 5634 3105 5690 Vel
3133 5649 3232 5704 per
3261 5633 3328 5690 Ju
3353 5638 3453 5688 'am
3487 5631 3572 5703 qui
3601 5642 3696 5681 cort-
