3846 6334
126 316 206 373 οδε
1027 313 1113 370 EX
1125 314 1388 372 POSITIO
1427 315 1494 371 ΙΝ
1531 314 1656 371 PSA

1765 314 1866 372 os.
1897 277 1965 358 -ὲ
1991 317 2181 375 ιτεειι.
2223 318 2425 375 vau.

3163 314 3334 388 ὀδε

125 431 252 502 fessio
291 428 503 495 dicitur,
537 427 664 483 ﬁdes
700 427 988 498 accipitur;
1029 443 1094 484 ex
1125 445 1226 499 qua
1262 429 1533 486 confessio
1566 433 1652 485 Dei
1687 435 1731 490 Α
1759 440 2056 497 taurorum,
2116 435 2169 488 id
2217 446 2300 490 est
2339 439 2716 492 lnerctmorum
2759 439 2849 508 qui
2897 440 3141 497 dicentur
3174 447 3315 504 tauri

124 530 398 594 generatur.
441 520 546 576 Per
572 519 812 598 Zabulon
851 529 1032 575 autem
1069 523 1161 592 qui
1197 523 1653 592 fortitudosouat,

124 630 222 685 spes
247 611 574 682 intelligitur,
596 625 714 681 quae
740 609 910 667 fortes
939 612 991 666 in
1017 613 1266 682 passione
1296 612 1480 667 ﬁdeles
1509 613 1655 668 facit.

125 703 209 758 Per
234 701 527 771 Nephtalim
557 712 683 756 vero
725 716 845 770 qua:
883 701 1081 756 dicitur
1121 702 1382 765 dilatatio,
1423 701 1660 756 Charitas

129 796 396 858 denotatur,
429 807 552 862 qua:
585 807 755 862 usque
785 792 852 846 ad
890 791 1094 848 inimici
1123 794 1285 846 etiam
1317 792 1658 847 dilectionem

124 888 358 941 dilatatur.
413 885 658 955 Apostoli
705 885 904 955 quippe
947 885 1219 955 principes
1266 884 1411 949 ﬁdei,
1443 885 1555 953 spei
1606 894 1660 940 et

123 979 364 1034 charitatis
383 977 639 1032 Ecclesia:
673 979 956 1042 exstitere,
992 992 1112 1032 cum
1151 977 1252 1032 ista
1286 978 1388 1031 tria
1415 976 1658 1032 habenda

127 1086 222 1126 esse
253 1070 629 1140 przcdicavere.
663 1067 936 1139 Principes
975 1070 1095 1125 dico
1135 1069 1299 1124 t‘uturi
1340 1069 1494 1123 duces
1542 1069 1660 1124 illo-

123 1177 216 1215 rum
251 1160 451 1216 scilicet
489 1159 676 1226 Israel,
723 1160 773 1214 id
809 1169 891 1215 est
921 1161 1178 1216 Ecclesia:
1209 1161 1396 1215 totius.
1445 1160 1658 1215 Illorum

122 1263 270 1305 autem
296 1251 394 1306 etsi
427 1267 591 1306 casus
622 1251 846 1321 pluralis
873 1251 963 1319 sit,
991 1252 1058 1306 ad
1092 1251 1278 1317 Israel,
1305 1251 1393 1321 qui
1424 1252 1660 1322 singula-

123 1345 180 1398 ris
206 1359 350 1398 casus
384 1355 470 1398 est
511 1360 747 1416 congrue
785 1345 1037 1400 refertur.
1086 1345 1182 1400 Est
1220 1347 1364 1400 enim
1403 1346 1456 1400 in
1495 1360 1658 1400 sensu

123 1438 326 1505 pluralis,
365 1439 416 1492 in
448 1438 754 1494 litteratura
782 1439 1093 1508 singularis.

174 1529 438 1584 Enumiata
463 1529 631 1602 248
648 1529 902 1585 Ecclesiae
923 1531 1324 1595 constitutione,
1349 1515 1656 1585 orat‘Deum

122 1621 300 1676 Patrem
352 1631 408 1675 ut.
459 1622 636 1678 ollicio
685 1623 808 1677 Filii
863 1624 1007 1678 istud
1065 1626 1208 1693 quod
1265 1622 1659 1694 proplretizavit

122 1715 562 1787 coutpleaturtsic
591 1734 602 1770 :
641 1717 760 1771 Dixi
791 1719 932 1786 quod
971 1727 1158 1786 gentes
1193 1713 1573 1779 turbabuntur,
1605 1726 1658 1771 ει

124 1819 235 1863 terra
262 1809 580 1876 movebitur,
613 1818 668 1864 et
698 1810 838 1864 Deus
867 1810 1174 1880 confringet
1206 1811 1384 1881 capita
1414 1812 1657 1866 inimico-

121 1915 232 1966 rum,
271 1909 322 1954 et
364 1910 646 1957 convertet
684 1916 778 1956 eos
821 1916 891 1955 ex
939 1903 1107 1956 Busan
1155 1919 1167 1954 :
1211 1911 1264 1958 et
1303 1913 1496 1957 caetera
1534 1903 1658 1958 talia

123 2007 214 2060 quze
251 1991 462 2062 prmdixi
510 1991 660 2046 ﬁent.
710 1991 777 2046 Et
809 2001 865 2046 ut
895 1993 1011 2048 haec
1051 1993 1230 2047 omnia
1265 1993 1657 2062 compleantur,

122 2079 283 2134 Handa
317 2081 453 2136 Deus
493 2082 658 2136 Pater
699 2082 802 2137 hoc
845 2084 1025 2137 virtuti
1065 2095 1190 2150 truc,
1237 2085 1287 2137 id
1326 2093 1408 2139 est
1447 2085 1658 2153 impone

122 2171 200 2227 hoc
222 2171 436 2228 cilicium
471 2172 614 2228 Filio
654 2184 763 2238 tuo,
795 2173 885 2244 qui
916 2188 1011 2244 per
1035 2175 1333 2244 emphasim
1360 2177 1464 2230 erit
1489 2177 1658 2230 virtus

124 2267 214 2324 tua,
259 2277 348 2330 per
393 2277 560 2332 quem
608 2262 881 2316 diabolum
935 2265 1258 2318 mirabiliter
1302 2265 1654 2335 expugnabis.

121 2349 171 2402 Et
192 2362 454 2420 postquam
489 2353 608 2407 haec
643 2368 740 2421 per
763 2352 958 2408 Filium
995 2349 1366 2424 compleveris,
1403 2357 1656 2424 conﬁrma

123 2440 194 2492 hac
217 2443 340 2508 quod
371 2451 630 2512 operatus
659 2457 741 2507 es,
775 2443 824 2496 id
853 2453 937 2498 est
958 2446 1097 2514 quod
1127 2456 1368 2514 operatus
1396 2463 1448 2499 es
1476 2447 1526 2500 in
1559 2463 1656 2501 no-

125 2527 196 2582 bis.
221 2527 359 2597 Quod
389 2530 689 2587 est'dicere
716 2551 728 2586 :
777 2531 1055 2589 Constituc
1085 2533 1383 2590 Ecclesiam
1411 2551 1476 2591 ex
1516 2544 1659 2592 utro-

123 2633 202 2687 que
237 2623 442 2692 populo,
487 2631 548 2679 et
589 2623 882 2693 perfectam
931 2624 1017 2680 fac
1064 2626 1118 2680 in
1159 2627 1306 2682 muni
1349 2628 1654 2692 sanctitate,

124 2719 164 2764 et
186 2722 287 2782 post
317 2729 432 2768 eam
471 2715 758 2782 conﬁrma,
784 2730 853 2770 ne
875 2715 1109 2770 deﬁciat.
1155 2717 1288 2770 Cum
1325 2717 1458 2770 dicit
1488 2717 1652 2780 nobis,

123 2802 290 2858 confert
315 2819 368 2860 se
391 2807 442 2860 in
464 2805 766 2861 Ecclesiam
786 2804 1046 2872 futuram,
1065 2807 1188 2876 quia
1211 2807 1311 2862 ﬁde
1335 2806 1447 2876 jam
1475 2809 1649 2862 Eccle-

123 2893 194 2948 sia:
232 2896 526 2952 membrum
575 2909 713 2952 erat.
755 2898 904 2964 Dico,
945 2899 1160 2965 oranda,
1210 2899 1261 2953 id
1309 2909 1392 2954 est
1443 2901 1656 2969 impone

126 2986 349 3053 negotium
373 2987 780 3044 constitutionis
802 2987 1056 3044 Ecclesiae
1076 2988 1214 3045 Filio
1239 2999 1329 3045 tuo
1354 3008 1366 3044 :
1394 2990 1655 3060 Incipiens

125 3090 148 3124 ιι
170 3076 328 3146 templo
357 3091 544 3134 sancto
579 3089 690 3146 tuo,
721 3082 860 3151 quod
897 3091 972 3135 est
1009 3083 1063 3136 in
1097 3083 1450 3147 Hierusalem,
1489 3083 1539 3136 id
1574 3095 1652 3138 est

128 3166 342 3238 incipiens
374 3173 713 3229 constituere
750 3174 922 3244 ipsam
955 3175 1246 3231 Ecclesiam
1287 3176 1354 3230 ab
1393 3176 1497 3230 illis
1526 3191 1657 3230 con-

125 3261 371 3327 vertendis,
414 3263 516 3333 qui
563 3263 856 3324 existentes
901 3264 954 3318 in
999 3263 1355 3330 Hierusalem,
1401 3265 1452 3318 id
1489 3265 1657 3319 estin

125 3347 305 3409 iudaice
343 3354 566 3425 pepulo,
595 3365 757 3409 erunt
796 3357 1052 3426 templum
1093 3368 1340 3411 sanctum
1383 3367 1554 3422 tuum,
1605 3357 1658 3411 in

126 3444 278 3509 quibus
308 3447 558 3502 ﬁdelibus
603 3447 762 3502 factis
806 3448 1119 3518 spiritaliter
1163 3449 1452 3504 habitabis.
1506 3448 1658 3516 Quod

127 3538 370 3594 estdicere
398 3559 411 3593 :
439 3541 491 3594 Α
524 3539 724 3596 Judzcis
763 3541 835 3595 sit
871 3541 1194 3610 principium
1225 3541 1498 3597 Ecclesiaz.
1533 3541 1660 3597 llic-

128 3628 315 3684 rusalem
341 3647 468 3688 vero
500 3633 624 3701 quia
655 3633 849 3687 civitas
882 3641 964 3686 est
996 3634 1048 3686 in
1072 3634 1279 3698 Judaca,
1310 3650 1405 3704 pro
1435 3633 1660 3689 Judaico

126 3719 279 3786 populo
303 3737 537 3794 congrue
565 3724 814 3778 sumitur.
844 3724 910 3778 Et
938 3725 982 3778 si
1011 3723 1111 3779 hoc
1132 3723 1268 3780 Filio
1297 3725 1658 3790 mandaveris,

127 3807 195 3861 tibi
219 3812 413 3879 offerent
444 3829 592 3884 reges
628 3831 871 3879 munera,
916 3815 969 3870 id
1005 3824 1088 3869 est
1123 3815 1274 3870 mttlti
1314 3830 1376 3868 ex
1413 3816 1661 3883 gentibus

127 3897 353 3958 etludteis
382 3918 540 3974 reges
585 3904 666 3958 sui
700 3905 867 3975 ipsius
915 3905 1064 3967 iacti,
1113 3903 1342 3959 offerent
1392 3919 1512 3959 sese
1557 3904 1654 3959 tibi

127 4002 329 4058 munera,
375 4003 434 4048 ut
484 4009 611 4050 suas
662 3996 966 4052 voluntates
1013 3995 1409 4067 postponendo,
1459 4010 1518 4050 se
1565 3995 1659 4050 tibi

131 4079 394 4151 subjiciam,
440 4093 504 4139 et
550 4085 647 4140 tibi
687 4086 786 4140 soli
836 4087 1108 4142 obediant.
1141 4084 1448 4141 Prtevidens
1480 4094 1659 4140 autem

132 4164 355 4240 Propheta
385 4177 438 4232 in
473 4176 709 4231 Ecclesia
739 4175 934 4230 multas
963 4175 1340 4230 haereticorum
1368 4177 1662 4232 seditiones

127 4272 219 4316 esse
243 4262 472 4332 futuras,
501 4275 624 4321 orat
647 4265 812 4320 Deum
847 4274 906 4318 ut
943 4279 1034 4321 eas
1066 4274 1369 4336 compescat
1402 4267 1480 4322 sic
1505 4283 1518 4320 :
1543 4265 1658 4322 Non

127 4351 262 4408 solum
289 4372 380 4412 oro
409 4367 472 4412 ut
496 4357 718 4412 mandes
750 4357 851 4412 hoc
887 4357 1162 4426 negotium
1191 4358 1376 4412 virtuti
1412 4365 1535 4422 tuae,
1567 4358 1661 4414 sed

1761 539 1826 578 eo
1855 527 1997 599 quod
2031 527 2245 595 superbi
2289 537 2447 582 erunt
2487 537 2545 582 ut
2577 529 2713 582 tauri
2755 531 2843 600 qui
2887 533 3146 590 cervicosi
3189 547 3333 604 sunt,

1761 614 1864 668 erit
1914 616 1967 668 in
2013 617 2180 670 vaccis
2227 618 2540 686 papulorum
2597 619 2850 684 ﬁdelium,
2903 621 2955 676 id
2997 637 3078 679 est
3131 627 3183 680 in
3222 627 3337 696 jam

1762 705 1922 761 dictis
1963 705 2230 773 ﬁdelibus,
2263 709 2354 776 qui
2398 708 2602 763 debiles
2643 719 2806 764 erunt
2856 709 2920 764 ad
2969 714 3182 768 modum
3214 732 3338 774 vac-

1762 813 1973 864 carum,
2004 814 2122 868 qua:
2152 799 2443 853 debiliores
2473 809 2596 852 sunt
2618 803 2806 855 tauris.
2839 799 2992 868 Quod
3016 813 3097 857 est
3122 805 3356 864 dicere;

1763 888 1912 943 Multi
1970 897 2130 944 erunt
2180 889 2460 963 haeretici,
2517 891 2608 960 qui
2657 891 2758 946 sibi
2811 893 3008 948 multus
3053 893 3336 950 idiotarum

1761 979 2198 1034 conformabunt.
2251 978 2327 1032 l\'e
2359 995 2487 1033 vero
2512 979 2788 1035 videretur
2813 981 2954 1037 Deus
2986 998 3080 1038 eos
3120 986 3336 1053 permit-

1764 1082 1876 1126 tere
1917 1070 2215 1136 dominari,
2263 1071 2379 1125 sine
2425 1071 2572 1126 omni
2621 1087 2842 1126 suorum
2886 1073 3146 1140 utilitate,
3197 1077 3336 1144 quod

1764 1165 2145 1219 inconveniens
2185 1152 2614 1229 existimaretur,
2653 1165 2800 1218 addit
2830 1178 2844 1217 :
2877 1163 2956 1218 Ad
2993 1167 3093 1220 hoc
3131 1166 3334 1221 scilicet

1760 1258 1814 1308 in
1839 1257 2008 1309 vaccis
2033 1255 2364 1325 populorum,
2391 1267 2444 1309 ut
2475 1255 2752 1309 excludant
2783 1272 2811 1309 a
2845 1272 3022 1311 massa
3055 1257 3337 1312 idiotarum

1759 1363 1846 1401 eos
1883 1348 1973 1417 qui
2007 1347 2211 1416 probati
2244 1357 2396 1413 sunt,
2434 1348 2484 1400 id
2516 1357 2597 1402 est
2627 1346 2858 1416 perfecti
2911 1338 2964 1400 in
3015 1363 3254 1418 argento,
3287 1351 3340 1405 id

1761 1449 1844 1495 est
1875 1441 1927 1494 in
1957 1439 2255 1510 Scriptura,
2287 1455 2406 1510 qua:
2433 1440 2598 1494 nitida
2630 1449 2712 1494 est
2744 1447 2801 1493 ut
2828 1451 3142 1508 argentum;
3173 1442 3254 1496 vel
3286 1443 3337 1497 in

1761 1544 2018 1603 argento,
2053 1535 2103 1588 id
2133 1544 2216 1589 est
2247 1535 2300 1587 in
2334 1532 2583 1587 facundia
2614 1533 2750 1587 bene
2790 1535 3096 1600 resonanti,
3128 1535 3192 1586 ad
3227 1549 3330 1588 mo-

1761 1624 1884 1678 dum
1916 1626 2149 1695 argenti.
2182 1623 2333 1690 Quod
2379 1632 2460 1678 est
2505 1624 2685 1677 dicere
2723 1640 2735 1676 :
2782 1623 2849 1678 Ut
2895 1637 2993 1694 per
3031 1640 3214 1680 eorum
3253 1639 3337 1679 sc-

1761 1716 2097 1786 paralionem
2151 1733 2179 1771 a
2230 1715 2479 1770 fidelibus
2522 1716 2890 1784 sapientibus,
2947 1729 3243 1784 appareant
3285 1725 3341 1770 ct

1691 1789 1732 1846 Β
1763 1809 2172 1864 manifestentur
2211 1809 2308 1878 ipsi
2349 1808 2552 1868 ﬁdeles,
2597 1809 2646 1860 iu
2681 1806 3083 1876 Scripturarut'n
3116 1807 3336 1862 scientia

1760 1911 1814 1956 et
1851 1900 2242 1974 inploqucntia
2285 1900 2518 1970 probati.
2563 1899 2664 1966 Qui
2707 1900 2864 1952 aliter
2911 1915 3016 1952 non
3064 1897 3337 1953 manifesti

1761 1994 1973 2058 tierent,
2015 1992 2170 2062 juxta
2218 1992 2362 2060 quod
2404 1990 2693 2058 Apostolus
2747 1991 2942 2045 asserit
2987 2007 2998 2041 :
3051 2008 3068 2040 ι
3118 1989 3342 2060 Oportet

1761 2081 1996 2138 hau‘eses
2027 2099 2171 2147 esse,
2201 2079 2258 2136 ut
2287 2086 2376 2153 qui
2409 2085 2616 2152 probati
2649 2091 2794 2148 sunt,
2825 2080 3094 2135 manifesti
3125 2079 3254 2135 ﬁant
3281 2082 3336 2134 in

1761 2178 1914 2232 vobis
1944 2176 1992 2246 (1
2027 2175 2151 2231 Cor.
2177 2193 2254 2242 xi,
2283 2178 2392 2248 19).
2430 2197 2448 2229 ι
2495 2177 2810 2242 ιίαῖεΙιιιΙίιηι,
2841 2191 2938 2246 pro
2971 2176 3338 2242 manifestent,

1759 2281 1857 2336 per
1881 2267 2286 2322 similitudinem
2317 2267 2518 2337 penita
2555 2267 2905 2321 similitudine
2943 2265 3146 2320 sciiicet
3173 2265 3338 2329 illius,

1760 2361 1874 2427 qui,
1907 2375 2028 2414 cum
2063 2351 2261 2415 alicubi
2302 2364 2371 2414 εἰ
2406 2360 2663 2424 inclusus,
2699 2376 2802 2412 non
2837 2370 3089 2428 apparet;
3138 2361 3179 2413 si
3212 2376 3340 2414 vero

1758 2452 2089 2513 excluditur,
2121 2461 2345 2522 apparet
2373 2453 2552 2506 statim
2596 2461 2650 2505 et
2682 2453 2732 2503 tit
2769 2450 3107 2505 manifestus.
3140 2450 3341 2504 Nutan-

1759 2543 1885 2597 dutn
1931 2545 2148 2614 quidem
2201 2546 2344 2614 quod
2385 2543 2619 2612 majores
2672 2543 2955 2598 ittc'reticos
2999 2544 3138 2613 [cras
3188 2544 3339 2608 dicit,

1761 2631 1881 2687 illos
1940 2634 2148 2688 scilicet
2190 2634 2281 2704 qui
2330 2633 2570 2704 magistri
2621 2642 2748 2688 sunt
2793 2648 3062 2698 errorum,
3094 2648 3159 2687 eo
3199 2633 3340 2702 quod

1762 2725 1995 2780 immites
2023 2735 2148 2781 sunt
2180 2726 2242 2779 ad
2274 2725 2488 2780 modum
2524 2725 2781 2780 ferarum.
2809 2724 2925 2780 Non
2955 2724 3128 2779 solum
3159 2733 3340 2779 autem

1758 2830 1857 2870 oro
1900 2817 2170 2884 increpari
2225 2816 2388 2880 feras,
2425 2826 2517 2870 seu
2553 2817 2717 2870 etiam
2755 2831 2852 2870 oro
2884 2835 2897 2870 :
2929 2817 3128 2884 dissipa
3165 2828 3341 2885 gemes

1757 2923 1874 2978 qua:
1905 2907 2036 2961 bella
2066 2907 2262 2971 volunt,
2293 2907 2344 2960 id
2374 2917 2453 2961 est
2478 2907 2742 2961 convinco
2761 2908 3000 2960 minores
3031 2907 3340 2970 liazretieos,

1759 2995 2052 3066 discipulos
2101 2995 2385 3064 majorum.
2430 2994 2576 3060 Quos
2623 3005 2812 3066 gentes
2862 2995 2985 3050 ideo
3021 2994 3166 3060 dico,
3197 2999 3341 3066 quod

1759 3087 1914 3140 multi
1957 3095 2138 3141 erunt.
2178 3087 2328 3154 Dico,
2357 3087 2577 3157 dissipa,
2625 3088 2780 3142 idest
2818 3086 2996 3142 divide
3043 3087 3249 3142 scilicet
3284 3098 3344 3143 ut.

1759 3178 2018 3248 quosdam
2063 3179 2143 3232 sic
2189 3179 2480 3234 convincas
2522 3188 2579 3232 ut
2615 3187 3033 3244 convertantur;
3076 3179 3346 3250 quosdam

1759 3280 1938 3324 autem
1981 3270 2304 3339 perdendos,
2338 3270 2674 3326 solummodo
2715 3279 2773 3324 ut
2805 3269 3241 3324 manifestentur.
3277 3271 3344 3324 Et

1761 3362 1956 3416 merito
1987 3361 2302 3429 dissipabis,
2334 3363 2458 3432 quia
2495 3379 2597 3416 non
2627 3363 2806 3416 volunt
2839 3378 3047 3436 pacem,
3078 3360 3170 3417 sed
3200 3363 3342 3417 sedi-

1763 3453 1938 3507 tiones
1975 3452 2027 3505 in
2057 3451 2291 3506 Ecclesia
2320 3461 2371 3507 et
2397 3453 2554 3506 bella.
2581 3453 2643 3507 Et
2674 3454 2898 3507 ita'erit.
2931 3453 3064 3506 Vere
3089 3453 3230 3506 feras
3261 3451 3342 3506 in-

1761 3543 2008 3612 crepabis
2050 3551 2105 3596 et
2153 3551 2339 3612 gentes
2389 3542 2552 3614 249
2607 3543 2890 3612 dissipabis
2925 3532 3337 3614 praedicatores,

1761 3634 1850 3704 qui
1876 3634 2032 3704 legati
2069 3634 2141 3686 tui
2169 3644 2344 3688 erunt.
2377 3634 2510 3687 Natu
2537 3633 2734 3688 venient
2759 3633 2916 3703 legati
2937 3649 3001 3687 ea:
3023 3630 3342 3702 zEgypto,id

1761 3735 1842 3781 est
1871 3742 1937 3782 ex
1967 3743 2142 3781 massa
2171 3735 2512 3794 peccatorum
2546 3725 2596 3778 in
2626 3723 2862 3793 peccatis
2909 3721 3341 3788 tenebrosorum,

1761 3817 1850 3886 qui
1880 3816 2268 3888 peergyptum
2289 3822 2659 3885 competenter
2679 3814 3049 3884 accipiuntur;
3075 3811 3342 3883 Egyptus

1761 3909 1958 3980 quippe
1989 3907 2186 3964 dicitur
2224 3906 2463 3962 teneone.
2510 3904 2661 3972 Quod
2685 3913 2768 3959 est
2813 3905 2994 3959 dicere
3029 3921 3043 3957 :
3096 3903 3244 3957 Multi
3275 3919 3340 3958 ex

1761 3999 2134 4067 peccatoribus
2161 3999 2320 4066 legati
2353 4000 2427 4052 tui
2455 3997 2606 4062 facti,
2632 3987 2854 4050 venient
2882 3996 2948 4049 ad
2971 3995 3073 4049 hoc
3109 4003 3166 4048 ut
3205 4011 3342 4072 pra:-

1762 4089 1966 4145 dicent.
2030 4091 2094 4144 Et
2152 4091 2466 4160 priusquam
2519 4088 2787 4158 Egyptus
2833 4087 3041 4158 legatos
3102 4085 3338 4152 habeat,

1761 4180 2058 4250 zEthiopia,
2101 4181 2152 4235 id
2189 4189 2270 4234 est
2316 4179 2580 4250 ZEgyptus
2625 4179 2934 4247 pra’reniet,
2989 4175 3038 4230 id
3085 4184 3166 4230 est
3216 4186 3342 4230 ante

1761 4269 2040 4326 festinabit
2094 4271 2224 4325 dare
2278 4285 2464 4322 manus
2519 4269 2666 4332 eius,
2717 4267 2772 4321 id
2831 4277 2916 4322 est
2977 4281 3166 4319 rnanus
3215 4281 3342 4322 suas

1763 4361 1903 4428 Deo,
1950 4363 2002 4417 id
2039 4373 2125 4418 est
2183 4376 2362 4416 massa
2413 4361 2828 4416 tenebrosorum
2878 4355 3135 4412 salvanda
3187 4354 3341 4410 festi-

135 4455 230 4497 cum
253 4447 456 4503 videam
503 4449 784 4503 haereticos
826 4447 1022 4504 multos
1060 4448 1112 4503 iu
1147 4448 1387 4504 Ecciesia
1429 4449 1660 4516 futuros,
1694 4477 1738 4532 ι)
1765 4451 1918 4506 nabit
1961 4466 2020 4506 se
2049 4450 2157 4506 Deo
2187 4449 2420 4506 subdere
2452 4463 2548 4518 per
2593 4448 2795 4512 ﬁdem,
2828 4461 2858 4500 a
2893 4444 3249 4500 similitudine
3277 4444 3340 4498 il-

130 4532 199 4600 qui
232 4546 364 4592 recte
403 4536 536 4593 ferte
579 4538 849 4604 dicentur,
894 4552 960 4594 eo
983 4539 1126 4608 quod
1170 4538 1379 4596 feroces
1418 4547 1576 4595 erunt
1607 4547 1661 4595 et

133 4619 508 4693 irrationabiles,
541 4638 594 4684 et
621 4629 858 4684 ﬁdelium
893 4629 1244 4686 devoratores
1270 4640 1329 4684 ut
1357 4629 1500 4694 ferae,
1538 4645 1659 4696 oro,

129 4709 318 4782 increpa,
353 4718 404 4773 id
429 4726 517 4774 est
555 4718 931 4788 increpatione
979 4721 1397 4790 praedicatorum
1445 4727 1659 4774 tuorum

129 4802 362 4871 convince,
390 4805 530 4875 feras
558 4809 835 4863 arundinis
859 4808 1250 4875 devoratriccs,
1279 4809 1330 4864 id
1357 4817 1441 4864 est
1468 4801 1662 4865 divinae

130 4886 401 4962 Scriptum,
448 4914 614 4968 quam
659 4910 1012 4971 corrumpunt
1074 4901 1480 4971 interpretando
1531 4902 1662 4957 sini-

129 4985 214 5036 stre
237 5001 249 5036 :
270 5001 382 5055 qua:
410 4987 694 5061 Scriptura
725 5002 871 5047 recte
899 5007 996 5062 per
1024 4993 1343 5049 arundinem
1377 4994 1658 5064 accipitur,

130 5072 226 5137 quia
257 5080 514 5144 arundine
540 5081 886 5152 antiquorum
923 5071 1040 5139 erat
1075 5083 1335 5138 scribere.
1369 5073 1659 5150 Quasdam,

128 5163 298 5223 scilicet
345 5172 578 5243 increpa,
628 5185 686 5228 ut
735 5183 1125 5230 convertantur
1167 5191 1179 5227 :
1225 5175 1488 5245 quasdam
1536 5190 1664 5230 vero

131 5266 212 5309 “0n
251 5267 657 5331 convertendos,
705 5266 784 5321 sic
831 5277 888 5321 ut
935 5267 1368 5334 manifestentur,
1413 5282 1480 5323 ne
1522 5268 1662 5324 ultra

131 5343 388 5419 decipiant.
429 5355 517 5412 Vel
560 5356 705 5412 feras
747 5358 1116 5414 devoratriccs
1161 5359 1468 5425 arundinis,
1501 5361 1553 5416 id
1582 5371 1666 5417 est

133 5433 306 5500 illorum
352 5449 622 5514 ﬁdelium,
675 5451 768 5522 qui
815 5451 960 5507 leves
997 5461 1052 5506 et
1094 5451 1374 5507 instabiles
1411 5463 1568 5508 erunt
1605 5463 1666 5510 ut

134 5535 346 5603 arundo,
402 5549 457 5594 et
509 5543 600 5612 qui
657 5544 803 5597 omni
857 5554 1016 5598 vento
1067 5545 1325 5600 doctrinm
1379 5545 1664 5602 circumfe-

137 5631 308 5680 rentur.

185 5711 392 5777 Necesse
415 5725 628 5795 quidem
658 5726 761 5781 erit
787 5737 843 5782 ut
871 5727 1138 5801 iucrepes.
1168 5728 1302 5788 Nam
1334 5735 1662 5804 congregatio

1763 4541 1888 4609 lius,
1939 4543 2029 4612 qui
2073 4558 2194 4597 cum
2249 4541 2499 4597 subditus
2538 4538 2824 4610 cujuslibet
2867 4537 3116 4604 cllicitur,
3151 4553 3341 4592 manus

1763 4651 1888 4691 suas
1909 4635 2001 4691 dat
2021 4635 2122 4695 illi.
2151 4634 2428 4704 [Ethiopia
2456 4621 2844 4703 quidemillud
2877 4631 3018 4685 idem
3052 4629 3141 4684 hic
3175 4629 3342 4701 signi-

1764 4724 1892 4780 ﬁcat
1936 4725 2080 4794 quod
2114 4724 2400 4796 1E3yptus,
2429 4738 2534 4778 non
2579 4721 2722 4792 quod
2752 4720 2801 4775 ei
2844 4719 3032 4774 eadem
3075 4719 3147 4774 sit
3177 4718 3340 4773 inter-

1761 4809 2014 4890 pretatio,
2049 4818 2141 4872 sed
2171 4818 2300 4887 quia
2331 4815 2624 4886 zEtbiopiae
2651 4815 2826 4871 coloni
2863 4817 3142 4885 nigerrimi
3190 4822 3337 4867 sunt.

1763 4909 2098 4965 Adhortatur
2123 4925 2252 4965 vero
2275 4923 2465 4964 omnes
2506 4907 2692 4964 ﬁdeles
2717 4909 2950 4977 psallere
2983 4907 3092 4962 Deo
3123 4917 3178 4963 et
3211 4921 3340 4961 cau-

1766 5012 1901 5069 tare,
1931 5004 2174 5078 contuitu
2199 5004 2438 5059 omnium
2488 5004 2680 5058 horum
2727 5002 3186 5073 supradictorum,
3217 4999 3294 5054 sic
3324 5041 3336 5052 .

1763 5094 1904 5165 Ergo
1936 5095 2061 5164 quia
2093 5093 2207 5148 lucc
2234 5093 2414 5148 omnia
2429 5109 2548 5162 quze
2570 5093 2791 5163 prmdixi
2821 5090 3335 5160 complebuntur,reo

1765 5199 1866 5254 gna
1894 5194 2066 5249 terrw,
2102 5183 2156 5238 id
2174 5190 2258 5238 est
2281 5197 2378 5238 vos
2402 5197 2588 5238 omnes
2621 5181 2886 5238 ellieiendi
2919 5193 3082 5248 regna
3118 5177 3232 5242 Dei,
3272 5194 3335 5232 ex

1768 5287 1930 5343 terra,
1965 5277 2016 5332 id
2045 5283 2128 5332 est
2152 5291 2220 5331 ex
2253 5275 2504 5341 terrenis,
2538 5285 2744 5328 cantate
2777 5271 2882 5325 Deo
2912 5269 3150 5336 Christo,
3181 5269 3230 5322 id
3258 5278 3335 5322 est

1766 5370 1980 5425 laudate
2008 5369 2176 5424 Deum
2215 5383 2338 5423 cum
2371 5367 2604 5431 cantico,
2633 5364 2683 5418 id
2721 5371 2805 5416 est
2837 5360 3174 5428 iucunditate
3212 5373 3336 5412 cou-

1768 5461 2090 5531 templativa:
2116 5457 2258 5516 vitae.
2289 5459 2356 5514 Et
2391 5459 2479 5528 qui
2505 5472 2608 5511 non
2639 5454 2865 5525 potestis
2896 5462 3118 5508 cantare
3143 5492 3156 5517 ,
3195 5450 3339 5519 psa.'-

1767 5553 1854 5608 lite
1887 5552 2128 5615 Domino,
2160 5551 2211 5605 id
2257 5559 2341 5606 est
2385 5549 2600 5602 laudate
2651 5546 2938 5600 Dominum
2961 5583 2975 5608 ,
3023 5541 3251 5611 psalmo,
3283 5539 3338 5593 id

1767 5651 1848 5697 est
1873 5640 2012 5694 bona
2045 5640 2358 5711 operatione
2403 5621 2592 5692 activzie
2622 5636 2765 5690 vitte.
2806 5634 2918 5689 Hoc
2965 5622 3144 5687 autem
3180 5623 3338 5698 supe-

1751 5734 1878 5789 'rius
1911 5734 1965 5788 in
1996 5735 2096 5788 hoc
2136 5733 2320 5788 eodem
2368 5730 2575 5797 psalmo
2615 5730 2815 5786 dietum
2863 5737 2966 5798 est,
3017 5726 3105 5783 ubi
3160 5727 3334 5783 dixit:

3837 2513 3839 2536 χ

3837 2621 3839 2662 l

3837 2667 3839 2780 l
