3846 6334
480 266 579 320 967

1044 259 1101 313 S.
1144 254 1491 312 BRUNONIS
1522 250 2165 310 CARTIIUSIANORUM
2209 251 2691 312 lNSTlTUTORlS
2732 208 2885 312 CPP.
2921 256 3098 313 PARS
3132 258 3175 312 Ι.

3625 267 3711 325 938

476 385 694 429 Lantate
719 370 845 436 Deo,
877 369 1135 440 psalmum
1177 369 1332 421 dicite
1369 366 1565 419 nomini
1603 364 1735 433 ejus.
1763 363 1867 417 Sed
1892 377 2051 430 supe-
2080 368 2125 423 Α
2158 379 2307 416 suam
2334 364 2383 417 iu
2412 364 2862 433 futuroexaltare,
2881 369 3058 424 dando
3086 372 3132 424 ei
3159 370 3527 431 fortitudinem
3554 388 3710 437 etvtr.

481 467 593 518 rius
617 466 683 517 ad
710 462 1013 531 primitivos
1041 462 1242 513 dictant
1266 468 1369 524 est,
1403 458 1489 512 hic
1542 466 1721 510 autem
1753 456 1953 509 dicitur
1989 455 2055 509 ad

479 569 667 607 otnm-s
697 552 898 605 ﬁdeles.
945 548 1190 614 Psallite,
1226 550 1470 616 inquam,
1512 546 1650 607 Deo,
1697 545 1787 612 qui
1823 546 2055 597 ascendit

482 661 635 706 super
664 643 845 695 coelum
872 640 1006 703 cadi,
1034 640 1085 693 id
1112 648 1194 693 est
1227 639 1333 692 Deo
1373 638 1462 706 qui
1488 634 1780 689 secundum
1813 634 2057 687 humani-

448 778 451 781 ,
485 744 645 785 lillt‘lll
694 732 948 784 ascendet
991 744 1146 799 super
1196 728 1408 790 uelum,
1449 724 1497 777 id
1538 734 1621 778 est
1656 738 1818 791 super
1872 723 2055 775 firma-

488 833 726 876 tuClIllllll
758 823 869 873 caeli
897 821 1027 872 aerii
1062 818 1479 887 complexivum,
1513 815 1562 867 id
1584 824 1664 867 est
1695 813 2057 882 complectens

486 916 535 964 in
562 929 619 966 se
672 922 839 966 totqu
885 924 1087 975 aerem,
1121 918 1319 962 terram
1356 921 1505 959 mare
1550 913 1603 957 et
1630 903 1807 957 omnia
1852 918 1969 971 qua:
2001 902 2054 955 in

479 1007 558 1055 eis
603 1013 751 1055 sunt.
810 1000 1144 1054 Determiuat
1191 1012 1404 1067 quoque
1451 996 1624 1050 locum
1687 992 1827 1047 unde
1869 1006 2059 1047 ascen-

482 1093 581 1158 dit,
605 1093 669 1143 ad
703 1093 825 1146 fidei
851 1102 1049 1146 nostrae
1073 1091 1559 1157 conlirmatimiem,
1578 1093 1689 1147 sic:
1717 1095 1845 1150 Dico
1871 1111 2058 1150 ascen-

480 1184 569 1234 det
606 1183 798 1236 coelum
844 1191 897 1235 et
929 1183 1029 1235 hoc
1057 1183 1124 1233 ad
1157 1181 1428 1243 orientem,
1457 1181 1509 1234 id
1554 1192 1637 1236 est
1679 1201 1863 1240 versus
1889 1186 2060 1241 orien-

483 1287 611 1341 tem,
640 1276 844 1329 srilicct
869 1290 897 1327 a
938 1282 1119 1327 monte
1148 1271 1363 1336 Oliveti,
1399 1273 1487 1341 qui
1521 1273 1851 1330 Hierusalem
1891 1292 2056 1346 oppo-

479 1370 614 1418 situs
645 1375 728 1419 est
752 1367 817 1419 ab
844 1367 1093 1419 orientali
1124 1368 1300 1437 plaga.
1330 1369 1425 1422 Vel
1455 1369 1730 1432 ascendet,
1770 1369 1820 1422 id
1850 1379 1934 1423 est
1976 1370 2059 1423 di-

479 1456 683 1523 gnitate
709 1470 803 1507 sua
830 1456 1234 1523 sublimabitur,
1276 1474 1446 1525 usque
1473 1458 1538 1510 ad
1577 1458 1862 1523 orientem,
1897 1458 1946 1510 id
1978 1467 2060 1512 est

482 1561 648 1613 usque
698 1548 763 1598 ad
800 1546 902 1599 hoc
938 1547 1133 1616 dignus
1168 1548 1273 1600 crit
1326 1556 1385 1599 ut
1437 1548 1795 1627 persopalitcr
1844 1548 2061 1602 uuiatur

482 1634 658 1689 Verbo
688 1638 800 1703 Dei,
834 1638 975 1707 quod
1030 1637 1080 1690 in
1108 1648 1364 1691 aeternum
1397 1648 1449 1693 et
1480 1638 1821 1694 ineli'abiliter
1864 1642 2055 1707 oritur,

478 1728 532 1781 id
564 1738 647 1782 est
682 1738 971 1798 generatur
1003 1745 1029 1781 a
1064 1728 1242 1783 Patre.
1273 1731 1401 1784 Dico
1425 1773 1438 1796 ,
1494 1731 1763 1796 ascendet,
1799 1732 1908 1801 ipse
1936 1732 2057 1787 dico
2092 1714 2130 1769 ιτ

477 1819 718 1871 existens
749 1818 993 1872 sublimis
1018 1836 1172 1888 super
1192 1820 1375 1873 ca’lum
1411 1822 1658 1890 superius
1691 1822 1803 1876 τωιὶ
1836 1822 2057 1921 ἰπιΐθιοίο-

480 1910 555 1963 ris
582 1910 999 1980 eomplexivum,
1046 1912 1096 1964 id
1128 1920 1211 1965 est
1240 1910 1452 1982 dignior
1499 1910 1901 1968 sublimioribus
1937 1914 2057 1968 caeli

480 2002 709 2066 civibus,
760 2002 850 2072 qui
891 2002 943 2056 in
989 2012 1255 2073 potestate
1304 2005 1639 2075 principatus
1688 2006 1768 2060 sui
1823 2008 2060 2061 minores

487 2093 711 2162 spiritus
733 2093 1189 2163 complectuntur.
1224 2095 1375 2162 Dico,
1406 2096 1613 2166 psallite
1639 2106 1693 2151 et
1721 2108 1928 2153 cantate
1948 2140 1962 2164 ,
2008 2109 2061 2152 et

484 2182 586 2235 hoc
608 2180 855 2237 faciendo
879 2183 999 2236 date
1027 2184 1247 2254 gloriam
1277 2185 1403 2252 Deo,
1429 2186 1479 2239 id
1506 2197 1587 2240 est
1620 2186 1743 2241 date
1771 2188 2059 2257 gloriosam

481 2272 691 2327 laudem
728 2275 863 2340 Deo;
911 2292 1013 2329 non
1063 2286 1375 2347 reputantes
1421 2294 1515 2333 vos
1556 2294 1586 2332 a
1622 2280 1774 2334 vobis
1817 2281 1919 2337 hoc
1964 2282 2062 2335 ha—

481 2363 629 2428 bere,
661 2365 801 2433 quod
829 2381 950 2420 eum
985 2366 1204 2421 laudare
1228 2371 1473 2438 potestis,
1504 2371 1594 2424 sed
1626 2371 1692 2424 ab
1719 2374 1905 2426 eodem
1931 2372 2058 2428 Deo.

478 2454 734 2525 Alioquin
767 2457 998 2527 gloriosa
1045 2458 1163 2513 laus
1191 2476 1295 2513 non
1343 2472 1509 2514 esset.
1544 2463 1607 2515 Et
1649 2463 1866 2533 dignum
1897 2473 2063 2519 estut

481 2548 586 2603 hoc
623 2558 791 2603 totum
827 2550 1057 2605 faciatis.
1099 2550 1235 2605 Ecce
1261 2554 1405 2607 enim
1452 2555 1505 2608 in
1549 2556 1800 2624 prmsenti
1832 2571 1936 2610 non
1970 2556 2060 2610 diu

482 2640 740 2705 tardabit,
775 2642 985 2697 scilicet
1031 2652 1153 2713 post
1182 2660 1423 2714 praesens
1453 2646 1707 2700 saeculum
1760 2649 1902 2716 quod
1943 2648 2063 2703 bre-

482 2734 765 2787 vissimum
819 2745 923 2800 est,
980 2736 1045 2789 ad
1105 2739 1564 2806 comparationem
1609 2740 1723 2800 Dei,
1773 2741 1914 2793 dabit
1954 2742 2063 2794 voci

480 2841 592 2878 sua-
615 2865 651 2895 ,.
674 2842 844 2879 vocem
876 2830 1081 2881 virtutis
1115 2843 1253 2893 esse,
1281 2831 1332 2883 id
1361 2840 1444 2884 est
1484 2828 1642 2884 faciet
1683 2846 1869 2886 vocem
1913 2848 2063 2886 suam

481 2928 601 2968 esse
633 2928 819 2968 vocem
849 2915 1144 2970 virtuosam
1180 2926 1233 2969 et
1258 2927 1553 2986 potentem,
1586 2919 1813 2974 dicendo
1843 2934 1857 2973 :
1894 2938 1911 2971 ι
1945 2921 2063 2975 Dis-

481 3004 653 3059 cedite
685 3020 715 3058 a
746 3020 850 3069 me,
877 3006 1145 3061 maledicti
1171 3006 1386 3079 (Matth.
1430 3024 1554 3073 xxv,
1580 3008 1704 3079 41),
1752 3029 1771 3061 ι
1802 3020 1906 3064 etc.
1934 3050 1948 3075 ,
1975 3011 2064 3079 qui

483 3096 537 3151 "n
569 3098 817 3167 passione
846 3098 1103 3154 humilem
1127 3116 1312 3155 vocem
1343 3101 1581 3168 habebit,
1607 3101 1864 3156 dicendo:
1893 3120 1911 3153 ι
1943 3102 2066 3157 Tri-

486 3187 584 3241 stis
613 3198 696 3241 est
716 3188 893 3242 anima
922 3205 1034 3244 mea
1061 3189 1275 3261 ttlIattlt.
1305 3207 1453 3255 x-xn,
1477 3191 1591 3260 58),
1611 3211 1629 3242 ι
1667 3202 1719 3245 et
1745 3202 1935 3247 cetera
1974 3194 2070 3247 lut-

479 3277 736 3347 jusmodi.
761 3279 836 3331 Ac
868 3279 911 3333 si
948 3279 1092 3333 dicat
1126 3297 1139 3333 :
1171 3280 1410 3335 Laudato
1439 3296 1561 3335 eum
1613 3282 1701 3351 qui
1750 3291 1940 3351 potens
1979 3299 2072 3353 ap-

486 3370 697 3438 parebit
723 3370 773 3423 in
800 3369 1027 3438 judicio,
1058 3372 1362 3427 nolentibus
1392 3389 1515 3427 eum
1553 3375 1742 3429 audire
1773 3375 1824 3428 in
1855 3376 2072 3430 humilis

489 3461 751 3515 doctrina)
787 3461 1045 3532 alloquio,
1091 3478 1158 3517 ne
1184 3478 1278 3517 vos
1311 3472 1436 3518 tunc
1462 3464 1605 3533 juste
1637 3466 1893 3531 damnet,
1940 3465 1983 3519 si
2014 3466 2065 3519 in

490 3551 608 3621 ejus
654 3551 811 3606 laude
859 3552 1073 3607 fueritis
1104 3554 1458 3625 neglectores.
1493 3556 1556 3607 Et
1590 3556 1707 3609 ideo
1736 3556 1909 3610 adhuc
1952 3556 2072 3611 date

491 3642 757 3712 gloriam,
810 3644 935 3713 quia
985 3654 1110 3700 tunc
1160 3646 1546 3716 magniﬁcentia
1596 3646 1711 3716 ejus
1762 3647 1867 3701 erit
1912 3664 2073 3717 super

492 3734 675 3801 lsrael,
705 3736 756 3789 id
798 3745 880 3790 est
919 3752 983 3791 ex
1012 3738 1277 3807 superiori
1321 3739 1671 3809 dispositione
1720 3756 1814 3795 sua
1865 3741 2073 3810 magni-

497 3826 681 3880 ﬁcabit
714 3826 763 3881 in
802 3828 972 3898 gloria
1002 3829 1201 3885 electos
1226 3846 1291 3885 ex
1320 3830 1866 3901 Israeliticopopulo,
1895 3841 1941 3885 et
1972 3831 2074 3884 vir-

495 3928 577 3970 tus
603 3918 715 3987 ejus
738 3919 843 3972 erit
868 3919 921 3972 in
948 3919 1205 3985 nubibus;
1254 3921 1305 3974 id
1338 3930 1421 3975 est
1448 3921 1726 3975 beatitudo
1754 3931 1810 3975 et
1834 3922 2074 3991 potentia

490 4007 765 4079 jtzdicaudi
796 4009 1054 4063 mundum
1100 4010 1168 4064 ab
1193 4026 1257 4065 eo
1282 4011 1405 4064 data
1440 4011 1491 4064 in
1532 4010 1807 4079 apostolis,
1832 4012 2078 4081 quisunt

497 4102 688 4167 nubes,
737 4102 787 4156 id
826 4112 908 4157 est
945 4110 1106 4157 erunt
1152 4101 1409 4156 Ecclesiae
1460 4102 1824 4173 complutores
1869 4100 1939 4157 in
1978 4106 2077 4159 hac

497 4192 628 4247 vita.
680 4190 838 4245 Juxta
896 4193 1041 4262 quod
1088 4191 1218 4246 dicit
1261 4209 1274 4244 :
1324 4210 1341 4242 ι
1386 4186 1655 4245 Sedebitis
1712 4206 1875 4260 super
1923 4192 2080 4248 sedes

497 4283 778 4338 duodecim
799 4284 1108 4354 judicautes
1134 4284 1419 4339 duodecim
1459 4283 1635 4337 tribus
1664 4283 1828 4338 lsrael
1861 4283 2075 4352 (Matth.

2161 462 2345 507 llilCﬂl.
2398 496 2401 501 η

2579 546 2645 599 ΙΝ
2697 546 3029 603 PSALMUM
3061 547 3312 605 'LXVIII.

2227 634 2422 689 Psalmi
2462 639 2781 706 sexagesimi
2829 641 3005 694 octavi
3047 643 3248 696 titulus.
3285 643 3351 697 In
3389 646 3539 714 ﬁnem
3581 649 3713 708 Ριαιί.

2157 743 2272 780 mus
2295 743 2386 795 pro
2409 728 2488 781 Itis
2511 731 2600 798 qui
2623 731 3082 783 commutabantnr
3117 733 3312 787 Dauid.
3353 736 3501 803 Quod
3528 741 3599 794 sic
3634 758 3711 798 ex-

2158 817 2375 883 ponitur
2404 836 2416 870 :
2463 818 2705 873 Psalmus
2746 822 2847 872 iste
2877 821 2988 889 agit
3014 837 3108 889 pro
3161 824 3267 887 lus,
3302 826 3353 879 id
3387 837 3467 879 est
3504 844 3593 897 pro
3625 834 3712 884 uti-

2159 906 2312 960 litate
2341 922 2527 960 eorum
2570 909 2658 978 qui
2705 912 3165 963 contmutabuntur
3208 913 3381 966 Dat-id
3412 916 3629 984 Christo,
3670 923 3710 975 id

2159 1006 2242 1051 est
2285 1001 2599 1052 commutati
2652 1001 2716 1054 de
2744 1009 3015 1055 vetustate
3042 1001 3169 1056 Adze
3197 1044 3212 1068 ,
3262 996 3712 1065 conformabuntur

2158 1092 2382 1145 novitati
2436 1092 2658 1146 Christi.
2725 1094 2851 1147 Dico
2897 1098 3407 1162 commutabuntar,
3454 1109 3505 1153 et
3550 1101 3712 1157 hocin

2159 1184 2351 1253 ﬁnem,
2396 1185 2444 1237 id
2492 1194 2574 1239 est
2614 1186 2665 1240 in
2728 1187 3020 1255 perfectam
3077 1193 3575 1246 cammutatiouem.
3632 1194 3711 1251 llic

2159 1277 2367 1330 scilicet
2412 1279 2871 1331 contmutabuntur
2915 1291 2968 1331 et
3027 1279 3516 1336 conformabuntur
3551 1284 3595 1337 ei
3638 1299 3708 1339 se-

2161 1367 2395 1419 cundum
2426 1368 2768 1420 sanctitatem
2808 1376 2861 1421 et
2907 1368 3305 1435 innocentiam,
3347 1382 3504 1440 prout
3531 1372 3604 1427 eis
3628 1378 3712 1428 erit

2161 1454 2438 1526 possibile,
2486 1458 2536 1509 in
2587 1456 2766 1512 futuro
2791 1473 2917 1511 vero
2957 1461 3255 1513 secundum
3289 1460 3709 1517 immortalitatem

2162 1557 2216 1601 et
2270 1549 2780 1618 impassibilitatem.
2834 1550 2899 1603 Et
2962 1550 3098 1605 bene
3156 1554 3379 1621 quidem
3440 1555 3710 1609 intitulatur

2160 1638 2393 1707 psalmus
2417 1639 2630 1709 :Agere
2674 1655 2770 1708 pro
2802 1641 3032 1695 utilitate
3077 1657 3268 1695 eorum
3307 1644 3399 1711 qui
3448 1655 3711 1698 commuta-

2162 1732 2379 1785 huntur.
2406 1731 2537 1784 Cum
2573 1740 2626 1784 et
2659 1732 2859 1785 Christi
2894 1734 3245 1797 resurrectio,
3276 1735 3457 1789 futura
3487 1737 3552 1790 sit
3573 1754 3705 1790 causa

2161 1822 2318 1891 hujus
2346 1824 2815 1888 cotmnutationis;
2857 1832 2911 1878 et
2944 1840 3064 1878 cum
3109 1824 3363 1880 Christus
3388 1827 3475 1879 hic
3502 1827 3710 1879 introdu-

2161 1926 2316 1969 eatur
2372 1932 2536 1970 orans
2592 1917 2658 1970 de
2718 1917 3022 1971 constantia
3078 1926 3133 1971 et
3191 1919 3259 1973 de
3328 1919 3703 1973 resurrectione.

2161 2005 2329 2060 Orare
2356 2005 2521 2060 etiam
2569 2006 2711 2059 haud
2764 2005 2985 2059 dubium
3036 2015 3119 2061 est
3171 2023 3333 2068 eum,
3380 2022 3473 2077 pro
3518 2023 3704 2060 suorum

2162 2098 2664 2153 commutandarum
2706 2097 2956 2152 utilitate.
3006 2097 3258 2153 Ostendit
3298 2114 3508 2167 quoque
3537 2100 3582 2152 in
3625 2100 3704 2152 hoc

2163 2191 2372 2260 psalmo
2427 2190 2734 2259 passionem
2802 2204 2977 2253 suam,
3015 2198 3071 2243 ut
3122 2191 3384 2258 passione
3428 2190 3600 2244 eadem
3640 2204 3705 2242 te-

2164 2280 2405 2349 den'ptos
2435 2278 2696 2332 obnoxios
2747 2278 2848 2333 sibi
2904 2278 3117 2341 reddat,
3148 2288 3205 2333 et
3242 2294 3343 2348 pro
3393 2294 3450 2332 se
3501 2276 3700 2347 patiendi

2163 2370 2467 2440 exemplum
2528 2371 2745 2425 tribuat.
2806 2371 2930 2438 Agit
2988 2370 3212 2439 insuper
3270 2372 3339 2426 de
3399 2371 3701 2424 inimicorum

2165 2462 2507 2516 damnatione
2533 2462 2872 2525 multimoda,
2918 2471 2976 2515 ut
3026 2477 3152 2516 suos
3202 2462 3273 2516 ab
3315 2476 3495 2515 eorum
3519 2460 3699 2515 eo:.lor-

2165 2555 2353 2607 mitate
2404 2554 2664 2607 retrahat.
2701 2552 2754 2606 In
2804 2552 2908 2607 line
2955 2567 3085 2606 vero
3135 2553 3331 2621 psalmi
3371 2567 3494 2606 suos
3529 2553 3587 2605 ad
3626 2548 3699 2602 Dei

2166 2645 2375 2701 laudem
2430 2645 2782 2709 exhortatur,
2826 2645 2891 2698 de
2931 2659 3161 2713 quorum
3213 2645 3451 2699 breviter
3490 2646 3587 2713 agit
3616 2641 3700 2694 sal-

2165 2736 2402 2791 vatione.
2772 2720 2791 2735 ⁵

2238 2825 2452 2880 Salvum
2480 2842 2558 2879 me
2581 2824 2685 2893 fac,
2724 2823 2864 2880 Deus
2892 2825 3075 2892 Pater,
3108 2826 3359 2881 faciendo
3384 2832 3695 2886 constantem,

2167 2927 2222 2973 et
2250 2918 2643 2973 resuscitando.
2681 2918 2746 2971 Et
2774 2931 2997 2973 necesse
3031 2927 3113 2973 est
3141 2928 3205 2973 ut
3253 2921 3356 2974 hoc
3397 2934 3555 2983 orem,
3588 2932 3694 2982 quo-

2170 3009 2309 3062 niam
2339 3024 2511 3078 aqum,
2548 3008 2599 3061 id
2644 3017 2727 3062 est
2771 3006 2939 3062 Judati
2979 3009 3330 3072 intraverunt,
3366 3008 3415 3060 id
3458 3015 3533 3061 est
3560 3006 3697 3057 intra.

2169 3100 2303 3153 bunt
2328 3115 2489 3168 usque
2518 3097 2585 3151 ad
2620 3098 2852 3151 animam
2888 3114 3080 3163 meam,
3103 3098 3469 3154 auferendam.
3487 3097 3616 3164 Quoi
3633 3102 3698 3147 est

2170 3188 2350 3242 dicere
2379 3202 2392 3240 :
2435 3187 2539 3257 Ipsi
2568 3188 2658 3256 qui
2691 3188 2780 3241 diu
2807 3187 3168 3254 voluntatem,
3193 3190 3696 3244 habueruutmorlem

2172 3294 2344 3334 meam
2397 3280 2675 3348 operandi,
2716 3288 2770 3333 et
2822 3295 2927 3333 non
2962 3288 3287 3350 potuerunt,
3341 3295 3456 3335 cum
3502 3277 3696 3330 nondum

2170 3378 2314 3423 esset
2347 3377 2554 3437 tempus
2576 3383 2708 3423 meae
2739 3368 3006 3438 passionis
3035 3385 3060 3422 a
3097 3369 3208 3427 Deo
3254 3370 3575 3439 dispositum,
3608 3373 3699 3418 tan-

2172 3458 2290 3512 dem
2353 3458 2627 3511 intrabunt
2678 3458 2743 3511 ad
2798 3458 3166 3526 operationem
3224 3456 3489 3529 passionis
3556 3467 3695 3511 mete.

2173 3564 2355 3617 usque,
2384 3550 2519 3601 adeo
2550 3559 2605 3601 ut
2634 3548 2796 3602 etiam
2835 3549 3069 3603 animam
3111 3564 3295 3603 meam
3324 3547 3575 3606 aufcraut,
3602 3555 3699 3610 per-

2174 3640 2434 3694 missione
2464 3640 2565 3694 hac
2613 3655 2642 3692 a
2677 3639 2768 3694 Dei
2824 3640 3179 3713 dispositione
3208 3650 3449 3711 accepta,
3479 3652 3505 3690 a
3547 3630 3698 3688 simili-

2176 3731 2359 3787 tudine
2392 3730 2531 3793 illius
2561 3732 2651 3801 qui
2688 3732 2779 3785 diu
2824 3731 3004 3801 aliquo
3038 3732 3244 3787 intrare
3295 3731 3613 3787 desiderans,
3656 3728 3698 3773 et

2175 3836 2281 3875 non
2312 3819 2517 3883 valens,
2548 3821 2763 3875 tandem
2806 3820 3010 3877 intrare
3033 3822 3388 3891 permittitur.
3415 3818 3695 3872 Intraverunt

2176 3927 2345 3981 aqum,
2384 3926 2414 3963 a
2446 3910 2806 3967 similitudine
2830 3910 2962 3964 dicit
2990 3926 3005 3964 :
3034 3912 3172 3967 sicut
3203 3914 3350 3967 enim
3385 3922 3524 3978 aqua:
3545 3914 3696 3958 narem

2174 4006 2461 4069 intrantes,
2494 4019 2686 4061 navem
2744 4003 3141 4074 submergunt,
3190 4006 3267 4059 ita
3298 4015 3353 4059 et
3399 4001 3489 4071 ipsi
3533 3988 3693 4050 inimici

2177 4097 2445 4167 passionis
2468 4097 2584 4166 ejus
2605 4096 2974 4165 operationem
3000 4096 3232 4165 ingrcssi
3251 4139 3267 4163 ,
3297 4109 3414 4152 eum
3444 4092 3490 4145 in
3511 4091 3695 4141 mortem

2179 4190 2574 4245 demerserunt.
2604 4188 2757 4245 Unde
2779 4189 2943 4244 etiam
2963 4229 2977 4254 ,
2996 4189 3203 4243 scilicet
3227 4190 3353 4258 quia
3378 4197 3490 4240 eum
3522 4180 3566 4233 in
3585 4186 3695 4228 morv

2180 4292 2287 4336 tem
2317 4280 2714 4345 demerserunt,
2767 4294 2922 4351 aquae
2973 4279 3250 4333 dicuntur.
3297 4278 3551 4345 Aquarum
3580 4263 3694 4351 enim
3764 4276 3767 4279 ‘

499 4390 614 4443 xix,
644 4376 758 4445 28).
800 4349 817 4427 ξ
859 4374 974 4430 Non
1009 4374 1185 4431 scium
1226 4384 1407 4430 autem
1438 4373 1607 4429 nubes
1635 4383 1692 4428 et
1720 4349 1886 4429 lsrael
1912 4374 2077 4428 beati-
2113 4392 2155 4446 ι)
2180 4380 2261 4427 est
2311 4386 2574 4441 mergere.
2609 4371 2737 4427 Sive
2788 4349 2944 4440 aqua;
2995 4372 3250 4426 dicuntur
3280 4386 3345 4425 eo
3389 4361 3520 4435 quod
3564 4349 3692 4410 ἀίωυί

499 4466 711 4520 tieando
748 4466 1005 4521 mirabilis
1034 4467 1338 4538 apparebit,
1365 4467 1457 4522 sed
1501 4466 1764 4523 mirabilis
1797 4466 1937 4521 Deut
1984 4481 2077 4536 ap-

502 4558 715 4627 parebit
752 4559 806 4610 in
838 4559 1090 4613 omnibus
1117 4559 1312 4613 sanctis
1341 4559 1475 4624 suis,
1503 4573 1596 4612 eos
1620 4558 1981 4615 beatificando
2011 4573 2077 4613 ex

504 4663 826 4718 quocunque
873 4651 1089 4719 populo.
1140 4650 1278 4705 Deus
1314 4649 1484 4705 lsrael
1539 4651 1681 4714 dico,
1732 4651 1786 4705 id
1830 4662 1913 4706 est
1940 4650 2081 4708 Deus

504 4737 671 4793 Jacoh
703 4740 1038 4807 patriarchae,
1072 4760 1176 4797 non
1210 4758 1402 4797 recens
1429 4743 1588 4797 Deus.
1621 4741 1714 4795 Vel
1738 4743 1877 4798 Deus
1899 4743 2079 4811 lsrael,

510 4832 561 4885 id
591 4840 670 4883 est
706 4831 866 4885 totius
891 4831 1166 4899 Ecclesiae,
1210 4850 1330 4905 quae
1364 4844 1494 4889 tunc
1521 4834 1630 4890 erit
1669 4834 1858 4890 videns
1893 4835 2081 4891 Deum.

511 4922 745 4992 Expoait
774 4932 976 4986 autem,
993 4924 1045 4976 in
1070 4939 1172 4991 qua
1197 4940 1253 4979 re
1273 4926 1527 4979 mirabilis
1544 4925 1645 4979 erit
1665 4925 1717 4978 in
1735 4927 1928 4980 sanctis
1951 4926 2085 4990 suis,

513 5030 637 5070 cum
660 5014 846 5067 addit:
882 5015 1008 5069 Dico
1033 5016 1311 5080 mirabilis,
1341 5025 1395 5069 et
1428 5017 1480 5070 in
1516 5018 1616 5072 hoc
1641 5019 1764 5086 quia
1795 5020 1904 5088 ipse
1942 5019 2086 5072 dabit

513 5108 753 5161 virtutem
793 5105 927 5175 plebi
976 5122 1108 5172 sure,
1140 5105 1194 5160 id
1242 5115 1318 5160 est
1365 5106 1822 5161 immortalitatem
1878 5120 1932 5163 et
1984 5110 2086 5163 im-

514 5195 929 5268 passibilitatem
957 5238 972 5262 ,
1017 5211 1137 5264 qua:
1177 5195 1265 5248 hic
1312 5194 1523 5249 infirma
1564 5207 1667 5261 est,
1714 5213 1779 5251 eo
1833 5198 1974 5268 quod
2020 5198 2092 5252 sit

516 5284 788 5354 passibilis
840 5296 895 5339 et
946 5284 1214 5352 mortalis,
1262 5292 1317 5337 et
1363 5284 1505 5337 dabit
1549 5285 1907 5353 fortitudinem
1958 5286 2092 5355 plebi

517 5393 648 5440 sum,
680 5385 739 5430 ut
783 5377 1005 5433 ulterius
1049 5395 1153 5433 non
1187 5377 1356 5449 possit
1385 5377 1556 5447 decipi
1609 5389 1662 5434 et
1703 5395 1946 5450 peccare.
1980 5380 2095 5448 Ipse

520 5468 641 5521 dico
690 5468 983 5525 benedictus
1038 5470 1176 5526 Dens
1222 5471 1490 5535 existens,
1544 5473 1595 5526 id
1634 5482 1717 5527 est
1751 5472 1913 5542 250
1950 5472 2096 5526 exal-

523 5569 668 5613 tatus
716 5560 887 5628 Deus;
928 5578 989 5617 ac
1036 5565 1078 5617 si
1113 5564 1256 5617 dicat
1286 5583 1303 5620 :
1337 5564 1471 5619 Cum
1522 5566 1636 5635 ipse
1694 5566 1958 5619 exaltatus
2007 5566 2093 5632 sit,

520 5648 580 5706 In
618 5652 941 5711 sublimitate
983 5656 1273 5713 divinitatis
1303 5674 1413 5713 suae
1460 5668 1632 5730 potest
1669 5659 1853 5729 utique
1889 5658 2096 5728 plebem

2179 4471 2327 4526 sunt,
2358 4472 2414 4518 et
2455 4473 2733 4518 moventes
2788 4478 2846 4518 se
2883 4462 2948 4517 ad
2990 4478 3150 4518 omne
3188 4462 3359 4526 nefas,
3402 4466 3535 4511 more
3557 4454 3691 4513 θίξυπν

2176 4571 2299 4627 quae
2319 4569 2405 4610 res
2428 4554 2641 4609 mobilis
2671 4562 2826 4610 estet
2845 4554 3047 4609 ditllua.
3064 4553 3169 4608 Per
3183 4554 3288 4609 hoc
3314 4559 3482 4607 autem
3506 4543 3695 4613 potestn-

2183 4654 2291 4700 tem
2344 4644 2618 4699 habebunt
2666 4646 2904 4699 intrandi
2956 4661 3118 4715 usque
3165 4644 3233 4698 ad
3276 4643 3493 4697 animam
3527 4638 3690 4683 meum.

2184 4737 2326 4807 quod
2377 4737 2574 4806 inﬁxus
2624 4754 2742 4791 sum
2798 4738 2853 4791 in
2894 4738 3018 4791 limo
3053 4736 3350 4807 profundi,
3405 4728 3451 4783 id
3490 4727 3578 4784 est,
3617 4724 3692 4811 {13.0

2186 4803 2626 4893 \i’erbum'tuum,
2658 4828 2817 4883 Pater
2842 4830 3105 4893 existens,
3132 4828 3236 4883 [ixe
3264 4837 3317 4882 et
3344 4803 3689 4907 incommulttbt'

2187 4923 2315 4978 liter
2361 4924 2547 4978 unitus
2578 4939 2696 4978 sum
2728 4922 2975 4977 Iutmanze
3025 4931 3248 4985 natura,
3289 4931 3401 4990 qua»
3426 4912 3563 4965 limus
3591 4900 3691 4952 dict-

2191 5022 2296 5078 ιον,
2326 5029 2390 5068 eo
2423 5013 2566 5083 quod
2597 5022 2808 5067 terrena
2841 5022 2943 5077 est,
2973 5020 3028 5066 et
3054 5012 3343 5066 secundum
3368 4995 3686 5095 mortalitatem

2192 5105 2419 5175 fragilis,
2438 5077 2507 5160 et
2543 5105 2840 5176 profundus
2880 5106 3063 5171 limus,
3120 5107 3172 5159 id
3212 5114 3293 5159 est
3328 5098 3545 5157 inﬁmus,
3570 5077 3689 5176 inlc-

2194 5172 2353 5250 rioris
2400 5172 2606 5251 scilicet
2671 5204 2879 5250 natura:
2938 5211 3098 5264 quam
3160 5194 3419 5248 divinitas.
3473 5172 3684 5264 PtOfulla

2194 5287 2390 5356 qnippe
2421 5302 2538 5353 res,
2575 5288 2753 5342 Inﬁma
2799 5296 2884 5341 est
2931 5263 3239 5356 aliquando.
3268 5286 3478 5349 Ideoque
3517 5263 3687 5339 promi"

2196 5381 2295 5434 dus
2327 5381 2559 5434 sumitur
2592 5396 2692 5451 pro
2720 5381 2923 5435 intimo.
2972 5380 3106 5434 Cum
3147 5391 3324 5435 autem
3354 5371 3469 5430 dicit
3510 5358 3682 5451 inﬁmf

2198 5470 2321 5541 quia
2357 5449 2771 5525 immutabiliter
2815 5473 3001 5526 unitos
3032 5481 3135 5535 est,
3160 5481 3213 5525 et
3261 5467 3472 5523 ﬁrmiter
3497 5449 3686 5544 In"???

2199 5537 2404 5615 naturae
2458 5563 2755 5632 intelligere
2806 5562 2984 5615 datur.
3043 5562 3169 5615 illud
3208 5569 3424 5626 namque
3470 5537 3685 5632 ‘I‘def'

2201 5653 2399 5711 mobile
2428 5664 2511 5710 est
2558 5664 2611 5710 et
2661 5655 2898 5722 firmum,
2954 5656 3120 5710 ﬁxum
3180 5652 3351 5710 vocari
3384 5641 3566 5701 solitum
3608 5622 3682 5676 89‘-
