3846 6334
141 418 224 474 969

1008 402 1368 459 uxrosmo
1423 401 1486 456 IN
1535 400 1873 455 rsannos.
1902 399 2192 456 —PSAL.
2226 357 2454 456 vam.

3227 404 3333 467 970

142 534 257 588 liene
292 541 410 582 vero
454 539 557 580 non
598 522 762 576 ﬁxum
788 563 802 586 ,
841 519 935 576 sed
984 518 1208 574 infixum
1268 517 1458 587 ponit,
1515 514 1665 584 quasi
1694 517 1743 575 A
1771 522 1875 580 est,
1909 529 1972 570 ac
1994 515 2038 569 si
2071 516 2314 571 diceret:
2357 516 2559 587 Dignus
2584 530 2704 572 sum
2735 517 2951 575 salvari.
2974 519 3108 577 Nam
3140 522 3343 595 injuste

141 625 308 681 diceret
353 616 572 672 interius
615 615 819 678 ﬁxum,
867 621 928 665 ut
982 612 1170 665 innuat
1222 620 1277 664 et
1326 625 1386 664 se
1437 607 1665 662 ﬁrmiter

141 716 310 770 unitum
334 725 469 774 esse,
499 717 552 762 et
589 707 824 760 humana
854 713 1048 758 natura
1093 703 1294 768 latere,
1340 715 1446 757 non
1483 699 1667 756 visibi-

141 809 220 862 lem
247 816 508 876 apparere.
526 801 589 854 Et
621 801 674 854 in
700 799 803 854 hoc
830 797 990 852 ﬁdem
1019 806 1262 852 nostram
1289 796 1526 859 instruit,
1544 810 1665 850 cum

141 912 184 953 se
203 897 347 952 Deum
371 908 488 949 esse
521 901 576 946 et
603 890 879 946 hominem
925 890 1143 944 asserit.
1181 888 1250 942 Et
1301 889 1556 959 quoniam
1587 887 1669 941 in-

140 990 248 1044 lixus
273 1002 402 1047 sum,
429 1001 534 1040 non
563 993 637 1039 est
665 981 985 1043 substantia,
1043 982 1094 1035 id
1141 989 1226 1035 est
1270 995 1373 1034 non
1404 981 1508 1034 erit
1535 980 1669 1036 mihi

139 1076 453 1134 subsistentia.
491 1073 645 1142 Quod
685 1082 770 1128 est
816 1072 1000 1127 dicere
1033 1089 1046 1126 :
1101 1071 1218 1127 Non
1247 1072 1558 1140 subsistam,
1617 1073 1669 1128 id

137 1179 200 1223 est
222 1183 313 1221 non
344 1167 514 1221 vivam
540 1184 556 1232 ;
587 1164 717 1235 quin
755 1164 992 1226 moriar,
1028 1178 1150 1218 cum
1185 1163 1266 1218 sic
1294 1177 1324 1216 a
1349 1161 1512 1218 Patre
1550 1178 1670 1218 meo

135 1257 406 1326 dispositum
439 1245 536 1310 sit.
579 1254 636 1308 lu
681 1254 788 1308 alia
833 1252 1185 1308 translatione
1216 1251 1445 1306 habetur
1483 1293 1497 1306 .
1547 1251 1672 1306 Non

137 1361 306 1416 possunt
333 1344 633 1397 consistere.
665 1341 760 1396 Vel
789 1342 868 1396 sic
893 1356 907 1395 :
949 1342 1015 1395 Et
1047 1342 1168 1396 ideo
1188 1341 1389 1395 salvum
1415 1340 1522 1409 fac,
1547 1341 1672 1411 quia

137 1437 296 1504 inﬁxus
319 1451 430 1488 sunt
459 1435 516 1488 in
555 1433 681 1487 limo
705 1433 979 1504 profundi.
1013 1432 1124 1488 Hoc
1155 1441 1336 1489 autem
1367 1449 1466 1503 per
1501 1433 1672 1489 solam

139 1526 496 1580 similitudinem
532 1525 776 1594 ponitur,
805 1539 870 1580 ac
894 1523 938 1578 si
961 1523 1112 1578 dicat
1142 1541 1156 1576 :
1193 1522 1320 1578 Ideo
1346 1537 1569 1578 necesse
1590 1533 1674 1579 est

137 1627 181 1672 ut
205 1634 276 1674 me
305 1617 494 1681 salves,
517 1617 648 1687 quia
677 1615 874 1673 similis
900 1631 995 1672 cro
1017 1615 1184 1672 inﬁxo
1207 1616 1261 1670 in
1289 1615 1420 1672 limo
1445 1617 1676 1686 profun-

137 1706 304 1774 ditatis,
325 1708 441 1778 qui,
467 1723 578 1763 non
610 1707 795 1764 valens
823 1706 1055 1762 evadere
1077 1746 1093 1773 ,
1131 1707 1488 1776 demergitur.
1535 1706 1671 1762 Nam

137 1811 282 1872 ctego
304 1802 352 1856 in
378 1800 819 1856 tribulationibus
850 1799 1172 1871 inﬁgendus,
1203 1815 1309 1854 non
1335 1801 1586 1866 evadam,
1614 1810 1670 1857 et

1768 618 1856 660 me
1889 605 2156 672 occident,
2189 607 2282 672 qui
2338 607 2406 661 ad
2461 621 2648 662 eorum
2695 609 2884 665 salutis
2928 610 3342 671 instructionem

1767 690 1914 779 veni,
1945 709 2104 766 quem
2135 699 2324 754 audire
2355 699 2730 769 neglexerunt.
2764 699 3122 772 Deprimendo
3146 688 3343 779 quippe

1770 777 2111 839 inimicorum
2142 794 2374 855 partem,
2429 803 2582 842 suam
2631 789 2806 861 magis
2836 791 3079 847 exaltare
3107 777 3338 852 videtur.

1773 872 1844 930 Ut
1867 886 2044 932 autem
2081 877 2395 935 salvationis
2433 895 2544 936 suae
2576 881 2828 937 meritum
2872 893 3203 954 augmentet,
3261 889 3346 941 ni-

1771 965 1936 1020 miam
1966 966 2203 1022 futuram
2253 983 2371 1024 esse
2423 977 2796 1040 tempestatem
2826 987 2949 1026 eum
2976 973 3346 1030 demersui-am

1771 1061 2028 1126 ostendit,
2060 1077 2179 1117 cum
2231 1063 2313 1119 sic
2349 1064 2539 1135 addit:
2593 1066 2720 1123 Dico
2749 1068 2893 1137 quod
2931 1069 3209 1142 demerget
3263 1086 3350 1128 me

1774 1160 2088 1222 tempestas,
2119 1171 2216 1226 pro
2247 1171 2350 1226 qua
2377 1166 2695 1228 tempestate
2725 1159 3023 1228 defecerunt
3053 1161 3194 1216 oculi
3224 1164 3348 1230 mei,

1775 1245 1829 1301 id
1857 1255 1943 1300 est
1964 1246 2217 1301 deﬁcient
2269 1249 2530 1318 apostoli,
2577 1250 2667 1318 qui
2725 1251 2979 1305 dicuntur
3025 1253 3189 1320 oculi,
3221 1255 3350 1324 quia

1775 1344 1948 1393 totum
1977 1353 2174 1406 corpus
2205 1354 2404 1404 meum,
2434 1339 2728 1395 Ecclesiam
2771 1342 3000 1410 scilicet,
3046 1344 3353 1415 illuminent

1776 1429 2162 1498 praadicatione
2197 1438 2251 1482 et
2279 1431 2409 1485 vita.
2447 1430 2538 1486 Sic
2567 1432 2815 1488 videlicet
2865 1433 3141 1500 deﬁcient,
3172 1445 3232 1490 ut
3265 1451 3352 1492 me

1775 1520 1948 1574 solum
1975 1520 2343 1590 relinquentes
2385 1522 2685 1594 aufugiam.
2725 1522 2860 1578 Dum
2899 1525 3004 1579 hoc
3042 1526 3114 1578 sit
3169 1533 3351 1581 tamen

1776 1610 1919 1679 quod
1947 1625 2048 1679 ego
2075 1628 2222 1681 spero
2244 1613 2297 1666 in
2337 1611 2446 1668 Deo
2486 1630 2644 1677 ineo;
2683 1629 2748 1669 ac
2801 1613 2845 1668 si
2877 1615 3064 1668 dicat:
3095 1613 3354 1682 Quamvis

1776 1703 2032 1756 deficiant
2055 1719 2084 1755 a
2113 1717 2219 1769 me,
2257 1713 2437 1757 tamen
2469 1705 2778 1774 exemplum
2809 1706 3089 1760 deﬁcicndi
3117 1721 3221 1762 non
3254 1708 3353 1762 lia-

1781 1794 2002 1849 bebunt.
2037 1795 2146 1866 Ego
2181 1796 2326 1850 enim
2361 1812 2466 1852 non
2508 1797 2779 1863 deﬁciam,
2833 1798 2927 1853 sed
2969 1799 3022 1854 in
3068 1799 3178 1854 Deo
3232 1814 3355 1855 meo

137 1893 235 1961 quia
253 1891 431 1947 similis
454 1907 554 1947 ero
581 1892 770 1959 inﬁxo,
794 1906 901 1947 non
932 1891 1038 1946 erit
1065 1891 1400 1958 substantia;
1432 1891 1535 1947 hoc
1564 1907 1670 1948 non
1705 1875 1752 1934 Β
1780 1887 1865 1943 cui
1893 1904 2003 1958 pro?
2025 1891 2235 1944 caeteris
2259 1890 2474 1954 obedio.
2521 1905 2671 1962 Spem
2715 1892 3073 1947 I‘CSUSCilandi
3123 1893 3350 1958 habens,

138 1992 354 2037 mutatur.
396 1983 494 2038 Vel
545 1983 627 2040 sic
659 2001 674 2038 :
707 1982 833 2039 Ideo
880 1983 1163 2038 intrabunt
1203 2000 1354 2054 aqua:
1402 2000 1564 2055 usque
1601 1987 1670 2039 ad

59 2119 68 2130 .
137 2075 324 2128 animam
353 2093 544 2141 meam,
577 2076 704 2146 quia
740 2075 936 2144 inﬁxus
973 2093 1090 2130 sum
1139 2077 1197 2130 in
1231 2075 1358 2131 limo
1395 2076 1688 2147 profundi-x

139 2165 252 2230 tatis,
280 2166 327 2222 id
377 2176 458 2222 est
495 2168 627 2236 quia
665 2181 766 2238 ego
816 2167 1060 2223 existens
1109 2169 1484 2224 conversando
1531 2169 1677 2224 inter

138 2256 326 2326 Judams,
347 2260 438 2330 qui
463 2270 593 2315 sunt
617 2260 779 2316 limus
803 2259 1282 2330 profundissimus,
1306 2278 1421 2315 sunt
1457 2261 1674 2331 inﬁxus,

141 2350 178 2404 id
203 2362 269 2405 est
299 2353 520 2406 interius
560 2353 749 2408 ﬁrmus
794 2352 950 2423 251
993 2363 1049 2409 et
1093 2361 1352 2408 constans
1380 2355 1434 2408 in
1473 2356 1674 2422 anima,

140 2455 190 2493 ne
215 2441 280 2495 eis
299 2441 608 2496 conformer
640 2443 832 2498 timore
852 2484 868 2508 ,
901 2442 1002 2498 etsi
1032 2441 1222 2497 videar
1247 2442 1490 2497 exterius
1521 2443 1676 2498 inﬁr-

141 2545 232 2585 mus
254 2532 299 2586 in
327 2547 509 2588 carne.
537 2533 728 2588 Limus
754 2533 970 2603 quidem
995 2531 1118 2602 jure
1147 2533 1422 2599 dicuntur,
1445 2549 1512 2588 eo
1535 2535 1679 2603 quod

141 2622 304 2677 sordidi
343 2624 556 2691 suntin
594 2624 996 2694 iniquitatibus,
1027 2633 1082 2678 et
1105 2626 1334 2690 caenosi,
1363 2626 1430 2678 ad
1461 2627 1680 2681 modum

141 2709 232 2772 luti,
257 2714 386 2782 quod
410 2728 639 2770 etenosa
673 2729 762 2770 res
805 2723 968 2770 estet
999 2715 1218 2772 sordida
1275 2716 1341 2770 Et
1381 2718 1520 2772 bene
1550 2732 1684 2786 quo-

142 2815 222 2866 que
252 2802 629 2871 profunditatis
658 2803 820 2860 limus
849 2805 1126 2874 dicuntur,
1156 2821 1221 2862 eo
1251 2808 1393 2878 quod
1425 2807 1479 2861 in
1509 2808 1685 2862 sordi-

143 2897 226 2945 tate
260 2907 344 2946 sua
373 2895 794 2963 profundissimi
834 2905 980 2952 sunt.

193 2983 308 3050 Quia
325 3001 446 3041 vero
469 2987 693 3042 dixerat
730 3005 825 3044 eos
848 3005 969 3044 esse
1019 2989 1260 3054 limosos,
1285 2990 1563 3047 videretur
1585 2992 1687 3046 ali-

143 3073 208 3128 cui
229 3079 352 3144 quod
383 3079 531 3135 Deus
556 3093 649 3134 eos
672 3079 995 3134 naturaliter
1029 3080 1218 3134 limum
1256 3079 1495 3148 fecisset,
1521 3091 1576 3136 ct
1610 3083 1690 3137 sic

142 3168 284 3224 omnis
305 3173 454 3244 culpa
489 3173 554 3228 in
577 3188 698 3228 eum
745 3173 1152 3240 transferretur,
1187 3175 1318 3244 ipsis
1366 3176 1689 3231 excusabili-

1777 1979 2066 2035 immobilis
2097 1981 2351 2035 cristam.

1847 2070 1915 2126 Et
1945 2071 2068 2127 ideo
2121 2087 2341 2128 necesse
2393 2081 2474 2128 est
2533 2082 2593 2128 ut
2634 2090 2719 2129 me
2763 2074 2968 2130 salvum
3019 2075 3356 2146 facias,quia

1776 2163 1943 2218 Judaei
1966 2165 2059 2233 qui
2089 2165 2306 2218 oderunt
2358 2182 2437 2219 me
2467 2168 2646 2235 gratis,
2708 2167 2757 2222 id
2796 2167 3087 2223 est-Judaei
3113 2169 3202 2239 qui
3234 2169 3358 2223 odio

1778 2271 1866 2310 me
1903 2265 2303 2325 persequuntur
2349 2257 2623 2326 gratuito,
2667 2258 3001 2326 multiplicati
3039 2269 3160 2313 sunt
3203 2276 3361 2330 super

1780 2344 1997 2414 capillos
2021 2346 2206 2412 capitis
2237 2346 2356 2410 mei,
2389 2346 2439 2400 id
2473 2355 2556 2400 est
2585 2346 2735 2400 multi
2771 2355 2932 2401 erunt
2969 2361 3131 2417 super
3173 2361 3364 2404 nume-

1782 2452 1900 2490 rum
1943 2451 2163 2500 eorum,
2198 2435 2290 2506 qui
2339 2437 2516 2508 capilli
2573 2446 2732 2493 erunt
2783 2439 2886 2492 mei
2939 2439 3151 2508 capitis,
3172 2453 3362 2493 eorum

1781 2523 2092 2588 esistentis,’
2116 2523 2166 2578 id
2199 2532 2280 2578 est
2323 2523 2504 2594 plures
2550 2533 2710 2579 erunt
2747 2539 2909 2594 quam
2955 2524 3202 2594 discipuli
3232 2526 3360 2591 mei,

1783 2615 1876 2686 qui
1905 2625 2030 2671 sunt
2058 2624 2319 2671 ornantes
2377 2631 2462 2671 me
2481 2617 2618 2671 bona
2676 2617 2785 2670 vita
2827 2624 2945 2680 sua,
3005 2616 3144 2672 sicut
3186 2615 3361 2685 capilli

1784 2716 2182 2776 caputornant.
2210 2707 2275 2761 Et
2300 2722 2406 2762 non
2455 2707 2628 2762 solum
2688 2708 2841 2762 multi
2878 2716 3059 2772 erunt,
3112 2709 3204 2762 scd
3235 2724 3364 2760 con-

1785 2795 1965 2864 fortati
1994 2806 2144 2862 sunt,
2176 2797 2227 2850 id
2256 2805 2339 2850 cst
2393 2795 2560 2850 fortes
2603 2805 2765 2851 erunt
2795 2804 2851 2851 et
2888 2795 3134 2851 eﬁicaccs
3183 2797 3364 2850 divina

1785 2887 2162 2956 pet-missione,
2209 2887 2407 2940 inimici
2460 2886 2775 2950 ntciJudaai,
2825 2887 2916 2956 qui
2969 2895 3368 2956 persequuntur

1788 2992 1874 3032 me
1897 2977 2256 3032 innocentem.
2291 2977 2404 3032 Hoc
2429 2979 2568 3048 quod
2600 2977 2733 3033 dicit
2755 2978 3038 3047 confortati
3067 2987 3207 3042 sunt,
3239 2978 3368 3032 illud

1790 3071 1930 3126 idem
1989 3070 2203 3124 videtur
2259 3071 2438 3125 dicere
2490 3071 2633 3139 quod
2691 3070 2959 3138 superius,
3019 3070 3107 3124 ubi
3171 3071 3370 3125 dicitur

1792 3162 2114 3216 intraverunt
2139 3179 2311 3231 aqum,
2333 3163 2426 3217 sed
2461 3164 2544 3217 hic
2573 3162 2912 3219 manifeSIius
2941 3165 3175 3233 ponitur.
3217 3163 3371 3218 Ideo-

144 3258 220 3314 bus
236 3229 604 3321 existentibus.
649 3264 801 3331 Quod
842 3265 1068 3319 intendit
1095 3229 1395 3331 removere,
1439 3265 1684 3322 addendo

1796 3267 1900 3322 que
1927 3229 2208 3321 repetitum
2244 3262 2347 3308 est.
2379 3253 2444 3307 Et
2478 3262 2603 3307 tunc
2652 3253 2869 3322 quando
2908 3229 2993 3306 me.
3033 3268 3368 3322 persequen-

146 3349 205 3403 sie
228 3370 239 3404 :
261 3351 321 3408 Et
348 3355 446 3411 lioc
463 3355 618 3426 quod
644 3366 771 3410 sunt
801 3355 981 3420 limus,
1037 3373 1139 3410 non
1168 3365 1242 3410 est
1293 3356 1603 3420 substantia,
1636 3357 1690 3412 id

149 3448 318 3496 estnon
341 3452 416 3499 est
445 3445 635 3513 aliqua
685 3451 882 3498 natura
906 3459 936 3498 a
985 3445 1093 3499 Deo
1120 3444 1172 3498 in
1197 3446 1278 3500 eis
1307 3454 1512 3500 creata.
1539 3445 1692 3512 Quod

151 3532 392 3590 estdicere
423 3551 440 3590 :
468 3535 590 3590 Non
606 3536 809 3597 creavit
829 3551 922 3590 eos
943 3535 1084 3592 Deus
1107 3537 1326 3593 limosos
1353 3539 1692 3605 etsordidos,

152 3625 224 3676 sed
244 3625 329 3694 ipsi
367 3643 462 3698 per
484 3627 808 3697 iniquitates
842 3643 967 3684 suas
997 3628 1172 3682 limosi
1201 3639 1256 3683 et
1303 3630 1508 3684 sordidi
1566 3629 1692 3684 facti

151 3726 264 3770 sunt.
294 3719 402 3774 Dixi
426 3701 592 3790 .quod
656 3735 808 3790 aqua:
862 3719 1144 3774 intrabunt
1170 3733 1328 3790 usque
1362 3722 1430 3774 ad
1462 3721 1694 3775 animam

153 3820 305 3862 meam.
334 3810 393 3864 Et
415 3811 520 3867 hoc
553 3811 754 3881 injuste
799 3811 916 3866 sine
943 3810 1122 3880 aliquo
1145 3812 1337 3866 merito
1369 3827 1489 3866 meo
1533 3814 1699 3866 malo.

152 3891 239 3964 Ego
258 3913 478 3971 namque
519 3903 638 3956 veni
693 3905 748 3955 in
791 3901 1122 3956 altitudinem
1177 3903 1359 3955 maris.
1393 3902 1446 3956 Id
1471 3912 1698 3973 cstgra-

155 3988 259 4042 tuita
301 3993 576 4049 voluntate
623 3994 828 4048 accessi
875 3993 942 4048 ad
999 3993 1145 4062 ipsos
1166 3991 1400 4057 Judzcos,
1456 3993 1545 4062 qui
1605 3993 1698 4048 alti

153 4087 253 4132 sunt
276 4091 324 4136 et
350 4082 604 4152 profundi
657 4084 710 4138 in
761 4084 1156 4138 amaricatione
1192 4093 1536 4152 peccatorum
1576 4101 1701 4140 suo-

156 4183 266 4224 rum.
294 4172 357 4228 Et
398 4176 670 4231 veniendo
695 4176 930 4230 laboravi
963 4177 1028 4230 ad
1085 4177 1186 4231 hoc
1229 4185 1289 4230 ut
1339 4192 1433 4233 eos
1469 4177 1702 4233 instruc-

156 4273 263 4327 rem,
285 4267 526 4325 clamans
552 4269 620 4324 ad
649 4284 744 4324 eos
765 4278 818 4324 et
843 4270 1228 4339 praedicatione
1261 4281 1312 4325 et
1340 4287 1522 4342 Opere.
1549 4272 1703 4340 Quod

155 4358 401 4416 estdicere
426 4379 438 4415 :
466 4361 716 4418 Gratuita
741 4363 1026 4418 clementia
1083 4365 1149 4418 ad
1190 4380 1284 4420 eos
1309 4365 1450 4432 veni,
1477 4377 1533 4421 et
1554 4367 1702 4421 labo-

157 4446 243 4498 ravi
275 4448 473 4507 intento
507 4453 748 4507 clamore
798 4455 1204 4523 przedieationis
1247 4465 1302 4509 et
1339 4471 1587 4526 operum,
1635 4465 1706 4511 ‘ut

155 4550 230 4593 eos
264 4543 323 4597 ad
352 4545 543 4600 salutis
571 4547 710 4601 viam
743 4549 1078 4604 reducerem.
1109 4549 1171 4602 Et
1200 4561 1266 4602 ex
1299 4549 1548 4619 Opposita
1579 4559 1706 4602 tem-

155 4642 297 4693 pestas
323 4636 569 4693 demersit
625 4655 727 4706 me,
782 4641 835 4695 id
880 4648 963 4695 est
1019 4641 1117 4711 ipsi
1152 4639 1278 4695 facti
1332 4641 1704 4710 tempestuosi.

156 4717 350 4779 Scilicet
391 4728 444 4782 in
489 4729 901 4800 insurgentibus
953 4731 1007 4784 in
1061 4745 1147 4785 me
1173 4729 1608 4785 tribulationibus
1653 4739 1709 4784 et

156 4804 491 4884 blasphemiis,
527 4834 678 4874 more
706 4821 1045 4890 tempestatis
1066 4821 1381 4889 demergent
1412 4835 1521 4884 me,
1553 4820 1603 4874 id
1629 4827 1712 4876 est

157 4900 209 4955 de
227 4906 325 4960 vita
349 4909 401 4962 in
426 4919 657 4966 mortem
675 4922 937 4982 mergunt.
971 4911 1131 4966 Mittit
1153 4921 1330 4966 autem
1357 4927 1454 4966 nos
1489 4913 1556 4967 ad
1581 4912 1714 4982 ﬁgu-

160 5007 253 5048 ram
278 4999 511 5057 historia:
537 5001 604 5060 de
633 5003 784 5067 Jona,
815 5005 905 5074 qui
933 5020 960 5058 a
988 5005 1154 5058 maris
1170 5013 1486 5075 tempestate
1510 5006 1717 5060 demer-

159 5095 253 5148 sus,
297 5100 400 5146 cta
441 5103 566 5149 ceto
618 5096 928 5164 absorptus,
982 5105 1104 5166 post
1137 5097 1253 5152 dies
1276 5107 1407 5162 tres,
1434 5106 1556 5154 ceto
1587 5113 1710 5153 eum

161 5187 298 5266 supra
328 5181 476 5238 littus
525 5195 829 5252 cvomentc,
878 5188 1053 5242 evasit
1083 5187 1229 5258 (Jan.
1263 5205 1323 5253 ιι,
1359 5190 1468 5266 ll).
1525 5189 1616 5245 Sic
1661 5199 1717 5245 et

163 5261 394 5325 Dominus
423 5271 580 5327 Jesus
612 5291 709 5344 per
735 5285 844 5331 tres
869 5277 984 5332 dies
1011 5278 1064 5344 in
1109 5287 1378 5348 potestate
1408 5261 1714 5333 indecorum

163 5357 397 5426 existens,
420 5379 450 5416 a
475 5366 671 5432 quibus
698 5376 782 5421 est
804 5369 854 5423 in
883 5353 1110 5426 mortem
1141 5372 1440 5435 demersus,
1464 5381 1584 5438 post
1610 5383 1719 5427 tres

166 5443 262 5503 dies
296 5455 550 5510 surrexit.
601 5458 732 5513 Dico
755 5461 898 5529 quod
949 5461 1180 5514 laboravi
1208 5461 1460 5516 clamans.
1495 5463 1560 5515 Et
1586 5463 1714 5516 dum

165 5537 445 5613 clamarem,
461 5567 634 5606 rauca:
656 5553 805 5621 facta
829 5564 945 5607 sunt
976 5553 1154 5622 fauces
1178 5571 1322 5615 metu,
1354 5555 1405 5608 id
1429 5566 1512 5610 est
1536 5556 1716 5610 fauces

169 5641 282 5686 meae
319 5642 708 5709 comparabiles
756 5652 917 5698 erunt
972 5645 1154 5700 raucis
1202 5647 1480 5710 faucibus,
1511 5646 1718 5700 scilicet

169 5719 291 5776 sicut
313 5727 398 5781 ille
429 5729 581 5798 cujus
609 5733 791 5789 fauces
815 5749 988 5790 raucae
1039 5746 1163 5790 sunt
1219 5753 1322 5791 non
1345 5737 1590 5800 auditur,
1644 5737 1717 5790 ita

174 5822 258 5866 nec
279 5832 386 5872 mea
425 5822 734 5888 praedicatio
759 5825 826 5878 ab
855 5824 960 5878 illis
989 5827 1169 5881 audita
1185 5835 1285 5882 est.
1322 5826 1387 5880 Et
1414 5826 1515 5882 hoc
1546 5833 1716 5880 totum

540 5916 815 5980 Parum.
857 5916 1013 5979 CLII

1794 3353 1900 3409 tur,
1915 3346 2232 3399 exsoluebam
2247 3363 2363 3416 quin
2385 3364 2485 3400 non
2504 3346 2674 3416 rapui,
2701 3345 2752 3399 id
2775 3357 2850 3400 cst
2869 3346 3138 3400 exsolvam
3154 3360 3374 3415 pmnant

1795 3438 2104 3505 rapinarum
2146 3437 2277 3490 Adte
2299 3446 2356 3492 et
2409 3436 2553 3501 Evar,
2578 3453 2693 3508 qua:
2720 3453 2822 3490 non
2845 3437 3019 3506 rapui,
3049 3437 3099 3491 id
3121 3446 3204 3492 est
3237 3452 3373 3507 quas

1795 3528 2014 3596 rapinas
2039 3526 2509 3598 nonfeciJlapcrc
2535 3529 2729 3582 dicitur
2749 3528 2839 3596 qui
2883 3528 3026 3596 quod
3059 3543 3213 3582 suum
3258 3543 3371 3582 non

1795 3629 1878 3672 est
1928 3618 2029 3672 sibi
2056 3632 2334 3674 assumere
2363 3620 2660 3686 prmsumit.
2703 3605 2940 3688 rupinas
2972 3621 3151 3688 itaque
3201 3620 3374 3675 Adam

1799 3717 1850 3761 et
1874 3708 1981 3760 Eva
2009 3706 2273 3771 fecerunt,
2307 3710 2522 3777 quando
2565 3723 2659 3776 per
2689 3709 2830 3777 pomi
2888 3709 3276 3764 comestionent
3318 3725 3376 3764 se

1797 3799 2054 3853 deiﬁcare
2109 3809 2450 3868 putaverunt.
2513 3800 2642 3854 Dico
2675 3802 2816 3870 quod
2859 3802 3133 3856 exsolvam
3188 3815 3379 3872 poenas

1800 3889 2100 3943 alienarum
2157 3890 2489 3958 rapinarum.
2551 3891 2615 3945 Et
2659 3893 2760 3946 hoc
2789 3894 3096 3962 insipientia
3141 3895 3378 3949 maxima

1801 3996 1922 4037 esse
1947 3982 2214 4038 videbitur
2245 3983 2551 4040 inﬁdelibus
2580 3995 2658 4050 nt,
2697 4002 2818 4042 cum
2856 3988 2994 4042 Deus
3032 3989 3156 4050 sim,
3199 3997 3255 4042 et
3305 3990 3382 4041 in-

1803 4088 2028 4140 nocens,
2057 4075 2195 4128 mori
2219 4075 2378 4129 velim
2404 4091 2501 4146 pro
2523 4079 2760 4146 peccatis
2786 4077 2993 4133 alienis.
3038 4078 3144 4132 Sed
3177 4086 3254 4143 tu,
3281 4077 3384 4132 Pa-

1807 4176 1908 4233 ter,
1941 4166 2031 4236 qui
2057 4167 2236 4221 omnia
2281 4169 2571 4238 conspicis,
2633 4169 2733 4222 scis
2791 4169 3144 4238 insipientium
3190 4186 3381 4234 meum,

1806 4259 1967 4316 idest
1993 4261 2234 4329 disponis
2273 4262 2376 4315 hoc
2422 4263 2564 4330 quod
2605 4261 2916 4329 insipientia
2974 4261 3207 4324 videtur,
3241 4261 3385 4328 quod

1806 4356 1989 4425 potius
2017 4354 2177 4426 252
2209 4369 2417 4408 summa
2449 4355 2713 4423 sapientia
2737 4363 2838 4407 est.
2869 4352 3020 4407 Unde
3044 4352 3334 4423 Apostolus
3366 4368 3380 4404 :

1815 4463 1833 4496 ι
1871 4445 2023 4512 Quod
2052 4427 2272 4499 stultum
2310 4453 2394 4498 cst
2450 4444 2580 4510 Dei,
2635 4445 2933 4514 sapientius
2960 4455 3042 4498 est
3077 4445 3390 4499 hominibus

1768 4598 1782 4609 λ
1811 4538 1860 4609 (1
1891 4537 2012 4592 Cor.
2045 4553 2082 4602 ι,
2114 4536 2230 4604 25).
2262 4555 2278 4587 ι
2321 4537 2448 4590 Dico
2476 4537 2618 4606 quod
2668 4554 2769 4590 non
2807 4537 2978 4603 rapui.
3032 4535 3200 4591 Judaei
3261 4552 3390 4591 vero

1812 4640 2002 4701 putant
2037 4648 2123 4687 me
2153 4633 2396 4701 rapinam
2425 4630 2624 4696 facere,
2654 4640 2708 4683 et
2747 4637 3087 4699 peccaturum
3137 4643 3278 4694 esse,
3326 4645 3391 4684 eo

1813 4723 1955 4792 quod
1985 4738 2071 4776 me
2102 4723 2192 4776 Dei
2219 4721 2413 4775 Filium
2441 4721 2637 4786 dicam,
2669 4731 2722 4775 et
2747 4736 2927 4790 regem
2961 4720 3147 4775 Israel.
3207 4719 3272 4774 Et
3299 4721 3394 4774 de-

1817 4812 1939 4866 licta
1963 4829 2076 4866 mea
2113 4829 2144 4866 a
2177 4823 2226 4866 te
2254 4829 2354 4866 non
2378 4822 2496 4866 sunt
2539 4810 2864 4875 abscondita,
2898 4809 2950 4864 id
2987 4817 3073 4865 est
3095 4809 3212 4865 ιιωο
3271 4809 3398 4865 talia

1820 4918 1940 4974 quae
1971 4903 2072 4973 ipsi
2103 4910 2357 4972 reputant
2383 4917 2504 4957 esse
2531 4901 2725 4957 delicta
2756 4918 2896 4957 mea.
2939 4901 3007 4956 Et
3040 4901 3218 4972 potius
3245 4915 3396 4955 sum-

1824 5011 1910 5050 ma
1933 4994 2144 5064 justitia
2191 5003 2316 5047 sunt
2359 5003 2412 5048 et
2438 4995 2638 5049 veritas
2664 5013 2696 5048 a
2725 5005 2773 5048 te
2799 5011 2900 5048 non
2921 5003 3040 5049 sunt
3065 4991 3397 5056 abscondita,

1818 5089 1870 5143 id
1894 5097 1974 5143 est
2004 5086 2096 5140 tibi
2119 5083 2349 5154 placent.

1890 5185 2041 5250 Quot
2071 5182 2200 5234 dicit
2224 5199 2252 5231 ιι
2279 5191 2324 5232 te
2353 5197 2454 5233 non
2479 5191 2597 5234 sunt
2626 5180 2952 5243 abscondita,
3008 5191 3108 5246 per
3145 5175 3400 5230 similitu-

1821 5273 2197 5343 dinem-ponit.
2231 5271 2322 5325 Illa
2353 5288 2584 5342 namque
2641 5285 2762 5342 qum
2797 5272 2954 5325 nobis
2991 5269 3232 5339 placent,
3292 5283 3401 5323 non

1823 5367 1976 5420 nobis
2007 5363 2264 5419 abscondi
2328 5363 2594 5427 volumus,
2644 5364 2738 5416 sed
2792 5375 2932 5430 saepe
2967 5355 3281 5428 aspicimus.
3333 5357 3404 5411 Et
3445 5409 3453 5416 _

1823 5457 1945 5511 ideo
1974 5455 2147 5509 adhuc
2173 5454 2370 5508 salt-um
2397 5469 2475 5507 me
2507 5453 2610 5520 fac,
2641 5460 2698 5505 ut
2741 5466 2844 5504 non
2890 5450 3193 5504 erubescant
3232 5448 3285 5500 in
3322 5463 3404 5499 me

1823 5565 1926 5603 non
1958 5549 2300 5613 resuscitato,
2349 5549 2400 5602 id
2459 5556 2542 5602 est
2570 5547 2635 5601 de
2657 5547 2760 5602 hoc
2803 5545 2948 5616 quod
2997 5554 3201 5614 ponunt
3249 5556 3405 5622 spem

1825 5641 2138 5696 salvationis
2169 5642 2220 5694 in
2247 5658 2358 5702 me,
2387 5639 2460 5693 illi
2491 5641 2580 5709 qui
2636 5647 2931 5703 exspectant
2981 5649 3026 5690 te
3057 5653 3141 5689 nu—e
3175 5633 3406 5688 resusci-

1828 5739 2064 5785 laturum
2097 5731 2332 5791 Domine,
2383 5728 2625 5795 Domine,
2676 5731 2918 5799 inquam,
2947 5743 3052 5782 non
3101 5726 3271 5782 solum
3299 5732 3408 5780 tero

1829 5823 2101 5890 restrium,
2138 5823 2231 5879 sed
2260 5824 2425 5878 etiam
2472 5825 2726 5878 uirtutum
2775 5822 3097 5879 cmlcstinm.
3143 5818 3296 5888 Quod
3326 5825 3410 5872 est

3013 5915 3084 5975 31
