3856 6322
161 398 250 457 975

1036 369 1395 439 EXPOSITIO
1432 373 1498 430 IN
1544 364 1876 428 PSALMOS.
1909 394 1979 410 —
2003 367 2197 426 PSAL.
2235 366 2460 428 LXVIII.

3268 380 3376 445 97.1.

160 511 371 590 psalmus
412 499 770 560 dulcissimus.
801 492 910 567 Ego
935 512 1067 559 vero,
1094 492 1342 563 quamvis
1388 489 1467 543 sic
1502 494 1690 541 contra
1718 487 1765 544 Α
1793 484 1894 539 hoc
1911 491 1998 538 est
2027 497 2090 536 ac
2134 481 2179 536 si
2203 481 2348 585 dicat
2373 481 2604 590 alioque.
2652 500 2737 543 me
2767 488 3008 550 infernus
3059 497 3373 566 absorbent,

161 589 235 665 me
256 604 541 672 loquamur,
571 592 855 647 orationem
893 602 1061 642 meum
1105 599 1296 656 puram
1331 590 1388 638 et
1421 589 1687 645 sanetam,

114 666 206 752 ἐι
250 666 333 748 εί
363 694 502 741 recta
554 680 837 736 devotione
873 678 1276 748 procedentem,
1317 671 1385 727 ad
1431 682 1479 726 te
1526 669 1689 723 Deum

159 794 345 844 Patrem
370 777 590 849 dirigam
641 788 740 844 pro
768 786 957 829 eorum
993 777 1152 840 parte
1200 765 1479 823 salvanda.
1531 763 1689 818 ideo-

156 890 243 948 que
280 872 459 942 dignus
484 881 601 923 sum
625 873 682 920 ut
712 864 911 929 salver,
932 875 1056 916 cum
1085 873 1185 931 pro
1214 856 1449 912 inimicis
1504 862 1689 948 oratu:

157 942 233 1022 rus
278 977 385 1017 sum
429 959 740 1015 clementer.
782 954 914 1022 Qua)
954 950 1132 1006 oratio
1168 964 1288 1005 mea
1318 947 1438 1001 talis
1485 953 1568 1000 est
1599 962 1611 997 :
1645 942 1689 997 0

155 1057 272 1112 Deus
291 1053 457 1110 Pater.
482 1056 679 1116 tempus
700 1052 785 1099 est
816 1039 1120 1111 beneplaciti
1154 1039 1253 1103 tui,
1302 1036 1354 1090 id
1386 1044 1471 1090 est
1508 1033 1683 1088 bene-

154 1143 381 1219 placentis
421 1140 517 1194 tibi
569 1136 759 1208 gratiae
811 1144 916 1189 tuae
965 1130 1285 1190 exercenda:
1337 1129 1394 1183 in
1434 1142 1538 1191 me,
1573 1124 1691 1181 exi-

147 1245 303 1294 'stente
327 1230 649 1287 multitudine
692 1226 1066 1283 misericordia:
1123 1235 1253 1288 tute,
1284 1221 1336 1275 id
1385 1226 1470 1275 est
1530 1232 1692 1272 excr-

150 1327 314 1386 ccntlae
351 1324 403 1378 in
452 1322 687 1377 humano
718 1332 938 1391 genere,
968 1331 1066 1388 per
1112 1329 1220 1382 me,
1252 1312 1344 1384 qui
1368 1326 1490 1366 sum
1522 1308 1691 1363 multa

153 1415 487 1476 misericordia
539 1422 653 1477 tua,
679 1427 777 1483 per
801 1426 962 1481 quem
1010 1409 1173 1464 multa
1212 1405 1475 1463 beneﬁcia
1529 1403 1692 1459 mise-

152 1509 365 1567 ricordiae
405 1506 589 1579 generi
642 1506 880 1560 humano
932 1503 1232 1574 impendes.
1284 1502 1362 1556 Ac
1402 1498 1445 1555 si
1497 1497 1688 1554 dicat:

150 1602 373 1656 Miserere
412 1597 753 1652 inimicorum
805 1609 1050 1651 meorum
1103 1593 1513 1660 salvandorum;
1563 1607 1689 1647 nam

147 1693 238 1763 iam
263 1698 338 1745 est
358 1696 565 1758 tempus
594 1687 807 1758 gratim,
840 1695 1053 1756 tempus
1086 1684 1463 1756 plenitudinis,
1502 1685 1555 1741 in
1581 1700 1690 1756 quo

150 1784 288 1840 debes
318 1790 369 1836 et
403 1780 709 1836 Judaeorum
738 1786 793 1833 et
833 1778 1115 1850 gentilium
1166 1780 1685 1845 convertendorum,

148 1892 228 1947 per
247 1890 322 1930 me
346 1873 432 1944 qui
482 1885 602 1927 sum
652 1870 824 1926 multa
883 1870 1257 1926 misericordia
1324 1880 1435 1937 tua,
1466 1879 1689 1944 peccata

150 1967 406 2021 remittere.
432 1963 499 2018 Et
535 1962 662 2033 quia
712 1970 923 2032 tempus
962 1960 1316 2032 plenitudinis
1342 1962 1585 2029 advenit,
1630 1969 1691 2017 ut

149 2074 227 2128 per
248 2071 322 2111 me
350 2053 529 2126 generi
563 2055 799 2108 humano
828 2052 1158 2119 miserearis,
1200 2052 1353 2123 prius
1387 2053 1580 2107 exaudi
1608 2068 1690 2108 me

149 2159 348 2203 orantem
373 2148 423 2201 in
446 2147 682 2212 veritate,
716 2145 766 2199 id
804 2155 887 2200 est
917 2144 971 2200 in
1004 2144 1442 2201 consideratione
1486 2145 1690 2209 verita-

151 2243 204 2297 tis
228 2241 396 2296 salutis
433 2250 560 2306 tuw,
595 2239 648 2293 id
690 2247 775 2295 est
804 2237 897 2308 qui
946 2238 1051 2294 hac
1102 2237 1298 2293 ﬁducia
1329 2246 1380 2295 te
1417 2252 1535 2304 oro,
1564 2238 1691 2309 quia

147 2330 397 2386 considero
446 2338 496 2384 te
550 2339 800 2384 veraccm
863 2328 1105 2383 futurum
1145 2328 1201 2384 in
1247 2328 1351 2384 hoc
1389 2329 1531 2398 quod
1566 2345 1691 2399 pro-

149 2420 311 2475 misisti
344 2429 390 2473 te
416 2418 753 2474 salvaturum
802 2433 912 2484 me,
965 2417 1053 2473 vel
1099 2426 1346 2473 orantem
1378 2418 1433 2473 in
1460 2420 1691 2474 veritate

147 2510 308 2565 salutis
336 2520 455 2577 tusc,
490 2512 546 2567 id
593 2519 677 2566 est
708 2510 762 2565 in
815 2509 1178 2580 postulatione
1222 2524 1364 2566 vera:
1385 2519 1441 2567 et
1475 2521 1691 2567 aeternae

148 2601 308 2657 SuillliS
334 2612 436 2658 ate
485 2603 678 2658 dandze
706 2619 721 2669 ;
764 2619 828 2658 ac
858 2603 903 2657 si
932 2603 1117 2659 dicat:
1157 2604 1295 2660 Vere
1339 2603 1502 2659 debes
1528 2619 1691 2659 exau-

148 2695 259 2760 dire,
290 2712 403 2750 cum
445 2704 498 2751 te
528 2696 864 2752 considerem
905 2709 1150 2751 veracem
1192 2695 1244 2750 in
1277 2697 1380 2751 hoc
1410 2697 1553 2767 quod
1605 2710 1696 2751 mo

148 2788 423 2844 salvandum
447 2803 568 2845 esse
589 2805 618 2843 a
656 2798 706 2844 te
730 2789 1049 2860 promisisti.
1080 2788 1287 2845 Etcum
1316 2805 1420 2844 non
1449 2805 1688 2861 qumram

148 2878 342 2933 salutem
368 2882 667 2947 hominum,
700 2896 823 2951 qua:
846 2897 983 2935 vana
1010 2890 1114 2947 est,
1138 2880 1303 2953 254¹
1341 2882 1435 2937 sed
1459 2881 1689 2937 salutem

150 2970 541 3027 immortalitatis
580 2981 635 3028 et
672 2972 1126 3042 impassibililatis
1160 2982 1380 3028 aeternae
1414 2987 1445 3027 a
1474 2982 1526 3029 te
1574 2972 1690 3029 solo

146 3059 369 3127 dandam,
395 3063 446 3116 in
470 3063 572 3117 hoc
601 3063 811 3119 scilicet
833 3077 920 3119 me
949 3064 1165 3119 exaudi.

205 3152 344 3221 Eripe
368 3171 446 3209 me
474 3155 537 3209 de
567 3155 701 3221 luto,
727 3157 779 3211 id
809 3166 893 3212 est
921 3157 987 3213 de
1009 3158 1190 3213 carnis
1217 3157 1521 3228 putredine.
1551 3157 1688 3226 Quid

144 3244 265 3296 ettim
281 3260 399 3299 caro
409 3247 625 3316 putrida
650 3249 873 3303 humore
897 3248 1182 3304 commisto
1199 3249 1343 3304 aliud
1370 3250 1563 3306 melius
1585 3250 1691 3306 dici

148 3343 316 3402 potest,
357 3351 515 3405 quam
550 3337 743 3392 lutum.
780 3338 845 3392 Et
873 3354 977 3394 non
1031 3355 1111 3395 διε
1141 3340 1339 3411 eripias
1386 3340 1451 3395 de
1495 3340 1606 3394 luto
1633 3348 1692 3396 ut

145 3427 271 3496 prius
296 3427 345 3482 in
377 3428 543 3484 lutum
581 3433 912 3501 perveniam,
943 3433 1039 3488 sed
1076 3444 1131 3487 ut
1161 3449 1264 3488 non
1300 3433 1492 3503 inﬁgar
1520 3434 1576 3488 in
1604 3432 1691 3487 lu-

146 3531 254 3587 tum,
286 3524 333 3577 id
378 3531 463 3578 cst
507 3523 587 3579 sic
629 3525 769 3594 eripe
801 3535 859 3580 ut
891 3525 1197 3581 nullatenus
1249 3525 1303 3579 in
1348 3524 1691 3595 putredinem

145 3613 352 3677 veniam,
382 3613 519 3667 sicut
557 3614 685 3669 alibi
726 3615 927 3671 dicitur
961 3634 974 3669 :
1031 3634 1048 3667 ι
1089 3614 1197 3670 Nec
1247 3614 1401 3670 dabis
1441 3624 1689 3670 sanctum

147 3707 273 3754 tuum
323 3704 505 3760 videre
564 3706 967 3776 corruptionem
1012 3703 1185 3776 (Psal.
1214 3720 1304 3770 xv,
1343 3705 1455 3774 10).
1492 3723 1509 3756 ι
1544 3705 1610 3759 Ει
1638 3707 1692 3760 in

144 3789 228 3846 hoc
254 3806 458 3863 quoque
481 3796 677 3849 exaudi
719 3812 820 3863 me,
855 3795 1064 3851 scilicet
1108 3794 1271 3849 libera
1300 3810 1381 3849 me
1412 3795 1477 3849 ab
1503 3796 1584 3850 his
1604 3799 1694 3866 qui

144 3882 333 3937 oderunt
358 3900 457 3951 me,
490 3886 542 3939 id
572 3895 657 3941 cst
686 3902 715 3941 a
740 3887 942 3944 Judaeis
965 3925 981 3956 ,
1013 3891 1105 3959 qui
1131 3892 1256 3946 odio
1284 3889 1467 3957 iniquo
1512 3902 1698 3957 perse-

143 3983 349 4037 quentur
383 3992 488 4032 me.
534 3977 768 4048 Exponit
797 3986 973 4033 autem
1004 3981 1274 4048 quomodo
1296 3995 1354 4036 se
1376 3990 1498 4035 orat
1522 3982 1589 4036 ab
1617 3982 1695 4035 eis

145 4061 352 4127 liberari,
393 4068 639 4124 addendo
665 4070 745 4124 sic
774 4087 788 4123 :
826 4068 916 4137 Et,
961 4070 1015 4126 id
1038 4078 1121 4125 est
1146 4072 1371 4139 scilicet,
1417 4072 1581 4127 libera
1615 4089 1694 4128 me

140 4151 195 4204 de
214 4156 474 4225 profundis
498 4176 781 4230 aquarum,
811 4169 869 4214 ut
893 4178 997 4216 non
1027 4179 1107 4216 me
1132 4163 1395 4234 demergo!
1417 4174 1694 4235 tempestas

140 4261 289 4314 «quat,
328 4250 379 4305 id
413 4262 494 4308 est
538 4253 690 4323 plebs
739 4253 961 4309 Iudaica
1010 4256 1250 4313 existens
1306 4273 1447 4326 aqua
1492 4267 1693 4327 tempe-

143 4347 319 4408 stuosa,
349 4358 465 4412 qua:
495 4345 607 4398 vult
660 4361 747 4401 me
791 4345 844 4400 in
878 4345 1314 4403 conformitatem
1367 4363 1521 4403 suam
1578 4356 1691 4403 tra-

138 4426 301 4498 jicere,
328 4449 473 4489 more
496 4450 651 4504 aqua:
683 4444 1083 4507 tempestuosee,
1125 4452 1244 4507 qua:
1280 4438 1603 4494 existentem
1637 4438 1691 4492 in

1794 586 1971 641 neque
2023 587 2109 627 me
2140 573 2409 627 retinendi
2458 573 2769 631 facultatem
2810 579 3024 637 habeat.
3072 585 3141 641 Et
3169 604 3242 643 ne
3275 588 3377 644 ali-

1792 664 1922 733 quid
1946 664 2137 719 horum
2168 665 2277 730 sit,
2314 663 2530 719 Exaudi
2572 681 2674 732 me,
2724 667 2883 724 Deus.
2929 672 3041 729 Hoc
3086 686 3268 733 autem
3306 693 3374 735 ex

1795 754 1963 808 nimio
1988 755 2309 824 impetrandi
2348 756 2621 811 desiderio
2645 760 2863 827 repetit.

1864 848 1931 901 Et
1973 847 2093 901 ideo
2131 848 2345 912 exaudi,
2402 848 2652 919 quoniam
2713 849 2957 929 benigna,
2999 851 3053 907 id
3097 864 3180 911 est
3222 855 3374 929 larga
3462 909 3466 913 .

1793 951 1869 995 est
1896 941 2256 995 misericordia
2306 950 2421 1006 tua,
2471 942 2521 995 id
2565 949 2653 997 est
2692 926 2827 1012 quia.
2854 944 3178 1001 naturaliter
3226 926 3374 1019 large

1794 1032 2103 1088 misericors
2143 1047 2223 1101 es,
2250 1032 2443 1086 exaudi
2476 1050 2553 1088 me
2602 1035 3049 1093 misericorditer.
3082 1035 3150 1094 Et
3179 1041 3376 1110 respice

1793 1124 1849 1177 in
1874 1140 1953 1178 me
1984 1124 2427 1189 misericorditer,
2469 1125 2521 1179 id
2551 1135 2636 1181 est
2668 1126 2929 1184 miserere
2958 1138 3019 1184 ut
3058 1133 3372 1198 nesuscites,

1794 1232 1825 1272 a
1852 1216 2209 1273 similitudine
2252 1219 2394 1273 illius
2439 1219 2531 1289 qui
2577 1220 2811 1291 benigne
2858 1222 3241 1301 respicit.eum
3289 1226 3373 1280 cui

1793 1309 1909 1365 vult
1937 1310 2230 1365 'misereri.
2281 1313 2411 1367 Dico
2442 1314 2638 1382 respice
2660 1313 2712 1366 in
2738 1329 2839 1368 me.
2867 1313 2934 1369 Et
2960 1314 3062 1371 hoc
3086 1316 3376 1370 secundum
3400 1350 3409 1353 -

1794 1400 2182 1455 multitudinem
2204 1402 2598 1458 miserationum
2628 1413 2863 1472 tuarum,
2893 1404 2947 1460 id
2974 1413 3057 1461 est
3077 1407 3375 1463 secundum

1792 1494 1996 1549 multas
2034 1494 2415 1550 miserationes
2457 1503 2598 1561 tuas,
2624 1495 2830 1551 scilicet
2862 1496 3156 1552 secundum
3207 1492 3376 1553 multa

1791 1587 2057 1645 beneﬁcia
2084 1587 2472 1644 misericordiae
2494 1596 2628 1654 tum;
2667 1602 2729 1643 ac
2755 1588 2798 1644 si
2818 1588 2961 1645 dicat
2982 1604 2997 1643 :
3019 1589 3154 1646 Cum
3207 1592 3376 1648 multa

1792 1678 2061 1736 beneﬁcia
2090 1677 2344 1734 omnibus
2384 1678 2649 1733 creaturis
2677 1677 2783 1733 tuis
2818 1678 3246 1735 misericorditer
3275 1678 3378 1733 im‘

1792 1772 2018 1845 pendas,
2071 1771 2242 1828 multo
2288 1772 2463 1841 magis
2512 1772 2731 1843 dignum
2766 1780 2849 1827 est
2883 1779 2939 1826 ut
2963 1771 3118 1838 mihi,
3146 1773 3243 1843 qui
3276 1774 3375 1828 tibi

1790 1884 1903 1941 pra:
1923 1866 2178 1923 omnibus
2206 1865 2422 1931 obedio,
2458 1863 2722 1919 beneﬁcia
2759 1864 2874 1918 haec
2895 1877 3015 1935 quae
3042 1865 3254 1934 postqu
3281 1867 3376 1920 tri-

1789 1961 1943 2017 buas.
1968 1959 2100 2026 Oro,
2134 1959 2329 2029 respice
2354 1958 2408 2012 in
2432 1974 2530 2012 me.
2563 1956 2630 2011 Et
2648 1969 2745 2012 oro
2772 1955 2934 2012 etiam
2968 1968 3030 2011 ne
3058 1964 3263 2013 avertas
3292 1958 3378 2028 fa-

1790 2054 1941 2121 ciem,
1965 2052 2019 2109 id
2043 2060 2128 2107 est
2171 2050 2425 2123 gratiam,
2450 2059 2595 2104 tuam
2617 2066 2648 2103 a
2677 2064 2837 2118 puero
2887 2058 2998 2116 tuo,
3020 2048 3075 2105 id
3101 2059 3187 2105 est
3227 2065 3257 2104 a
3286 2065 3375 2108 me

1790 2160 1948 2202 servo
1972 2153 2086 2211 tuo,
2124 2144 2419 2199 secundum
2451 2142 2595 2213 quod
2641 2142 2805 2196 homo
2854 2156 2993 2197 sum.
3048 2139 3237 2197 Gratia
3275 2154 3376 2213 per

1791 2234 1985 2290 faciem
2009 2233 2349 2303 designatur,
2384 2246 2449 2287 eo
2474 2231 2617 2303 quod
2644 2230 2698 2285 in
2745 2229 2883 2285 facie
2937 2231 3152 2302 signum
3184 2232 3375 2302 gratim

1790 2328 1926 2385 solet
1953 2338 2233 2397 apparere.
2270 2325 2412 2378 Puer
2439 2331 2621 2378 autem
2666 2333 2766 2393 pro
2791 2334 2949 2377 servo
3004 2321 3256 2377 usit‘ative
3280 2336 3374 2392 p0-

1790 2421 1956 2475 nitur.
1988 2417 2143 2484 Quod
2176 2424 2261 2470 est
2302 2415 2522 2469 dicere:
2550 2412 2684 2467 Cum
2724 2411 2899 2482 gratia
2946 2419 3035 2466 tua
3075 2425 3270 2483 magna
3302 2411 3376 2469 sit

1790 2526 1919 2583 erga
1947 2523 2056 2575 me,
2085 2522 2189 2562 non
2218 2505 2503 2576 permittas
2544 2517 2631 2557 me
2682 2502 2735 2557 in
2783 2501 2964 2573 aliquo
2992 2501 3127 2570 labi,
3174 2515 3234 2558 ut
3275 2518 3375 2572 per

1791 2605 1895 2660 hoc
1921 2601 2154 2673 gratiam
2181 2615 2210 2653 a
2240 2614 2326 2654 me
2346 2605 2582 2652 avertas.
2615 2593 2922 2650 Notandum
2956 2609 3081 2651 eum
3120 2611 3226 2651 non
3251 2596 3374 2652 ideo

1789 2712 1952 2753 orare
2009 2694 2154 2765 quod
2218 2691 2326 2747 labi
2387 2690 2577 2748 timeat
2615 2692 2668 2747 in
2722 2687 2927 2758 aliquo,
2986 2688 3082 2743 sed
3136 2688 3258 2745 ideo
3316 2700 3376 2744 ut

1791 2791 2095 2862 exemplum
2138 2787 2329 2843 orandi
2374 2800 2444 2841 ne
2486 2784 2734 2838 labamur
2779 2781 2936 2837 nobis
2987 2781 3278 2851 relinquat.
3305 2777 3375 2835 Et

1750 2902 1757 2909 ‘
1790 2888 2037 2960 quoniam
2068 2881 2309 2945 tribulor,
2336 2878 2389 2933 id
2411 2877 2568 2934 estin
2597 2875 2671 2933 tui
2698 2872 3003 2932 obedientia
3037 2887 3155 2931 sum
3203 2873 3375 2929 tribu-

1790 2978 2004 3040 landus,
2038 2972 2230 3029 exaudi
2277 2986 2356 3023 me
2392 2978 2449 3025 ut
2490 2970 2784 3025 resuscitcs
2814 2988 2825 3024 :
2851 2976 2907 3022 et
2950 2969 3055 3026 hoc
3103 2970 3370 3033 uelociter,

1790 3081 1913 3143 post
1947 3080 2055 3125 tres
2084 3070 2200 3125 dies
2254 3068 2485 3125 scilicet.
2516 3067 2642 3123 Ideo
2686 3066 2904 3137 repetiit
2949 3064 3143 3121 exaudi
3176 3081 3280 3130 me,
3313 3072 3376 3120 ut

1795 3171 2088 3233 apponeret
2126 3160 2385 3216 velociter.
2418 3160 2481 3214 Et
2524 3159 2734 3214 intende
2777 3158 2969 3213 animm
3016 3172 3164 3224 mw,
3196 3156 3248 3213 itl
3289 3164 3375 3213 est

1797 3254 2154 3310 intentionem
2190 3252 2347 3307 famae
2374 3254 2441 3308 da
2472 3254 2595 3307 vitae
2623 3266 2778 3318 mem,
2826 3260 2887 3307 ut
2918 3250 3117 3321 ubique
3144 3251 3374 3322 populo-

1796 3368 1914 3408 rum
1938 3353 2113 3425 palam
2147 3353 2217 3407 sit
2244 3364 2331 3405 me
2376 3347 2765 3404 resurrexisse.
2789 3345 2858 3401 Et
2903 3356 2964 3401 ut
3016 3346 3375 3401 intentionem

1797 3447 1847 3503 ei
1875 3448 1992 3515 des,
2023 3447 2172 3517 prius
2218 3444 2379 3497 libera
2408 3458 2521 3496 eam
2549 3448 2795 3496 amorte.
2849 3438 2963 3493 Hoc
3010 3449 3189 3493 autem
3246 3433 3377 3493 illud

1800 3539 1937 3594 idem
1962 3547 2045 3593 est
2072 3538 2125 3592 in
2169 3535 2460 3600 sententia,
2494 3533 2636 3604 quod
2660 3541 2715 3587 et
2739 3532 2933 3586 exaudi
2984 3547 3065 3586 me
3093 3530 3333 3584 reloeiter
3356 3546 3372 3594 ;

1799 3632 1894 3686 scd
1926 3631 2048 3685 ideo
2072 3627 2285 3698 repetit,
2312 3626 2439 3695 quia
2473 3624 2799 3680 determinat
2842 3622 3114 3692 quomodo
3160 3621 3374 3688 liberet,

1797 3736 1921 3777 cum
1974 3719 2248 3788 subiungit
2303 3716 2514 3772 scilicet
2569 3716 2708 3785 eripe
2735 3730 2839 3780 me,
2873 3708 2925 3768 id
2961 3723 3045 3769 est
3093 3712 3263 3768 libera
3290 3722 3379 3768 me

1799 3807 2111 3875 manifeste,
2140 3823 2244 3863 non
2274 3805 2601 3862 occulte..Et
2644 3806 2745 3861 hoc
2772 3820 2870 3861 oro
2892 3815 3102 3877 prapter
3139 3804 3379 3860 inimicos

1798 3917 1937 3955 meos
1973 3899 2248 3964 custodes,
2303 3897 2395 3966 qui
2450 3910 2536 3951 me
2565 3897 2876 3952 custodierit
2916 3912 2986 3953 ne
3024 3897 3290 3970 refugiam
3319 3906 3379 3953 ut

1799 3989 1897 4059 ipsi
1928 3988 2137 4044 confusi
2169 3988 2425 4042 recedant
2457 4003 2470 4051 ;
2500 3986 2583 4042 vel
2610 3998 2829 4057 propter
2879 3987 3117 4042 inimicos
3152 4003 3291 4042 meos
3322 3996 3380 4043 et

1795 4082 2013 4137 Judacos
2054 4090 2107 4137 et
2129 4083 2376 4154 gentiles,
2404 4082 2495 4153 qui
2523 4083 2655 4137 mihi
2681 4080 2818 4136 male
2841 4081 3073 4136 vivendo
3093 4081 3377 4136 inimican-

1799 4182 1904 4238 tttr,
1946 4183 2005 4228 ut
2028 4174 2303 4245 propalata
2331 4174 2564 4246 gloriosa
2597 4172 3018 4236 resurrectione,
3067 4171 3119 4225 in
3155 4183 3217 4226 ea
3246 4187 3378 4226 con-

1796 4276 2097 4322 vertantur.
2124 4264 2281 4337 Eripe
2302 4282 2383 4319 me
2412 4280 2508 4336 per
2563 4263 2969 4319 similitudinem
3002 4262 3242 4334 ponitur.
3272 4263 3375 4332 Qui

1795 4358 1941 4414 enim
1973 4356 2224 4427 eripitur,
2251 4372 2356 4412 non
2395 4356 2557 4423 clam,
2605 4355 2701 4410 sed
2731 4352 3018 4408 manifeste
3068 4353 3372 4423 liberatur;

1796 4466 1860 4505 ac
1907 4451 1951 4505 si
1975 4449 2122 4519 dicat
2154 4462 2168 4501 :
2201 4447 2393 4503 Libera
2420 4461 2505 4501 me
2537 4445 2846 4512 manifeste,
2899 4452 3070 4504 velint
3099 4445 3292 4514 nolint,
3320 4457 3379 4505 et

141 4536 190 4577 se
212 4524 476 4597 demergit,
506 4545 613 4583 non
658 4530 853 4586 habeat
898 4539 1219 4602 peiestatem
1263 4542 1321 4587 ut
1370 4549 1457 4590 me
1497 4535 1689 4590 timore
1720 4559 1766 4614 ι)
1796 4543 1875 4600 sic
1910 4543 2113 4601 inimici
2140 4545 2243 4600 mei
2277 4549 2684 4598 convertantur.
2723 4540 2789 4594 Et
2816 4555 2901 4595 me
2948 4540 3160 4610 eripere
3188 4539 3371 4609 debes,

142 4616 309 4691 mortis
352 4618 406 4673 in
451 4620 889 4676 conformitatem
940 4636 1095 4676 suam
1146 4626 1442 4695 demergat.
1507 4624 1690 4695 Neque

139 4704 383 4760 absorbeat
409 4726 485 4763 tne
508 4709 832 4780 profundum
858 4711 1077 4767 inferni.
1102 4696 1411 4768 Absorbere
1438 4713 1690 4783 dicimus,

139 4810 242 4850 cum
270 4799 461 4869 aliquis
508 4803 711 4858 invitus
739 4802 809 4859 ab
843 4819 983 4873 aqua
1022 4803 1105 4859 vel
1134 4805 1330 4876 abysso
1382 4804 1712 4875 profundis~

141 4888 255 4941 sima
292 4895 621 4964 suscipitur;
649 4910 712 4949 ac
740 4895 784 4950 si
815 4896 1000 4951 dicat:
1036 4895 1171 4953 Volo
1194 4897 1414 4968 quidem
1444 4899 1495 4953 in
1526 4896 1693 4952 infer-

140 4989 249 5032 num
285 4980 385 5047 ire,
412 4993 469 5039 ut
502 4999 626 5040 eum
680 4985 996 5056 exspoliem,
1036 5001 1142 5041 non
1183 4988 1261 5043 sic
1300 4996 1478 5043 tamen
1540 4996 1598 5042 ut
1625 4989 1693 5044 ab

138 5082 307 5139 copro
354 5074 527 5146 aliqua
576 5076 777 5133 actuali
802 5077 886 5133 vel
916 5079 1165 5149 originali
1223 5080 1435 5136 macula
1494 5082 1694 5138 invitus

142 5159 430 5234 aiisorbear,
461 5169 603 5223 sicut
657 5168 839 5223 creteri
868 5184 1059 5225 onmes
1095 5171 1476 5226 absorbentur.
1511 5172 1694 5243 Neque

141 5266 326 5321 puteus,
355 5260 405 5314 id
425 5272 508 5317 est
558 5263 896 5332 profunditas
928 5266 1146 5344 inferni,
1196 5284 1354 5336 super
1402 5285 1484 5324 me
1513 5269 1695 5326 absor-

143 5354 290 5412 ptum,
319 5362 515 5419 urgeat,
544 5353 593 5407 id
620 5361 703 5409 cst
728 5366 994 5423 coarctet,
1032 5358 1115 5412 vel
1169 5359 1386 5414 claudat
1413 5378 1469 5415 os
1515 5378 1691 5416 suum.

144 5435 277 5501 Quod
296 5451 381 5496 est
404 5443 579 5500 dicere
617 5462 631 5498 ι
662 5445 844 5517 Neque
868 5465 946 5502 me
992 5451 1285 5516 absorbent,
1337 5471 1499 5524 neque
1538 5472 1694 5525 super

143 5541 213 5580 me
254 5532 556 5604 absorptum
584 5554 645 5596 os
690 5556 847 5596 suum
871 5542 1109 5608 claudat,
1137 5560 1204 5599 ne
1224 5549 1409 5616 egredi
1457 5549 1691 5617 valeam,

146 5619 527 5692 asimilitudine
578 5632 745 5700 putei,
794 5647 954 5702 quem
980 5635 1023 5688 si
1060 5635 1255 5705 aliquis
1293 5639 1690 5710 ingrederetur,

220 5715 434 5806 osputei
460 5717 817 5787 clauderetur,
842 5723 1116 5793 ingressus
1145 5742 1253 5783 non
1284 5729 1512 5787 haberet
1537 5748 1691 5805 egre-

144 5796 304 5854 diendi
329 5814 662 5879 potestatem,
702 5814 796 5869 sed
825 5812 1053 5872 interius
1099 5826 1340 5878 retentus
1368 5796 1599 5894 periret:
1630 5827 1694 5883 Et

1793 4652 1919 4692 nam
1955 4646 2010 4692 tu
2044 4638 2134 4703 qui
2170 4634 2351 4692 omnia
2376 4633 2515 4689 nosti
2560 4633 2660 4687 scis
2700 4632 3069 4700 improperium
3126 4648 3321 4700 meum,
3344 4649 3376 4688 a

1792 4727 1992 4785 Iudaeis
2018 4728 2179 4800 255
2217 4726 2578 4793 inferendum,
2606 4738 2728 4780 esse
2760 4720 2951 4778 falsum
2980 4740 2995 4787 ;
3029 4725 3133 4780 hoc
3169 4725 3378 4780 scilicet

1792 4821 1934 4892 quod
1993 4820 2409 4892 improperando
2461 4819 2641 4875 dicent
2684 4831 2771 4873 me
2826 4817 3192 4886 seductorem,
3235 4817 3375 4874 fabri

1794 4913 1983 4979 filium,
2018 4924 2071 4969 et
2099 4922 2293 4969 caetera
2323 4911 2471 4966 talia.

1864 5009 1933 5064 Et
1977 5011 2085 5065 scis
2121 5007 2479 5076 confusionem
2522 5018 2715 5073 meam,
2758 5005 2827 5061 ab
2866 5004 2945 5062 eis
2973 5004 3372 5076 imponendam,

1792 5117 1914 5158 esse
1958 5099 2176 5166 falsam,
2224 5100 2328 5154 hoc
2366 5092 2580 5153 scilicet
2621 5096 2769 5169 quod
2816 5095 3015 5165 injuste
3043 5097 3372 5165 reputabunt

1794 5206 1881 5247 me
1922 5191 1975 5245 in
2021 5190 2202 5244 anima
2239 5187 2495 5244 confundi
2535 5187 2602 5241 de
2628 5185 2964 5241 conscientia
2997 5193 3371 5254 peccatorum,

1794 5283 1884 5353 qui
1933 5276 2213 5353 peccatum
2259 5293 2366 5334 non
2412 5278 2534 5341 feci,
2581 5293 2682 5332 nec
2722 5277 2973 5330 inventus
3008 5283 3095 5331 est
3130 5275 3285 5331 dolus
3317 5279 3371 5333 in

1794 5388 1889 5428 ore
1940 5386 2061 5426 meo
2095 5369 2168 5441 (I.
2202 5369 2349 5425 Petr.
2399 5386 2459 5433 ιι,
2503 5369 2614 5440 22).
2652 5369 2713 5423 Ει
2753 5380 2810 5423 ιιι
2854 5370 2956 5424 scis
3003 5383 3124 5424 esse
3180 5368 3370 5427 falsam

1795 5462 2195 5527 verecundiam,
2236 5476 2399 5531 quam
2429 5476 2603 5515 meam
2632 5458 2853 5525 facient,
2878 5458 3087 5515 scilicet
3111 5460 3253 5530 quod
3284 5462 3369 5515 di-

1794 5564 1914 5612 cent
1939 5569 2024 5609 me
2048 5553 2244 5608 habere
2265 5551 2665 5616 verecundiam,
2690 5551 2742 5606 id
2763 5558 2843 5606 est
2859 5550 3288 5609 erubescentiam
3304 5552 3372 5608 de

1794 5646 2096 5716 obiectione
2139 5644 2399 5699 falsorum
2432 5641 2745 5707 criminum,
2776 5656 2896 5696 cum
2928 5655 3012 5697 me
3042 5640 3373 5697 mentiuntur

1794 5753 1915 5795 esse
1952 5747 2326 5813 peccatorem,
2364 5733 2432 5789 de
2476 5733 2580 5789 hoc
2619 5733 2761 5803 quod
2790 5746 2877 5787 me
2906 5730 3076 5797 Deum
3105 5746 3289 5788 assero
3318 5741 3372 5788 et

1796 5847 2011 5905 regem,
2059 5831 2201 5887 unde
2235 5829 2436 5888 nullam
2487 5828 2696 5885 habebo
2726 5824 3127 5884 verecundiam.
3168 5823 3371 5898 Imper-
