3846 6334
470 337 588 391 ἷΠὸ

1009 331 1082 400 ε.
1129 329 1474 386 hltUNONIS
1509 329 2045 386 esuruusuuou

2148 333 2150 382 ῐ
2194 330 2678 389 INSTITUTOBIS
2718 332 2868 390 OPP.
2922 331 3098 390 PARS
3126 335 3164 390 l.

3615 343 3707 398 976

475 453 744 504 factorum
797 461 940 501 en.m
981 456 1062 498 est
1099 447 1164 500 de
1203 445 1543 516 impositione
1577 444 1832 500 falsorum
1864 445 2050 499 crimi-
2084 451 2128 508 Λ
2159 447 2418 514 existens,
2449 447 2499 502 id
2527 455 2611 502 est
2641 449 2692 502 in
2723 449 2954 503 evidenti
2978 465 3164 504 eorum
3187 451 3444 517 csistetzs,
3470 468 3708 524 quantum

487 558 612 596 nutu
654 539 998 594 erubescere.
1046 537 1110 589 Et
1150 537 1202 589 in
1245 545 1519 605 conspectu
1549 547 1660 600 tuo,
1691 535 1783 604 qui
1813 534 2051 588 omnium

479 633 641 698 judcx
691 645 768 695 cs,
816 639 931 694 sunt
976 645 1150 682 euntes
1199 629 1288 698 qui
1325 627 1599 693 tribulam,
1635 627 1685 681 id
1715 635 1799 682 esl
1827 626 2050 680 tribula-

485 729 618 780 bunt
649 741 728 777 me
761 724 1050 777 insontem.
1083 721 1236 787 Quod
1264 729 1345 775 est
1376 720 1556 774 dicere
1582 737 1595 774 :
1625 719 1756 774 Cum
1784 719 1925 774 scias
1955 718 2054 772 im-

489 817 802 887 properium
843 829 1019 868 meum
1057 827 1176 868 esse
1210 811 1434 875 falsum,
1466 810 1778 865 consideras
1806 810 1966 864 etiam
1997 818 2052 863 tu

475 910 570 976 qui
618 909 692 962 nil
737 907 954 978 dignum
1001 905 1204 960 ultione
1231 902 1458 958 dimittis
1484 902 1833 971 impunitum,
1890 916 2049 970 quam

481 999 678 1066 injuste
705 1013 791 1052 me
818 982 1175 1050 tribulabunl.
1207 993 1357 1060 Quod
1386 991 1764 1060 imprOpcriutn
1794 999 1846 1044 et
1879 991 2048 1044 tribu-

485 1093 744 1146 lationem
783 1107 886 1143 non
930 1090 1126 1142 invitus
1156 1087 1349 1155 patiar.
1386 1085 1517 1139 Nam
1547 1101 1638 1138 cor
1672 1099 1866 1146 meum,
1894 1083 1946 1137 id
1969 1092 2052 1138 est

481 1184 660 1235 anima
710 1196 825 1234 mea
869 1178 1231 1247 exspectavit,
1271 1177 1322 1231 id
1357 1185 1442 1231 esl.
1467 1177 1553 1229 diu
1587 1174 1906 1230 desideravit
1939 1176 2049 1245 pati

473 1271 862 1342 ineproperium
892 1271 1029 1323 istud
1061 1280 1106 1322 et
1138 1269 1399 1322 miseriam
1444 1269 1595 1320 istan:
1623 1266 2046 1331 tribulationum,

475 1363 622 1432 quod
663 1360 762 1431 ipsi
817 1361 1092 1414 mtscriam
1145 1367 1414 1426 reputant,
1453 1373 1572 1411 cum
1625 1371 1728 1410 non
1768 1357 1837 1410 sit
1889 1355 2050 1409 mise-

476 1453 590 1518 ria,
615 1453 706 1506 sed
734 1465 944 1506 summa
974 1449 1219 1505 felicitas.
1255 1450 1319 1503 Et
1351 1464 1470 1503 cum
1508 1448 1572 1502 ad
1613 1448 1750 1502 hanc
1775 1446 2047 1500 miseriam

471 1558 792 1615 pervenero,
831 1543 1057 1597 sustinui
1095 1543 1184 1612 qui
1223 1540 1379 1594 simul
1424 1540 1823 1593 contristaretur
1859 1547 1906 1590 et
1944 1553 2048 1590 non

470 1633 607 1700 fuit,
655 1631 706 1685 id
735 1641 819 1685 est
853 1631 1126 1700 patienter
1151 1628 1504 1683 considerabo
1533 1643 1598 1680 an
1633 1628 1702 1682 sit
1730 1627 1922 1695 aliquis
1954 1627 2042 1695 qui

467 1737 685 1776 mecum
732 1721 1087 1776 contristetur
1125 1720 1192 1774 de
1235 1719 1532 1788 perditione
1573 1733 1692 1782 sua,
1725 1727 1910 1773 etnon
1943 1717 2046 1772 erit

2157 537 2222 588 ad
2259 536 2424 604 ipsius
2473 534 2768 606 Scriptura:
2815 539 3171 603 evidentiam,
3223 556 3331 595 non
3376 555 3624 611 quantum
3651 551 3710 605 ad

2157 629 2394 699 ipsorum
2435 630 2695 685 czecitatis
2734 631 3114 701 pertinaciam.
3164 631 3320 700 Quod
3367 645 3448 690 est
3492 638 3661 697 dicere
3692 639 3742 697 :'

2156 722 2456 790 Scriptura,
2495 737 2614 791 qu:e
2643 733 2903 790 quantum
2936 723 2988 776 in
3027 739 3086 778 se
3118 725 3406 782 manifesta
3435 740 3575 784 esset
3598 730 3709 798 illis,

2153 813 2197 869 si
2246 813 2563 878 crederent,
2593 813 2828 868 obscura
2860 822 2915 868 et
2940 813 3216 884 decipiens
3248 826 3303 872 et
3333 833 3603 875 cxcazcans
3630 821 3713 878 liat

2155 903 2279 965 illis,
2303 919 2424 957 cum
2451 903 2502 956 in
2527 903 2904 958 incredulitate
2927 917 3280 974 perseverent
3305 925 3318 962 :
3347 920 3400 964 et
3419 910 3510 978 ﬁat
3532 912 3646 981 ipsis
3665 915 3710 967 in

2154 994 2560 1048 retributionem.
2605 994 2840 1065 Exponit
2888 1004 3070 1052 autem
3119 997 3172 1053 in
3213 1015 3377 1070 quam
3425 1002 3710 1058 retributio-

2154 1099 2297 1150 nem,
2347 1100 2467 1138 cum
2497 1083 2756 1156 adjungit.
2811 1085 2873 1138 Et
2899 1085 2951 1141 id
2983 1097 3064 1142 cst
3093 1089 3302 1145 scilicet
3321 1092 3374 1144 in
3403 1093 3708 1157 scandalum,

2153 1177 2204 1230 id
2234 1186 2314 1230 est
2347 1178 2396 1231 in
2433 1194 2616 1232 casum
2641 1179 2706 1232 de
2741 1179 2950 1234 vitio-in
2985 1181 3194 1236 vitium.
3217 1182 3371 1250 Quod
3401 1192 3485 1239 est
3509 1186 3707 1242 dicere:

2151 1265 2265 1336 Ipsa
2308 1265 2585 1336 Scriptura
2631 1267 2838 1322 faciens
2879 1282 2972 1324 eos
3006 1270 3170 1341 256
3195 1272 3390 1326 cadere
3421 1274 3486 1328 de
3518 1276 3638 1329 vitio
3664 1278 3709 1330 in

2150 1358 2364 1421 vitium,
2420 1357 2522 1412 hoc
2569 1358 2728 1413 modo
2768 1359 2839 1413 sit
2884 1359 2966 1415 eis
3005 1361 3293 1417 retributio
3341 1363 3710 1420 incredulitatis

2149 1463 2357 1502 eorum.
2409 1448 2676 1518 Exprimit
2720 1459 2900 1504 autem
2931 1451 3160 1522 singulis
3189 1453 3400 1524 singula
3437 1457 3707 1525 reddendo,

2148 1540 2419 1608 quomodo
2459 1539 2741 1611 Scriptura
2769 1542 2841 1596 sit
2871 1525 2950 1598 eis
2990 1543 3043 1598 in
3075 1543 3319 1616 laqueum
3356 1557 3404 1601 et
3430 1548 3482 1602 in
3509 1551 3708 1603 scanda-

2149 1631 2282 1697 lum,
2326 1631 2403 1685 sic
2433 1649 2444 1684 :
2499 1632 2628 1687 Dico
2659 1650 2672 1685 :
2698 1633 2792 1701 ﬁat
2817 1650 2992 1688 mensa
3041 1651 3220 1689 eorum
3250 1637 3305 1690 in
3333 1636 3590 1708 laqueum,
3625 1641 3710 1694 hoc

2150 1720 2307 1774 modo
2354 1721 2560 1777 scilicet
2604 1725 2943 1777 obscurentur
2980 1726 3120 1778 oculi
3165 1743 3370 1795 eorum,
3410 1746 3472 1782 ne
3499 1731 3704 1800 rideant,

475 1829 567 1883 qut
613 1813 983 1867 contristetur.
1035 1809 1099 1863 Et
1157 1810 1245 1881 qui
1296 1808 1656 1862 consolaretur
1709 1824 1809 1873 me,
1861 1817 1906 1860 et
1943 1823 2045 1860 non
2079 1794 2119 1853 Β
2150 1815 2201 1869 id
2249 1825 2335 1870 est
2379 1807 2724 1870 excwcemur
2769 1817 2912 1871 oculi
2968 1819 3198 1874 rationis
3249 1794 3462 1888 eorum,
3491 1837 3556 1876 ne
3577 1839 3630 1877 re
3663 1794 3708 1878 εξ

475 1905 679 1970 iuveni,
727 1903 778 1956 id
819 1911 902 1956 est
939 1910 992 1956 et
1029 1901 1303 1957 sustinebo
1331 1915 1398 1954 an
1424 1900 1493 1954 sit
1516 1899 1710 1969 aliquis
1735 1899 1823 1968 qui
1856 1889 2046 1953 conso-

472 1996 613 2049 letur
663 1993 808 2048 illam
865 1993 1140 2048 tristitiam
1207 2009 1425 2058 meam,
1492 2007 1588 2062 per
1637 1990 2042 2046 conversionem

473 2105 647 2153 sum,
687 2097 740 2142 ct
783 2103 885 2141 non
917 2087 1204 2142 inveniant.
1234 2088 1383 2142 Tunc
1404 2087 1547 2141 enim
1575 2087 1787 2141 tristitia
1803 2102 1918 2142 mea
1947 2087 2044 2140 ali-

467 2178 784 2249 quantulum
829 2179 1230 2246 consolaretur,
1295 2177 1339 2233 si
1375 2181 1742 2248 nmisquisque
1784 2178 1848 2232 de
1889 2178 2042 2248 igno-

476 2269 653 2322 rantia
699 2283 794 2323 sua
837 2277 1262 2322 converteretur.
1315 2267 1381 2321 Et
1437 2283 1558 2322 cum
1604 2267 1875 2337 negligant
1918 2283 2046 2322 con-

474 2361 676 2414 tristari
715 2373 947 2422 mecmn,
981 2368 1035 2412 ct
1063 2357 1340 2412 tristitiam
1372 2373 1545 2410 meam
1575 2357 1861 2421 consolari,
1891 2359 2048 2410 dede-

470 2459 626 2511 runt,
699 2449 749 2500 id
799 2457 881 2500 cst
941 2447 1141 2501 dabunt
1179 2447 1231 2498 in
1283 2463 1449 2499 escam
1507 2464 1670 2499 nteant
1725 2447 1814 2516 fel,
1863 2448 1914 2501 id
1963 2458 2046 2502 est

471 2537 912 2592 amaritudinem.
969 2536 1120 2602 Quod
1162 2545 1245 2589 est
1294 2535 1510 2590 dicere-z
1561 2537 1693 2591 Cum
1730 2538 1902 2592 volam
1951 2555 2045 2594 eos

469 2627 652 2682 dulces
671 2641 812 2692 esse,
835 2627 883 2680 id
905 2635 985 2681 est
1010 2627 1322 2682 obcdientcs
1355 2637 1410 2680 ut
1436 2628 1542 2682 sint
1571 2644 1692 2683 esca
1728 2644 1865 2692 mea,
1893 2630 1942 2683 id
1967 2637 2048 2684 est

469 2717 670 2776 ut'cos
716 2718 845 2773 mihi
900 2718 1289 2774 conformanth
1337 2720 1696 2791 iueorporem,
1741 2720 1944 2775 dabunt
1989 2736 2047 2776 se

469 2826 683 2866 amaros
713 2811 865 2876 mihi,
895 2810 944 2865 id
970 2821 1051 2866 est
1075 2811 1466 2875 inobedienles,
1507 2813 1747 2867 uolentes
1780 2813 1894 2866 fieri
1922 2828 2074 2895 csca.

469 2918 588 2956 mea
616 2901 806 2957 dulcis.
837 2900 989 2968 Quod
1017 2910 1100 2957 est
1129 2903 1305 2957 dicere
1341 2922 1352 2956 :
1392 2904 1596 2958 Dabunt
1629 2903 2042 2958 amaritudinem

471 2999 527 3052 in
568 2995 748 3052 escam
777 3009 977 3060 meam,
1009 2995 1062 3050 id
1083 3004 1164 3050 est
1195 2993 1397 3052 facient
1423 3011 1480 3050 se
1509 3011 1742 3060 amaros,
1767 3011 1900 3065 quos
1925 3009 2046 3050 esse

467 3088 660 3143 vellem
706 3103 884 3143 escam
923 3101 1096 3142 meam
1140 3087 1373 3142 dulcem.
1409 3089 1473 3142 Et
1497 3105 1615 3142 cum
1648 3089 1848 3151 Siliani,
1887 3087 2044 3143 idest

465 3182 622 3234 valde
673 3181 991 3236 desiderabo
1031 3196 1126 3234 eos
1158 3188 1215 3234 ut
1247 3181 1402 3236 dulce
1433 3181 1612 3235 vinmn
1645 3191 1852 3251 potare,
1884 3181 1934 3235 id
1957 3191 2039 3237 est

470 3273 520 3324 in
572 3273 674 3326 mei
721 3271 1157 3327 conformitatcm
1209 3271 1487 3340 trajicere,
1534 3283 1838 3340 potaveruut
1881 3273 2040 3328 idest

468 3365 733 3434 potabant
758 3381 838 3418 me
867 3377 1041 3429 aceto,
1083 3364 1134 3417 id
1168 3372 1249 3418 est
1279 3372 1488 3418 vetusto
1517 3372 1570 3416 et
1591 3363 1701 3417 acri
1725 3365 1849 3417 vino
1873 3363 1924 3417 in
1954 3365 2042 3417 siti

468 3471 606 3520 mea,
633 3439 684 3508 id
709 3464 792 3508 est
820 3454 1167 3508 in'desiderio
1201 3469 1318 3508 meo
1349 3454 1801 3523 incorporationis
1831 3467 2040 3508 eorum.

466 3549 546 3601 Ac
579 3548 623 3601 si
669 3547 815 3600 dicat
845 3563 858 3599 :
891 3546 1023 3600 Cum
1049 3544 1226 3597 sitiam
1255 3559 1347 3598 eos
1369 3545 1525 3598 dulce
1546 3543 1792 3613 poculum
1824 3558 1929 3614 quo
1959 3557 2038 3598 re-

472 3627 644 3700 ficiar,
659 3644 712 3690 ct
730 3650 946 3699 novum,
963 3637 1013 3687 id
1026 3643 1107 3687 cst
1123 3633 1248 3686 mihi
1264 3647 1400 3688 novo
1414 3634 1612 3687 homini
1629 3631 2041 3698 conformatum,

471 3727 570 3796 ipsi
612 3725 816 3780 facient
853 3739 912 3779 se
937 3735 1173 3786 acetum,
1219 3723 1271 3779 id
1303 3733 1385 3778 est
1415 3739 1541 3779 acre
1575 3725 1755 3777 vinum
1785 3732 1839 3776 et
1869 3732 2041 3788 vetus,

472 3823 678 3876 scilicet
715 3817 1127 3873 conformabunt
1165 3833 1223 3871 se
1246 3818 1528 3872 acerbitati
1562 3817 1760 3872 veteris
1789 3816 2041 3870 ltOlltllllS.

472 3916 537 3966 lit
568 3913 657 3966 illo
679 3920 832 3966 aceto
859 3910 1119 3981 potabunt
1148 3924 1317 3962 meam
1349 3909 1517 3974 sitim,
1548 3909 1597 3961 id
1621 3917 1701 3961 est
1725 3908 1922 3960 amaris
1945 3906 2041 3960 tri-

471 4003 862 4070 bulationibus,
905 4005 972 4059 ad
1014 4005 1418 4058 similitudinem
1441 4001 1636 4055 veteris
1668 3999 1928 4065 hominis,
1958 4013 2042 4054 re-

467 4101 690 4171 plebant
723 4113 828 4165 me,
862 4095 1088 4151 salutem
1120 4111 1306 4151 eorum
1335 4093 1627 4148 sitientem.

539 4193 842 4248 Notandum
893 4193 1034 4263 quod
1084 4189 1212 4244 illud
1257 4187 1395 4241 idem
1448 4183 1560 4238 fere
1601 4191 1704 4248 est,
1740 4191 2042 4251 potat-erunt

473 4301 555 4339 me
601 4286 656 4340 in
699 4284 786 4338 siti
830 4299 945 4337 mea
979 4291 1145 4344 aceto,
1193 4288 1247 4333 et
1289 4276 1541 4330 dederunt
1580 4273 1634 4328 in
1665 4288 1834 4328 escam
1877 4288 2043 4326 meam

471 4376 574 4447 fel;
637 4377 738 4431 nisi
787 4377 912 4446 quia
985 4375 1089 4429 alia
1141 4371 1490 4428 similitudine
1526 4371 1592 4424 ad
1645 4369 2042 4439 aggerationem

471 4468 764 4538 impietatis
817 4481 1004 4524 eorum
1061 4466 1202 4521 istud
1259 4464 1398 4518 idem
1439 4462 1598 4526 dicit,
1654 4469 1709 4515 et
1765 4474 1860 4528 per
1917 4474 2042 4512 ace-

470 4565 586 4611 tum
629 4566 806 4611 tamen
841 4568 1162 4614 vetustatem
1205 4571 1392 4611 eorum
1435 4553 1674 4616 denotat,
1704 4565 1822 4619 quae
1852 4564 1945 4618 per
1973 4549 2043 4604 fel

475 4664 581 4703 non
617 4647 924 4702 denotatur.
972 4649 1199 4703 Acetum
1231 4647 1374 4701 enim
1417 4645 1646 4699 dicimus
1670 4651 1824 4695 vetus
1862 4642 2043 4693 vinum

475 4750 530 4797 ει
569 4754 711 4794 acre.
741 4739 1006 4805 Quoniam
1037 4751 1214 4794 autem
1245 4739 1449 4792 dabunt
1481 4739 1530 4790 in
1563 4753 1730 4790 escam
1764 4751 1926 4788 meum
1955 4734 2044 4801 fel,

474 4839 530 4884 et
574 4831 626 4881 in
672 4829 758 4882 siti
797 4844 908 4880 mea
949 4830 1206 4897 putabunt
1250 4844 1328 4880 me
1372 4837 1536 4890 aceto,
1595 4827 1746 4879 video
1791 4825 1932 4893 quod
1960 4824 2047 4890 [iet

474 4935 652 4972 mensa
673 4933 850 4972 eorum
873 4933 1044 4969 coram
1072 4919 1194 4985 ipsis
1218 4918 1270 4968 in
1297 4917 1566 4985 laqueum,
1593 4924 1697 4969 etc.
1724 4915 1786 4968 Et
1803 4914 1925 4982 quia
1945 4914 2047 4968 hoc

471 5010 762 5083 przevideo,
780 5009 1048 5063 concedo:
1074 5008 1252 5060 Mensa
1279 5023 1478 5070 emunt,
1506 5007 1556 5059 id
1583 5016 1662 5059 est
1686 5005 1862 5058 divina
1895 5005 2043 5059 Scri-

474 5115 660 5176 plura,
704 5118 808 5174 qua
845 5102 990 5156 refici
1024 5109 1420 5169 consueverunt
1449 5098 1785 5167 spiritaliter,
1814 5113 1906 5152 seu
1931 5099 2048 5166 qui-

473 5196 606 5249 lihet
652 5195 704 5247 in
745 5207 930 5247 mensa
962 5191 1200 5246 reficitur
1231 5189 1605 5256 corporaliter,
1643 5191 1737 5258 ﬁat
1769 5192 1849 5243 eis
1877 5191 1930 5241 in
1963 5191 2047 5242 la-

469 5303 684 5358 queum,
709 5287 759 5341 id
797 5294 879 5340 est
909 5285 958 5339 in
992 5283 1392 5352 deceptiouem;
1419 5282 1644 5345 scilicet,
1682 5281 1817 5335 male
1840 5282 2045 5348 exposi-

473 5393 526 5435 ta
545 5421 559 5443 ,
608 5387 796 5434 causat
826 5380 868 5432 si
908 5390 1076 5446 quare
1107 5373 1483 5442 illaqueentur,
1511 5373 1560 5425 id
1583 5385 1662 5428 est
1690 5373 2048 5442 decipiantur,

475 5485 504 5523 a
535 5469 886 5524 similitudine
908 5466 1171 5528 volucris,
1206 5463 1295 5532 qui
1321 5463 1532 5518 occulto
1556 5463 1748 5533 laqueo
1765 5465 2046 5534 decipitur.

473 5561 553 5617 Ne
595 5578 726 5615 vero
761 5562 876 5630 ipsa
907 5558 1184 5627 Scriptura
1222 5556 1354 5612 adeo
1382 5557 1654 5612 videretur
1680 5557 1876 5627 gravis,
1909 5558 2050 5626 quod

471 5655 577 5727 ipsi
624 5654 927 5711 nullatenus
953 5663 1070 5705 eam
1097 5649 1396 5720 intelligere
1427 5659 1662 5720 possent,
1699 5657 1752 5702 et
1783 5649 1861 5700 sic
1893 5649 2047 5701 inex-

472 5749 741 5807 cusabiles
781 5757 985 5812 essent,
1033 5745 1181 5801 addit
1233 5763 1245 5801 :
1306 5744 1490 5800 Mensa
1541 5745 1664 5799 dico
1705 5757 1880 5796 corum
1926 5743 2049 5796 iosis

2148 1903 2378 1968 videant,
2420 1903 2472 1958 id
2499 1914 2582 1958 est
2613 1915 2759 1960 recte
2785 1905 3091 1975 intelligant
3123 1907 3482 1978 Scripturam.
3512 1910 3577 1964 Et
3601 1912 3708 1964 dor-

2146 2010 2258 2047 sum
2294 2010 2472 2048 eorum
2505 2011 2705 2064 semper
2730 1995 2967 2051 incurva.
3004 1997 3116 2054 Hoc
3139 2009 3322 2054 autem
3351 2009 3436 2055 est
3458 2003 3704 2069 expositio

2129 2085 2212 2142 .de
2249 2085 2351 2141 hoc
2379 2085 2522 2154 quod
2557 2085 2716 2152 dixit,
2754 2086 2850 2154 ﬁat
2883 2103 3061 2141 mensa
3091 2104 3272 2142 eorum
3301 2087 3354 2142 in
3374 2089 3704 2151 scandalum;

2146 2186 2200 2234 ct
2247 2186 2331 2232 est
2357 2178 2558 2232 dictum
2585 2192 2682 2246 per
2707 2178 3138 2244 similitudinem,
3169 2194 3234 2234 ac
3259 2179 3340 2235 sic
3371 2180 3510 2235 dicat
3546 2198 3558 2234 :
3593 2181 3703 2234 Pcr-

2148 2269 2304 2322 mitte
2335 2283 2429 2324 eos
2457 2269 2592 2324 adeo
2617 2269 2812 2325 cadere
2839 2268 2891 2323 in
2919 2281 3136 2341 peccata
3169 2281 3224 2325 ut
3250 2271 3414 2324 nimia
3442 2271 3576 2326 mole
3598 2287 3704 2342 pec-

2149 2364 2392 2406 catorum
2421 2359 2732 2423 graventur,
2759 2369 2826 2408 ne
2861 2365 3062 2422 possint
3090 2355 3213 2410 inde
3245 2368 3559 2424 exsurgere,
3584 2372 3610 2410 a
3642 2359 3703 2411 si.

2148 2444 2452 2498 militudine
2489 2443 2632 2498 illius
2683 2442 2835 2512 cujus
2863 2444 3080 2498 dorsum
3135 2444 3372 2514 pondere
3402 2446 3702 2511 gravissimo

2148 2535 2483 2600 incurvatur,
2536 2535 2630 2603 qui
2676 2550 2734 2590 se
2775 2536 2961 2604 nequit
3007 2537 3238 2606 erigere.
3269 2537 3385 2592 Non
3423 2541 3589 2592 solum
3615 2556 3700 2593 au-

2151 2637 2253 2681 tem
2287 2627 2445 2691 iram,
2495 2627 2544 2681 id
2586 2636 2671 2680 est
2717 2628 3008 2683 vindictam
3041 2641 3188 2684 tuam
3219 2632 3299 2687 eis
3329 2634 3407 2688 sic
3439 2634 3695 2692 infundas.

2148 2719 2198 2772 id
2230 2727 2313 2772 est
2341 2717 2568 2771 interius
2599 2718 2652 2771 in
2681 2718 2918 2773 animam
2951 2719 3165 2789 fundas,
3199 2733 3256 2776 ut
3289 2725 3542 2779 esc:ecari
3566 2725 3701 2778 etde

2148 2820 2373 2879 peccato
2426 2810 2478 2864 in
2522 2818 2802 2880 peccatum
2846 2813 3041 2866 cadere
3089 2815 3401 2883 permittas,
3439 2816 3527 2870 scd
3552 2816 3697 2870 etiam

2147 2903 2356 2972 effunde
2397 2902 2530 2955 iram
2573 2913 2714 2957 tuam
2743 2919 2900 2974 super
2923 2921 3029 2968 eos,
3064 2905 3115 2959 id
3146 2917 3230 2961 est
3253 2909 3486 2962 exterius
3518 2909 3563 2962 in
3593 2923 3699 2962 cor-

2146 3008 2276 3064 pore
2318 2993 2483 3048 funde
2533 2995 2666 3048 iram
2711 3003 2877 3064 tuam,
2926 2998 3274 3068 utoppritnat
3297 3016 3389 3054 eos
3413 3001 3464 3054 in
3494 3002 3583 3054 hoc
3611 3015 3699 3055 sae-

2147 3088 2289 3142 culo.
2326 3086 2390 3139 Et
2425 3087 2476 3140 in
2513 3087 2693 3141 futuro
2727 3087 2993 3156 furorira:
3024 3103 3127 3144 tua:
3181 3091 3550 3147 subsecutivus
3574 3107 3698 3146 com-

2145 3179 2433 3249 prehendat
2474 3194 2558 3232 eos
2578 3219 2592 3244 ,
2635 3178 2687 3232 id
2714 3189 2797 3235 est
2822 3179 2901 3235 sic
2932 3180 3152 3235 damnet
3183 3192 3241 3236 ut
3266 3182 3559 3238 nullatenus
3582 3199 3694 3238 eva-

2145 3271 2274 3324 dere
2324 3279 2545 3339 queant.
2605 3271 2780 3328 Furor
2831 3273 3028 3327 dicitur
3078 3275 3320 3329 vindicta
3367 3275 3454 3330 illa
3517 3287 3694 3329 teter-na

2143 3377 2248 3432 qua
2303 3365 2443 3418 Deus
2481 3377 2574 3418 eos
2617 3365 2666 3419 in
2721 3363 2904 3420 futuro
2942 3368 3148 3435 puniet,
3177 3384 3298 3437 quae
3345 3380 3490 3423 tanta
3519 3368 3614 3424 etit
3639 3370 3695 3421 ad

2143 3456 2604 3524 comparationem
2663 3459 2946 3526 prtcsentis
2986 3460 3259 3526 vindirtzc,
3290 3472 3488 3529 quanta
3518 3477 3598 3515 res
3626 3470 3696 3514 (st

2146 3543 2296 3599 furor
2320 3547 2385 3600 ad
2415 3549 2874 3618 comparationem
2900 3549 3012 3605 iraa.
3043 3551 3178 3606 Cum
3205 3553 3336 3607 dicit
3387 3553 3694 3622 comprehen-

2143 3636 2299 3703 dat,a
2324 3636 2676 3692 similitudine
2701 3639 2872 3707 ponit,
2905 3655 2964 3694 ac
2987 3641 3030 3696 si
3057 3641 3294 3696 diceret:
3327 3643 3380 3697 in
3407 3643 3502 3698 hoc
3526 3642 3697 3696 sarculo

2145 3745 2250 3784 non
2291 3744 2356 3784 ex
2405 3738 2515 3784 toto
2563 3732 3121 3801 comprehendentur;
3161 3735 3284 3790 licet
3324 3736 3466 3791 enim
3505 3747 3696 3806 propter

2145 3823 2285 3876 mala
2333 3824 2524 3877 merita
2569 3838 2665 3879 sua
2712 3825 3029 3895 puniantur,
3068 3843 3126 3882 se
3163 3838 3340 3883 tamen
3393 3829 3600 3897 hujusce
3627 3828 3692 3881 rci

2147 3914 2320 3985 gratia
2369 3914 2544 3984 puniri
2599 3914 2746 3972 falsis
2784 3918 3084 3973 rationibus
3116 3919 3482 3975 oceultabunt.
3521 3919 3615 3974 Sed
3641 3920 3688 3970 in

2147 4006 2327 4063 futuro
2363 4011 2580 4079 gravius
2608 4011 2918 4081 punientur,
2964 4010 3044 4065 sic
3079 4019 3136 4064 ut
3159 4011 3414 4066 omnibus
3434 4021 3486 4066 et
3513 4011 3692 4065 eisdem

2145 4099 2279 4170 ipsis
2326 4115 2484 4156 causa
2515 4117 2689 4173 paena:
2733 4117 2918 4156 eorum
2961 4111 3260 4172 appareat;
3293 4118 3323 4156 a
3375 4102 3693 4159 similitudine

2147 4189 2290 4245 illius
2318 4193 2432 4260 qui,
2467 4194 2555 4246 diu
2587 4192 2820 4263 fugiens,
2858 4193 3072 4246 tandem
3108 4194 3598 4264 comprehenditur,
3625 4191 3692 4244 si-

2146 4291 2240 4337 cut
2279 4281 2503 4339 ulterius
2524 4281 2759 4352 eliugere
2781 4299 2884 4339 non
2909 4284 3096 4354 possit.
3119 4283 3350 4354 Exponit
3383 4294 3550 4339 autem
3576 4299 3690 4353 quo-

2151 4373 2314 4428 modo
2353 4373 2434 4427 ira
2473 4372 2782 4428 eﬂ‘undatur
2821 4389 2980 4444 super
3009 4389 3122 4438 cos,
3164 4373 3408 4430 addendo
3436 4376 3546 4430 sic:
3583 4372 3692 4427 Dico

2149 4465 2361 4534 e/fumle
2393 4466 2549 4520 iram.
2583 4467 2696 4520 lloc
2723 4465 2882 4520 modo
2911 4466 3117 4520 scilicet
3142 4466 3353 4534 e/fuude
3383 4483 3402 4522 :
3431 4465 3544 4520 Fiat
3567 4464 3692 4518 habi-

2152 4559 2285 4611 tatio
2315 4573 2516 4624 eorum,
2552 4558 2604 4612 id
2628 4567 2711 4613 est
2734 4559 2787 4612 in
2819 4573 2924 4628 qua
2958 4559 3202 4612 habitant
3237 4569 3381 4613 terra
3408 4560 3612 4613 deserta.
3640 4555 3692 4607 Et

2147 4663 2218 4702 ne
2272 4647 2468 4716 aliquis
2518 4657 2735 4717 putaret
2786 4647 2866 4702 sic
2917 4649 3218 4702 concedere
3261 4648 3616 4710 dest-rendam,
3646 4653 3692 4696 ut

2148 4736 2326 4792 nullus
2358 4739 2516 4792 homo
2548 4739 2600 4790 in
2629 4754 2692 4793 ea
2716 4739 3011 4803 habitaret,
3062 4738 3212 4792 addit
3239 4737 3337 4802 sic,
3391 4749 3446 4792 ιιι
3473 4734 3692 4792 determi—

2149 4835 2239 4881 net
2265 4845 2276 4878 :
2310 4827 2375 4880 Et
2404 4828 2482 4882 sic
2512 4828 2748 4882 concedo
2777 4828 2893 4882 lieri
2920 4828 3214 4892 desertam,
3245 4839 3303 4882 ut
3334 4829 3387 4882 in
3416 4828 3692 4881 tabernacu-

2147 4916 2212 4970 lis
2261 4933 2461 4983 eorum,
2506 4917 2556 4972 id
2587 4927 2669 4972 est
2709 4918 2762 4971 in
2800 4918 3047 4974 domibus
3071 4934 3190 4989 qua:
3220 4917 3566 4974 tabernacula
3592 4913 3693 4981 jure

2150 5010 2424 5074 dicuntur,
2469 5023 2531 5063 eo
2568 5009 2712 5080 quod
2744 5024 2837 5064 eas
2864 5010 2973 5064 cito
3004 5011 3288 5064 mutabunt
3320 5011 3387 5065 ad
3418 5004 3694 5062 similitudi-

2151 5117 2273 5156 nem
2322 5100 2814 5166 tabernaculorum,
2871 5117 2974 5153 non
3019 5101 3084 5154 sit
3120 5116 3308 5156 eorum
3339 5100 3428 5170 qui
3453 5095 3690 5154 inhabitet,

2149 5192 2203 5248 id
2235 5203 2318 5248 est
2344 5193 2650 5247 dominetur
2681 5190 2821 5244 sicut
2847 5190 3025 5244 modo.
3059 5190 3138 5243 Ac
3168 5191 3246 5244 sic
3272 5191 3446 5244 dicat:
3479 5182 3692 5241 Concedo

2151 5283 2366 5353 quidem
2399 5294 2456 5336 ut
2489 5292 2688 5335 extera)
2716 5281 2963 5334 nationes
3012 5280 3082 5334 ibi
3112 5279 3434 5342 inhabitent,
3467 5277 3559 5347 ipsi
3589 5286 3694 5325 rem

2153 5375 2392 5428 minime.
2443 5373 2508 5427 Et
2550 5374 2688 5427 bene
2727 5372 2944 5440 quidem
2978 5371 3132 5440 ponit
3167 5385 3273 5425 non
3321 5376 3575 5428 maneant,
3616 5359 3694 5417 sed

2152 5466 2456 5520 inhabilem.
2517 5464 2664 5518 Multi
2688 5479 2920 5533 namque
2943 5478 3129 5518 eorum
3162 5463 3235 5518 ibi
3261 5473 3321 5518 ut
3349 5461 3484 5518 servi
3515 5470 3696 5513 romano

2154 5567 2360 5622 serunt,
2406 5558 2582 5612 nullus
2629 5567 2810 5610 autem
2863 5556 3090 5611 ulterius
3145 5555 3486 5618 inbabitavit,
3537 5550 3580 5604 id
3627 5553 3694 5599 est

2155 5650 2458 5703 dominatus
2487 5658 2587 5702 est.
2621 5648 2924 5701 luhabitare
2955 5647 3170 5715 quidem
3199 5661 3297 5716 pro
3328 5642 3575 5700 dominari
3604 5637 3694 5690 usi-

2156 5750 2266 5796 tate
2300 5741 2533 5809 ponitur.
2563 5737 2712 5794 Unde
2741 5753 2956 5808 quoque
2984 5753 3105 5792 eum
3133 5738 3222 5808 qui
3252 5753 3310 5793 se
3342 5739 3470 5792 bene
3501 5727 3695 5786 vivendo
