3846 6334
148 431 224 488 977
1016 415 1377 475 EXPOSITIO
1417 416 1481 472 IN
1529 413 1868 471 PSALMOS.
1904 447 1972 457 -—
1998 416 2193 472 PSAL.
2227 417 2447 472 LXVIII.

3191 470 3194 474 .
3235 424 3362 480 9:8‘

148 541 270 612 regit,
317 537 391 594 sui
425 537 590 608 ipsius
621 533 1034 590 inhabitatorem
1070 534 1316 589 dicimus.
1350 533 1458 589 [loc
1489 542 1665 588 autem
1697 534 1742 590 Λ
1769 550 1925 603 super
1972 533 2190 587 vitulum
2236 533 2524 599 novellum,
2575 531 2625 587 id
2660 542 2744 588 est
2783 507 2949 606 super
2981 538 3138 594 iidem
3187 540 3341 595 vituli

145 650 234 702 .ure
251 633 319 687 eis
342 629 630 700 continget.

198 724 424 788 Quoniam
452 737 600 791 quem
621 730 696 785 tu,
713 718 802 788 qui
828 725 1015 787 potens
1041 733 1118 782 es,
1140 715 1436 786 percussisti
1464 721 1664 768 morta-

144 818 260 870 litate
294 823 342 869 et
373 811 758 884 passibilitate,
804 809 1060 878 persecuti
1090 818 1244 873 sunt,
1277 807 1327 862 id
1356 816 1438 862 est
1473 823 1659 876 perse-

143 917 330 978 quentur
354 921 434 960 me
456 905 681 967 scilicet,
710 919 772 957 ac
799 903 876 957 sic
899 903 1070 957 dicat:
1097 902 1272 955 Adam
1302 911 1573 970 peccando
1599 914 1656 954 se

143 1007 180 1053 et
201 1007 341 1051 totum
378 1007 542 1065 genus
573 993 864 1047 humanum
902 990 1190 1062 percussit,
1227 989 1407 1054 idest,
1435 987 1662 1043 mortale

141 1098 180 1142 et
196 1084 411 1157 passibile
441 1083 590 1139 fecit.
630 1083 741 1152 Ego
771 1097 924 1148 vero,
962 1097 990 1134 a
1018 1090 1243 1152 peccato
1265 1079 1540 1143 immunis,
1575 1093 1662 1132 me

142 1194 220 1232 non
247 1175 488 1246 percussi,
535 1174 630 1230 sed
661 1183 748 1228 tua
777 1172 1058 1242 dispositio
1089 1187 1174 1226 me
1198 1169 1488 1242 percussit,
1518 1183 1661 1224 mor-

139 1271 262 1324 talem
290 1268 479 1324 faciens
508 1275 563 1322 et
593 1265 923 1337 passibilem,
956 1273 1015 1320 ut
1043 1264 1272 1319 mundus
1294 1278 1395 1334 per
1428 1277 1517 1317 me
1548 1262 1657 1316 Sul-

139 1372 271 1416 vetur.
319 1361 379 1415 Et
413 1360 509 1430 ipsi
549 1375 635 1414 me
681 1360 948 1414 insontem
990 1373 1020 1412 a
1055 1367 1105 1413 te
1136 1373 1449 1427 percussum
1474 1375 1659 1429 perse-

137 1464 341 1525 quentur,
389 1453 617 1525 ideoque
657 1453 878 1524 dignum
915 1461 998 1508 est
1030 1463 1142 1508 uta
1170 1433 1348 1523 patria
1379 1453 1658 1522 expellan-

139 1558 217 1602 tur.
261 1548 318 1602 Et
356 1547 474 1602 ideo
518 1548 717 1610 adhuc,
764 1547 890 1616 quia
933 1563 1090 1616 super
1126 1545 1357 1600 dolorem
1388 1546 1656 1600 vulnerum

136 1656 318 1692 meorum
348 1639 678 1704 addiderunt,
717 1639 769 1692 id
797 1646 881 1693 est
910 1638 1110 1691 addent
1148 1637 1450 1691 custodiam
1482 1636 1658 1705 sepul-

135 1745 219 1794 cro,
249 1740 300 1786 ut
339 1730 469 1784 intra
507 1738 736 1783 mortem
768 1739 1022 1783 :ctcruam
1066 1728 1358 1782 detineant.
1387 1727 1540 1793 Quod
1569 1736 1658 1780 est

135 1820 273 1874 dicere
315 1837 328 1874 :
370 1819 492 1875 Post
533 1819 770 1873 dolorem
823 1818 1104 1873 vulnerum
1141 1832 1300 1886 quem
1358 1818 1486 1872 mihi
1521 1817 1653 1871 infe-

136 1921 238 1975 rent,
288 1911 467 1967 addent
520 1911 686 1966 etiam
739 1909 988 1980 sepulcro
1018 1909 1295 1974 custodes,
1336 1918 1396 1962 ut
1437 1909 1657 1962 omnino

135 2021 282 2060 nomen
325 2021 492 2060 meum
549 2003 790 2068 doleant,
837 2003 1066 2072 ideoque
1107 2017 1327 2071 appone,
1362 2001 1413 2055 id
1449 2009 1532 2055 est
1560 2018 1656 2070 ap-

133 2097 222 2165 poni
251 2098 481 2167 permitte
506 2096 841 2166 iniquitatem
871 2095 1104 2148 filiorum
1145 2110 1301 2164 super
1331 2093 1656 2164 iniquitatem

133 2207 265 2244 eorum
304 2201 533 2262 patrum,
581 2199 642 2243 ut
693 2189 864 2258 major
913 2187 983 2242 sit
1027 2188 1274 2241 cumulus
1311 2179 1542 2242 miseriae
1573 2202 1655 2240 eo-

133 2298 248 2349 rum;
285 2285 479 2340 scilicet
518 2300 644 2339 cum
675 2282 841 2352 iniqui
868 2283 974 2336 siut
1003 2282 1102 2352 ipsi
1134 2290 1186 2336 et
1209 2280 1486 2346 obstinati,
1519 2279 1656 2332 filios

133 2373 295 2442 iniquos
317 2375 539 2431 habeant
572 2383 628 2429 ct
655 2374 958 2429 obstinatos
982 2388 1150 2444 usque
1179 2373 1230 2426 in
1259 2373 1417 2426 finem
1445 2370 1650 2436 mundi,

135 2477 224 2516 eum
250 2464 470 2534 reliquiae
500 2464 665 2519 salvae
693 2473 872 2518 erunt.
899 2463 964 2517 Et
990 2463 1205 2530 utrique
1227 2461 1394 2531 iniqui
1423 2461 1656 2514 existen-

132 2557 203 2616 tes,
234 2569 321 2606 non
360 2555 566 2615 intrent,
610 2553 662 2607 id
708 2562 792 2607 est
817 2569 921 2606 non
953 2552 1326 2622 ingrediantur
1355 2551 1492 2604 viam
1521 2552 1642 2604 vita-

131 2643 501 2714 lmjusinjus:itia
515 2656 633 2707 tua,
649 2644 700 2698 id
713 2653 794 2699 est
807 2641 1254 2712 injustilicatiune
1268 2641 1650 2710 permanendo.

131 2735 242 2802 Quod
260 2746 334 2793 est
351 2738 528 2794 dicere
552 2752 568 2793 :
596 2737 713 2792 Non
735 2737 1102 2806 justiticentur
1124 2751 1153 2790 a
1179 2745 1250 2800 te,
1269 2749 1365 2805 per
1382 2733 1653 2789 remissio-

131 2845 220 2882 rem
238 2841 580 2899 peccatorum.
611 2830 847 2900 Exponit
874 2838 1053 2885 autem
1079 2827 1223 2898 quod
1249 2827 1497 2897 superius
1531 2840 1654 2880 con-

130 2921 268 2986 cessit,
293 2922 481 2977 scilicet
506 2921 663 2977 furor
694 2921 787 2976 irae
810 2929 913 2976 tuae
947 2919 1368 2990 comprehendat
1391 2933 1496 2984 eos,
1534 2918 1650 2973 sic:

171 3011 248 3081 57
284 3015 385 3069 Dixi
431 3015 576 3086 quod
635 3016 736 3070 hoc
783 3023 952 3068 totum
987 3013 1036 3067 in
1068 3014 1168 3069 hoc
1199 3011 1399 3067 suacqu
1432 3011 1650 3067 contin-

131 3107 360 3174 gitut/iul
387 3108 650 3162 habitatio
679 3125 859 3161 eorum
886 3107 1114 3173 deserta,
1143 3115 1254 3162 etc.
1285 3107 1351 3162 Et
1380 3105 1433 3160 in
1467 3105 1650 3159 futuro

1764 623 1992 690 novelli,
2059 625 2162 678 mei
2214 623 2494 690 videlicet,
2561 624 2651 695 qui
2703 640 2797 680 ero
2855 629 3176 684 sacrificium
3241 649 3368 703 pro

1762 715 1936 770 salute
1979 714 2160 770 mundi
2201 713 2462 768 oblatum.
2512 713 2665 781 Quod
2710 717 3048 786 designatum
3099 721 3199 776 l'uit
3246 739 3343 794 per

1763 809 2022 874 vitulum;
2051 824 2210 878 quem
2247 808 2297 861 in
2333 807 2626 878 Evangelia
2649 807 2850 879 legitur
2875 811 3132 864 obtulisse
3159 827 3338 880 pater-

1765 902 1998 956 familias
2017 916 2112 970 pro
2127 899 2217 954 filii
2240 899 2412 954 reditu
2435 901 2498 953 de.
2520 901 2976 972 peregrinatione,
2997 903 3084 971 qui
3108 906 3342 972 perierat

1762 1003 1816 1047 et
1833 993 2080 1046 inventus
2102 1001 2202 1053 est,
2221 1000 2464 1044 mortuus
2483 989 2654 1044 fuerat
2670 1002 2723 1046 et
2745 993 2942 1046 revixit
2957 992 3104 1062 (Luc.
3125 1010 3209 1056 xv,
3225 995 3338 1065 5‘2).

1767 1083 2002 1139 Vitulum
2025 1098 2082 1137 se
2106 1081 2427 1150 vocat,quia
2453 1097 2547 1151 per
2572 1081 2716 1136 hunc
2743 1082 2966 1136 vitulum
2991 1084 3056 1140 de
3079 1100 3184 1154 quo
3203 1086 3341 1140 dixi-

1761 1193 1882 1234 mus
1907 1176 2261 1247 prtesiguatus
2304 1183 2387 1231 est
2407 1215 2424 1241 ,
2460 1181 2516 1229 et
2539 1173 2664 1242 quia
2695 1189 2792 1244 pro
2823 1176 3005 1230 mundi
3037 1177 3211 1232 salute
3254 1195 3341 1233 sa-

1763 1269 2088 1328 criﬁcandus
2118 1277 2269 1335 erat,
2310 1281 2461 1324 more
2485 1265 2638 1320 vituli
2677 1265 2767 1335 qui
2801 1267 2854 1319 in
2903 1266 3021 1333 lege
3052 1268 3224 1322 veteri
3253 1285 3352 1323 sa-

1761 1361 2130 1417 criticabatur.
2160 1357 2440 1412 Novellum
2489 1371 2622 1412 vero
2651 1371 2708 1411 se
2740 1355 2905 1420 dicit,
2937 1357 3064 1426 quia
3091 1373 3212 1412 cum
3246 1377 3352 1413 tio--

1762 1470 1859 1508 vus
1884 1455 2044 1508 homo
2073 1458 2248 1517 esset,
2279 1451 2369 1520 qui
2399 1450 2693 1504 secundum
2731 1447 2900 1503 Deum
2937 1459 3152 1504 creatus
3178 1463 3259 1506 est
3285 1453 3344 1506 in
3369 1451 3372 1454 ’

1758 1546 1966 1618 iustitia
1998 1553 2052 1599 et
2089 1545 2377 1598 sanctitate
2420 1542 2666 1596 veritatis
2700 1539 2952 1611 (Ep/tes,
2975 1559 3050 1606 IV,
3093 1543 3183 1614 24)
3206 1585 3220 1609 ,
3249 1561 3354 1600 vc-
3437 1559 3439 1562 ‘

1761 1647 1917 1693 uerat
1953 1652 2050 1691 nos
2096 1637 2161 1691 de
2209 1643 2480 1690 vetustate
2510 1635 2670 1704 primi
2709 1636 2880 1704 patris
2929 1651 3154 1702 eruere,
3182 1645 3235 1689 et
3271 1637 3340 1690 ad

1760 1734 1840 1788 sui
1865 1731 2301 1787 conformitatem
2337 1741 2610 1784 revocare.
2641 1725 2876 1781 Vitulum
2904 1729 3022 1782 dico
3049 1728 3338 1796 producen-

1761 1836 1858 1880 tent
1889 1823 2110 1894 ungulas
2154 1833 2201 1877 et
2247 1839 2474 1896 cprnua,
2523 1820 2574 1875 id
2619 1829 2699 1876 est
2749 1819 3031 1875 habentem
3065 1822 3337 1889 producta

1761 1933 2001 1981 cornua,
2042 1925 2096 1970 et
2147 1915 2439 1985 productas
2489 1912 2749 1982 ungulas,
2823 1912 3033 1966 scilicet
3089 1928 3336 1982 magnam

1758 2010 2056 2080 potentiam
2081 2006 2383 2076 expellendi
2414 2005 2666 2060 inimicos
2689 2003 2922 2065 Judaaos,
2949 2004 3037 2070 qui
3067 2004 3350 2074 impotens

1760 2108 2062 2168 reputatur,
2091 2107 2143 2153 et
2177 2111 2429 2168 magnam
2474 2094 2889 2160 discretionem,
2929 2095 3020 2164 qui
3065 2094 3259 2148 stultus
3285 2105 3340 2149 et

1758 2193 2016 2264 insipiens
2051 2191 2284 2245 videtur.
2327 2189 2428 2243 Per
2468 2187 2725 2256 producta
2763 2200 2966 2242 cornua
2991 2225 3006 2250 ,
3037 2194 3185 2240 recte
3224 2201 3337 2238 ma-

1757 2300 1860 2354 gna
1913 2283 2247 2352 expulsionis
2307 2281 2547 2350 potentia
2605 2287 2840 2344 notatur,
2892 2280 3015 2346 quia
3065 2279 3338 2349 potentior

1756 2384 1839 2429 est
1867 2375 1962 2429 bos
1999 2373 2090 2443 qui
2143 2373 2402 2440 producta
2449 2385 2650 2423 cornua
2689 2370 2852 2426 habet.
2879 2370 2945 2422 ad
2991 2369 3198 2422 hostem
3245 2386 3338 2422 ex-

1756 2467 2059 2537 pellendum
2080 2507 2094 2530 ,
2119 2480 2280 2533 quam
2311 2461 2402 2531 qui
2432 2461 2636 2516 brevia.
2662 2460 2766 2514 Per
2797 2463 3090 2528 productas
3117 2459 3342 2528 quidem

1757 2560 2014 2632 ungulas,
2068 2558 2302 2612 Iuaxima
2351 2554 2606 2609 discretio
2637 2553 2922 2624 accipitur,
2955 2551 3082 2620 quia
3127 2551 3352 2620 ungula:-

1757 2653 1895 2708 lissa:
1938 2661 1990 2706 et
2021 2651 2270 2704 discreta).
2301 2657 2448 2702 sunt.
2485 2647 2550 2701 Et
2588 2649 2689 2702 hoc
2741 2653 2827 2700 est
2859 2661 2921 2698 ac
2949 2644 2992 2698 si
3027 2643 3172 2698 dicat
3201 2659 3215 2696 :
3245 2642 3332 2695 Illa

1754 2751 1872 2804 laus
1901 2747 2135 2818 placebit
2164 2748 2275 2801 Deo
2303 2745 2525 2798 fundata
2569 2744 2622 2796 in
2656 2741 2758 2795 fide
2807 2740 2942 2803 mei,
2974 2739 3062 2808 qui
3093 2753 3212 2791 sum
3257 2738 3334 2789 vi-

1756 2841 1900 2896 tulus
1936 2838 2208 2902 novellus,
2243 2837 2448 2890 habens
2479 2835 2740 2904 producta
2772 2847 3005 2892 cornua,
3037 2841 3090 2886 et
3137 2829 3342 2898 produ-

1753 2941 1870 2988 etas
1899 2930 2145 3001 ungulas.
2179 2927 2289 2982 Hoc
2315 2939 2491 2982 autem
2528 2927 2647 2978 ideo
2676 2923 2847 2994 ponit,
2876 2931 2952 2987 ut,
2983 2923 3033 2974 in
3072 2929 3334 3001 quantum

1752 3023 2008 3094 possibile
2055 3029 2169 3083 est,
2205 3021 2444 3073 attrahat
2481 3032 2580 3070 nos
2629 3016 2695 3069 ad
2743 3013 3178 3067 conformitatem
3212 2997 3293 3064 sui
3321 3051 3348 3074 ,.

1753 3116 1960 3171 scilicet
2030 3122 2295 3182 quatenus
2347 3107 2654 3166 omnimodo
2723 3109 3036 3161 Studeamus
3087 3103 3346 3158 inimicos-

129 3194 366 3263 tlelt’tmlul',
398 3197 448 3253 id
474 3207 558 3254 est
593 3213 652 3254 se
677 3199 883 3254 deletos
911 3199 1201 3254 manifeste
1230 3198 1404 3254 sciant
1425 3197 1489 3250 de
1516 3196 1648 3249 libro

1756 3222 1941 3260 omnes
1971 3205 2211 3260 visibiles
2238 3212 2294 3258 et
2321 3200 2619 3256 invisibiles
2677 3198 2945 3268 expellere
2966 3239 2979 3260 ,
3040 3204 3095 3251 ct
3125 3195 3340 3250 discre-

131 3283 370 3352 rit-entiam,
395 3289 459 3344 de
486 3289 847 3359 dispositione
879 3298 966 3344 tua
991 3288 1220 3354 scilicet,
1249 3289 1300 3342 in
1331 3303 1435 3357 qua
1463 3302 1651 3341 omnes

129 3385 280 3433 uterne
304 3380 488 3439 victuri
529 3383 774 3440 ordinati
808 3391 970 3445 sunt,
1015 3381 1156 3436 sicut
1205 3380 1256 3435 in
1295 3381 1436 3435 libro
1469 3378 1650 3446 aliquo

130 3474 362 3529 multorum
387 3477 610 3531 nomina
636 3473 981 3538 Scribuntur;
1009 3472 1240 3542 ideoque
1261 3470 1400 3524 liber
1425 3469 1648 3524 dicitur.

129 3565 211 3620 Non
233 3579 390 3625 autem
422 3571 499 3625 sic
529 3567 814 3622 deleantur
859 3562 1005 3635 quod
1053 3563 1106 3618 in
1159 3562 1250 3619 illo
1286 3561 1427 3617 libro
1461 3559 1647 3630 scripti

128 3658 206 3713 sint
251 3659 326 3714 vel
379 3657 674 3716 scribendi.
728 3655 920 3710 Nullus
970 3653 1114 3710 enim
1165 3653 1219 3707 in
1294 3666 1359 3707 eo
1417 3649 1652 3720 scriptus

127 3746 219 3803 inde
249 3749 519 3816 delchitur,
545 3748 646 3805 sed
679 3746 800 3802 ideo
824 3744 955 3801 dicit
981 3743 1277 3804 deleantur,
1302 3740 1428 3810 quia
1462 3739 1563 3808 ipsi
1591 3751 1650 3792 se

127 3849 326 3906 reputant
366 3856 485 3898 esse
531 3839 770 3908 scriptos
790 3877 805 3902 ,
835 3851 901 3891 ac
935 3836 978 3890 si
1007 3835 1150 3889 dicat
1181 3851 1194 3887 :
1226 3832 1329 3898 Qui
1363 3831 1520 3886 modo
1547 3827 1646 3882 sibi

127 3926 223 3996 ipsis
253 3932 484 3988 videntur
513 3930 736 4000 scripti,
773 3933 1073 3996 appareant
1111 3923 1330 3978 sibimet
1367 3921 1421 3975 in
1470 3918 1650 3974 futuro

126 4021 264 4079 deleti.
302 4027 364 4082 Et
398 4037 456 4082 ut
499 4027 606 4082 ista
648 4025 844 4080 deletio
873 4023 1152 4095 contingat
1200 4024 1280 4077 eis
1328 4020 1382 4075 in
1433 4018 1646 4082 futuro,

126 4112 188 4168 hic
209 4116 399 4173 interim
423 4136 524 4172 non
553 4116 872 4178 scribantur,
905 4115 957 4170 id
981 4123 1065 4170 est
1097 4129 1126 4169 a
1157 4115 1252 4170 Dei
1285 4109 1650 4181 dispositione

127 4222 202 4263 non
225 4213 520 4269 ordinentur
553 4227 674 4267 esse
697 4228 814 4265 cum
838 4211 1032 4280 justis,
1061 4210 1113 4265 id
1147 4219 1231 4266 est
1257 4226 1363 4265 non
1395 4209 1652 4280 disponat

125 4316 192 4356 eis
209 4303 330 4360 Deus
357 4305 442 4362 hic
470 4318 593 4359 esse
623 4303 677 4358 in
704 4302 978 4358 consortio
1002 4301 1297 4370 iustorum,
1323 4303 1373 4356 id
1399 4313 1482 4358 est
1513 4305 1648 4360 bene

125 4397 426 4458 operantium.
458 4396 577 4450 Non
609 4394 760 4448 enim
800 4395 854 4448 in
903 4393 1087 4447 futuro
1117 4393 1449 4458 delerentur,
1483 4407 1539 4450 et
1569 4396 1648 4450 di-

125 4498 245 4551 gnum
275 4497 350 4542 est
376 4497 433 4542 ut
460 4487 763 4541 deleantur.

1757 3298 1954 3351 tionem
1987 3298 2040 3350 in
2085 3294 2338 3349 omnibus
2369 3292 2588 3347 habere.
2637 3289 2744 3344 Seu
2787 3288 2950 3342 etiam
2992 3302 3087 3357 per
3129 3299 3339 3339 cornua

1753 3387 2015 3457 producta
2071 3387 2364 3440 denotatur
2428 3379 2669 3450 potentia
2721 3379 2958 3433 maxima
3010 3376 3342 3432 defendendi.

1753 3495 1881 3534 suos
1900 3520 1916 3545 ,
1945 3479 2049 3534 etsi
2079 3479 2131 3534 io
2158 3477 2408 3548 passione
2451 3489 2548 3529 sua
2580 3487 2637 3528 se
2659 3471 2946 3528 defendere
2975 3470 3165 3526 uoluit.
3197 3470 3333 3524 Cor-

1754 3573 1914 3628 nibus
1944 3573 2088 3626 enim
2128 3569 2380 3626 animalia
2411 3577 2641 3624 cornuta
2672 3581 2730 3622 se
2769 3563 3083 3621 defendunt.

1819 3661 2162 3719 Adhortatur
2192 3679 2318 3717 vero
2359 3678 2484 3716 suos
2516 3660 2580 3714 ad
2613 3659 2901 3714 videndum
2942 3666 2998 3712 ct
3041 3657 3334 3712 laetandum

1752 3765 1807 3808 et
1848 3755 2196 3824 quaerendum
2245 3753 2560 3816 Dominum,
2604 3752 2682 3806 sic
2714 3769 2726 3804 :
2763 3750 2881 3804 Dixi
2933 3763 3018 3803 me
3041 3765 3340 3819 pauperem

1751 3860 1900 3914 esse,
1946 3853 2000 3901 et
2044 3845 2344 3909 dolentem,
2392 3853 2596 3899 etesse
2624 3842 2964 3908 salvandum,
3013 3851 3067 3896 et
3110 3840 3349 3896 vitulum.—

1753 3938 2054 4004 novellum,
2088 3945 2142 3990 et
2177 3937 2280 3992 hoc
2314 3944 2483 3990 totum
2530 3934 2766 3999 videant,
2797 3932 2849 3988 id
2882 3942 2966 3988 est
2994 3932 3296 4002 intelligant
3318 3974 3350 3994 ,η

1751 4047 2003 4102 pauperes
2051 4029 2285 4099 spiritu,
2319 4025 2508 4082 fideles
2556 4025 2660 4080 mei
2697 4023 2931 4086 scilicet,
2965 4022 3056 4091 qui
3104 4021 3335 4074 humiles

1751 4132 1879 4178 sunt
1906 4121 1957 4174 in
1987 4119 2210 4188 spiritu,
2245 4133 2352 4171 non
2402 4115 2643 4185 superbi.
2690 4111 2754 4165 Et
2792 4111 3035 4165 lwtentur
3062 4109 3128 4162 de
3157 4107 3338 4160 salute

1751 4229 1869 4268 mea
1892 4254 1904 4278 ,
1933 4228 2028 4282 per
2053 4225 2218 4282 quam
2249 4209 2624 4264 salvabuntur.
2659 4205 2725 4259 Et
2759 4204 2885 4274 quia
2927 4204 3030 4256 hoc
3079 4215 3184 4274 nqn
3217 4200 3333 4251 suf—

1750 4305 1967 4370 ﬁceret,
2007 4321 2040 4358 0
2091 4319 2184 4357 vos
2235 4315 2535 4371 pauperes,
2589 4297 2810 4368 qua’rite
2857 4293 3136 4348 Dominum
3195 4291 3345 4342 bene~

1751 4398 2060 4466 cperando,
2097 4404 2142 4449 et
2189 4408 2289 4462 per
2321 4394 2423 4446 hoc
2452 4392 2578 4445 vivet
2627 4390 2804 4440 anitua
2835 4395 3000 4440 vestra
3046 4385 3094 4436 in
3127 4392 3338 4436 ευιυιιιςι.

1752 4487 1941 4558 gloria.
1971 4485 2076 4540 Per
2103 4484 2272 4540 vitam
2319 4492 2500 4538 autem
2548 4481 2778 4544 animm,
2809 4477 2901 4531 dat
2927 4477 3090 4531 etiam
3131 4476 3334 4529 intelli—

173 4573 280 4632 Nam
315 4596 406 4650 per
429 4596 524 4634 eos
555 4595 648 4649 ego
675 4594 826 4642 sum,
872 4577 923 4632 id
959 4584 1041 4632 est
1071 4593 1171 4647 ego
1216 4591 1335 4642 ero,
1377 4595 1576 4648 pauper
1599 4587 1645 4632 et
1679 4583 1725 4638 D
1751 4591 1877 4647 gere
1908 4575 2071 4629 vitam
2101 4573 2382 4644 corporis,
2423 4587 2544 4641 qute
2591 4570 2644 4624 in
2700 4567 2882 4621 futuro
2927 4565 3238 4620 donabitur.
3270 4567 3336 4618 Et

124 4665 288 4736 dolens,
311 4671 359 4727 id
384 4681 467 4728 est
498 4671 600 4741 ipsi
641 4669 839 4724 facient
872 4683 958 4723 me
985 4668 1256 4723 dolentem
1276 4709 1290 4730 ,
1321 4667 1374 4723 id
1397 4678 1480 4722 est
1507 4669 1650 4725 dolo:

125 4771 208 4814 rem
237 4764 354 4832 pati,
403 4774 460 4821 et
504 4777 799 4835 pauperem
824 4761 1022 4826 vitam,
1057 4759 1213 4814 idest
1240 4770 1512 4815 carentem
1541 4762 1647 4816 vita

124 4853 306 4924 scilicet,
346 4859 678 4916 interﬁcient
724 4871 832 4910 me.
880 4854 985 4908 Sed
1033 4854 1153 4909 inde
1190 4856 1371 4922 potius
1399 4857 1608 4926 gaudeo
1633 4899 1647 4923 ,

123 4959 198 4999 non
216 4952 509 5007 contristor.
542 4951 679 5005 Nam
709 4963 852 5002 satus
879 4954 988 5012 ltla,
1018 4947 1157 5000 Deus
1183 4946 1366 5015 Pater,
1388 4950 1648 5018 suscepit,

123 5033 245 5094 idest
271 5045 526 5114 suscipiet
549 5061 645 5101 me.
681 5041 732 5094 id
762 5050 845 5094 est
880 5039 964 5094 bis
991 5038 1056 5093 de
1085 5039 1264 5093 causis
1299 5039 1424 5109 quia
1461 5041 1649 5096 dolens

123 5139 193 5180 ero
221 5140 268 5185 et
291 5148 514 5204 pauper,
542 5143 630 5197 tu,
669 5130 943 5192 Salvator,
993 5128 1253 5198 suseipies
1295 5144 1416 5193 me,
1467 5129 1520 5184 id
1567 5139 1650 5184 est

123 5221 501 5279 patrocinaberis
531 5221 663 5276 mihi
703 5235 854 5274 more
900 5218 970 5289 pii
1005 5219 1222 5288 patroni
1274 5219 1649 5277 resuscitando

124 5318 207 5370 uie,
231 5311 457 5378 scilicet,
488 5323 544 5368 et
587 5311 714 5382 quia
765 5326 850 5364 me
880 5310 1173 5378 suscipiet,
1201 5308 1462 5377 laudabo,
1494 5325 1527 5366 ο
1554 5325 1650 5366 au-

122 5394 309 5471 ditores,
336 5405 501 5462 id‘est
529 5421 646 5460 mea
681 5405 923 5461 membra
958 5402 1180 5457 laudare
1229 5401 1430 5456 faciam
1463 5420 1648 5458 nomen

121 5483 192 5540 Dei
224 5509 328 5550 εωη
363 5500 596 5562 cantico,
629 5513 765 5554 voce
793 5495 1038 5560 scilicet,
1067 5509 1188 5550 cum
1231 5491 1470 5561 iocunda
1519 5493 1653 5549 aﬂ‘e-

120 5578 289 5650 l'lione,
313 5597 356 5640 et
381 5590 726 5658 magniﬁcabo
755 5602 870 5642 eum
895 5587 948 5640 in
979 5585 1165 5651 laude,
1201 5585 1252 5640 id
1283 5595 1366 5642 est
1397 5587 1500 5641 mei
1536 5603 1648 5640 ma-

119 5671 322 5734 gnificam
355 5679 566 5736 laudem
615 5687 779 5753 agent
821 5679 871 5735 ei
920 5680 1063 5734 bona
1105 5680 1440 5750 operatione.
1495 5679 1648 5748 Quod

119 5769 181 5809 est
208 5764 367 5823 dicere
397 5787 410 5824 :
445 5771 658 5827 Faciam
690 5782 747 5826 ut
777 5771 884 5834 mei
921 5787 1042 5827 eum
1081 5772 1299 5826 laudent
1326 5814 1338 5837 ,
1371 5788 1532 5835 voce,
1563 5771 1641 5827 af-

119 5843 308 5916 fectione
331 5871 378 5919 et
406 5880 584 5935 opere,
629 5874 680 5922 et
712 5865 823 5922 haec
856 5864 973 5922 laus
1000 5864 1221 5936 placebit
1253 5867 1386 5933 Deo,
1423 5865 1646 5922 fundata

1751 4667 2040 4738 quaerendo
2068 4666 2384 4730 Dominum,
2417 4662 2584 4734 258
2617 4669 2770 4716 orate
2801 4674 2920 4712 eum
2952 4667 3010 4709 ut
3043 4657 3134 4712 det
3180 4659 3338 4712 vobis

1752 4760 1917 4834 vitam
1937 4800 1951 4824 ,
1982 4758 2230 4829 quoniam
2261 4756 2560 4818 exaudivit,
2592 4753 2643 4807 id
2671 4761 2752 4806 est
2781 4747 3033 4804 exaudiet
3077 4749 3335 4803 Dominus

1753 4870 2006 4925 pauperes
2043 4861 2294 4916 orantes,
2343 4850 2393 4903 id
2442 4857 2527 4903 est
2574 4845 2882 4914 acquiescet
2918 4845 3172 4916 precibus
3203 4858 3330 4912 pau-

1752 4961 1940 5015 perum
1977 4962 1992 5009 ;
2025 4955 2070 4998 et
2098 4961 2198 4998 non
2225 4943 2478 5012 despexit,
2510 4941 2561 4995 id
2592 4949 2671 4994 est
2704 4955 2808 4993 non
2840 4938 3108 5007 despiciet
3135 4939 3333 4990 vinctos

1750 5056 1894 5091 suos.
1945 5037 2038 5092 Hic
2069 5052 2167 5106 per
2221 5036 2434 5089 litoteta
2469 5033 2646 5088 minus
2676 5032 2893 5094 dicitur,
2953 5039 3010 5085 et
3047 5031 3221 5100 magis
3255 5031 3332 5084 in~

1756 5129 2033 5200 telligitur.
2061 5130 2137 5182 Ac
2160 5128 2206 5183 si
2235 5128 2380 5181 dicat
2406 5143 2419 5180 :
2450 5125 2574 5181 Illos
2601 5125 2847 5180 videlicet
2873 5126 3080 5179 vinctos
3104 5123 3332 5176 vrueulis

1750 5220 2097 5276 tnortalitatis
2118 5228 2172 5274 et
2193 5219 2596 5290 possibilitatis,
2625 5219 2715 5288 qui
2745 5218 2824 5272 sui
2853 5224 2977 5272 sunt
2998 5257 3014 5284 ,
3047 5215 3097 5269 id
3127 5224 3208 5268 est
3240 5216 3336 5283 qui

1751 5312 1851 5370 sibi
1880 5311 2109 5379 subditi,
2139 5327 2246 5367 non
2277 5313 2568 5383 despiciet,
2623 5309 2884 5366 exaltabit
2915 5324 3050 5378 quos
3095 5307 3184 5362 hic
3231 5307 3325 5361 de-

1750 5403 1958 5472 spicere
2011 5401 2256 5466 ridetur;
2289 5399 2370 5454 vel
2410 5402 2606 5455 vinctos
2643 5415 2797 5462 suos,
2855 5399 2904 5450 id
2935 5407 3016 5451 est
3057 5397 3238 5451 unitos
3277 5405 3332 5449 et

1750 5492 2067 5561 coniunctos
2093 5491 2307 5548 vinculo
2333 5490 2638 5545 dilectionis
2663 5498 2715 5544 et
2739 5487 3112 5557 subjectionis.
3137 5486 3330 5541 Osten-

1750 5582 1829 5636 dit
1857 5589 2036 5635 antem
2066 5597 2203 5652 quos
2232 5589 2383 5637 voci-.t
2410 5594 2680 5650 pauperes,
2705 5591 2826 5632 eum
2851 5577 3034 5630 addit:
3071 5577 3334 5640 Laudent,

1751 5673 1900 5728 illum
1927 5670 2041 5726 caeli
2069 5685 2113 5727 et
2140 5685 2298 5728 terra.
2330 5672 2456 5727 Sola
2491 5686 2616 5741 pars
2656 5671 2753 5726 ista
2783 5687 2901 5740 qua:
2931 5677 3015 5724 est
3037 5709 3049 5732 ,
3077 5667 3328 5730 laudent,
3375 5667 3378 5670 ’

1753 5779 1959 5826 lautum
2015 5769 2283 5830 continet,
2324 5775 2585 5834 quantum
2637 5765 2752 5818 ista:
2804 5773 2942 5826 tres,
2994 5761 3230 5824 videant,
3283 5769 3329 5813 et

1751 5865 1991 5919 ltrtentur
2042 5871 2091 5915 et
2129 5865 2371 5928 quaerant
2421 5856 2722 5911 Donuiuum.
2757 5855 2926 5910 Deum
2971 5854 3116 5909 enim
3147 5851 3329 5907 laudat
