3846 6334
473 359 577 418 979
1020 355 1080 411 S.
1120 352 1472 413 BRUNONIS
1508 351 2155 413 CARTHUSIANORUM
2189 354 2678 414 lNSTlTUTORlS
2715 355 2865 414 OPP.
2905 354 3085 414 PARS
3121 353 3143 412 l
3604 360 3694 422 980

473 471 570 540 qui
602 469 669 525 de
692 483 757 524 eo
779 476 927 525 recte
959 468 1234 538 intelligit,
1262 476 1317 524 et
1340 468 1579 537 iretatur,
1600 477 1655 525 et
1682 484 1806 525 eum
1833 469 2049 540 quaerit.
2080 472 2129 530 Α
2224 469 2329 526 Ρει·
2361 471 2465 527 hoc
2494 482 2675 528 autem
2727 473 2921 529 invitat
2964 488 3065 529 nos
3110 472 3177 528 ad
3223 481 3422 530 bonam
3456 482 3695 549 operatio-

472 564 606 619 Dico
644 561 851 616 videant
905 576 1193 632 pauperes,
1226 568 1358 624 etc.;
1395 561 1602 617 scilicet
1649 561 1868 617 laudent
1896 561 2048 618 illum

469 653 734 718 videndo,
762 662 820 708 et
845 652 1078 709 laztando
1117 662 1171 710 et
1208 656 1531 726 quaerendo,
1561 656 1705 723 creli,
1739 657 1791 713 id
1816 667 1901 713 est
1923 672 2053 728 apo-

472 743 596 798 stoli
616 784 630 808 ,
660 751 715 797 et
757 753 933 808 terra,
966 744 1017 800 id
1044 754 1127 800 est
1153 746 1397 802 Ecclesia
1424 747 1490 801 de
1517 746 1739 811 Judmis,
1789 759 1835 803 et
1876 765 2049 816 mare,

476 837 529 891 id
559 846 645 891 est
691 836 934 892 Ecclesia
982 837 1048 894 de
1083 839 1358 907 gentibus.
1389 839 1533 897 Bene
1571 842 1784 912 quidem
1814 857 1911 912 per
1942 851 2051 897 ter-

476 945 592 985 ram
620 928 788 985 Judzei
807 969 821 995 ,
849 944 945 999 per
972 945 1121 985 mare
1146 940 1334 1002 gentes
1362 932 1721 1004 accipiuntur.
1749 933 1884 1001 Quia
1912 935 2054 990 sicut

478 1032 623 1077 terra
654 1022 891 1092 undique
915 1037 945 1076 a
969 1023 1105 1077 mari
1134 1024 1524 1094 circumdatur,
1551 1026 1631 1081 sic
1650 1035 1704 1081 et
1727 1036 1871 1084 terra
1893 1025 2050 1095 Juda,

392 1114 445 1192 θ’
472 1130 597 1185 quae
629 1123 899 1169 terrarum
943 1129 1071 1184 pars
1104 1125 1189 1171 est
1215 1117 1440 1189 exigua,
1475 1118 1713 1189 undique
1746 1133 1776 1174 a
1803 1119 2054 1188 gentibus

472 1203 765 1261 clauditur.
796 1201 876 1260 Ne
902 1219 1033 1261 vero
1060 1205 1376 1265 viderentur
1398 1207 1534 1276 coeli,
1562 1219 1608 1262 et
1637 1220 1800 1276 terra,
1829 1218 1877 1264 et
1908 1225 2055 1264 mare

473 1310 575 1372 per
599 1309 659 1353 se
677 1296 744 1352 ad
765 1296 867 1352 hoc
891 1297 1260 1354 devertissent
1284 1299 1524 1358 Ecclesia
1552 1301 1781 1370 ﬁerent,
1805 1302 2055 1358 humiliat

472 1405 590 1455 eos,
609 1404 730 1447 cum
748 1390 929 1447 addit:
946 1389 1035 1458 Et,
1058 1392 1110 1447 id
1123 1400 1206 1449 est
1221 1393 1674 1461 scilicet,laadeat
1686 1394 1835 1449 illam
1848 1395 2055 1467 reptilia

473 1481 528 1534 in
545 1482 641 1547 eis,
658 1480 711 1536 id
725 1481 895 1537 estilli
913 1483 1005 1553 qui
1024 1481 1075 1536 in
1094 1483 1174 1539 eis
1192 1482 1399 1541 scilicet
1413 1486 1554 1540 inter
1570 1485 1689 1541 illos
1702 1492 1827 1541 sunt
1842 1484 2055 1557 reptilia

470 1572 627 1641 prius
650 1572 961 1631 existentia.
990 1574 1337 1631 lntransitiva
1362 1576 1561 1647 positio
1589 1593 1603 1643 ;
1638 1578 1715 1633 Ac
1740 1578 1785 1633 si
1805 1577 2010 1633 diceret
2039 1596 2053 1635 :

473 1661 604 1718 (Itali
632 1674 678 1718 et
701 1674 842 1719 terra
872 1675 921 1720 et
949 1682 1095 1720 mare
1116 1667 1259 1732 dico,
1284 1668 1376 1739 qui
1404 1669 1554 1739 prius
1583 1668 1801 1725 fuerunt
1822 1669 2051 1740 reptilia,

476 1754 531 1811 id
557 1763 643 1813 est
671 1756 901 1812 terrenis
926 1757 1288 1827 adhaerentes,
1314 1776 1420 1816 non
1448 1761 1512 1816 ad
1542 1776 1775 1831 superna
1806 1771 2057 1831 spectan-

2152 577 2275 619 nem
2295 602 2312 630 ,
2339 570 2396 618 et
2426 563 2521 618 Dei
2565 562 2918 619 dilectionem
2937 603 2954 630 ,
2985 578 3085 634 per
3110 578 3271 633 quam
3300 564 3506 621 venitur
3531 568 3590 622 ad
3614 583 3694 639 pa-

2154 655 2272 711 trita
2294 654 2536 711 ctelestis
2558 653 3147 711 inhabitationem.Vel
3169 656 3245 712 sic
3276 657 3366 713 isti
3408 666 3513 714 tres
3529 675 3697 717 verses

2153 745 2254 817 legi
2285 757 2511 817 possunt
2537 766 2550 801 :
2578 746 2857 802 Adhortor
2879 747 3051 802 ctelos
3078 756 3135 803 et
3164 756 3360 804 terram
3394 759 3449 805 et
3467 766 3624 818 mare,
3644 762 3697 809 ut

2154 839 2322 895 Deum
2336 839 2573 894 laudent.
2588 838 2766 895 leos
2780 848 2959 895 autem
2980 849 3036 894 et
3059 848 3282 909 terram,
3302 840 3353 895 id
3368 844 3699 912 estapostolos

2153 940 2207 985 et
2224 930 2521 986 Ecclesium
2538 930 2872 1002 primitivum
2891 930 3012 986 ideo
3029 931 3096 987 ad
3110 929 3203 986 Dei
3225 931 3435 988 laudem
3449 934 3696 1003 adhortor,

2154 1020 2319 1091 259
2367 1019 2494 1092 quia
2536 1021 2806 1091 praevideo
2860 1022 3111 1093 quoniam
3141 1022 3281 1077 Deus
3330 1023 3517 1079 saivam
3564 1027 3697 1095 faciet

2155 1113 2317 1180 Sion,
2354 1114 2407 1169 id
2436 1122 2519 1170 εει
2545 1128 2643 1183 per
2671 1123 2904 1169 mortem
2930 1129 3109 1170 meam
3140 1115 3373 1171 salvabit
3410 1117 3700 1174 remittendo

2155 1215 2396 1277 peccata,
2430 1217 2484 1262 et
2498 1205 2849 1277 justiﬁcando
2868 1207 3169 1263 Ecclesium
3206 1207 3532 1279 primitivam
3552 1210 3699 1266 delu-

2156 1296 2307 1363 dzeis,
2339 1311 2503 1366 quam
2534 1296 2691 1367 faciet
2726 1296 2889 1365 Sion,
2942 1297 2996 1352 id
3025 1307 3112 1353 εει
3137 1297 3424 1353 sublimem
3454 1299 3507 1353 in
3535 1314 3701 1369 specu-

2155 1388 2361 1444 latione
2398 1387 2703 1444 coelestium
2740 1396 3101 1453 secretorum,
3150 1396 3205 1443 et
3253 1402 3422 1455 mare,
3448 1388 3497 1443 id
3518 1396 3595 1444 est
3616 1389 3700 1445 Ee-

2158 1481 2379 1537 clesiam
2418 1480 2486 1537 de
2527 1481 2803 1552 gentibus,
2857 1480 2982 1536 ideo
3028 1481 3097 1537 ad
3151 1480 3249 1537 Dei
3283 1480 3494 1539 tandem
3536 1482 3700 1548 invito,

2158 1574 2283 1643 quia
2318 1574 2591 1645 praevideo
2616 1574 2760 1644 quod
2792 1587 2891 1644 per
2907 1581 3138 1628 mortem
3160 1587 3342 1627 meam
3401 1573 3703 1643 ediﬁcabtttt‘

2159 1675 2246 1719 tur
2272 1682 2301 1720 a
2335 1667 2443 1722 Deo
2468 1665 2632 1721 Patre
2656 1664 2711 1720 in
2743 1663 3058 1729 virtutibus,
3092 1664 3326 1720 civitates
3357 1663 3536 1729 ludar,
3562 1665 3608 1719 id
3635 1674 3701 1719 est

2159 1756 2415 1811 Ecclesia:
2437 1756 2675 1827 gentium
2716 1757 2827 1812 Deo
2852 1755 3227 1811 conﬁtentium
3281 1770 3400 1825 qua:
3450 1754 3702 1810 destructa:

473 1856 579 1911 tes,
606 1860 759 1903 more
785 1845 1079 1920 reptilium,
1101 1863 1220 1919 qua:
1247 1824 1405 1905 terrae
1427 1824 1670 1921 serpunt.
1704 1824 1868 1919 Quasi
1890 1852 2052 1907 dicat:
2090 1824 2131 1882 1³
2169 1848 2389 1903 fuerunt
2421 1824 2518 1919 per
2568 1847 2762 1912 Adam,
2794 1856 2841 1901 et
2890 1846 2994 1902 illa:
3021 1845 3276 1902 civitates
3300 1824 3303 1825 ν
3326 1844 3590 1900 aediﬁcata:
3631 1846 3700 1898 in-

472 1936 725 1993 Laudare
749 1951 872 1994 eum
913 1939 1145 2009 debent,
1172 1957 1293 1999 cum
1332 1958 1394 2001 ex
1435 1943 1716 2014 *eptilibus
1742 1957 1836 1999 eos
1863 1943 2058 1999 fecerit

470 2035 540 2089 ad
569 2034 813 2092 cmlestia
859 2037 1164 2093 tendentes.
1198 2037 1333 2092 Dico
1377 2035 1626 2099 laudent,
1661 2043 1717 2091 et
1746 2036 1851 2091 hoc
1899 2035 2056 2102 ideo,

471 2126 719 2196 quoniam
767 2126 908 2183 Deus
950 2126 1150 2182 salvam
1194 2128 1351 2198 faciet
1400 2126 1568 2193 Sion,
1614 2126 1667 2181 id
1698 2134 1781 2181 est
1826 2125 2060 2181 salvabit

473 2233 603 2273 suos
654 2218 708 2275 in
754 2218 938 2276 futuro
987 2218 1229 2291 perfecta
1275 2219 1603 2285 salvatione,
1647 2218 1957 2274 reducendo
2002 2218 2057 2274 in

474 2308 941 2368 immortalitatem
970 2320 1025 2365 et
1051 2309 1575 2379 impassibilitatem;
1602 2322 1730 2363 suos
1747 2308 1866 2362 dico
1891 2306 2061 2362 factos

477 2400 609 2454 Sion
630 2442 645 2467 ,
700 2410 990 2459 cernentes
1021 2402 1229 2458 scilicet
1272 2402 1443 2459 Deum
1485 2415 1590 2455 non
1622 2414 1721 2471 per
1746 2399 2021 2469 speculum
2042 2442 2055 2465 ,

475 2493 573 2551 sed
611 2493 748 2551 facie
778 2497 847 2549 ad
878 2494 1102 2559 faciem,
1137 2496 1187 2550 id
1221 2504 1303 2550 est
1335 2494 1644 2550 manifeste.
1670 2493 1768 2549 Vel
1797 2494 1877 2549 sic
1901 2512 1915 2547 :
1940 2492 2062 2549 Sat-

474 2601 593 2644 vam
642 2585 797 2656 faciet
844 2584 1013 2653 Sion,
1047 2587 1100 2643 id
1144 2594 1227 2642 est
1283 2585 1533 2641 restituet
1579 2601 1742 2656 super
1785 2584 2061 2640 caelestem

408 2702 409 2705 η
477 2674 641 2744 Sion,
671 2692 792 2747 quae
820 2677 1015 2735 civitas
1041 2692 1140 2733 sua
1163 2677 1270 2733 erit
1296 2691 1365 2731 ex
1397 2675 1604 2747 angelis
1632 2685 1688 2731 et
1716 2675 2060 2741 hominibus,

473 2782 617 2839 quae,
643 2778 904 2840 quantum
933 2769 1001 2825 ad
1024 2768 1288 2832 homines,
1320 2768 1597 2826 destructa
1620 2768 1725 2823 erit
1749 2782 1844 2838 per
1864 2766 2059 2833 Adam,

474 2869 738 2931 quantum
768 2863 836 2919 ad
859 2860 1084 2933 angelos
1112 2871 1327 2926 autem,
1358 2859 1604 2915 minime.
1632 2859 1701 2914 Et
1726 2859 1815 2914 hic
1845 2858 2062 2913 interim

472 2952 876 3022 adificabuntur
922 2953 977 3011 in
1018 2953 1346 3022 virtutibus,
1377 2953 1612 3008 civitates
1661 2952 1850 3019 Judce,
1899 2951 1950 3006 id
1980 2962 2065 3007 est

472 3044 732 3103 Ecclesia:
756 3045 996 3102 ﬁdelium
1018 3046 1397 3105 conﬁtentium
1422 3046 1588 3101 Deum
1614 3059 1748 3117 pura
1772 3043 1899 3098 ﬁde.
1925 3042 2063 3098 Juda

474 3137 674 3209 quippe
702 3138 959 3208 confessio
1005 3138 1414 3209 interpretatur.
1452 3137 1636 3202 Unde,
1674 3152 1770 3208 per
1812 3136 2062 3192 civitates

473 3226 627 3285 Juda:
652 3228 910 3286 Fcclesiaa
938 3229 1178 3285 ﬁdelium
1209 3231 1555 3293 denotamur,
1591 3227 1681 3301 qui
1711 3227 1804 3281 Dei
1850 3226 2063 3281 confes-

473 3332 629 3376 sores
658 3319 931 3386 existunt,
959 3319 1051 3389 qui
1085 3320 1138 3374 in
1175 3321 1472 3376 virtutibus
1501 3327 1631 3375 sunt
1670 3317 2021 3375 munitissimi
2043 3357 2059 3383 ,

478 3412 550 3471 ad
572 3411 988 3474 similitudinem
1035 3412 1334 3468 civitatum.
1384 3410 1637 3468 Civitates
1671 3410 1810 3469 bene
1840 3410 2063 3482 plurali-

477 3514 564 3566 ter
587 3506 760 3576 ponit.

552 3597 896 3669 Quamquam
941 3599 1086 3659 enim
1131 3612 1322 3655 omnes
1352 3596 1539 3656 ﬁdeles
1567 3596 1865 3654 secundum
1897 3594 2059 3653 ﬁdem

476 3685 722 3749 Ecclesia
750 3703 857 3747 una
895 3688 1163 3751 catholica
1210 3697 1373 3755 sunt,
1420 3688 1715 3744 secundum
1771 3697 1951 3742 tamen
1984 3684 2063 3743 lo-

479 3791 670 3834 corum
718 3778 1127 3849 diversitatem,
1188 3780 1447 3844 Ecclesiae
1496 3781 1679 3836 multa:
1732 3789 1880 3836 sunt.
1930 3779 2063 3835 Dico

478 3865 626 3935 quod
648 3868 738 3926 hic
766 3869 1177 3940 wdiﬁcabuntur
1199 3871 1432 3931 civitates
1459 3869 1640 3926 Judw.
1674 3869 1730 3924 ln
1762 3870 1946 3925 futuro
1966 3884 2062 3923 au-

478 3965 588 4012 tem
623 3959 988 4019 inhabitabant
1010 3961 1116 4028 ibi,
1155 3962 1206 4016 id
1237 3971 1321 4017 εει
1351 3962 1404 4016 in
1433 3961 1564 4020 Sion
1610 3961 1851 4026 scilicet,
1886 3962 1939 4015 in
1973 3960 2060 4015 illa

478 4049 637 4107 beata
669 4050 765 4106 Dei
794 4050 1135 4108 contuitione
1169 4062 1225 4107 et
1251 4051 1476 4109 civitate
1512 4050 1721 4115 Dei.Et
1749 4050 1851 4105 hoc
1885 4065 1984 4121 per
2003 4066 2063 4107 se

478 4155 586 4197 non
614 4142 922 4209 habebunt,
961 4142 1057 4198 sed
1102 4142 1373 4214 acquirent
1405 4159 1521 4197 eam
1554 4141 1683 4203 Sion
1716 4142 2024 4197 hazreditate
2044 4183 2060 4210 ,

478 4230 534 4289 id
562 4239 647 4295 est
670 4244 769 4303 per
805 4233 909 4293 hoc
936 4231 1079 4307 quod
1117 4240 1247 4295 sunt
1288 4232 1384 4288 Dei
1417 4231 1738 4299 haereditas,
1769 4231 1822 4286 id
1856 4239 1939 4290 est
1966 4246 2062 4303 per

477 4332 710 4387 mortem
736 4339 912 4384 meam
951 4324 1059 4382 mei
1107 4324 1414 4387 cohaeredes
1443 4324 1765 4389 eﬁicientur.
1799 4325 1897 4381 Vel
1933 4325 2014 4381 sic
2045 4344 2058 4380 :

476 4412 762 4484 Acqairent
783 4432 900 4473 eam
927 4415 1071 4480 bona
1102 4417 1211 4472 vita
1236 4431 1354 4483 sua,
1380 4428 1437 4473 et
1460 4416 1736 4488 operibus,
1774 4417 2063 4473 haeredita~

2160 1939 2466 1993 habitabant
2498 1938 2569 1992 ibi
2603 1938 2656 1993 in
2686 1936 2841 2002 Sion,
2874 1936 2927 1992 id
2974 1946 3091 2003 est,
3145 1936 3365 1992 assidue
3425 1935 3703 1990 habitabant

2162 2032 2215 2085 in
2275 2030 2659 2087 conformitate
2732 2028 2875 2084 illius
2930 2028 3083 2096 Sion,
3142 2027 3402 2083 Ecclesia:
3430 2027 3703 2099 primitiae,

2162 2140 2281 2195 qua:
2304 2123 2458 2195 longe
2487 2122 2782 2193 perfectior
2831 2121 2956 2187 erit;
2988 2131 3044 2176 ct
3081 2121 3160 2177 sic
3205 2120 3565 2175 inhabitabant
3585 2118 3705 2189 quod

2161 2214 2427 2284 acquirent
2458 2229 2573 2267 eam
2604 2211 2929 2266 haereditate.
2953 2212 3238 2282 Acquirent
3279 2219 3333 2265 et
3380 2210 3701 2264 inhabitabant

2162 2306 2305 2361 idem
2342 2313 2449 2370 est,
2480 2305 2575 2361 sed
2601 2303 2799 2374 repetit
2826 2312 2884 2357 ut
2922 2302 3271 2366 determinet,
3298 2303 3535 2358 addendo
3567 2302 3703 2355 barre-

2162 2398 2341 2453 ditate.
2402 2396 2558 2464 Quod
2613 2396 2951 2452 estdicere:
3002 2396 3284 2467 Acquirent
3332 2395 3435 2450 ﬁde
3474 2405 3525 2450 et
3570 2408 3704 2463 opere

2164 2489 2308 2544 bono
2354 2487 2791 2543 conformitatem
2838 2486 2956 2556 ejus
3023 2486 3155 2542 Sion
3200 2488 3533 2552 haereditate,
3569 2484 3703 2541 idest

2165 2578 2674 2649 haereditariojure,
2718 2578 2770 2634 id
2796 2587 2899 2646 est,
2936 2580 3014 2633 sic
3045 2589 3104 2634 ut
3122 2578 3245 2648 jure
3279 2579 3389 2634 sint
3441 2593 3538 2633 una
3568 2578 3704 2632 hare:

2165 2673 2305 2727 ditas
2335 2671 2429 2727 Dei
2470 2688 2593 2726 cum
2644 2671 2758 2741 ipsa
2790 2671 2940 2727 Sion.
2972 2675 3105 2727 Cum
3146 2670 3298 2727 enim
3353 2670 3473 2725 ﬁliis
3511 2669 3704 2724 Abraha:

2166 2763 2236 2818 sit
2281 2763 2422 2819 facta
2462 2763 2796 2819 haereditatis
2835 2763 3140 2834 promissio,
3201 2764 3307 2819 etsi
3345 2763 3417 2817 illi
3474 2778 3568 2816 non
3615 2762 3702 2813 sint

2166 2855 2516 2912 ﬁliiAbrahae
2564 2853 2859 2913 secundum
2910 2870 3130 2911 carnem
3160 2896 3174 2921 ,
3224 2870 3351 2909 cum
3394 2863 3575 2919 tamen
3619 2851 3703 2905 mei

2166 2947 2263 3003 lilii
2316 2947 2587 3017 spiritales
2615 2947 2778 3002 futuri
2825 2948 2959 3017 sint,
3007 2947 3099 3017 qui
3151 2947 3299 3003 ﬁlius
3351 2963 3465 3002 sum
3509 2945 3702 2999 Abraha:

2166 3041 2460 3097 secundum
2485 3056 2726 3108 carnem,
2757 3056 2856 3112 per
2880 3056 2966 3096 me
2995 3040 3114 3095 veri
3147 3040 3243 3099 lilii
3278 3038 3507 3095 Abrahae
3545 3035 3702 3098 futuri,

2161 3131 2285 3202 jure
2304 3129 2649 3186 cumJudzeis
2699 3131 2790 3186 Dei
2819 3131 3106 3187 haereditas
3157 3139 3344 3186 erunt.
3397 3128 3505 3183 lloc
3542 3136 3693 3181 autem

2164 3224 2366 3280 dictum
2396 3231 2480 3278 est
2507 3224 2573 3278 de
2592 3223 2834 3294 gentium
2860 3222 3116 3278 Ecclesiis
3151 3222 3468 3292 primitivis.
3500 3219 3567 3277 De
3602 3233 3703 3271 suc-

2165 3314 2400 3371 cessuris
2428 3323 2608 3369 autem
2662 3314 2919 3379 Ecclesiis
2971 3316 3121 3385 agit,
3152 3330 3280 3369 eum
3336 3306 3703 3383 SttbjttngitzEt

2164 3424 2335 3462 semen
2362 3422 2627 3463 servorum
2674 3406 2789 3477 ejus
2840 3405 3121 3475 possidebit
3170 3421 3312 3458 eam.
3369 3404 3445 3457 Ac
3472 3402 3512 3458 si
3548 3401 3701 3454 dicat:

2164 3499 2279 3555 Non
2307 3500 2479 3555 solum
2519 3508 2698 3554 autem
2722 3500 2951 3553 civitates
2995 3498 3152 3553 Judw
3180 3496 3465 3566 primitivu:
3486 3494 3704 3549 inhabita-

2165 3591 2289 3647 bant
2320 3592 2374 3647 in
2418 3608 2509 3660 ca,
2557 3592 2653 3649 sed
2678 3601 2727 3646 et
2782 3607 2959 3654 semen
3004 3607 3271 3645 servorum
3300 3590 3415 3662 ejus
3461 3587 3702 3658 possidebit

2165 3700 2303 3750 eam,
2333 3684 2386 3739 id
2410 3692 2494 3739 est
2540 3684 2618 3739 illi
2651 3683 2742 3753 qui
2787 3691 3176 3745 eruntsemcn,
3207 3682 3264 3737 id
3315 3693 3398 3738 est
3435 3682 3521 3735 ﬁlii
3571 3677 3704 3746 spiri-

2168 3778 2302 3832 tales
2323 3792 2605 3833 servorum
2632 3774 2767 3845 ejus,
2790 3776 2887 3830 Dei
2908 3774 3283 3845 apostolorum.
3314 3775 3533 3836 scilicet,
3561 3782 3606 3824 ct
3643 3769 3705 3836 ip-

2165 3883 2349 3924 sarum
2391 3868 2671 3923 civitatum
2741 3867 3142 3936 primitivarum
3198 3865 3549 3935 possidebunt
3602 3872 3703 3912 cani

2166 3961 2296 4016 Sion
2320 3961 2616 4016 secundum
2665 3956 3101 4017 conformitatem
3124 4000 3141 4025 ,
3169 3957 3315 4013 sicut
3363 3957 3520 4014 etiam
3549 3951 3703 4007 civita-

2165 4062 2248 4108 tes
2297 4050 2458 4106 Juda.
2518 4048 2859 4105 Determinat
2926 4057 3110 4107 autem
3177 4062 3318 4116 quos
3372 4052 3522 4101 vocat
3562 4053 3704 4095 semen

2164 4159 2455 4208 servorum,
2496 4156 2621 4196 cum
2673 4140 2868 4194 addit:
2912 4138 2983 4193 Et
3011 4137 3101 4209 qui
3141 4138 3367 4207 diligunt
3399 4150 3571 4189 nomen
3612 4128 3703 4197 ejus

2163 4236 2471 4290 habitabant
2503 4234 2559 4289 in
2600 4250 2681 4288 ea.
2730 4231 2885 4299 Quod
2933 4238 3019 4286 est
3063 4230 3295 4286 dicere:
3360 4228 3480 4282 lllos
3530 4221 3703 4278 scilicet

2165 4329 2287 4385 dico
2316 4344 2510 4393 semen,
2567 4336 2623 4383 et
2662 4326 2782 4381 dico
2820 4324 2963 4395 quod
2992 4324 3047 4377 in
3074 4322 3387 4376 habitabant
3418 4320 3469 4375 in
3511 4331 3589 4379 ea,
3633 4310 3703 4382 qui

2165 4418 2390 4489 diligunt
2417 4433 2605 4472 nomen
2634 4415 2747 4485 ejus
2778 4415 2920 4484 quod
2949 4422 3032 4467 est
3062 4411 3347 4473 Dominus,
3368 4425 3469 4464 non
3493 4401 3704 4461 reformi-

478 4515 558 4574 te,
575 4506 628 4560 id
650 4508 814 4565 estad
830 4508 1233 4575 haereditatcm,
1254 4517 1315 4563 ut
1336 4508 1409 4565 sit
1428 4509 1509 4564 eis
1534 4508 1821 4564 htereditas
1836 4516 2060 4570 aeterna.
2095 4519 2139 4575 Ῑ)
2166 4508 2314 4572 dant,
2356 4507 2565 4563 scilicet
2595 4506 2793 4578 quibus
2820 4513 3030 4577 gratum
3064 4512 3149 4557 est
3193 4512 3250 4556 et
3291 4501 3575 4571 jucundum
3602 4507 3701 4549 euut

479 4592 551 4648 Et
589 4593 643 4649 in
669 4593 852 4651 futuro
876 4614 1052 4657 semen
1079 4614 1342 4660 servorum
1372 4599 1488 4670 ejus
1511 4598 1794 4669 possidebit
1834 4615 1946 4653 eam
1967 4639 1981 4663 ,
2007 4598 2061 4654 id

478 4691 594 4749 est,
625 4698 810 4740 semen
835 4689 1133 4757 procedens
1160 4704 1191 4751 a
1221 4689 1395 4745 servis
1421 4686 1573 4761 ejus,
1598 4704 1762 4744 causa
1787 4688 1894 4743 erit
1915 4689 2061 4760 quod

481 4775 586 4847 ipsi
611 4777 754 4839 servi
784 4777 893 4833 sint
933 4795 1054 4834 eam
1097 4782 1435 4855 possessuri,
1467 4782 1611 4838 bona
1638 4796 1806 4853 opera
1852 4781 2063 4837 scilicet

480 4880 602 4937 qua:
647 4865 737 4927 hic
766 4866 821 4921 in
857 4866 1111 4939 lacrymis
1141 4872 1442 4939 seminant,
1471 4880 1534 4926 ut
1580 4871 1639 4925 in
1682 4870 1866 4926 futuro
1894 4869 2065 4925 beatis

481 4959 727 5026 tudinem
756 4948 1020 5016 aeternam
1049 4977 1170 5017 cum
1200 4964 1397 5034 gaudio
1425 4973 1633 5020 metant
1676 4961 1849 5035 (Psal.
1897 4977 2058 5028 cxxv,

480 5053 556 5124 6).
589 5053 727 5131 Quia
762 5068 894 5111 vero
921 5055 1061 5119 bene
1088 5058 1304 5126 operari
1336 5056 1473 5115 nihil
1502 5067 1587 5113 est
1610 5058 1727 5112 sine
1757 5056 2057 5121 charitate,

480 5147 806 5208 determinat
827 5149 907 5205 sic
934 5167 948 5203 :
973 5149 1108 5214 Dico
1133 5149 1277 5219 quod
1318 5148 1507 5205 ﬁdeles
1536 5149 1901 5204 inhabitabant
1931 5147 2062 5203 Sion

480 5254 577 5309 per
604 5241 742 5303 bona
777 5258 941 5323 Opera
974 5260 1091 5307 sua,
1120 5253 1191 5313 et,
1217 5243 1268 5297 id
1297 5252 1381 5298 est
1410 5243 1620 5297 scilicet
1649 5243 1723 5296 illi
1748 5242 2060 5296 habitabant

481 5332 536 5385 in
566 5348 649 5401 ea,
687 5335 775 5404 qui
805 5337 1030 5407 diligunt
1064 5352 1250 5397 nomen
1280 5335 1393 5405 ejus
1412 5374 1427 5399 ,
1466 5334 1675 5390 scilicet
1706 5333 1801 5387 Dei
1829 5333 1933 5388 hoc
1963 5348 2060 5387 no-

477 5443 606 5492 men
630 5427 775 5499 quod
801 5438 886 5484 est
915 5430 1196 5494 Dominus,
1228 5429 1280 5485 id
1312 5436 1397 5486 est
1426 5427 1659 5499 diligunt
1684 5434 1841 5483 casto
1873 5441 2061 5483 amore

478 5518 624 5588 quod
671 5528 755 5576 est
798 5519 1072 5576 Dominus.
1121 5520 1274 5581 Unde
1323 5518 1615 5591 Apostolus
1651 5534 1665 5572 :
1703 5535 1723 5569 ι
1764 5517 1823 5573 Si
1871 5517 2060 5572 distri-

446 5606 651 5668 'l:ucro
686 5612 738 5665 in
783 5612 930 5666 cibos
979 5628 1276 5683 pauperum
1319 5628 1510 5669 omnes
1556 5609 1845 5671 facultates
1878 5624 2058 5675 meas,

482 5700 803 5769 cliaritatem
836 5709 1015 5755 autem
1065 5716 1171 5755 non
1217 5700 1478 5767 habeam,
1512 5700 1646 5759 nihil
1684 5714 1801 5755 sum
1833 5697 1883 5770 (I
1934 5694 2056 5751 Cor.

479 5805 609 5849 xm.
636 5792 689 5851 5)
758 5811 775 5845 ›

2164 4599 2453 4656 Dominum
2484 4612 2622 4665 esse,
2652 4606 2708 4653 et
2745 4596 2977 4666 diligunt
3001 4610 3122 4649 eum
3157 4594 3445 4649 dilectione
3469 4603 3609 4662 pura.

2627 4684 2692 4741 IN
2717 4683 3046 4740 PSALMUM
3079 4681 3266 4736 LXIX.

2235 4778 2444 4834 Titulus
2466 4778 2787 4849 sexagesimi
2819 4777 2946 4831 noni
2977 4794 2989 4829 :
3024 4775 3090 4829 In
3119 4775 3299 4844 ﬁnem,
3352 4771 3577 4826 Psalmus
3610 4764 3700 4818 Da-

2163 4873 2249 4928 vid
2272 4873 2326 4927 in
2348 4873 2807 4937 rememoratione,
2840 4887 2899 4924 eo
2939 4869 3078 4941 quod
3117 4866 3319 4922 salvum
3349 4866 3465 4935 fecit
3490 4877 3593 4917 eum
3620 4856 3700 4909 Do.

2162 4965 2356 5020 minus.
2382 4962 2539 5030 Quod
2560 4962 2640 5016 sic
2671 4961 2994 5030 exponitur:
3031 4958 3283 5013 Psalmas
3318 4957 3418 5011 iste
3437 4964 3515 5009 est
3545 4943 3701 5006 David.

2163 5054 2218 5112 id
2237 5066 2323 5112 εει
2350 5055 2517 5110 verba
2543 5054 2647 5107 ista
2694 5058 2820 5108 sunt
2846 5049 3073 5113 Christi,
3117 5049 3173 5100 in
3216 5045 3637 5101 rememoratione,
3658 5033 3698 5087 id

2163 5149 2323 5205 estin
2378 5145 2654 5216 frequenti
2708 5142 2972 5198 memoria
3024 5141 3233 5207 habita,
3261 5157 3319 5195 eo
3342 5137 3476 5209 quod
3532 5130 3699 5185 saltant

2164 5242 2307 5313 fecit,
2334 5241 2386 5295 id
2423 5248 2510 5294 est
2544 5237 2727 5301 faciet,
2767 5253 2884 5290 eum
2915 5235 3171 5289 Dominus
3210 5231 3500 5286 salvatione
3544 5224 3589 5278 in
3615 5219 3698 5272 [ἰυο

2163 5332 2425 5399 tendenti,
2456 5332 2508 5393 id
2540 5339 2625 5386 εει
2656 5331 2707 5384 in
2733 5327 3122 5399 perfectionem
3147 5335 3200 5381 et
3218 5315 3697 5380 consummationem

2163 5430 2244 5485 sui
2270 5428 2436 5499 ipsius
2464 5434 2519 5487 et
2540 5440 2783 5490 suorum,
2805 5423 2886 5478 sui
2901 5422 3086 5492 ipsius,
3107 5408 3594 5503 scilicetsecundum

2164 5492 2550 5577 morialitatem
2577 5526 2629 5573 et
2646 5514 3091 5586 impassibitatem
3114 5518 3166 5565 ct
3195 5504 3507 5564 incli’abilem
3531 5492 3698 5592 gloiiﬁ‘

2165 5613 2454 5676 cationcm,
2476 5618 2529 5671 et
2542 5623 2761 5663 suorum
2778 5604 3072 5661 secundum
3088 5608 3425 5674 peccatorum
3458 5588 3696 5647 remissio-

2166 5700 2822 5773 nem,ctjustiﬁcationem
2839 5697 2892 5751 in
2907 5693 3155 5771 prmsenti
3180 5700 3237 5746 et
3264 5692 3314 5745 in
3332 5687 3696 5773 futuro,set:uﬂ:

2169 5794 2296 5848 dum
2316 5767 2616 5863 perfectam
2632 5787 2874 5860 corporis
2901 5767 2953 5841 et
2972 5784 3163 5845 animae
3176 5778 3565 5839 beatitudinem.
3580 5767 3688 5824 Acst'
