3846 6334
113 399 193 455 931

114 513 234 567 dicat
262 526 275 562 :
320 504 567 563 Christus
593 511 719 558 ante
748 502 1053 573 passionem
1073 518 1226 557 suam
1245 502 1546 573 prmvidens
1567 500 1648 555 sui
1678 505 1724 560 Α

111 614 409 671 morumque
428 597 800 662 salvationem,
838 595 1156 664 frequenter
1185 596 1325 649 hanc
1345 592 1647 648 orationem

115 695 237 756 ἤθρει,
266 693 315 746 in
346 704 448 761 qua
468 697 589 745 orat
613 688 679 743 de
718 687 1143 752 resurrectione,
1191 696 1248 740 et
1278 685 1346 741 de
1392 692 1650 741 constan-

115 784 171 836 tia
195 783 240 835 in
265 780 535 848 passione.
559 776 703 833 etde
731 777 1071 831 inimicorum
1099 774 1480 830 salvandorum
1523 788 1653 829 con-

113 873 344 935 versione,
367 870 508 925 etde
536 884 757 924 suorum
780 867 967 921 laetitia
997 875 1053 921 et
1087 865 1473 921 exsultatione.
1503 864 1652 933 Quos

115 963 167 1016 ad
183 961 261 1016 Dei
295 960 482 1014 invitat
534 958 1026 1029 magniﬁcationem
1051 965 1109 1012 et
1137 955 1375 1027 ipsorum
1408 956 1651 1011 humilia-

116 1063 292 1113 toncm,
322 1058 375 1103 et
402 1049 484 1103 sui
534 1047 781 1117 exemplo
806 1048 1054 1103 hortatur
1081 1049 1145 1103 ad
1174 1048 1500 1103 orationem.

170 1142 289 1196 Deus
312 1140 500 1202 Pater,
525 1140 580 1193 in
606 1136 928 1206 adjutorium
969 1155 1140 1193 meum
1195 1139 1424 1203 intende,
1464 1138 1517 1192 id
1565 1144 1652 1193 est

115 1237 181 1291 iac
202 1244 247 1290 te
275 1234 533 1289 intentum
581 1228 983 1299 inadjutorium
1016 1245 1218 1297 meum,
1248 1239 1335 1296 ut,
1377 1230 1517 1285 sicut
1562 1228 1650 1283 in-

114 1338 285 1383 tensam
312 1337 624 1394 promereor
663 1320 1038 1387 salvationem,
1071 1331 1126 1377 et
1170 1321 1242 1375 ita
1271 1331 1327 1375 et
1355 1327 1410 1373 tu
1440 1320 1651 1374 intense

114 1420 207 1481 des,
235 1433 310 1471 me
333 1416 701 1471 resuscitando
744 1415 1104 1470 immortalem
1157 1424 1215 1467 et
1265 1409 1648 1480 impassibilem

115 1508 340 1563 faciendo.
372 1507 438 1560 Et
487 1508 590 1562 hoc
642 1506 970 1577 adjutorium
1025 1515 1128 1559 non
1198 1501 1417 1558 dill'eras
1482 1516 1651 1570 usque

117 1602 157 1654 in
177 1614 499 1656 communem
549 1598 1027 1663 resurrectionem,
1077 1596 1172 1651 sed
1204 1595 1391 1663 festina
1446 1595 1516 1646 ad
1570 1609 1651 1646 me

114 1692 428 1761 adjuvandum
457 1732 474 1756 ,
507 1698 569 1745 ut
602 1699 721 1758 post
746 1699 859 1746 tres
896 1689 1013 1745 dies
1046 1686 1417 1743 resuscitando
1459 1699 1564 1746 me,
1596 1685 1648 1738 in

116 1780 366 1849 perfectam
396 1778 747 1834 beatudinem
775 1779 1019 1833 reducas.
1054 1778 1121 1832 Et
1142 1793 1237 1847 per
1270 1777 1371 1830 hoc
1399 1775 1542 1845 quod
1564 1789 1650 1829 me

115 1869 366 1939 adiuvabis,
380 1867 778 1938 confundantur
792 1870 933 1925 bona
956 1867 1291 1929 confusione,
1316 1875 1647 1921 etreverean-
1683 1843 1727 1902 Β

115 1970 194 2024 tur,
226 1961 271 2015 id
293 1969 373 2016 est
399 1960 473 2015 de
494 1960 732 2029 peccatis
763 1960 878 2016 suis
905 1960 1130 2015 timeant
1172 1961 1247 2015 illi
1280 1960 1369 2030 qui
1403 1967 1649 2030 quaerunt

115 2054 306 2105 animum
371 2068 547 2106 meam
599 2051 856 2121 auferre,
919 2052 1088 2109 Judaei
1137 2052 1364 2117 scilicet,
1421 2060 1476 2106 et
1543 2066 1650 2105 non

114 2142 253 2197 solum
295 2143 383 2213 qui
425 2152 686 2214 quatrunt
732 2143 967 2198 animam
991 2158 1187 2207 meam,
1212 2144 1307 2199 sed
1352 2143 1516 2198 etiam
1561 2144 1650 2213 qui

116 2233 406 2289 solummodo
477 2233 658 2288 volunt
713 2234 838 2287 mihi
876 2234 1037 2288 mala.
1087 2235 1402 2287 Avertantur
1450 2244 1650 2287 retror-

116 2341 205 2378 sum
240 2335 284 2379 et
333 2327 668 2381 erubescant.
719 2324 1133 2395 Pt-teposteratio
1191 2327 1540 2393 erubescant,
1598 2325 1652 2380 id

118 2428 181 2472 est
202 2420 624 2474 rerecundentur
645 2418 711 2474 de
726 2419 931 2473 malitia
960 2434 1079 2484 sua,
1114 2429 1169 2475 et
1196 2420 1276 2474 sic
1324 2427 1653 2476 avertantur

121 2509 170 2562 ab
194 2526 246 2563 ea
265 2521 561 2567 retrorsum
577 2512 742 2583 260
769 2518 891 2583 post
913 2529 998 2569 me
1029 2522 1239 2579 euntes,
1270 2512 1323 2569 id
1336 2522 1418 2570 est
1432 2512 1537 2567 mei
1569 2526 1653 2567 se-

121 2620 284 2672 quaccs
310 2607 507 2663 eil'ecti.
568 2607 718 2662 Multi
754 2624 987 2681 namque
1033 2618 1161 2664 sunt
1200 2608 1331 2663 mihi
1375 2606 1515 2662 mala
1561 2621 1652 2661 vo-

121 2694 270 2759 lentes,
294 2699 379 2768 qui
407 2714 517 2753 non
541 2706 669 2753 sunt
692 2699 928 2753 animam
952 2714 1128 2755 meam
1157 2709 1486 2769 quaerentes.
1522 2698 1653 2753 Dico

123 2795 459 2854 mrtautur,et
472 2789 592 2843 haec
615 2790 825 2844 aversio
850 2804 956 2844 non
972 2788 1253 2843 dill‘eratur
1274 2803 1445 2857 usque
1474 2788 1526 2842 in
1551 2803 1655 2841 saa-

122 2877 263 2931 culum
277 2879 643 2957 futurum,sed
660 2889 1012 2934 erubescentes
1027 2881 1226 2941 statim,
1243 2880 1293 2934 id
1312 2879 1465 2933 estin
1500 2878 1652 2933 brevi

123 2978 214 3035 post
235 2972 676 3027 resurrectionem
722 2987 921 3035 meam,
974 2982 1277 3026 avertantur
1327 2972 1393 3025 de
1444 2970 1653 3024 malitia

123 3074 194 3112 sua
214 3061 275 3115 illi
300 3064 403 3133 qui,
437 3062 690 3118 volentes
717 3063 880 3127 mala,
906 3064 1085 3117 dicunt
1107 3063 1232 3116 mihi
1248 3064 1268 3116 !
1290 3061 1456 3132 Euge,
1487 3078 1613 3131 euge
1636 3077 1653 3115 :

127 3171 141 3201 ι
169 3153 406 3222 Magister,
437 3156 647 3211 scimus
661 3155 800 3225 quod
830 3170 989 3209 verax
1021 3169 1100 3222 es,
1126 3152 1342 3225 (Matth.
1367 3168 1504 3217 χχιι,
1531 3154 1650 3222 16)»
1687 3187 1730 3248 C

123 3251 201 3296 clc.
226 3245 360 3312 Quod
393 3256 479 3301 est
521 3246 699 3299 dicere
730 3262 742 3298 :
775 3244 849 3298 Illi
882 3255 1206 3309 avertantur,
1253 3244 1346 3314 qui
1378 3244 1655 3299 blanditiis

123 3333 209 3388 suis
235 3350 308 3390 me
340 3337 595 3406 decipere
626 3335 895 3389 nituntur.
954 3336 1084 3391 Dico
1123 3335 1519 3405 confundantur
1567 3337 1659 3405 qui

123 3440 313 3490 atterunt
341 3432 577 3484 animam
604 3447 791 3484 meum.
825 3429 904 3483 Illi
954 3443 1085 3483 vero
1130 3429 1222 3498 qui
1255 3428 1367 3496 jam
1409 3437 1659 3497 quaerunt

125 3522 178 3577 te,
206 3517 321 3573 bene
345 3519 626 3589 operando
652 3519 754 3574 mei
795 3518 1041 3589 exemplo
1064 3559 1079 3584 ,
1105 3518 1350 3588 discipuli
1393 3518 1495 3572 mei
1554 3520 1659 3573 sci-

126 3603 219 3660 licet
241 3610 485 3665 exsultent
525 3610 576 3664 in
618 3610 831 3674 futuro,
857 3611 912 3663 in
956 3620 1023 3674 te,
1060 3610 1111 3663 id
1151 3619 1233 3664 est
1282 3609 1334 3663 in
1370 3609 1661 3678 adeptione

125 3693 425 3755 beatitudinis
453 3715 579 3769 quae
622 3700 674 3753 in
703 3711 753 3754 te
778 3709 862 3754 est
893 3717 906 3753 :
941 3711 987 3753 et
1018 3700 1106 3755 hic
1138 3700 1357 3755 interim
1418 3700 1661 3753 lrrtentur

104 3784 174 3839 'de
202 3803 281 3857 spe
306 3790 630 3861 adoptionis.
662 3790 728 3844 Et
760 3791 858 3860 ipsi
884 3790 1024 3845 idem
1059 3790 1146 3860 qui
1174 3790 1397 3859 diligunt
1425 3789 1663 3842 salutare

126 3887 257 3947 tuum,
281 3882 328 3936 id
374 3892 455 3938 est
489 3882 847 3937 salvationem
870 3922 883 3946 ,
941 3897 1102 3951 quam
1134 3880 1213 3936 eis
1246 3881 1297 3934 in
1338 3878 1521 3934 futuro
1566 3880 1661 3932 da-

126 3969 203 4034 bis,
233 3990 316 4043 per
340 3991 509 4046 quam
532 3983 589 4029 et
619 3975 716 4045 ipsi
745 3986 799 4029 et
826 3975 914 4029 hic
952 3982 1007 4030 et
1046 3974 1097 4028 in
1153 3972 1334 4027 futuro
1370 3972 1660 4028 salvabun-

127 4067 207 4115 tur.
228 4064 309 4120 Vel
350 4067 774 4129 salutaretuum,
795 4066 847 4120 id
872 4075 954 4121 est
1000 4064 1354 4120 salvationem
1384 4079 1544 4133 quam
1581 4063 1662 4118 eis

128 4150 166 4204 in
181 4152 532 4221 iuturodabis,
556 4157 741 4212 dicant
764 4157 816 4211 in
841 4157 982 4213 bono
1015 4154 1285 4211 desiderio
1302 4169 1401 4210 suo
1426 4162 1547 4224 post
1578 4169 1660 4209 re-

129 4249 464 4305 surrectionem
481 4264 662 4305 meam
680 4249 1043 4320 niagniﬁcetur
1057 4248 1195 4305 Deus
1210 4247 1456 4303 Christus
1492 4248 1664 4303 ethoc

130 4348 394 4407 semper,ut
413 4340 508 4412 qui
526 4339 643 4409 iam
667 4340 1047 4410 magniﬁcatus
1074 4349 1159 4395 est
1190 4354 1288 4410 per
1309 4342 1665 4394 resurrectio-

131 4438 245 4489 nem,
274 4437 324 4481 et
350 4430 430 4483 sul
456 4431 631 4499 ipsius
658 4428 1125 4500 gloriﬁcationem,
1153 4427 1535 4499 magniﬁcetur
1580 4426 1667 4481 hic

999 387 1363 447 EXPOSITIO
1514 385 1854 441 PSALMOS.
1879 416 1950 425 —
1985 384 2179 442 PSAL.
2210 383 2372 441 LXX.

3128 456 3131 461 ν
3219 390 3329 447 983

1752 497 2017 565 Jonadab,
2059 508 2106 551 et
2136 497 2372 567 priorum
2400 496 2740 565 captivorum.
2771 496 3015 553 innuitur
3044 500 3132 555 hic
3156 501 3325 573 ﬁgura

1751 588 1993 645 historize
2043 588 2110 643 de
2158 587 2401 643 Junadab
2429 588 2527 657 qui
2566 587 2619 642 in
2677 587 2794 656 lege
2833 593 3001 645 veteri
3061 597 3320 650 sacerdos

1751 678 1848 734 Dei
1871 678 2245 734 sanctissimus
2267 678 2399 739 l‘uit,
2432 688 2486 733 et
2518 678 2644 734 iiliis
2684 680 2797 735 suis
2833 683 3088 751 praecepit
3137 686 3321 739 viuum

1751 784 1858 825 non
1896 769 2106 834 bibere,
2155 785 2256 825 nec
2307 770 2361 824 in
2394 770 2660 831 domibus,
2713 771 2808 827 sed
2850 771 2905 825 in
2963 774 3329 833 tabernaculis

1749 864 1997 921 habitare
2025 865 2158 933 (Jer.
2181 881 2341 928 xxxv,
2374 865 2426 926 6,
2451 865 2506 935 7)
2525 865 2679 932 cujus
2701 866 2990 936 przeceptis
3018 882 3125 921 non
3157 869 3328 923 defuit

1751 955 1984 1011 ﬁliorum
2003 956 2332 1011 obcdientia.
2364 954 2466 1009 Per
2501 954 2747 1011 JOnadab
2770 964 2950 1010 autem
2996 958 3086 1026 qui
3113 970 3331 1023 sponta—

1752 1062 1879 1101 neus
1927 1046 2138 1102 Domini
2160 1046 2382 1112 dicitur,
2429 1045 2679 1101 Christus
2732 1061 2973 1115 congrue
3031 1051 3318 1117 tiguratur,

1750 1139 1840 1208 qui
1870 1140 2122 1195 sacerdos
2152 1139 2204 1194 in
2245 1149 2503 1193 teterttum
2559 1136 2713 1206 juxta
2744 1137 2990 1193 ordinem
3047 1140 3330 1195 Mclcliisc-

1751 1232 1908 1297 dech,
1946 1247 2052 1287 non
2082 1247 2147 1287 ex
2179 1232 2374 1287 timore
2406 1231 2614 1297 servili,
2648 1232 2743 1285 sed
2795 1247 2980 1287 amore
3027 1245 3330 1302 spontaneo

1751 1336 1806 1383 et
1827 1338 1997 1391 casto,
2058 1327 2286 1382 Domino
2328 1326 2475 1382 Patri
2530 1328 2777 1383 serviens
2844 1326 3163 1384 obedientize
3217 1346 3329 1385 sua:

1752 1433 1967 1475 cursum
1992 1420 2221 1489 peregit.

1820 1508 1920 1575 Qui
1977 1509 2228 1562 Christus
2303 1506 2428 1562 [iliis
2491 1507 2641 1568 suis,
2696 1507 3035 1577 Spiritalibus
3086 1508 3332 1563 ﬁdelibus

1750 1600 1977 1666 scilicet,
1993 1601 2244 1669 praecepit
2258 1599 2440 1654 viuum
2459 1616 2563 1653 non
2580 1600 2842 1666 bibere,id
2856 1612 2939 1655 est
2954 1600 3224 1656 carnalem
3239 1616 3332 1654 vo-

1751 1691 2012 1761 luptatem
2034 1707 2137 1746 non
2157 1705 2363 1755 amare,
2379 1707 2498 1761 qua:
2516 1692 2760 1746 homines
2782 1692 2881 1746 sibi
2907 1692 3148 1747 subditos
3171 1708 3198 1743 a
3222 1691 3331 1746 Deo

1754 1783 2079 1838 retrahendo
2126 1784 2421 1848 dementat,
2466 1798 2615 1837 more
2649 1782 2758 1837 vini
2802 1784 3133 1838 inebriautis.
3172 1782 3332 1838 Juxta

1754 1878 1960 1947 quodin
1979 1876 2415 1948 Evangelioidem
2430 1877 2654 1931 asserit:
2690 1898 2707 1929 ‹
2736 1878 2834 1945 Qui
2853 1878 3097 1946 vultpost
3126 1891 3210 1930 me
3240 1890 3334 1931 vc-

1754 1967 1892 2032 nire,
1925 1967 2074 2021 tollat
2090 1982 2307 2021 crucem
2321 1982 2473 2021 suam
2486 1967 2725 2036 quotidie
2737 1976 2791 2021 et
2804 1976 3057 2036 sequatur
3076 1980 3161 2019 me
3179 1963 3330 2034 (Luc.

1756 2073 1834 2123 rx,
1871 2057 1985 2127 2‘5).
2014 2076 2033 2109 ι
2072 2056 2332 2127 Praecepit
2381 2073 2596 2128 quoque
2623 2075 2727 2114 non
2764 2059 2819 2113 in
2853 2056 3126 2120 domibus,
3156 2056 3250 2110 sed
3279 2056 3333 2109 in

1755 2150 2113 2208 tabernaculis
2127 2152 2389 2218 habitare,
2407 2153 2458 2206 id
2475 2164 2551 2208 est
2564 2194 2578 2217 ,
2601 2168 2726 2208 cum
2750 2153 2801 2207 in
2821 2152 3051 2206 terrenis
3068 2150 3329 2210 habitent,

1754 2260 1861 2301 non
1912 2245 1991 2300 sic
2037 2244 2279 2299 habitent
2334 2252 2391 2297 ut
2439 2244 2491 2297 in
2526 2244 2805 2310 domibus,
2854 2242 2949 2297 sed
2973 2243 3130 2311 quasi
3156 2241 3210 2295 in
3247 2248 3335 2293 ta-

1754 2330 2078 2402 bernaculis,
2106 2338 2158 2391 id
2199 2345 2282 2392 est
2331 2352 2435 2391 non
2473 2345 2660 2406 putent
2688 2352 2749 2390 ea
2794 2350 2915 2389 esse
2944 2334 3213 2388 manentia
3267 2334 3336 2386 ad

1755 2428 2163 2484 similitudinem
2208 2427 2418 2493 domus,
2453 2427 2548 2482 sed
2580 2425 2898 2480 transitoria
2923 2426 2990 2480 ad
3022 2424 3335 2479 similitudi-

1754 2532 1877 2572 nem
1903 2516 2398 2572 tabernaculorum.
2436 2514 2598 2570 Juxta
2634 2514 2777 2585 quod
2807 2513 3108 2584 Apostolus
3151 2512 3286 2568 dicit
3321 2530 3336 2567 :

1762 2628 1781 2663 ι
1817 2611 2099 2681 Tanquam
2131 2611 2265 2666 nihil
2306 2609 2601 2675 habentes,
2665 2620 2721 2664 et
2767 2609 2949 2664 omnia
2999 2608 3339 2680 possidentes

1757 2702 1840 2766 (II
1872 2703 1998 2769 Cor,
2020 2719 2095 2769 vt,
2126 2702 2265 2773 10).»
2296 2701 2363 2757 Ει
2392 2701 2518 2755 alibi
2554 2718 2566 2755 :
2599 2720 2616 2751 ι
2649 2700 2763 2755 Non
2807 2700 3069 2754 habemus
3097 2698 3198 2775 .hic
3226 2713 3340 2751 ma-

1758 2804 1978 2851 nentem
2006 2795 2283 2849 civitatem
2308 2835 2323 2861 ,
2357 2793 2451 2848 sed
2484 2792 2718 2846 futuram
2773 2789 3105 2861 inquirimus
3146 2786 3337 2858 (Hebr.

1757 2903 1877 2950 xm,
1911 2886 2054 2955 14).»
2084 2886 2251 2940 Tituli
2283 2899 2412 2939 vero
2437 2884 2613 2939 littera
2628 2884 2705 2939 sic
2734 2883 3018 2951 adoptatur
3049 2897 3062 2933 :
3093 2877 3339 2933 Psalmus

1758 2976 1859 3031 iste
1883 2984 1968 3031 est
2000 2975 2164 3029 David
2184 2974 2387 3029 Christi
2411 2974 2619 3028 orantis
2646 2988 2843 3042 prose,
2867 2981 2924 3025 ut
2952 2970 3334 3028 resuscitctur,

1759 3075 1815 3122 et
1862 3067 1914 3121 in
1968 3065 2219 3136 passione
2266 3072 2523 3119 constans
2548 3064 2841 3126 ellieiatur,
2876 3070 2931 3116 et
2977 3069 3060 3115 est
3104 3058 3340 3129 psalmus

1762 3160 1865 3214 iste
1892 3159 2126 3228 ﬁliorum
2154 3157 2422 3222 Ionadab,
2478 3157 2530 3211 id
2558 3167 2642 3210 est
2669 3155 2892 3219 Christi,
2929 3166 2985 3209 et
3013 3151 3342 3208 determinat

1762 3266 1992 3321 quorum
2037 3248 2292 3315 liliorum,
2330 3264 2454 3303 cum
2488 3248 2618 3302 dicit
2649 3287 2663 3312 ,
2696 3256 2750 3301 et
2803 3246 3043 3316 priorum
3093 3243 3339 3313 captivo-

1763 3358 1905 3396 rum.
1932 3340 2083 3409 Quod
2114 3351 2197 3396 est
2219 3340 2398 3395 dicere
2431 3354 2446 3395 :
2478 3338 2577 3404 Qui
2607 3339 2757 3408 prius
2792 3337 2991 3408 captivi
3020 3344 3075 3390 et
3106 3352 3134 3389 a
3164 3335 3340 3405 patria

1760 3435 2072 3489 exsulantes
2099 3433 2315 3487 fuerunt
2347 3446 2442 3502 per
2466 3432 2658 3494 Adam,
2686 3437 2868 3498 postea
2899 3442 3028 3482 vero
3055 3442 3151 3496 per
3183 3425 3341 3480 Chri-

1762 3538 1902 3582 stum
1933 3526 1998 3580 ad
2026 3525 2253 3596 patriam
2282 3524 2507 3579 reducti.
2551 3523 2615 3576 Et
2640 3523 2741 3578 hoc
2764 3521 2963 3575 dicitur
2995 3520 3059 3573 ad
3082 3516 3336 3571 differen-

1764 3620 1891 3674 tiam
1924 3618 2209 3688 spirituum
2236 3616 2559 3679 ccelestium,
2585 3614 2699 3683 qui,
2725 3628 2845 3666 cum
2864 3612 2951 3665 lilii
2982 3610 3088 3665 sint
3106 3608 3340 3676 adopthi

1763 3726 1792 3765 a
1815 3710 1993 3765 Verbo
2007 3708 2099 3762 Dei
2126 3708 2318 3772 creati,
2341 3723 2445 3763 non
2464 3716 2640 3761 tamen
2666 3707 2814 3775 prius
2839 3704 3098 3759 exstitere
3120 3700 3341 3770 captivi.

1763 3801 1829 3856 Et
1869 3801 2005 3854 bene
2031 3797 2247 3868 quidem
2299 3797 2498 3852 dicitur
2542 3796 2789 3851 Psalmus
2820 3796 2920 3850 istc
2961 3794 3192 3848 ﬁliorum
3250 3790 3341 3846 Jo-

1765 3890 1960 3946 nadab.
2003 3889 2060 3944 ltt
2082 3890 2183 3944 hoc
2210 3888 2353 3943 enim
2382 3887 2588 3958 psalmo
2620 3888 2731 3957 agit
2760 3886 3011 3942 Christus
3031 3885 3095 3939 de
3119 3898 3340 3939 suorum

1764 3980 1996 4035 ﬁliorum
2014 3977 2206 4041 salute,
2234 3986 2288 4031 et
2314 3976 2491 4041 laude,
2516 3984 2569 4030 et
2592 3976 2894 4031 constantia
2923 3972 3339 4044 praedicationis.

1764 4074 1888 4143 Agit
1933 4084 2147 4142 quoque
2189 4067 2505 4125 conccssive
2535 4067 2599 4122 de
2628 4066 2975 4121 inimicorum
3025 4062 3340 4120 confusione

1766 4174 1819 4222 et
1853 4165 2074 4235 pudore.

1837 4255 1903 4310 In
1926 4265 1993 4320 te,
2030 4253 2269 4317 Domine,
2302 4250 2519 4321 speravi.
2538 4248 2828 4304 Prmtentio
2858 4244 3055 4300 meriti.
3084 4242 3235 4311 Quod
3260 4252 3344 4295 est

1768 4350 1990 4410 dicere:
2023 4346 2239 4400 Domine
2264 4343 2454 4406 Pater,
2503 4341 2704 4411 speravi
2751 4355 2813 4393 ea
2867 4353 2988 4407 qua:
3012 4344 3137 4389 sunt
3187 4334 3239 4387 in
3270 4342 3341 4393 In,

1769 4438 2230 4497 immortalitatem
2286 4444 2343 4490 et
2410 4431 2923 4503 impassibilitatem.
2989 4427 3131 4496 Ergo
3179 4425 3339 4495 261

131 4526 298 4585 semper
310 4521 634 4576 remittendo
647 4521 759 4576 suis
775 4529 994 4589 peccata
1007 4562 1022 4587 ,
1036 4529 1091 4574 et
1105 4519 1446 4582 iustiﬁcando
1477 4532 1570 4573 eos
1594 4518 1657 4571 de

1765 4548 1869 4587 non
1914 4527 2213 4599 confundor
2258 4526 2313 4580 in
2343 4533 2618 4587 wternum,
2670 4520 2773 4576 etsi
2803 4521 2870 4575 ad
2916 4525 3127 4587 tempus
3159 4516 3349 4570 videar

132 4609 431 4669 generatione
475 4612 531 4666 in
550 4611 979 4682 generationem,
1004 4624 1173 4680 usque
1198 4626 1249 4664 ιιι
1277 4608 1435 4664 ilnem
1461 4607 1667 4671 mundi,

131 4702 171 4746 et
196 4696 238 4750 in
258 4697 425 4757 intum
458 4700 823 4769 magniﬁcetur
840 4714 938 4769 per
952 4714 1170 4754 suorum
1186 4698 1478 4769 perfectam
1508 4697 1669 4766 glori-

116 4781 416 4845 .ﬁcationem.
470 4792 601 4846 Dico
620 4802 679 4845 ut
708 4790 774 4846 de
805 4806 891 4846 me
930 4789 1040 4845 Deo
1087 4790 1273 4845 dicant
1307 4788 1671 4858 magniﬁcetur

131 4870 259 4932 Deus.
290 4880 359 4936 De
386 4896 445 4937 se
476 4897 606 4937 vero
633 4883 845 4948 dicant,
873 4898 903 4935 ο
949 4881 1107 4947 Deus,
1150 4881 1348 4951 adjuva
1381 4895 1483 4943 me,
1510 4879 1668 4943 bene,

132 4972 421 5036 mperando
458 4982 624 5029 etme
652 4988 683 5027 a
732 4973 973 5041 peccatis
1019 4971 1319 5041 eripiendo.
1375 4970 1517 5023 Nam
1568 4982 1671 5037 ego

133 5071 427 5130 rgenussum,
481 5066 536 5120 id
588 5073 671 5119 est
705 5061 904 5120 nullius
947 5063 1173 5119 alterius
1212 5076 1312 5133 cpe
1345 5070 1534 5133 potens
1564 5060 1671 5115 sal-

136 5152 239 5211 vari.
282 5157 379 5211 nisi
432 5167 544 5212 tua.
584 5143 652 5210 Et
702 5174 920 5228 pauper,
967 5157 1018 5212 id
1059 5165 1141 5211 est
1165 5171 1265 5225 ope
1315 5169 1433 5209 mea
1474 5152 1666 5208 salvari

136 5234 379 5309 impotens.
424 5247 554 5303 Dico
610 5249 802 5309 adiuva
835 5264 939 5311 me,
965 5255 1022 5302 et
1055 5255 1131 5313 tu,
1166 5245 1409 5311 Domine,
1467 5261 1529 5298 ne
1558 5258 1669 5297 mo-

137 5329 254 5395 νενὶε,
307 5336 358 5391 id
403 5347 488 5393 est
525 5354 631 5393 non
686 5338 760 5394 sis
792 5338 977 5393 tardus
1045 5337 1114 5391 ad
1150 5335 1477 5408 adjutorium
1520 5342 1575 5389 et
1604 5334 1670 5388 li-

139 5417 423 5485 hcrationcm
455 5447 648 5487 meam.
676 5431 810 5486 Nam
836 5438 891 5485 tu
921 5430 1068 5487 solus
1098 5444 1158 5485 es
1182 5430 1397 5499 adjutor
1422 5444 1564 5482 meus
1591 5426 1658 5482 ad

139 5508 592 5591 beneoperandum,
611 5534 657 5579 et
681 5523 973 5579 liberatora
997 5523 1161 5578 vitiis.
1188 5521 1339 5589 Quod
1359 5521 1663 5577 estdicere:

139 5596 199 5655 Τυ
237 5608 370 5667 solus
412 5614 668 5685 adjuvare
702 5628 789 5669 me
816 5622 972 5685 potes
1015 5622 1070 5669 et
1098 5614 1348 5667 liberare.

573 5728 639 5785 IN
664 5727 997 5787 PSALMUM
1022 5726 1186 5782 LXX.

198 5803 384 5870 Titulus
428 5819 804 5891 septuagesimi
842 5836 852 5871 :
891 5816 1134 5872 Psalmus
1209 5817 1374 5871 David
1439 5816 1666 5870 ﬁliorum

1773 4620 1975 4676 Judaeis
1999 4617 2278 4674 confusus.
2327 4614 2480 4668 Tunc
2503 4622 2685 4667 autem
2718 4609 3104 4673 confundercr,
3130 4606 3174 4662 si
3206 4606 3348 4675 quod

1772 4713 1973 4785 speravi
2005 4726 2110 4766 non
2138 4708 2492 4778 adipiscerer.
2524 4704 2655 4759 Dico
2683 4718 2790 4757 non
2816 4698 3070 4757 confundi
3101 4712 3185 4754 me
3221 4712 3345 4766 per-

1773 4804 1984 4865 mittas,
2012 4801 2106 4856 scd
2133 4797 2297 4852 libera
2324 4811 2405 4849 me
2428 4794 2703 4865 injustitia
2724 4801 2838 4859 tua,
2870 4790 2921 4845 id
2943 4798 3026 4845 est
3052 4788 3350 4844 secundum

1772 4894 1915 4966 quod
1940 4891 2153 4962 iustitia
2194 4897 2282 4943 tua
2314 4886 2502 4958 exigit.
2533 4884 2747 4940 Justutn
2790 4882 2935 4937 enim
2961 4887 3045 4935 est
3108 4876 3252 4932 utin
3299 4884 3353 4928 te

1772 4996 2083 5061 sperantem
2134 4983 2359 5046 liberes,
2403 4989 2451 5032 et
2482 4993 2590 5032 non
2619 4975 2783 5030 libera
2818 4991 2899 5029 me
2930 4973 2984 5028 in
3014 4968 3350 5061 abscondito,

1772 5056 1868 5134 sed
1894 5077 2056 5145 eripe,
2087 5073 2141 5128 id
2168 5079 2253 5127 est
2279 5070 2445 5125 libera
2477 5066 2788 5130 manifeste,
2831 5064 2886 5119 vi
2932 5078 3013 5118 me
3050 5056 3349 5130 eripienda,

1773 5178 1829 5226 et
1858 5168 2057 5224 inclina
2102 5181 2224 5222 cum
2251 5163 2330 5219 sis
2359 5160 2609 5219 sublimis
2646 5159 2716 5213 ad
2756 5174 2837 5212 me
2869 5156 3140 5210 inlirmum
3164 5157 3218 5204 et
3249 5149 3350 5203 ltu-

1773 5265 1956 5322 milern
1992 5260 2289 5319 secundum
2316 5254 2734 5317 humanitatem,
2759 5264 2939 5305 aurem
2979 5257 3148 5308 tuam,
3177 5242 3229 5297 id
3261 5249 3349 5297 est

1772 5355 2069 5431 potentiam
2126 5348 2514 5406 misericordiae
2562 5357 2666 5401 tua:
2716 5359 2822 5413 qua
2870 5340 3167 5395 clamantes
3195 5334 3262 5389 ad
3301 5343 3354 5389 te

1772 5428 2023 5511 exaudis,
2056 5444 2284 5510 ideoque
2328 5439 2475 5493 auris
2521 5436 2738 5491 dicitur.
2792 5431 2946 5500 Quod
2988 5439 3071 5485 est
3121 5428 3347 5482 dicere:

1771 5535 2219 5597 Condescendere
2248 5531 2333 5585 fac
2354 5529 2636 5585 sublimem
2664 5524 2958 5595 potentiam
2985 5534 3132 5575 tuam
3173 5516 3346 5589 preci-

1770 5631 1871 5686 bus
1892 5629 2030 5684 meis
2060 5625 2260 5681 intirtni
2281 5631 2336 5677 et
2358 5618 2599 5683 humilis,
2631 5627 2676 5670 et
2706 5616 2783 5671 sic
2827 5616 2973 5669 salva
3010 5631 3109 5678 me,
3129 5621 3183 5667 ct
3210 5610 3345 5664 libe-

1771 5723 1966 5786 rando,
1994 5728 2053 5774 ut
2075 5715 2325 5788 superius
2354 5710 2487 5775 dixi,
2512 5718 2565 5764 et
2589 5707 2883 5777 gloriosum
2907 5714 2962 5760 et
2986 5699 3343 5759 immortalem

1771 5824 1825 5871 et
1855 5810 2239 5883 impassibilem
2266 5802 2529 5868 faciendo,
2560 5801 2653 5872 qui
2679 5799 2766 5856 hic
2791 5798 3034 5854 iniirmor
3057 5790 3352 5851 secundum
