3846 6334
515 342 618 410 ass

1047 349 1104 422 s_.
1140 347 1488 407 anuuoms
1523 344 2676 405 CAltTnuanonunmsmuroms
2715 346 2862 402 ore.
2906 346 3082 403 rans
3118 347 3160 403 ι.
3323 321 3342 326 ’⁷
3451 375 3468 393 ι
3616 357 3699 413 est

516 463 902 520 lllfil'llllilalcm
932 471 987 516 et
1020 461 1454 532 passibilitatem.
1497 461 1562 515 Et
1593 471 1684 515 est
1717 461 1920 514 dictum
1949 475 1979 514 a
2005 462 2080 515 si-
2107 462 2153 517 Α
2187 459 2381 515 ιίεηιει·
2417 461 2690 517 sufi‘eram.
2754 461 2815 515 Et
2859 461 2981 516 ideo
3025 461 3198 517 adhuc
3226 478 3288 516 ne
3313 460 3567 532 proficias,
3590 485 3701 538 qua-

509 555 813 611 mifitudine
869 553 1085 618 medici,
1139 553 1232 623 qui
1308 552 1522 608 infirmo
1555 593 1569 618 ,
1629 567 1912 622 assurgere
1978 567 2079 606 ne-

509 645 755 715 queunti,
784 659 969 698 aurem
996 643 1288 698 clementer
1310 643 1551 709 inclinat,
1591 651 1644 697 et
1663 657 1786 696 eum
1807 641 2078 702 sanificat.

507 739 639 793 Dico
663 737 830 803 salva,
862 745 991 790 etut
1018 753 1098 790 me
1120 746 1305 806 postea
1341 734 1541 789 salvum
1573 735 1758 801 facias,
1791 735 1940 804 prius
1965 743 2074 787 esto

508 827 638 882 milii
661 826 715 878 in
747 825 912 878 Deum
936 835 1296 895 protectorem,
1330 825 1380 878 id
1411 835 1494 880 est
1520 841 1640 878 cum
1667 825 1744 879 sis
1776 825 1907 878 mihi
1939 825 2080 878 Deus

507 927 740 980 creator,
773 915 981 971 scilicet
1020 931 1088 970 ex
1120 917 1230 972 Deo
1281 917 1356 971 sis
1388 917 1523 970 mihi
1560 917 1786 970 tendens
1822 916 1875 970 in
1908 916 2077 969 Deum

504 1015 890 1076 protectorem,
930 1007 1022 1077 qui
1067 1022 1151 1061 me
1184 1008 1236 1062 in
1279 1009 1532 1077 passione
1570 1017 1845 1078 protegas,
1903 1022 1971 1062 ne
2007 1006 2078 1061 ti-

504 1114 656 1153 more
705 1113 878 1168 ptnnze
913 1099 1177 1154 deficiam.
1209 1097 1280 1153 Et
1313 1109 1428 1155 esto
1473 1100 1604 1154 mihi
1656 1100 1710 1153 in
1761 1101 1932 1152 locum
1963 1115 2076 1152 ntu-

505 1189 692 1252 nitum,
735 1189 787 1242 id
833 1197 916 1244 εει
943 1190 995 1244 in
1026 1191 1397 1257 securitatem,
1432 1199 1490 1244 ut
1528 1206 1628 1245 nec
1656 1191 1821 1245 etiam
1856 1190 2077 1244 timeam

504 1279 643 1334 sicut
672 1279 824 1335 locus
849 1283 1095 1338 munitus
1140 1281 1405 1337 securitas
1435 1292 1517 1337 est
1541 1283 1607 1337 ad
1633 1297 1690 1337 se
1723 1281 2074 1350 fugientibus.

502 1369 650 1425 Multi
682 1372 876 1441 quippe
907 1383 1283 1445 proteguntur,
1304 1374 1394 1444 qui
1417 1374 1591 1428 securi
1618 1387 1721 1426 non
1751 1382 1896 1436 sunt,
1927 1373 2075 1426 idco-

503 1477 607 1530 quc
637 1463 906 1532 superflue
966 1481 1072 1520 non
1123 1466 1338 1520 additur
1379 1464 1432 1518 in
1478 1464 1655 1519 locum
1689 1465 1973 1517 munitum.
2013 1463 2077 1516 Et

504 1555 702 1608 amodo
731 1569 850 1609 ei-se
878 1556 1043 1612 debes
1087 1566 1365 1627 protector
1395 1568 1448 1613 et
1471 1557 1623 1611 locus
1652 1555 1918 1618 munitus,
1948 1571 2077 1624 quo-

503 1645 645 1698 niam
694 1643 974 1714 hucusque
1021 1663 1073 1700 es
1109 1656 1164 1700 tu
1214 1647 1603 1714 firmamentum
1673 1661 1868 1708 meum,
1913 1644 2077 1696 idest

506 1737 696 1789 firmus
748 1744 1028 1806 protector
1085 1755 1238 1794 meus
1282 1748 1328 1794 et
1365 1738 1620 1808 refugium
1653 1755 1858 1801 meum,
1899 1735 1948 1788 id
1992 1744 2074 1788 est

500 1834 786 1886 securitas.

575 1920 650 1975 Ac
679 1921 722 1975 si
751 1921 926 1976 dicat:
960 1921 1093 1976 Cum
1125 1921 1404 1989 hucusque
1450 1918 1846 1972 firmamentum
1905 1925 1958 1971 et
1986 1931 2074 1970 re-

503 2009 706 2080 fugium
741 2027 917 2067 meum
969 2012 1273 2077 exstiteris,
1322 2026 1388 2066 ne
1437 2011 1490 2065 in
1538 2011 1721 2081 aliquo
1759 2009 2072 2076 defecerim,

499 2098 756 2171 deinceps
787 2102 1144 2173 refugium'et
1175 2102 1577 2156 lirn'iamentum
1619 2117 1797 2155 meum
1833 2114 1954 2155 esse
1983 2101 2076 2154 dc-

501 2189 618 2255 bes,
652 2207 716 2246 ne
743 2191 798 2246 in
827 2192 1010 2248 futuro
1045 2183 1317 2249 deficiam.
1353 2193 1446 2248 Vel
1491 2193 1568 2248 sic
1600 2207 1614 2246 :
1649 2192 1771 2248 ldeo
1794 2209 1889 2247 oro
1915 2201 1970 2246 ut
1994 2208 2076 2246 me

500 2279 703 2334 saluum
756 2281 948 2351 facias,
999 2284 1252 2352 quoniam
1297 2291 1354 2334 tn
1399 2281 1548 2335 solus
1587 2298 1638 2334 es
1686 2282 2076 2350 ﬁrmamentum

504 2384 690 2430 meum,
721 2377 767 2422 et
795 2369 1055 2439 refugium
1089 2386 1282 2432 meum,
1319 2368 1476 2423 idest
1503 2369 1627 2438 quia
1663 2379 1715 2422 tu
1749 2369 1894 2424 solus
1923 2378 2076 2440 poles

503 2473 586 2509 me
635 2466 918 2526 protegere
966 2467 1021 2514 et
1065 2475 1316 2514 securum
1358 2459 1555 2514 facere.
1621 2459 1855 2528 Exponit
1892 2469 2075 2515 autem

505 2549 644 2618 quod
691 2551 944 2620 superius
991 2551 1128 2605 dixit
1160 2553 1319 2620 eripe,
1351 2566 1378 2604 a
1411 2552 1608 2620 quibus
1654 2567 1712 2606 se
1762 2560 1882 2607 oret
1915 2553 2074 2624 eripi,

499 2639 579 2694 sic
609 2657 622 2692 :
658 2639 777 2694 Dixi
802 2651 910 2694 esto
939 2641 1065 2695 mihi
1097 2644 1148 2696 in
1177 2642 1340 2695 Deum
1370 2652 1732 2712 protectorem,
1764 2652 1870 2699 etc.

566 2729 640 2784 Ει
672 2738 727 2785 tu
759 2731 923 2786 etiam
954 2733 1091 2787 Deus
1117 2751 1263 2788 meus
1294 2734 1516 2803 speciali
1553 2737 1786 2806 quadam
1813 2735 2074 2790 obedien-

501 2822 574 2876 tia
608 2837 747 2890 mea,
771 2827 912 2896 eripe
944 2829 1322 2883 resuscitanle
1359 2828 1422 2881 de
1458 2845 1638 2894 manu,
1675 2828 1726 2882 id
1767 2828 1942 2884 estde
1981 2843 2076 2897 p0-

500 2924 693 2971 teslate
721 2919 1035 2988 peccatoris,
1079 2935 1148 2974 nc
1177 2919 1407 2974 ulterius
1439 2935 1523 2974 mc
1559 2918 1829 2990 amigendi
1861 2920 2070 2975 licitum

498 3003 716 3060 habeat.
793 3005 1026 3078 Exponit
1073 3023 1202 3064 vero
1253 3025 1349 3078 per
1393 3019 1573 3079 partes
1611 3009 1674 3062 de
1717 3026 1876 3064 manu
1923 3011 2076 3081 cujus

497 3095 799 3162 peccatoris
827 3107 945 3152 oret
970 3113 1027 3152 sc
1057 3098 1350 3169 eripi,eum
1382 3100 1511 3153 dicit
1539 3100 1745 3155 scilicet
1787 3118 1799 3154 :
1829 3101 1968 3170 eripe
1994 3116 2073 3154 me

498 3185 563 3240 de
589 3204 745 3240 manu
783 3199 964 3243 contra
1019 3189 1179 3258 legem
1227 3192 1457 3258 agentis,
1510 3189 1718 3244 Judaici
1761 3191 1967 3260 populi,
2019 3191 2073 3246 in

496 3277 600 3332 hoc
621 3280 763 3348 quod
789 3280 916 3333 mihi
948 3281 1169 3350 negligit
1199 3280 1442 3346 obedire,
1485 3296 1606 3336 cum
1637 3281 1740 3352 ipsi
1760 3280 1842 3335 sit
1874 3296 1903 3334 a
1933 3280 2076 3353 che

497 3381 846 3438 praeceptum.
874 3371 1034 3425 Juxta
1069 3373 1211 3440 quod
1240 3371 1451 3443 Moyses
1483 3373 1613 3427 dicit
1647 3391 1658 3426 :
1691 3391 1710 3423 ι
1745 3372 2074 3442 Prophetam

499 3474 566 3516 ex
599 3461 862 3517 fratribus
888 3463 1086 3517 vestris
1135 3463 1418 3517 suscitabit
1467 3465 1622 3518 vobis
1655 3465 1912 3518 Dominus
1934 3464 2077 3520 Deus

497 3559 678 3606 vester
705 3564 962 3622 tanquam
1008 3569 1117 3617 me,
1168 3554 1342 3621 ipsum
1392 3554 1646 3619 audietis,
1683 3563 1738 3608 et
1775 3555 1953 3610 omnis
1981 3557 2074 3626 qui

496 3657 604 3696 non
630 3643 930 3696 exaudierit
957 3644 1275 3714 prophetam
1306 3643 1452 3698 illum
1478 3687 1490 3706 ,
1531 3646 1980 3702 exterminabitur
2009 3649 2075 3704 de

497 3733 696 3804 populo
725 3749 848 3788 meo
875 3733 893 3806 (
918 3733 1073 3792 Deut.
1104 3751 1260 3800 xvm,
1303 3737 1400 3801 1-5;
1432 3736 1528 3791 Act
1559 3754 1639 3801 ιιι,
1674 3738 1766 3804 22,
1792 3739 1916 3811 25).
1958 3760 1976 3792 ι
2007 3741 2076 3794 Ει

497 3824 636 3892 eripe
663 3839 743 3878 me
773 3824 836 3878 de
865 3841 1028 3878 manu
1055 3825 1220 3896 iniqui
1243 3827 1464 3895 gentilis
1488 3827 1690 3897 populi,
1716 3827 1806 3897 qui
1838 3844 1924 3883 tne
1950 3844 2075 3883 cru-

496 3915 699 3987 cifiget,
747 3916 883 3971 etin
914 3917 1162 3986 sepulcro
1191 3918 1489 3973 custodiet.
1526 3919 1652 3984 Qui,
1687 3935 1810 3974 cum
1857 3935 1966 3974 non
2003 3922 2073 3976 sit

501 4019 692 4064 contra
717 4008 893 4080 legem
923 4023 1086 4079 quam
1121 4026 1227 4065 non
1282 4011 1466 4077 habet,
1499 4011 1689 4066 saltem
1720 4012 1940 4082 iniquus
1965 4023 2069 4078 est,

496 4101 550 4156 id
571 4110 654 4156 est
685 4101 922 4157 infidelis
952 4111 1007 4156 et
1032 4102 1170 4156 male
1199 4117 1453 4172 operans.
1479 4102 1696 4173 Repetit
1724 4114 1903 4159 autem
1927 4107 2071 4175 quod

495 4192 690 4257 oravit,
705 4201 812 4247 esto
836 4193 964 4246 mihi
986 4193 1038 4246 in
1051 4192 1375 4258 Denm,.etc.
1401 4191 1534 4248 Cum
1560 4193 1692 4248 dicit
1713 4211 1774 4248 ne
1793 4195 2068 4266 projicias,

495 4293 630 4347 etc.,
647 4297 818 4353 usque
843 4284 908 4336 ad
923 4283 1322 4353 quiadixerunt,
1350 4292 1697 4352 utprmponat
1723 4299 1912 4339 causas
1936 4300 2071 4354 quas

497 4375 747 4443 superius
784 4391 891 4430 non
925 4376 1122 4446 posuit,
1157 4391 1277 4450 quae
1303 4389 1480 4430 causa:
1511 4377 1860 4430 continentur
1882 4377 1948 4431 ab
1978 4376 2067 4431 illo

495 4482 652 4522 γει-ευ
662 4506 678 4521 ο

570 4558 835 4622 Quoniam
877 4571 931 4614 tu
975 4577 1028 4614 es
1077 4561 1330 4630 patientia
1369 4577 1504 4626 mea,
1533 4569 1662 4625 etc.,
1697 4575 1865 4628 usque
1914 4561 1979 4614 ad
2007 4577 2070 4615 ne

496 4647 770 4716 projicias.
798 4649 928 4714 Quae
972 4651 1050 4704 sic
1082 4650 1338 4720 leguntur
1366 4660 1419 4704 et
1450 4658 1838 4704 construuntur
1866 4668 1877 4702 :
1907 4649 2068 4704 Oravi

499 4744 557 4788 ut
583 4734 782 4804 eripias
811 4754 890 4790 me
913 4738 976 4792 de
1008 4755 1167 4791 manu
1194 4740 1503 4810 peccatoris.
1533 4742 1641 4794 Oro
1664 4740 1824 4794 etiam
1858 4756 1920 4793 ne
1949 4755 2070 4808 pro-

491 4826 673 4902 jicias,
704 4826 754 4880 id
785 4836 869 4881 est
922 4843 990 4881 ne
1027 4829 1293 4899 despicias
1316 4848 1395 4885 me
1425 4831 1555 4902 quin
1581 4841 1837 4902 protegas
1859 4832 1912 4883 in
1941 4841 2072 4884 tem-

495 4931 621 4983 pore
650 4917 931 4969 senectutis
981 4919 1237 4987 positum,
1270 4930 1394 4974 ante
1447 4920 1898 4975 resurrectionem
1923 4919 2072 4974 scili-

496 5014 604 5069 cet,
634 5005 873 5074 quandiu
929 5007 1242 5076 temporalis
1271 5025 1411 5063 sum.
1458 5009 1584 5064 Post
1613 5011 2067 5066 resurrectionem

493 5112 728 5160 namque
757 5105 992 5152 aeternus
1037 5113 1132 5151 cro
1162 5107 1217 5152 et
1261 5100 1376 5153 sine
1412 5099 1767 5168 tempore.iu
1828 5111 2069 5169 tempore

497 5190 617 5246 dico
643 5192 960 5257 senectutis,
995 5191 1044 5245 id
1076 5199 1161 5247 est
1184 5193 1492 5257 vetustatis,
1523 5192 1575 5246 in
1609 5210 1716 5262 quo
1743 5195 1950 5248 scilicet
1977 5210 2068 5248 ve-

492 5291 751 5338 tustatem
774 5283 901 5338 Adae
925 5285 1156 5347 retineo,
1183 5299 1288 5336 non
1317 5283 1608 5336 secundum
1637 5295 1938 5353 peccatum,
1973 5283 2067 5338 sed

491 5376 788 5430 secundum
815 5393 1033 5448 pennam
1058 5379 1288 5448 peccati,
1331 5376 1382 5430 id
1414 5383 1498 5429 est
1523 5375 1574 5429 in
1605 5392 1712 5445 quo
1741 5376 1988 5432 mortalis
2011 5385 2068 5432 et

490 5465 766 5536 passibilis
781 5469 981 5536 existo,
1007 5469 1151 5539 quod
1171 5477 1253 5522 est
1279 5481 1435 5536 pmna
1459 5468 1665 5536 peccati
1693 5467 1892 5521 veteris
1913 5467 2063 5521 Adm.

494 5559 558 5612 Et
592 5559 711 5613 ideo
743 5576 847 5615 non
897 5561 1172 5631 projicias.
1209 5561 1471 5626 Quoniam
1511 5568 1590 5623 tu,
1615 5559 1860 5622 Domine,
1890 5576 1942 5612 es
1968 5577 2063 5628 pa—

494 5654 676 5702 tientia
708 5669 839 5715 mea,
875 5653 926 5706 id
965 5662 1068 5719 est,
1105 5660 1158 5705 tu
1191 5667 1353 5706 causa
1385 5667 1444 5706 es
1492 5651 1766 5722 patientia:
1795 5665 1926 5704 mete
1952 5665 1965 5714 ;
1991 5655 2065 5710 fut

495 5741 641 5794 enim
673 5744 744 5796 tui
776 5743 1212 5799 eontormitatem
1237 5744 1532 5810 obtineam,
1561 5742 1940 5798 tribulationcs
1967 5756 2060 5810 pa-

2179 551 2323 604 niam
2358 557 2410 604 tu
2461 549 2702 616 Domine,
2731 564 2790 604 es
2835 566 2950 618 spes
2995 549 3145 618 mea,’
3189 550 3242 604 id
3293 560 3374 607 est
3402 552 3454 607 in
3498 563 3544 609 te
3577 571 3701 628 spent

2180 644 2355 699 habeo
2409 642 2892 707 remunerationis,
2920 658 3041 712 quae
3087 657 3213 712 spes
3240 644 3473 712 procedit
3501 664 3529 700 α
3554 647 3704 719 iuren-

2181 745 2286 790 tate
2311 751 2447 801 mea,
2474 734 2526 788 id
2541 743 2620 789 est
2641 751 2670 788 a
2694 737 2921 804 provido
2941 735 3168 790 consilio
3188 744 3242 790 et
3265 739 3567 793 strenuitate
3586 757 3701 796 mea.

2182 827 2332 891 Quod
2355 834 2440 879 est
2465 825 2646 881 dicere
2679 843 2692 879 :
2725 826 2848 882 Ideo
2874 842 3025 897 spem
3057 827 3232 881 habeo
3257 827 3310 881 in
3343 837 3416 892 te,
3447 830 3528 896 qui
3551 834 3703 898 provi-

2179 917 2278 971 dus
2304 932 2422 970 sum
2451 917 2504 971 in
2537 917 2784 982 consilio,
2831 926 2886 972 et
2915 929 3170 974 strenuus
3199 919 3252 972 in
3283 929 3402 972 actu
3426 919 3704 978 obedientia:

2180 1009 2341 1079 262
2367 1016 2490 1062 tum.
2527 1007 2778 1078 Alioquin
2806 1011 2950 1066 enim
2982 1026 3108 1081 spes
3137 1027 3257 1065 mea
3290 1022 3430 1066 esset
3455 1014 3610 1068 irrita.
3634 1015 3706 1068 Ju-

2183 1108 2461 1156 ventutem
2494 1101 2692 1171 quippe
2711 1116 2814 1171 pro
2843 1103 3067 1172 provido
3091 1103 3322 1158 consilio
3348 1113 3399 1157 et
3425 1106 3705 1161 strenuitatc

2181 1191 2350 1262 ponit,
2375 1192 2501 1262 quia
2531 1190 2793 1260 juvenum
2839 1200 2923 1247 est
2949 1193 3190 1262 'provido
3220 1194 3294 1246 uti
3328 1195 3559 1260 consilio,
3586 1206 3632 1250 et
3661 1199 3703 1251 in

2183 1294 2305 1337 actu
2332 1299 2451 1338 esse
2480 1291 2751 1339 strenuos.
2800 1285 2868 1339 Et
2913 1285 3035 1340 ideo
3083 1285 3262 1339 adhuc
3292 1302 3352 1339 ne
3375 1287 3603 1356 proficias
3623 1306 3703 1354 me,

2178 1377 2300 1446 quia
2333 1376 2386 1429 in
2421 1385 2468 1430 te
2509 1377 2756 1431 existens
2791 1362 3131 1445 confirmatus
3160 1394 3274 1431 sum
3297 1417 3312 1441 ,
3342 1377 3392 1432 id
3428 1385 3524 1441 est,
3548 1377 3704 1432 firmus

2180 1464 2353 1519 factus
2379 1479 2525 1530 sum,
2551 1480 2614 1518 ea:
2634 1474 2801 1530 utero,
2831 1465 2881 1519 id
2912 1475 2998 1520 est
3023 1480 3088 1520 ex
3120 1475 3360 1535 tempore
3384 1468 3706 1534 conceptionis

2179 1567 2334 1616 metu,
2380 1568 2486 1608 non
2524 1567 2642 1608 sum
2689 1553 2996 1608 infirmatus
3054 1554 3106 1607 in
3138 1555 3309 1608 Adam
3353 1569 3446 1624 per
3486 1557 3706 1626 originale

2179 1652 2478 1712 peccatum,
2503 1645 2644 1699 sicut
2666 1645 2847 1700 caeteri
2873 1646 3142 1706 homines.
3158 1645 3273 1715 qui,
3297 1646 3419 1701 dum
3440 1649 3707 1718 concipiun-

2183 1740 2270 1784 tur
2298 1734 2592 1787 secundum
2622 1734 2792 1805 legem
2821 1735 3307 1805 concupiscentiae,
3339 1735 3454 1804 quae
3477 1751 3614 1806 paena
3639 1748 3706 1792 est

2179 1820 2455 1890 originalis
2486 1825 2716 1890 peccati,
2745 1823 2878 1876 ﬁunt
2905 1833 2958 1878 et
2983 1825 3082 1894 ipsi
3111 1824 3394 1895 originalis
3414 1827 3602 1894 peccati
3621 1827 3702 1881 rei.

2181 1911 2334 1978 Quod
2357 1921 2442 1967 est
2469 1913 2647 1968 dicere
2695 1931 2708 1968 :
2752 1914 2836 1969 Me
2864 1925 3189 1986 conceptum
3221 1917 3421 1986 absque
3461 1917 3565 1988 lege
3598 1931 3703 1972 con-

2180 1999 2549 2070 cupiscentire,
2575 2001 2906 2058 confirmasti
2934 2020 2963 2057 a
2996 2013 3241 2075 tempore
3271 2020 3402 2060 meae.
3431 2009 3704 2075 conceptio-

2180 2091 2264 2145 nis
2295 2091 2347 2145 in
2385 2092 2459 2146 tui
2486 2092 2946 2163 conformitatcm,
3000 2097 3215 2152 scilicet
3244 2105 3302 2150 ut
3335 2112 3366 2151 a
3395 2108 3597 2168 peccato
3621 2100 3702 2153 im-

2179 2181 2357 2236 munis
2385 2197 2582 2249 essem,
2609 2185 2746 2240 sicut
2800 2194 2876 2240 tu.
2908 2185 3001 2240 Vel
3031 2187 3110 2241 sic
3153 2201 3168 2240 :
3213 2187 3268 2241 in
3296 2197 3368 2252 te,
3395 2188 3444 2240 id
3472 2197 3548 2242 est
3571 2189 3614 2241 iu
3643 2189 3700 2241 tui

2179 2272 2560 2331 conformitate
2589 2277 2926 2346 confirmatus
2949 2294 3061 2332 sum
3085 2295 3149 2332 ex
3176 2289 3350 2343 utero,
3374 2278 3424 2332 id
3449 2287 3524 2332 est
3548 2293 3703 2333 secun-

2180 2365 2305 2419 dum
2342 2365 2727 2422 humanitatem
2757 2384 2915 2438 quam
2943 2369 3124 2438 accepi
3155 2369 3210 2422 in
3236 2378 3407 2424 utero.
3441 2371 3698 2424 Secundum

2178 2456 2439 2515 deitatem
2465 2459 2608 2513 enim
2640 2460 2692 2514 in
2728 2476 2831 2530 qua
2871 2461 2964 2515 tibi
2993 2477 3090 2530 par
3118 2462 3298 2517 existo
3335 2461 3699 2516 confirmatione

2179 2567 2286 2607 non
2317 2553 2437 2624 egui
2469 2571 2482 2607 :
2514 2562 2568 2607 et
2593 2553 2712 2610 ideo
2740 2553 2915 2608 adhuc
2957 2571 3019 2608 ne
3050 2555 3304 2624 projicias
3327 2571 3424 2619 me,
3455 2555 3568 2624 quia
3591 2565 3637 2606 tu
3656 2571 3696 2606 es

2177 2653 2436 2712 protector
2459 2661 2622 2706 meus,
2655 2661 2722 2699 ne
2752 2646 2804 2699 in
2829 2646 3010 2715 aliquo
3038 2646 3292 2701 caderem
3316 2664 3329 2700 :
3355 2647 3417 2701 de
3441 2657 3594 2700 ventre
3612 2663 3700 2698 ma-

2178 2734 2273 2787 tris
2307 2751 2456 2798 mete,
2489 2735 2540 2788 id
2581 2745 2664 2788 est
2710 2750 2925 2804 semper
2954 2751 3040 2790 me
3080 2736 3367 2805 protexisti
3396 2751 3460 2792 ex
3488 2736 3569 2792 illo
3594 2745 3699 2790 tem-

2177 2841 2308 2896 pore
2334 2843 2399 2882 cx
2425 2843 2532 2896 quo
2559 2829 2794 2898 processi
2824 2829 2889 2883 de
2916 2838 3104 2883 ventre
3125 2831 3318 2884 matris
3339 2827 3580 2883 mearJ'el
3604 2828 3695 2882 sic:

2179 2915 2454 2971 Protector
2482 2935 2624 2972 meus
2656 2936 2708 2972 es
2749 2929 2827 2983 tu,
2861 2920 3156 2976 secundum
3195 2920 3339 2975 illam
3371 2929 3594 2974 naturam
3616 2933 3698 2987 qua

2177 3006 2416 3076 processi
2445 3008 2508 3060 de
2534 3017 2723 3073 ventre,
2755 3009 2964 3064 scilicet
2999 3010 3300 3064 secundum
3333 3010 3695 3064 humanitatem.

2179 3096 2340 3164 Quasi
2370 3098 2511 3152 dicat
2543 3117 2556 3153 :
2589 3099 2722 3166 Quia
2743 3101 3019 3170 hucusque
3063 3110 3342 3171 protector
3400 3117 3536 3155 meus
3565 3099 3696 3163 rllizli,

2180 3201 2276 3242 oro
2301 3188 2556 3258 deinceps
2587 3204 2654 3242 ne
2683 3203 2766 3243 mc
2798 3190 3073 3259 projicias,
3095 3198 3148 3243 et
3175 3191 3296 3244 ideo
3335 3191 3501 3244 adhuc
3530 3206 3582 3242 ne
3603 3206 3696 3255 pro-

2171 3277 2351 3348 jicias,
2381 3279 2506 3348 quia
2529 3280 2579 3332 in
2607 3290 2656 3333 te
2685 3289 2767 3335 est
2793 3297 2997 3349 semper
3024 3283 3260 3336 cantatio
3286 3300 3396 3336 mea
3422 3281 3630 3342 fundata,
3657 3279 3699 3332 id

2179 3368 2516 3438 estjucunda
2537 3370 2657 3426 laus
2685 3387 2824 3435 mea,
2853 3371 2904 3426 id
2928 3381 3010 3426 est
3033 3371 3157 3441 quia
3193 3381 3246 3428 te
3281 3387 3484 3444 semper
3504 3367 3698 3440 jucunde

2179 3459 2358 3521 laudo,
2391 3470 2446 3514 et
2491 3460 2774 3516 affectione
2803 3472 2857 3515 et
2882 3464 3225 3533 operatione.

2249 3551 2342 3606 Vel
2367 3555 2598 3606 cantutio
2629 3570 2740 3607 mea
2767 3563 2846 3608 est
2872 3555 2924 3607 in
2958 3565 3027 3618 te,
3061 3555 3111 3608 id
3141 3563 3227 3608 est
3253 3554 3427 3609 omnis
3457 3550 3698 3607 delectatio

2178 3657 2320 3707 mea,
2353 3650 2406 3696 et
2436 3643 2558 3710 quia
2593 3643 2822 3697 terrenis
2871 3645 3120 3696 omnibus
3159 3643 3436 3711 neglectis,
3461 3642 3515 3700 in
3545 3641 3606 3693 tui
3632 3655 3698 3691 so-

2184 3732 2457 3786 lummodo
2488 3732 2644 3788 laude
2670 3735 2832 3796 nitor,
2894 3735 2945 3788 in
2973 3743 3022 3787 te
3052 3735 3312 3798 delector,
3347 3745 3572 3804 tanquam
3603 3747 3700 3799 pro-
3737 3757 3746 3768 -

2177 3825 2377 3895 digium
2412 3823 2584 3890 factus
2633 3843 2749 3878 sum
2803 3827 3004 3891 multis,
3039 3828 3088 3880 id
3125 3835 3208 3880 est
3244 3826 3423 3895 impiis
3451 3824 3533 3895 qui
3574 3819 3698 3876 multi

2177 3921 2302 3968 sunt
2325 3915 2394 3967 ad
2421 3915 2882 3982 comparationem
2909 3916 3196 3982 bonorum,
3235 3930 3463 3986 quorum
3488 3925 3697 3968 numerus

2176 4019 2377 4074 parvus
2401 4012 2522 4059 est:
2557 4003 2734 4060 factus
2775 4021 2894 4060 sum
2934 4015 3191 4076 tanquam
3223 4015 3534 4068 monstrum,
3558 4011 3606 4056 ut
3631 4015 3698 4054 me

2174 4099 2400 4153 omnino
2442 4108 2699 4169 respuant
2745 4113 2800 4154 et
2849 4101 3202 4166 abhorreant,
3235 4101 3393 4170 quasi
3440 4106 3694 4152 monstrum

2175 4205 2384 4258 essem;
2409 4201 2462 4246 et
2488 4191 2608 4246 ideo
2636 4192 2810 4246 adhuc
2835 4209 2898 4246 ne
2917 4192 3190 4261 projicias,
3214 4191 3346 4261 quia
3369 4199 3421 4243 tu
3445 4203 3498 4244 es
3521 4186 3697 4254 adjulor

2175 4280 2327 4350 fortis
2358 4280 2423 4335 ad
2454 4281 2592 4336 bene
2625 4284 2980 4350 operandam.
3019 4279 3110 4337 Vel
3137 4281 3217 4336 sic
3246 4299 3262 4337 :
3299 4281 3426 4335 Dico
3455 4277 3578 4348 quod
3626 4276 3694 4341 Ῑα·

2172 4382 2286 4426 ctus
2321 4389 2435 4426 sum
2463 4373 2758 4443 prodigium
2789 4373 2988 4436 multis,
3019 4382 3067 4426 et
3105 4383 3159 4426 tu
3208 4383 3388 4426 tamen
3434 4386 3490 4425 es
3521 4367 3696 4435 adjnlof

2099 4477 2146 4534 ι)
2174 4462 2350 4531 fortis,
2401 4477 2466 4516 ne
2495 4462 2682 4517 cedam
2724 4462 2855 4531 ipsis
2886 4461 3085 4516 multis.
3123 4461 3258 4516 Orat
3292 4469 3468 4516 autem
3507 4455 3694 4511 ut'Dcus

2174 4551 2336 4606 faciat
2362 4568 2487 4606 eum
2518 4552 2570 4606 in
2600 4552 2756 4607 laude
2797 4552 2914 4622 ejus
2957 4567 3332 4622 perseverare,
3361 4551 3474 4606 sic:
3510 4545 3624 4613 Quia
3647 4551 3692 4592 tu

2171 4658 2231 4698 es
2259 4659 2374 4712 spes
2417 4658 2551 4707 mea,
2584 4652 2638 4697 et
2669 4658 2766 4711 per
2799 4656 2850 4696 te
2897 4643 3239 4710 conﬁrmatus
3272 4657 3386 4696 sum
3410 4653 3428 4691 :
3455 4636 3691 4705 chfcatut‘

2173 4751 2230 4788 os
2257 4750 2424 4788 meum
2449 4734 2625 4793 laude,
2659 4735 2709 4788 id
2739 4743 2823 4788 cst
2847 4748 2967 4786 cum
2998 4732 3176 4800 tejam
3207 4730 3524 4786 laudaverim
3545 4725 3602 4778 de
3625 4721 3688 4773 his

2171 4825 2451 4880 beneficiis
2476 4823 2806 4886 collatis,fac
2831 4825 3050 4877 omnino
3077 4823 3270 4894 repleri
3292 4839 3348 4877 os
3370 4835 3524 4875 meum
3545 4813 3687 4874 laude,

2172 4917 2224 4972 id
2259 4925 2341 4971 est
2385 4916 2469 4970 fac
2500 4932 2583 4970 mc
2610 4916 2663 4969 in
2696 4916 2851 4969 laude
2885 4925 2978 4969 tua
3023 4930 3394 4984 perseverare,
3424 4922 3475 4968 ut
3517 4907 3688 4964 scilicet

2173 5025 2273 5079 ego
2302 5019 2410 5063 tota
2433 5010 2537 5072 die,
2569 5009 2619 5062 id
2656 5017 2737 5062 est
2763 5007 2968 5074 jugiter
2995 5007 3219 5078 gloriam
3258 5015 3451 5060 cantem
3491 5001 3686 5058 tuam,“

2173 5099 2582 5168 magnitudinem
2610 5108 2775 5159 tuam,
2799 5099 2850 5150 id
2873 5106 2974 5160 est,
3003 5105 3060 5149 ut
3081 5112 3180 5166 ego
3203 5096 3442 5150 laetanter
3462 5089 3685 5144 ascribam

2172 5192 2265 5244 tibi
2309 5190 2535 5259 gloriam
2580 5198 2839 5244 meamet
2878 5188 3302 5258 magnitudinem
3336 5198 3519 5240 meam.
3563 5173 3684 5243 Quod

2169 5291 2252 5338 est
2281 5282 2461 5336 dicere
2493 5298 2507 5334 :
2534 5280 2604 5336 Ut
2635 5289 2900 5350 reputent,
2938 5279 3078 5349 quod
3103 5295 3224 5334 sum
3252 5278 3503 5349 gloriosus
3528 5281 3575 5327 et
3596 5283 3683 5323 ma-

2170 5391 2328 5447 gnus,
2356 5373 2458 5430 hoc
2500 5389 2622 5429 esse
2668 5388 2736 5428 ex
2766 5381 2836 5426 te.
2882 5371 2976 5427 Vel
3025 5371 3143 5426 sic:
3178 5369 3246 5425 Ut
3285 5378 3477 5422 cantem
3499 5359 3684 5454 gloriae:

2169 5477 2312 5520 tuam
2343 5476 2389 5521 et
2430 5465 2844 5536 magnitudinem
2871 5473 3040 5527 tuam,
3073 5462 3122 5515 id
3149 5471 3231 5516 est
3261 5470 3318 5514 ut
3345 5459 3568 5514 laetantcr
3606 5448 3680 5501 tibi

2167 5560 2435 5614 ascribam
2494 5558 2806 5628 supradicta
2862 5554 3123 5611 beneficia
3183 5567 3332 5615 mea,
3387 5561 3498 5619 qua!
3544 5543 3673 5628 ωιτη

2167 5650 2333 5720 gloria
2360 5658 2449 5703 tua
2479 5661 2532 5704 ct
2559 5625 2990 5717 magnificencia,
3025 5645 3077 5699 id
3100 5654 3183 5699 est
3211 5656 3368 5697 causa
3394 5644 3536 5693 erunt
3559 5625 3671 5698 quod

2169 5739 2438 5810 gloriosus
2477 5733 2713 5794 videaris
2742 5736 3048 5792 hominibus
3079 5743 3132 5788 et
3175 5730 3497 5805 magnificus,
3529 5721 3572 5778 id
3605 5722 3670 5772 cal
