3856 6322
83 386 161 443 985

951 379 1318 438 EXPOSITIO
1365 378 1431 434 IN
1473 375 1808 434 PSALMOS.
1837 407 1907 418 --
1941 375 2138 434 PSAL.
2171 379 2328 434 LXX.

3189 388 3296 443 986

81 507 254 572 potetis.
283 492 350 547 Et
396 492 503 548 hoc
543 501 712 548 totum
757 499 840 548 est
881 507 946 547 ac
993 495 1038 548 si
1067 493 1213 548 dicat
1245 508 1260 546 :
1302 491 1410 548 Fac
1445 504 1532 546 me
1560 491 1613 546 in
1642 497 1690 552 Α
1718 491 1981 561 operitur.
2013 490 2164 558 Quod
2195 501 2280 546 est
2317 493 2496 548 dicere
2526 509 2541 548 :
2574 492 2878 550 Plenariam
2904 497 3137 554 habeant
3163 516 3298 555 con-

82 589 203 647 laude
226 585 300 639 tui
326 600 706 655 perseverare,
741 585 842 640 hoc
877 585 1035 640 modo
1057 585 1288 650 scilicet,
1334 595 1394 638 ut
1427 582 1610 638 omnia

83 684 172 738 haec
197 675 450 732 beneﬁcia
478 677 784 746 supradicta
815 675 907 730 tibi
937 677 1230 739 ascribam,
1261 691 1364 730 non
1390 675 1541 729 mihi.

136 768 359 826 Ostensis
389 768 570 822 causis
600 768 864 836 pluribus,
921 777 977 822 ει
1027 769 1326 822 incidenter
1369 769 1618 822 oratione

83 857 386 928 interprosita
410 897 426 920 ,
457 856 524 910 ad
561 858 806 911 ultinuun
841 857 968 914 illud
997 859 1166 927 ponit,
1197 858 1350 926 cujus
1377 859 1455 912 rei
1483 874 1614 928 gra-

84 953 142 1007 tia
163 964 336 1005 causas
351 949 622 1018 apposuit,
650 950 765 1003 sic:
797 949 931 1016 Quia
959 959 1040 1004 tot
1068 961 1122 1006 et
1148 959 1294 1006 tanta
1321 951 1450 1005 mihi
1482 965 1616 1006 con—

85 1040 218 1097 tulisti
261 1039 542 1103 beneficia,
591 1039 794 1095 scilicet
820 1050 878 1094 ut
931 1056 1084 1096 esses
1139 1042 1427 1110 patientia,
1471 1057 1614 1111 spes,

84 1130 403 1195 confirmatio,
455 1140 509 1184 et
539 1133 779 1188 cantatio
814 1147 954 1200 mea,
1009 1150 1069 1186 ne
1121 1134 1374 1203 projicias
1423 1151 1504 1187 me
1555 1136 1612 1189 in

83 1236 271 1292 tempore
320 1223 616 1288 senectutis,
649 1231 706 1278 et
759 1225 953 1292 repetit
999 1225 1125 1278 illud
1158 1226 1298 1279 idem
1355 1226 1618 1294 :rquipol-

83 1314 185 1368 lenti
215 1326 335 1366 voce
365 1313 682 1380 apponendo
710 1313 870 1368 aliam
899 1329 1140 1379 causam,
1170 1331 1292 1369 cum
1319 1315 1457 1370 dicit
1487 1334 1500 1370 :
1536 1315 1619 1369 Νε

95 1403 413 1472 derelinquas,
442 1403 705 1473 inquiam,
737 1420 838 1470 me,
869 1403 921 1460 id
953 1414 1035 1460 est
1063 1422 1124 1458 ne
1147 1406 1398 1475 projicias
1418 1407 1472 1459 in
1497 1417 1642 1460 tem-.

85 1513 184 1566 pore
227 1495 521 1559 senectutis,
566 1513 684 1549 cum
730 1497 830 1550 hoc
860 1497 932 1552 sit
972 1498 1116 1567 quod
1179 1497 1423 1566 defecerit
1455 1500 1620 1552 uirtus

83 1607 190 1641 mea.
239 1586 526 1653 Defecerit,
579 1589 668 1644 hie
703 1591 1042 1659 praeteritum
1089 1599 1198 1655 est,
1241 1606 1304 1645 ac
1339 1591 1386 1646 si
1437 1591 1617 1645 dicat:

82 1678 176 1732 Non
199 1677 354 1734 debes
380 1681 712 1749 relinquere,
750 1682 876 1750 quia
908 1683 1081 1736 virtus
1104 1683 1282 1738 omnis
1309 1697 1430 1752 qua:
1459 1683 1510 1736 in
1535 1698 1621 1738 me

83 1777 164 1834 est,
186 1767 256 1822 sic
284 1767 500 1834 defecit,
531 1779 588 1822 ut
617 1784 723 1824 non
752 1771 822 1824 sit
847 1785 965 1826 mea
998 1779 1276 1840 rcputata,
1300 1771 1354 1824 id
1398 1781 1484 1826 est
1511 1786 1618 1825 non

1718 585 1990 640 fusionem
2039 594 2092 640 et
2135 587 2393 655 pudorem
2440 584 2525 640 illi-
2560 588 2648 656 qui
2692 601 2931 657 quierunt
2965 593 3104 644 mala
3146 593 3298 658 mihi,

1717 679 1928 734 scilicet
1951 687 2010 733 ut
2028 678 2356 733 interﬁciant
2371 687 2427 732 et
2451 695 2501 732 In
2528 686 2702 732 morte
2728 679 3024 734 detineant.
3049 683 3124 736 Ac
3144 683 3188 737 si
3217 683 3297 738 di-

1718 776 1808 822 cat
1837 786 1848 820 :
1875 767 1989 822 Non
2019 769 2192 823 solum
2225 767 2459 821 habeant
2491 767 2860 822 confusionem
2889 777 2942 822 et
2967 769 3298 824 erubescen-

1722 859 2024 928 tiam,quia
2073 859 2200 912 mihi
2250 857 2561 921 detrahunt,
2611 857 2703 912 sed
2758 857 2885 926 quia
2935 859 3101 911 etiam
3156 858 3302 911 mala

1721 951 1848 1004 mihi
1897 960 2157 1021 quierunt.
2215 949 2596 1004 Confusionem
2641 950 2888 1018 superius
2943 949 3151 1019 accepit
3207 964 3307 1018 pro

1720 1041 2119 1096 erubescentia.
2151 1041 2217 1095 Et
2243 1041 2526 1102 defectum
2573 1057 2670 1110 pro
2716 1042 3081 1096 destructione
3115 1043 3201 1095 uhi
3229 1041 3310 1096 di«

1721 1133 1819 1196 xit,
1850 1133 2250 1202 confundantur
2290 1146 2336 1186 et
2369 1133 2636 1200 deficiant.
2683 1132 2779 1187 llic
2825 1143 3004 1186 autem
3037 1133 3310 1187 confusio-

1722 1240 1844 1279 nem
1890 1241 1987 1294 pro
2035 1224 2402 1278 destructione
2449 1224 2623 1292 ponit,
2665 1233 2719 1278 ct
2768 1225 3022 1288 pudorem
3055 1239 3152 1292 pro
3187 1239 3308 1276 eru-

1722 1317 2015 1371 bescentia.
2041 1316 2118 1370 De
2147 1331 2242 1386 spe
2271 1331 2398 1369 vero
2445 1331 2690 1376 suorum,
2718 1324 2772 1368 et
2804 1315 2961 1369 laude
3006 1330 3167 1383 quam
3201 1314 3311 1368 Deo

1723 1408 1946 1472 facient,
1984 1409 2094 1479 agit
2129 1409 2208 1462 sic
2242 1422 2256 1460 :
2298 1407 2426 1462 Dico
2454 1407 2598 1476 quod
2632 1403 2834 1462 inimici
2878 1406 3306 1461 confundantur.

1721 1500 1838 1572 Ego
1877 1512 2051 1554 autem
2097 1517 2298 1569 semper
2327 1500 2563 1569 sperabo,
2598 1499 2650 1553 id
2679 1509 2763 1552 est
2794 1498 2898 1553 mei
2945 1513 3161 1570 semper
3188 1513 3306 1568 spe-

1725 1595 1918 1649 rabunt
1952 1594 2002 1647 in
2037 1602 2088 1648 te
2109 1592 2406 1662 perfectam
2437 1593 2489 1646 in
2532 1592 2714 1646 futuro
2745 1591 3094 1646 salvatiouem
3121 1605 3308 1644 exem-

1722 1686 1811 1758 plo
1841 1686 2340 1756 salvationis-mete,
2366 1693 2413 1738 et
2457 1685 2712 1754 adjiciam
2754 1700 2911 1752 super
2957 1700 3158 1737 omnem
3191 1683 3311 1736 lau-

1723 1777 1840 1829 dem
1867 1785 2034 1840 tuam,
2061 1775 2112 1828 id
2159 1783 2244 1828 est
2291 1775 2543 1840 adjicient
2591 1773 2802 1827 laudem
2845 1773 2936 1826 tibi
2987 1773 3307 1827 existentem

83 1867 239 1926 reputo
265 1857 516 1912 virtutem
549 1873 714 1928 quam
746 1860 944 1926 habeo,
974 1875 1040 1914 ex
1070 1876 1156 1915 me
1179 1860 1402 1923 habere,
1436 1861 1530 1916 sed
1553 1877 1618 1916 ex
1653 1841 1695 1894 Β
1723 1884 1878 1938 super
1911 1883 2114 1921 ornnem
2146 1867 2356 1920 laudent
2388 1876 2555 1930 tuam,
2587 1880 2615 1918 a
2665 1865 2832 1933 priori
2863 1865 3056 1934 populo
3107 1865 3308 1917 datam.

82 1961 138 2004 te.
164 1947 242 2002 Vel
262 1957 433 2018 potest
449 1965 568 2004 esse
594 1950 998 2016 determinatio,
1021 1951 1127 2006 sic:
1154 1950 1230 2005 Ne
1252 1950 1616 2020 derelinquas,

83 2043 292 2110 inquam,
318 2057 438 2095 cum
469 2041 685 2095 deficiet
720 2043 892 2096 virtus
927 2057 1070 2109 mea,
1120 2042 1170 2096 id
1198 2050 1275 2096 est
1305 2057 1426 2094 enm
1460 2057 1621 2110 repu-

81 2134 249 2187 tabitur
272 2133 508 2202 potentia
534 2148 650 2188 mea
681 2133 818 2188 defer
839 2135 963 2196 isse,
995 2133 1050 2188 in
1087 2142 1260 2188 morte
1287 2133 1514 2188 scilicet.

136 2223 214 2276 Vel
232 2233 406 2293 potest
431 2225 482 2278 in
501 2224 603 2278 hac
618 2225 884 2279 sententia
899 2224 1000 2295 legi
1019 2224 1290 2294 defecerit,
1307 2223 1351 2278 si
1371 2241 1476 2278 non
1495 2239 1624 2292 prte-

79 2316 206 2370 terite
229 2316 541 2384 accipiatur.
575 2316 791 2385 Repetit
818 2326 998 2371 autem
1022 2317 1166 2386 quod
1205 2317 1460 2386 superius
1484 2316 1624 2372 dixit

77 2409 190 2475 eripe
215 2423 291 2461 me
311 2410 372 2461 de
391 2424 552 2460 manu
574 2409 885 2478 peccatoris,
907 2407 1382 2477 :equipollentibus
1419 2407 1622 2470 verbis,

78 2519 176 2556 cum
201 2503 354 2558 dicit:
387 2503 550 2570 Deus,
588 2520 650 2557 ne
675 2504 974 2574 elongerisa
1001 2521 1102 2566 me,
1121 2513 1250 2569 cte.,
1267 2503 1626 2573 pratponendo

79 2607 241 2646 causas
260 2593 392 2646 alias
414 2607 547 2662 quas
562 2609 666 2666 non
683 2604 1080 2663 posuerat,qu:e
1094 2595 1438 2648 continentur
1453 2595 1520 2648 ah
1534 2593 1626 2649 illo

78 2684 172 2736 loco
198 2685 278 2738 ubi
307 2686 561 2739 habetur:
597 2686 735 2751 Quia
751 2686 1166 2750 dixerunt,etc.,
1188 2701 1360 2756 usque
1378 2687 1442 2739 ad
1459 2686 1623 2750 Deus,

79 2791 127 2827 ne
150 2775 298 2847 263
331 2777 607 2846 elongeris.
633 2777 786 2844 Quod
809 2779 886 2833 sic
907 2777 1105 2849 legitur
1135 2796 1150 2836 :
1180 2779 1296 2832 Non
1319 2778 1489 2833 solum
1531 2794 1629 2833 oro

77 2885 125 2920 ne
148 2885 218 2920 me
249 2869 498 2938 ρῙοῙὶεἰαιι
530 2869 581 2924 in
607 2871 881 2940 passione,
909 2871 1004 2926 sed
1045 2887 1143 2926 oro
1185 2871 1370 2935 etiam,
1401 2887 1434 2924 ο
1464 2869 1626 2936 Deus,

77 2976 126 3012 ne
147 2960 386 3032 elongeris
421 2980 453 3016 a
493 2979 595 3027 me,
636 2973 692 3015 ut
736 2961 952 3018 dilI'eras
975 2963 1418 3018 resurrectionem
1454 2976 1630 3016 meam

76 3067 218 3115 usque
243 3053 294 3107 in
327 3053 586 3108 futurum.
613 3054 719 3109 Sed
751 3064 805 3108 tu
827 3055 916 3124 qui
940 3054 1081 3109 Deus
1105 3071 1250 3109 meus
1292 3069 1372 3119 es,
1401 3055 1485 3110 cui
1511 3067 1632 3124 spe-

1723 1958 1874 2025 Quod
1901 1958 2219 2013 estdicere:
2245 1957 2566 2011 Laudabunt
2587 1965 2638 2010 te
2661 1957 2967 2010 omnimoda
2993 1956 3150 2010 laude
3194 1971 3313 2023 qua:

1723 2047 2016 2116 perfectior
2043 2049 2147 2102 erit
2171 2048 2326 2103 laude
2354 2047 2536 2118 populi
2573 2046 2791 2117 prioris,
2826 2059 2948 2100 cum
2979 2055 3035 2100 ct
3066 2047 3162 2116 ipsi
3193 2062 3314 2114 per.

1725 2139 1979 2195 fectiores
2005 2140 2114 2194 sint
2161 2139 2348 2194 futuri.
2402 2140 2471 2195 Et
2511 2140 2806 2196 notandum
2847 2154 2952 2193 non
2983 2139 3086 2194 dici
3139 2138 3317 2209 perfe-

1726 2231 1948 2286 ctiorem
1975 2232 2184 2285 laudem
2216 2231 2580 2300 apostolorum
2609 2270 2623 2295 ,
2654 2239 2707 2284 et
2743 2239 3061 2284 ctetcmrum
3097 2229 3146 2281 in
3180 2245 3313 2281 nova

1727 2319 1844 2390 lege
1871 2321 2241 2386 esislentium,
2293 2321 2446 2374 laude
2489 2321 2872 2390 quorumdam,
2920 2321 3033 2388 qui,
3069 2321 3169 2374 etsi
3207 2319 3316 2372 sub

1729 2414 1844 2483 lege
1868 2414 2034 2467 veteri
2064 2422 2266 2475 essent,
2301 2413 2398 2466 viri
2433 2423 2607 2467 tamen
2630 2423 2789 2467 erant
2819 2413 2949 2466 Νηγί
2980 2411 3314 2466 'l‘estameuti

1727 2520 1825 2574 per
1863 2503 2040 2567 Iidem,
2084 2515 2136 2568 ut
2169 2503 2268 2557 fuit
2299 2505 2440 2558 Elius
2469 2511 2524 2560 (ι
2571 2505 2752 2558 carteri
2787 2503 3194 2574 perfectissimi,
3225 2503 3316 2572 qui

1731 2597 1987 2651 mundum
2029 2597 2251 2650 omnino
2272 2606 2618 2665 spreverunt.
2651 2597 2756 2651 Sed
2805 2595 3017 2648 laudem
3054 2610 3318 2650 novortuu

1731 2687 1862 2742 dicit
1898 2687 2276 2756 perfectiorem
2331 2687 2488 2742 laude
2533 2687 2746 2742 illorum
2780 2696 3043 2751 veterum,
3077 2686 3166 2754 qui
3214 2701 3317 2738 non

1731 2776 1865 2829 adeo
1900 2773 2123 2844 perfecti
2164 2775 2512 2840 exstiterunt,
2544 2788 2774 2843 quorum
2816 2772 3016 2826 multus
3059 2786 3322 2825 numerus

1733 2866 1851 2919 fuit.
1880 2865 1972 2920 Vel
1999 2865 2254 2935 adjicient
2275 2865 2484 2918 laudem
2509 2881 2666 2928 super
2685 2880 2889 2917 omnem
2914 2863 3126 2916 laudem
3148 2872 3317 2923 luant,

1733 2959 1798 3012 de
1831 2956 2302 3026 rerumjcreatione
2323 2957 2415 3010 tibi
2437 2955 2708 3018 collatam,
2737 2954 2944 3010 scilicet
2966 2961 3024 3008 ut
3051 2968 3172 3006 cum
3207 2953 3322 3004 lau-

1733 3048 1880 3102 deris
1905 3050 1972 3102 de
2007 3047 2189 3102 mundi
2221 3047 2514 3110 creatione,
2550 3045 2717 3100 multo
2745 3045 2916 3114 magis
2945 3053 2996 3098 te
3023 3043 3320 3096 laudabunt

75 3142 255 3196 cialiter
276 3143 491 3207 obedio,
529 3147 720 3214 respice
747 3145 799 3198 in
831 3146 1088 3199 auxilium
1119 3161 1306 3207 meum,
1339 3155 1398 3199 ut
1425 3145 1632 3200 scilicet
1661 3182 1704 3243 ρ
1737 3143 1804 3198 de
1830 3140 2042 3208 generis
2072 3140 2294 3194 humani
2348 3139 2707 3208 reparatione.
2741 3138 2870 3192 Dico
2898 3137 3040 3207 quod
3069 3136 3320 3204 adjicient

73 3241 173 3296 post
211 3242 314 3287 tres
347 3231 466 3286 dies
507 3249 593 3287 me
641 3235 949 3288 rcsuscites.
989 3233 1056 3288 Et
1083 3235 1185 3288 hoc
1225 3234 1341 3288 idco
1366 3249 1481 3298 oro,
1508 3233 1632 3302 quia

73 3324 243 3376 inimici
270 3325 372 3377 mei
408 3323 574 3378 Judari
601 3327 868 3391 dixerunt,
901 3326 950 3380 id
977 3335 1060 3381 est
1080 3326 1258 3382 dicent
1279 3326 1344 3378 ad
1383 3326 1630 3392 invicem,

73 3417 224 3474 ethoc
266 3419 397 3473 mihi
449 3420 501 3474 id
528 3427 613 3474 est
651 3421 716 3476 ad
754 3420 1008 3475 damnum
1047 3435 1245 3474 meum.
1303 3419 1636 3474 Determinat

73 3521 179 3563 vero
201 3525 335 3580 quos
373 3519 528 3566 vocet
549 3511 812 3573 inimicos,
840 3526 962 3565 cum
989 3511 1136 3566 addit
1161 3530 1174 3564 :
1209 3507 1275 3563 Et
1305 3511 1378 3564 illi
1404 3509 1632 3575 inimici,

72 3599 290 3668 inquam,
331 3602 421 3671 qui
447 3601 802 3656 custodiebant
846 3602 1078 3656 animum
1112 3617 1299 3663 meant,
1335 3601 1388 3655 id
1435 3609 1518 3655 est
1541 3599 1633 3670 qui

73 3691 453 3747 insidiabuntur
482 3693 674 3747 anima:
710 3707 874 3756 mem,
907 3694 952 3748 si
1001 3692 1141 3746 forte
1181 3692 1384 3761 aliquid
1416 3691 1633 3762 dignum

72 3785 488 3852 reprehensionis
517 3785 757 3840 viderent
785 3785 837 3838 in
857 3800 946 3850 ea,
979 3785 1234 3854 fecerunt,
1259 3785 1309 3838 id
1333 3791 1413 3838 est
1440 3782 1636 3837 facient

71 3876 325 3929 consilium
352 3877 406 3930 in
440 3893 598 3930 unum
630 3875 846 3929 malitue
872 3875 1070 3930 eundo.
1099 3875 1153 3929 In
1183 3875 1284 3929 hoc
1302 3883 1480 3930 autem
1506 3874 1632 3943 quid

71 3969 266 4034 gravius
299 3978 478 4033 notat,
521 3983 644 4022 cum
689 3967 821 4020 dicit
867 3967 1146 4021 consilium
1194 3966 1445 4035 fecerunt.
1479 3965 1634 4032 Pejus

68 4060 295 4114 cnimest
323 4060 394 4114 de
435 4058 575 4112 malo
610 4072 772 4130 agere
821 4073 918 4128 per
947 4057 1230 4112 consilium
1278 4072 1435 4125 quam
1469 4065 1637 4111 teme-

71 4150 212 4204 rarie.
266 4149 404 4204 Dico
453 4148 596 4219 quod
640 4148 916 4203 consilium
958 4149 1214 4218 fecerunt,
1243 4147 1468 4202 dicentes
1498 4163 1637 4202 unus

68 4240 122 4292 ad
163 4241 323 4295 alium
355 4260 371 4296 :
411 4239 788 4307 Persequimini
819 4257 934 4294 eum
978 4239 1413 4295 tribulationibus
1445 4257 1460 4305 ;
1511 4255 1634 4294 nam

67 4328 212 4408 Deus,
241 4331 400 4399 cujus
431 4331 627 4385 Filium
655 4348 712 4385 se
741 4332 952 4394 asserit,
981 4330 1256 4401 dereliquit
1297 4348 1436 4396 cum,
1475 4331 1526 4386 id
1554 4341 1636 4387 est

67 4427 398 4494 contempsit.
428 4425 494 4478 Et
518 4441 620 4478 non
647 4424 818 4478 solum
856 4424 1262 4494 perscquimini,
1295 4425 1388 4478 sed
1413 4437 1457 4478 et
1496 4442 1637 4478 com-

1738 3237 1972 3301 laudem,
2017 3235 2068 3290 id
2105 3245 2188 3290 est
2227 3235 2519 3290 laudabunt
2551 3244 2603 3289 te
2643 3235 2950 3289 innocentia
3011 3242 3066 3289 et
3106 3232 3318 3300 justitia

1736 3345 1870 3393 sua,
1918 3343 2082 3398 quam
2131 3343 2238 3382 non
2291 3327 2616 3396 reputabunt
2661 3341 2816 3380 suum
2870 3341 2992 3380 esse
3036 3342 3050 3378 :
3099 3323 3206 3379 Sed
3260 3341 3318 3377 os

1736 3436 1927 3486 meum,
1965 3419 2016 3472 id
2047 3427 2130 3473 est
2178 3433 2418 3472 meorum
2465 3417 2796 3471 annuntiabit
2841 3416 3104 3485 justitiam
3144 3424 3313 3478 tuam,

1736 3510 1788 3563 id
1827 3519 1908 3563 est
1933 3523 2147 3564 omnem
2183 3508 2450 3580 justitiam
2494 3523 2647 3562 suam
2679 3523 2708 3562 a
2747 3516 2800 3562 te
2829 3521 2969 3570 esse,
2998 3515 3051 3561 et
3073 3517 3180 3559 tota
3210 3507 3314 3565 die.

1737 3599 1788 3654 id
1838 3608 1920 3654 est
1961 3599 2163 3669 jugitcr
2219 3597 2562 3653 annuntiabit
2625 3596 2859 3651 salutare
2911 3608 3081 3662 tuum,
3142 3597 3191 3649 id
3233 3605 3321 3649 ct

1735 3689 2471 3744 salvationemfuturamate
2507 3688 2653 3755 fore,
2701 3704 2806 3744 non
2846 3705 2876 3742 a
2930 3689 3138 3742 ineritis
3187 3689 3320 3743 suis.

1738 3783 1833 3839 Vel
1862 3784 1978 3838 sic:
2016 3783 2144 3839 Dico
2173 3785 2316 3852 quod
2357 3783 2460 3837 mei
2503 3783 2798 3853 sperabunt
2821 3784 2874 3838 in
2907 3793 2960 3838 te
3002 3799 3236 3851 semper,
3269 3793 3326 3841 et

1737 3877 1839 3930 hoc
1877 3877 2000 3932 dico
2040 3876 2388 3948 generaliter.
2424 3875 2497 3930 0s
2536 3885 2716 3930 autem
2757 3891 2953 3940 meum,
2985 3875 3038 3930 id
3079 3883 3163 3929 est
3190 3890 3326 3944 [ir-au-

1736 3968 2022 4026 dicatorcs.
2049 3968 2139 4038 qui
2175 3968 2386 4022 dicendi
2410 3976 2535 4022 sunt
2557 3982 2619 4023 os
2655 3967 2708 4021 in
2739 3981 2966 4037 corpore
2992 3981 3131 4034 meo,
3158 3967 3210 4020 id
3240 3975 3326 4027 est

1738 4061 2001 4127 Ecclesia,
2036 4061 2418 4115 annuntiabunt
2443 4061 2710 4130 justitiam
2740 4075 2956 4115 omnem
3005 4069 3147 4112 tuan:
3178 4067 3322 4124 es‘se,

1739 4153 1789 4207 id
1825 4163 1909 4209 est
1935 4170 1964 4207 a
1997 4161 2069 4218 te,
2103 4163 2156 4209 et
2179 4162 2289 4207 tota
2320 4154 2406 4207 die
2438 4155 2672 4207 salutare
2701 4163 2868 4206 luunt.
2904 4151 3027 4204 llaec
3058 4165 3161 4204 non
3198 4165 3321 4203 mu-

1740 4258 1942 4302 tantur.
1973 4247 2034 4301 Et
2071 4247 2190 4302 ideo
2230 4245 2626 4300 annuntiabqu
2655 4244 2758 4299 mei
2793 4242 3057 4312 justitiam
3103 4255 3320 4296 omnem

1738 4355 1767 4393 3
1803 4349 1854 4392 te
1883 4354 2022 4392 esse.

1812 4429 2074 4493 Quoniam
2118 4443 2218 4479 non
2244 4427 2459 4495 cognovi
2487 4425 2865 4478 litteram'°sse
2905 4421 3317 4494 justiﬁeanlcm,

65 4516 348 4579 prehenttite
373 4534 519 4583 cum,
572 4533 639 4572 ue
681 4518 892 4582 evadat,
923 4517 974 4571 id
1017 4527 1100 4572 est
1157 4517 1462 4582 interﬁcite,
1511 4519 1635 4586 quia
1673 4537 1713 4590 ι)
1741 4520 1790 4574 id
1826 4529 1926 4582 est,
1963 4519 2064 4572 mei
2113 4528 2438 4586 cognoscent
2484 4515 2716 4568 litteram
2773 4513 2908 4580 legis
2956 4513 3158 4568 veteris
3213 4529 3320 4566 non

65 4624 153 4661 non
186 4620 260 4663 est
309 4611 408 4680 qui
455 4609 662 4680 eripiat.
709 4611 787 4664 Ac
837 4609 880 4662 si
919 4609 1063 4664 dicat
1104 4625 1120 4664 :
1158 4609 1274 4679 Ipse
1320 4610 1448 4663 dicit
1505 4610 1630 4678 quia

66 4695 192 4754 Deus
220 4701 424 4770 eripiet
467 4715 591 4756 eum
623 4716 653 4755 a
707 4712 880 4756 morte
920 4711 1040 4771 post
1076 4714 1186 4756 tres
1233 4701 1369 4762 dies,
1398 4699 1490 4754 sed
1546 4700 1633 4754 ille

65 4804 156 4843 non
183 4791 405 4862 eripiet.
434 4789 640 4846 Idcirco
677 4792 1091 4860 comprehendite
1131 4809 1249 4846 eum
1287 4800 1477 4846 morte.
1511 4791 1650 4860 Agit-

67 4890 227 4935 autem
258 4883 580 4937 concessivc
609 4883 676 4937 de
717 4883 1058 4937 inimicorum
1111 4881 1462 4944 confusione,
1495 4881 1576 4935 sic
1617 4898 1632 4937 :

121 4971 233 5027 Dixi
275 4983 338 5027 ut
373 4973 629 5044 respicias
675 4973 725 5026 in
750 4973 1004 5026 auxilium
1051 4989 1246 5032 meum,
1281 4981 1335 5026 ct
1361 4988 1424 5025 ex
1472 4987 1635 5040 oppo-

65 5063 155 5118 sito
177 5065 580 5132 confundantur
617 5064 670 5116 in
703 5064 863 5126 malo,
903 5063 956 5116 id
985 5073 1068 5117 est
1095 5063 1418 5117 erubescant
1455 5073 1500 5115 et
1535 5063 1630 5114 de-

64 5158 225 5221 ﬁciant
277 5159 350 5213 ab
388 5158 535 5214 omni
577 5158 936 5227 prosperitate
983 5158 1272 5221 mundana,
1308 5159 1634 5212 detrahentes

63 5251 237 5304 animle
275 5251 678 5310 mereyirtutes
723 5266 870 5313 suas,
913 5251 962 5304 id
1016 5260 1101 5305 est
1145 5251 1312 5306 Judaei
1355 5251 1442 5319 qui
1504 5252 1634 5306 mihi

63 5340 304 5396 auferant
339 5343 570 5396 virtutes
618 5357 786 5404 lucus,
824 5351 1086 5410 quantum
1127 5343 1193 5395 ad
1222 5358 1372 5396 suam
1423 5353 1636 5410 reputa-

64 5430 274 5495 tiouem,
318 5432 554 5486 dicendo
602 5446 688 5484 me
736 5446 855 5486 esse
890 5433 1227 5485 seductorem
1263 5441 1319 5486 ct
1362 5433 1498 5499 legis
1545 5433 1636 5487 de-

61 5531 404 5584 structorem,
443 5531 498 5577 et
535 5538 640 5576 non
673 5537 860 5591 parum
888 5522 1278 5591 confunduntur
1297 5534 1341 5575 et
1367 5522 1633 5591 deﬁciant,

62 5615 142 5665 sed
169 5616 481 5683 operiuntur
527 5614 834 5681 confusione
859 5624 906 5668 et
937 5615 1155 5683 pudore,
1192 5614 1244 5668 id
1285 5623 1370 5668 εει
1403 5615 1637 5669 circum-

61 5703 316 5762 vallentur
355 5707 734 5762 erubescenda
775 5715 828 5760 et
876 5708 1138 5775 corporali
1168 5709 1550 5764 destructione.
1591 5710 1636 5764 A

62 5799 408 5860 sitnilitudiuc
433 5800 693 5872 corporis,
721 5800 862 5870 quod
901 5799 1048 5854 ouini
1094 5809 1246 5871 parte
1299 5803 1634 5859 restituentis

1736 4607 2083 4680 ι)‹)εεε,2ϐἥ1
2115 4607 2348 4677 aliquem
2399 4605 2718 4676 justilicare.
2755 4622 2773 4656 ι
2820 4603 3025 4658 Littera
3060 4604 3204 4660 enim
3227 4619 3324 4658 oc-

1735 4701 1988 4772 cidit'(ll
2030 4700 2154 4753 Car.
2199 4715 2280 4759 Ill,
2331 4714 2378 4750 vr
2405 4697 2445 4767 ).
2479 4717 2496 4748 ι
2531 4695 2683 4762 Quod
2723 4704 2803 4750 est
2840 4696 3022 4752 dicere
3054 4710 3068 4749 :
3106 4695 3322 4765 Cogno-

1737 4801 1888 4848 sceut
1920 4789 2046 4844 illud
2077 4805 2198 4844 esse
2235 4788 2450 4853 falsum,
2482 4788 2623 4858 quod
2660 4784 2826 4841 Judaei
2865 4787 3205 4841 ailirmahant
3231 4787 3323 4840 ali-

1737 4901 1894 4955 quem
1913 4897 1977 4936 os
2012 4883 2126 4952 lege
2147 4880 2432 4948 justiﬁcari
2463 4895 2642 4949 posse.
2674 4878 2782 4934 Lex
2811 4880 2954 4934 enim
2984 4879 3322 4935 solummodo

1736 4987 2016 5050 peccatum
2054 4977 2270 5030 indicat.
2302 4973 2614 5044 Nouetiam
2647 4974 2712 5026 ad
2759 4973 3138 5028 abstinendum
3171 4972 3322 5039 adju-v

1736 5084 1848 5128 vat.
1882 5074 1948 5127 Et
1977 5070 2352 5141 cognoscendo
2394 5084 2491 5138 per
2531 5068 2763 5124 litteram
2801 5083 3092 5137 nonposse
3119 5067 3320 5134 justill‘

1737 5165 1876 5229 cari,
1919 5163 2180 5226 lntroibo,
2234 5161 2284 5215 id
2336 5171 2420 5215 est
2471 5160 2576 5214 mei
2619 5160 2918 5215 introihunt
2965 5160 3019 5212 in
3062 5159 3322 5227 potentias

1741 5257 2138 5323 Domini.Quod
2163 5263 2247 5308 est
2278 5255 2464 5308 dicere
2494 5271 2506 5307 :
2539 5252 2638 5319 Qui
2668 5253 2816 5321 prius
2845 5266 2903 5306 se
2928 5259 3172 5320 potentes
3198 5251 3318 5304 cxi--

1738 5350 2030 5404 stimabant
2077 5346 2142 5399 ad
2191 5345 2328 5398 bene
2375 5345 2708 5412 operandam
2757 5355 2851 5408 per
2900 5339 3127 5394 liberum
3169 5338 3318 5392 arbi-

1741 5441 1902 5495 trium
1935 5447 1987 5493 et
2018 5453 2113 5507 per
2142 5437 2334 5507 legem,
2379 5451 2436 5490 se
2479 5451 2575 5504 per
2605 5435 2703 5487 hoc
2735 5430 3176 5485 insullicicntilms
3224 5443 3316 5482 e0-

1737 5532 1902 5601 gnitis
1933 5531 2000 5585 ad
2046 5530 2181 5584 bene
2209 5529 2564 5600 cperaudum,
2605 5524 2906 5578 intruibunt
2964 5524 3017 5575 in
3064 5521 3320 5589 potentias

1742 5622 1972 5685 Domini,
2015 5621 2176 5677 idest
2225 5620 2426 5674 adhoc
2471 5617 2652 5671 divina
2683 5614 2856 5684 gratia
2911 5612 3207 5680 inspirante
3240 5609 3321 5662 in-

1739 5715 2071 5784 gredieulttt‘,
2107 5722 2164 5766 ut
2187 5727 2248 5765 se
2301 5719 2547 5777 reputent
2589 5707 2859 5778 potentias
2896 5707 3032 5759 bene
3060 5701 3320 5770 operandl

1741 5816 1792 5858 et
1823 5822 1850 5859 a
1883 5803 2028 5858 \itiis
2075 5801 2378 5857 abstinendi
2409 5817 2514 5854 non
2547 5815 2575 5853 a
2607 5799 2739 5869 lege,
2768 5797 2861 5852 sed
2891 5812 2920 5850 a
2955 5793 3177 5866 Domino
3221 5793 3318 5859 lia-
