3846 6334
502 376 607 432 987

1041 373 1101 432 s.
1146 373 1494 432 BRUNONIS
1531 356 2102 432 csnruusmuont‘

2215 373 2698 435 ιΝδΤιΤυτοιιιδ
2738 379 2889 436 OPP.
2920 380 3100 435 PARS
3138 381 3180 436 1.

3636 391 3724 451 988

503 491 651 546 bere.
700 485 856 543 Unde
905 487 959 543 in
1007 487 1300 558 Evangelia
1347 489 1584 558 legitur:
1621 505 1641 539 ι
1671 487 1803 544 Sine
1834 500 1922 542 me
1949 485 2084 541 nihil
2110 489 2162 546 Α
2189 487 2421 544 minibus
2463 493 2758 562 potentiam
2805 494 2999 560 habeo,
3040 493 3136 562 sed
3175 493 3227 550 in
3264 493 3534 555 altissimis
3583 508 3722 564 eum"

503 576 730 651 potestis
765 577 941 636 facere
982 578 1165 650 (Joan.
1215 595 1308 646 xv,
1335 580 1413 650 5).
1443 599 1464 634 ι
1497 579 1612 634 Νοιι
1656 579 1832 634 solum
1880 594 2089 633 annun-

506 669 1000 741 tiabuntjustitiam
1026 684 1179 724 suam
1215 684 1336 726 esse
1359 678 1528 735 tuam,
1560 670 1613 724 id
1637 678 1722 725 est
1749 685 1778 723 a
1809 679 1862 725 te
1897 687 1912 735 ;
1969 669 2086 736 sed,

507 780 542 820 ο
568 766 732 833 Deus,
775 765 1104 819 memorabor
1141 764 1369 834 justitia:
1409 775 1515 820 tuae
1555 765 1740 832 solius,
1784 766 1837 820 id
1866 775 1952 821 est
1984 767 2088 820 mei

507 856 951 910 memorabuntur
990 854 1216 925 justitize
1248 863 1379 918 tuas,
1423 870 1546 925 qua:
1588 856 1701 912 sola
1747 865 1852 922 est,
1900 857 1952 910 id
2006 867 2091 911 est

506 943 816 1015 singularis,
844 943 892 998 id
921 953 1003 998 est
1027 943 1485 1014 incomparabilis,
1507 944 2092 1014 perfectissima.Unde

508 1033 746 1104 legitur:
778 1052 796 1086 ι
827 1033 944 1088 Non
967 1032 1356 1103 justificabitur
1383 1034 1437 1088 in
1474 1045 1766 1104 conspectu
1801 1044 1890 1090 tuo
1917 1036 2092 1092 omnis

493 1124 697 1180 vivens
743 1122 916 1196 (Psal.
961 1138 1104 1179 cxut
1127 1165 1142 1190 ,
1167 1123 1246 1194 2).
1290 1142 1308 1176 ι
1337 1124 1489 1192 Quod
1533 1134 1617 1180 est
1646 1127 1826 1182 dicere
1859 1144 1873 1182 :
1903 1127 2091 1182 Dicent

506 1223 562 1272 te
590 1217 804 1273 unicam
834 1227 888 1272 et
917 1216 1242 1287 singularem
1288 1226 1342 1272 et
1383 1217 1836 1286 perfectissimam
1889 1220 2092 1275 habere

501 1305 786 1377 justitiam,
815 1316 872 1362 et
896 1308 998 1362 hoc
1024 1309 1340 1363 memoriter
1366 1311 1567 1374 dicent,
1593 1325 1698 1364 non
1725 1310 2086 1381 negligenter;

507 1400 623 1457 lloc
662 1409 842 1455 autem
873 1401 1016 1470 quod
1055 1399 1324 1468 justitiam
1358 1416 1511 1456 suam
1551 1411 1696 1456 tuam
1727 1419 1848 1458 esse
1876 1419 2091 1459 annun-

509 1493 744 1556 tiabunt,
779 1501 834 1548 et
860 1493 1030 1548 solam
1071 1502 1128 1549 ει
1171 1492 1618 1563 perfectissimam
1644 1494 1909 1563 jusdtiam
1945 1506 2090 1552 tuam

507 1584 824 1638 memoriter
869 1583 1277 1654 praedicabunt,
1317 1600 1422 1639 non
1472 1599 1537 1639 ex
1570 1600 1628 1640 se
1677 1587 1955 1642 habebunt
1987 1593 2092 1643 'so-

507 1673 806 1741 lummodo,
831 1675 928 1730 sed
957 1681 1009 1730 te
1033 1683 1382 1744 cooperante.
1415 1676 1549 1742 Quia
1573 1684 1651 1744 tu,
1679 1676 1836 1742 Deus,
1869 1677 2092 1733 docuisti

508 1783 620 1831 nte,
647 1767 701 1822 id
733 1776 818 1822 est
847 1766 1066 1822 docebis
1111 1781 1262 1822 meos
1299 1767 1529 1836 spiritali
1568 1769 1834 1838 sapientia
1878 1779 1964 1824 tua
2010 1771 2091 1826 eis

2191 579 2504 638 coelestibus
2556 583 2859 653 spiritibus.
2889 583 2987 638 Vel
3033 584 3112 638 sic
3162 583 3322 640 aliter
3350 587 3449 663 legi
3479 603 3651 661 potest,
3675 605 3726 654 ut

2189 671 2467 726 brachium
2499 688 2606 729 non
2641 683 2899 731 mutetur.
2934 675 3064 730 Dico
3108 679 3270 735 donec
3316 686 3622 741 annuntient
3655 705 3726 746 me

2190 762 2458 818 brachium
2479 774 2647 831 tuum,
2678 767 3029 836 tet-potentiam
3054 779 3223 830 tuam,
3241 783 3287 826 et
3310 772 3564 842 justitiam
3584 787 3724 846 tuam,

2191 851 2259 907 ab
2296 851 2495 908 inlimis
2526 853 2939 910 rationabilibus
2985 858 3253 914 creaturis
3295 875 3471 930 usque
3513 862 3562 917 iu
3599 863 3725 920 altis-

2191 943 2326 999 sima
2377 944 2578 1008 eundo,
2617 945 2670 999 id
2715 954 2998 1016 estusque
3045 949 3099 1003 in
3152 952 3554 1022 supercmlestes
3593 959 3728 1013 ratio-

2193 1033 2400 1089 nabiles
2441 1046 2740 1090 creaturas.
2773 1037 2927 1104 Quod
2976 1045 3060 1095 est
3103 1041 3323 1098 dicere:
3351 1044 3523 1100 Donec
3553 1061 3729 1109 annun-

2194 1125 2326 1180 tient
2349 1125 2511 1197 265
2539 1141 2756 1182 onmem
2789 1130 3091 1199 potentiam
3140 1141 3197 1188 et
3233 1133 3498 1201 justitiam
3540 1151 3646 1194 esse
3674 1154 3730 1196 ex

2194 1225 2246 1270 te
2272 1232 2287 1281 ;
2311 1216 2616 1286 incipiendo
2641 1233 2709 1273 ex
2745 1221 2986 1290 potentia
3013 1233 3068 1278 et
3093 1221 3306 1292 justitia
3355 1226 3634 1295 hominum,
3658 1233 3730 1301 qui

2193 1307 2364 1362 intimi
2389 1317 2516 1364 sunt
2539 1311 2606 1365 ad
2633 1314 3095 1382 comparationem
3143 1315 3480 1387 angelorum,
3519 1324 3732 1378 eteundo

2192 1413 2364 1470 usque
2404 1399 2458 1456 in
2493 1402 2791 1472 potentiam
2841 1405 3082 1475 ipsorum
3123 1407 3461 1478 angelorum,
3500 1426 3560 1466 ac
3593 1413 3632 1466 si
3669 1415 3732 1468 di-

2193 1506 2281 1546 ca.
2317 1509 2329 1545 :
2369 1490 2479 1547 lloc
2509 1493 2834 1562 reputabant
2863 1511 2986 1552 esse
3009 1512 3076 1552 cx
3103 1506 3178 1566 te,
3207 1501 3358 1569 quod
3381 1501 3452 1556 ibi
3485 1513 3628 1557 erunt
3657 1518 3731 1573 po-

2195 1592 2370 1638 tentes
2399 1583 2453 1638 in
2501 1583 2686 1640 futuro
2724 1584 2860 1655 justi
2901 1588 2952 1642 in
2984 1590 3354 1660 operibus,.et
3380 1593 3481 1649 hoc
3508 1597 3633 1665 quod
3657 1613 3732 1650 an~

2194 1672 2441 1743 gelijusti
2479 1685 2609 1730 sunt
2648 1677 2702 1731 in
2748 1677 3040 1734 all‘ectione
3077 1680 3385 1739 dilectionis
3407 1683 3524 1750 Dei,
3569 1695 3617 1740 et
3661 1702 3736 1755 po-

2197 1774 2394 1832 tentes,
2435 1767 2487 1823 id
2515 1775 2600 1822 est
2632 1767 2726 1822 alti
2765 1769 2818 1823 in
2849 1769 3208 1826 beatitudine.

510 1829 738 1915 interius
783 1858 1149 1929 impendente,
1189 1868 1246 1914 et
1279 1829 1400 1914 ideo
1430 1829 1782 1930 pronuntiabo
1824 1862 2090 1917 mirabilia
2122 1829 2165 1884 Β
2263 1829 2619 1916 Commendat
2643 1869 2828 1917 autem
2863 1862 3007 1930 ipsos
3037 1864 3258 1934 angelos
3291 1865 3358 1920 ad
3388 1865 3480 1920 Dei
3520 1866 3734 1932 laudem,

507 1961 622 2015 tua,
672 1950 724 2005 id
770 1960 854 2006 est
901 1951 1006 2005 mei
1046 1951 1475 2021 pronuntiabunt
1516 1953 1637 2008 aliis
1685 1953 1949 2008 mirabilia
1976 1964 2091 2018 tua,

507 2042 771 2114 justitiam
807 2043 1039 2114 scilicet,
1075 2059 1238 2115 quam
1280 2046 1465 2117 generi
1498 2047 1736 2102 humano
1773 2061 1870 2116 per
1895 2061 1983 2102 me
2007 2060 2096 2101 re-

509 2133 724 2202 stitues,
759 2143 808 2190 et
846 2133 1081 2189 salutare
1114 2142 1294 2202 tuum,
1347 2135 1490 2206 quod
1540 2135 1594 2189 in
1641 2134 1820 2190 futuro
1871 2135 2094 2190 daturus

509 2239 590 2280 es.
634 2224 749 2282 Hoc
778 2235 960 2282 autem
997 2226 1246 2297 superius
1291 2227 1494 2281 dictum
1527 2235 1630 2294 est,
1670 2227 1758 2280 ubi
1805 2227 1938 2281 dixit
1970 2241 1986 2280 :
2019 2225 2096 2281 0s

510 2328 706 2380 meum,
761 2322 866 2369 etc.
902 2313 1010 2370 Sed
1045 2315 1165 2371 ideo
1203 2317 1398 2386 repetit
1425 2317 1751 2371 utostendat
1782 2318 2099 2388 pronuntia-

513 2403 676 2460 tionis
719 2419 909 2460 eorum
947 2407 1445 2476 perseverantiam,
1479 2407 1556 2462 sic
1583 2424 1596 2460 :
1626 2407 1758 2462 Dico
1802 2407 1944 2477 quod
1993 2408 2098 2463 mei

509 2497 909 2552 annuntiabunt
934 2496 1200 2552 mirabilia
1233 2506 1346 2566 tua,
1376 2508 1432 2554 et
1458 2499 1562 2554 hoc
1585 2515 1650 2553 ex
1665 2500 1936 2570 juventute
1958 2516 2095 2565 mea,

512 2589 568 2645 id
602 2597 686 2645 est
712 2604 779 2646 ex
811 2597 1051 2660 tempore
1083 2599 1408 2663 martyrum,
1453 2593 1544 2662 qui
1576 2590 1804 2660 juvenes
1835 2605 2013 2660 crum,
2046 2593 2098 2648 id

513 2681 678 2736 estin
711 2679 815 2736 fide
859 2681 1100 2737 calentes
1139 2691 1195 2737 et
1237 2691 1458 2740 strenue
1497 2695 1738 2755 agentes,
1775 2699 1924 2740 more
1946 2684 2100 2754 juve—

516 2786 648 2826 num
679 2771 770 2842 qui
803 2773 1074 2828 ferventes
1103 2782 1230 2828 sunt
1257 2783 1416 2830 aetate
1448 2783 1503 2830 et
1547 2777 1751 2832 strenui
1787 2777 2017 2841 actione,
2052 2787 2100 2833 et

513 2879 673 2928 nunc,
708 2863 758 2918 id
783 2872 865 2919 est
900 2865 954 2919 in
985 2865 1098 2935 ipsa
1133 2865 1417 2936 juventute
1465 2883 1624 2938 usque
1654 2867 2097 2937 pronuntiabunt,

514 2955 568 3010 id
594 2966 677 3011 est
699 2957 915 3013 assidue
962 2965 1018 3012 et
1054 2967 1388 3024 constanter,
1419 2959 1611 3014 mortis
1648 2968 1797 3015 metu
1827 2975 1933 3013 non
1963 2959 2099 3014 deli-

515 3047 744 3113 cientes,
772 3058 821 3104 ct
864 3063 926 3104 ea
957 3067 1118 3120 usque
1148 3051 1203 3104 in
1225 3065 1484 3104 senectam
1512 3051 1934 3121 pronuntiabunt
1968 3050 2097 3117 mei,

516 3139 571 3193 id
605 3151 686 3195 est
735 3157 904 3211 usque
937 3150 1148 3212 tempus
1186 3141 1578 3208 confessorum,
1609 3142 1701 3212 qui
1732 3157 1890 3197 senes
1919 3151 2095 3207 erunt,
2128 3172 2173 3232 ρ

523 3232 578 3288 id
626 3243 709 3289 est
759 3235 1151 3306 aliquantulum
1206 3235 1518 3307 frigidiores
1580 3236 1939 3307 martyribus,
1992 3251 2099 3291 non

519 3333 748 3381 mortem
794 3328 1036 3398 corporis
1063 3343 1158 3398 pro
1189 3329 1300 3382 Deo
1340 3329 1653 3395 subeuntes,
1681 3327 1820 3383 sicut
1856 3337 2104 3384 senectus

519 3414 766 3487 frigidior
795 3427 928 3474 aetas
954 3429 1036 3474 est
1057 3419 1365 3487 juventute.

593 3510 661 3564 Et
707 3511 1129 3579 pronuntiabunt
1178 3528 1340 3583 usque
1369 3513 1424 3566 in
1473 3511 1697 3576 senium,
1739 3511 1793 3565 id
1823 3518 1906 3565 est
1935 3525 2105 3581 usque

523 3601 580 3656 in
611 3611 822 3672 tempus
856 3602 1209 3666 Antichristi,
1251 3603 1304 3658 in
1347 3619 1455 3672 quo
1479 3602 1634 3658 multi
1668 3617 1698 3656 a
1728 3603 1940 3659 fervore
1981 3603 2104 3659 fidei

521 3690 834 3763 frigescant,
859 3694 1088 3764 ideoque
1123 3697 1332 3749 senium
1361 3694 1582 3760 dicitur,
1615 3710 1682 3751 eo
1706 3695 1848 3765 quod
1889 3696 2102 3750 senium

525 3793 658 3839 tetas
696 3785 1044 3855 frigidissima
1066 3787 1141 3841 sit-
1158 3797 1212 3841 et
1245 3786 1590 3844 defectibilis.
1623 3789 1698 3843 De
1725 3803 1831 3858 quo
1864 3797 2107 3858 tempore

525 3875 787 3933 Dominus
825 3877 878 3932 in
924 3878 1215 3948 Evangelio
1251 3879 1421 3934 dicit:
1462 3897 1480 3930 ι
1516 3879 1594 3934 Ex
1643 3879 1970 3934 abundantia
2007 3878 2106 3933 ini-

523 3968 749 4039 quitatis
777 3968 1089 4040 refrigescet
1112 3970 1349 4024 Charitas
1378 3969 1667 4025 multorum
1698 3970 1916 4039 (Matth.
1956 3985 2104 4037 xxnv,

532 4059 648 4131 i2);
685 4079 703 4111 ι
739 4059 893 4127 Quod
939 4069 1024 4116 est
1070 4061 1252 4116 dicere
1283 4079 1296 4116 :
1335 4060 1437 4116 Mei
1469 4070 1782 4117 constanter
1830 4070 1883 4116 te
1920 4060 2108 4116 lauda-

524 4151 682 4219 bunt,
713 4162 768 4209 et
796 4153 868 4208 illi
899 4153 990 4224 qui
1035 4160 1197 4208 erunt
1231 4153 1286 4208 in
1324 4153 1628 4224 iuventute,
1657 4162 1712 4208 et
1731 4152 1823 4224 qui
1852 4151 1908 4206 in
1953 4165 2110 4207 sene-

524 4255 695 4314 ctute,
723 4255 779 4302 ει
802 4247 894 4317 qui
926 4247 977 4301 in
1017 4247 1188 4302 senio.
1216 4245 1311 4302 Vel
1350 4255 1652 4317 martyrum
1683 4254 1894 4314 tempus
1915 4242 2110 4313 juven-

525 4347 698 4395 tutem
735 4339 1146 4408 dicit;tempus
1192 4347 1372 4395 autem
1434 4337 1808 4394 confcssorum
1863 4344 2113 4392 senectu-

527 4441 660 4498 tem,
693 4440 744 4487 et
788 4441 998 4501 tempus
1033 4430 1353 4486 Antichristi
1393 4429 1628 4495 senium,
1671 4443 1736 4484 eo
1781 4428 1924 4497 quod
1958 4427 2112 4497 prius

2192 1951 2347 2020 quasi
2388 1950 2712 2006 admirative
2749 1951 2816 2006 de
2843 1952 2922 2006 eis
2955 1952 3162 2023 agendo
3201 1953 3326 2008 sic:
3363 1955 3488 2011 Dico
3523 1973 3664 2027 usque
3693 1958 3735 2010 in

2195 2039 2476 2107 altissima,
2501 2049 2559 2096 ει
2581 2039 2670 2096 illa
2695 2041 2994 2113 magnalia,
3026 2041 3080 2097 id
3106 2052 3191 2098 est.
3218 2043 3482 2099 altissima
3512 2055 3615 2110 tua,
3640 2060 3736 2115 qua:

2196 2132 2463 2203 magnalia
2491 2133 2766 2201 dicuntur,
2795 2147 2860 2189 eo
2889 2133 3036 2203 quod
3055 2133 3108 2188 in
3137 2135 3463 2191 excellentia
3500 2137 3740 2209 dignitatis

2196 2239 2388 2296 magna
2412 2233 2562 2290 sunt,
2594 2240 2732 2295 quae,
2766 2225 2819 2280 id
2847 2233 2930 2280 est
2953 2235 3182 2296 quanta,
3211 2225 3409 2297 fecisti,
3441 2228 3490 2282 id
3510 2237 3586 2282 est
3607 2243 3742 2296 quam

2197 2316 2397 2387 digna;
2437 2324 2493 2371 et
2528 2316 2649 2371 ideo
2691 2316 2809 2387 quis
2841 2316 3030 2371 similis
3081 2327 3166 2372 est
3213 2317 3310 2371 tibi
3360 2319 3413 2372 in
3457 2317 3738 2374 sublimitate

2196 2409 2484 2481 potentiae?
2538 2407 2744 2463 Nullus.
2789 2409 2866 2463 Ac
2919 2409 2966 2464 si
3015 2410 3205 2465 dicat:
3253 2409 3384 2466 Inde
3442 2411 3736 2480 comprobari

2197 2513 2377 2575 potest
2403 2502 2606 2558 nullum
2637 2503 2730 2558 tibi
2760 2518 2882 2559 esse
2909 2502 3162 2558 similem.
3199 2504 3271 2559 Et
3298 2505 3423 2574 quia
3467 2503 3628 2558 nullus
3663 2502 3736 2557 tibi

2199 2597 2390 2653 similis
2424 2607 2508 2653 est
2528 2637 2544 2663 ,
2601 2612 2724 2652 cum
2751 2597 2886 2652 adeo
2924 2593 3116 2668 potens
3147 2597 3221 2652 sis
3247 2638 3266 2664 ,
3325 2597 3571 2668 quoniam
3600 2595 3739 2651 Adam

2199 2697 2252 2744 et
2292 2687 2400 2742 Eva
2434 2687 2718 2743 voluerunt
2751 2703 2812 2743 se
2862 2686 3045 2744 facere
3085 2688 3296 2745 similes
3329 2688 3420 2743 tibi
3451 2703 3542 2759 per
3563 2702 3738 2742 comes-

2201 2779 2400 2834 tionem
2418 2779 2583 2850 pomi,
2607 2779 2880 2834 dicentes:
2901 2778 3148 2835 «Erimus
3158 2779 3305 2835 sicut
3320 2779 3389 2834 dii
3409 2777 3550 2849 (Gen.
3565 2777 3736 2846 m,5);»

2203 2868 2444 2934 Quantas
2469 2909 2484 2934 ,
2516 2869 2568 2924 id
2589 2877 2672 2924 est
2698 2883 2862 2940 quam
2885 2884 3110 2940 magnas
3132 2867 3500 2922 tribulationes
3517 2866 3741 2921 ostendisti

2202 2963 2348 3029 milii,
2364 2962 2414 3017 id
2429 2972 2511 3017 est
2525 2962 2676 3029 meis,
2691 2977 2756 3016 ne
2772 2961 3383 3031 ulteriussuperbirent!
3406 2970 3456 3015 et
3473 2975 3613 3029 quam
3630 2956 3737 3012 mul-

2203 3065 2283 3110 tas
2303 3063 2359 3110 et
2377 3069 2537 3125 quam
2556 3054 2746 3119 malas,
2762 3054 2812 3108 id
2835 3063 3089 3124 estquam
3106 3055 3328 3110 nocivas
3355 3056 3367 3108 Β
3401 3060 3608 3109 mortem
3627 3050 3738 3105 scili-

2203 3153 2290 3201 cel.
2309 3155 2365 3200 et
2398 3144 2719 3201 omnismodi
2748 3144 3058 3214 passiones,
3091 3159 3211 3215 qua:
3241 3145 3437 3199 anima:
3486 3153 3536 3198 et
3570 3140 3738 3209 cornuti

2205 3236 2516 3307 asperrima:
2534 3243 2657 3292 sunt
2674 3244 2730 3291 et
2746 3236 2968 3292 nocivae.
2990 3236 3054 3290 Et
3075 3245 3128 3291 tu
3143 3253 3421 3291 conversus
3445 3236 3509 3289 ab
3525 3235 3610 3298 ira,
3628 3234 3742 3286 idest

2206 3343 2236 3381 a
2265 3327 2498 3382 vindicta
2521 3341 2680 3397 quam
2723 3327 2775 3380 in
2819 3327 2899 3383 eis
2945 3343 3042 3398 per
3100 3327 3478 3383 tribulatioucs
3521 3338 3739 3384 exerces,

2205 3420 2479 3490 viviﬁcasti
2504 3435 2584 3472 mc
2609 3460 2625 3487 ,
2681 3419 2732 3473 id
2761 3428 2844 3474 est
2877 3435 2976 3489 per
3001 3427 3232 3474 mortem
3266 3435 3440 3474 meam
3491 3414 3741 3472 vivilicabis

2207 3525 2386 3578 meos,
2425 3511 2668 3566 interiori
2693 3511 3053 3566 vivificatioue
3073 3527 3166 3567 eos
3196 3512 3511 3567 innocentes
3528 3519 3575 3567 et
3605 3507 3741 3577 justus

2208 3604 2445 3669 faciens,
2477 3614 2532 3660 et
2560 3605 2614 3659 in
2655 3604 2840 3660 futuro
2871 3605 3126 3658 reduxisti
3151 3622 3265 3671 me,
3299 3607 3349 3660 id
3378 3616 3457 3660 est
3482 3599 3741 3659 retrotluces

2207 3710 2378 3760 meos,
2413 3696 2478 3751 ad
2503 3697 2764 3766 patriam,
2819 3697 3026 3752 scilicet
3054 3697 3122 3751 de
3177 3713 3284 3766 qua
3325 3713 3418 3767 per
3451 3695 3605 3751 Adam
3647 3699 3740 3747 sunt

2207 3788 2438 3858 expulsi.
2472 3787 2619 3844 Meos
2649 3787 2770 3844 dico
2801 3789 2994 3843 iterum
3028 3788 3091 3842 de
3115 3791 3320 3859 abyssis
3365 3800 3511 3844 teme
3554 3786 3742 3842 educen-

2209 3885 2307 3940 dos
2331 3925 2346 3951 ,
2379 3883 2431 3939 id
2455 3891 2540 3938 est
2567 3884 2633 3940 de
2665 3883 2774 3938 imo
2821 3884 3176 3940 terrenitatis.
3225 3884 3388 3940 Prius
3425 3885 3561 3941 enim
3602 3894 3678 3935 eos
3701 3878 3740 3930 in

2207 3976 2380 4030 Adam
2414 3975 2480 4030 de
2507 3975 2817 4031 humilitate
2846 3983 2902 4030 et
2925 3975 3155 4030 utilitate
3187 3976 3512 4031 terrenitatis
3531 3969 3741 4029 eduxisti.

2211 4073 2269 4119 ut
2294 4080 2361 4119 ex
2390 4063 2519 4118 limo
2539 4071 2696 4119 terra:
2735 4064 2944 4119 faceres
2966 4063 3233 4119 animatos
3255 4073 3314 4120 et
3335 4079 3438 4120 non
3467 4061 3739 4118 morituros:

2211 4157 2300 4227 qui
2326 4169 2424 4226 per
2449 4164 2730 4227 peccatum
2765 4155 2894 4211 Ada:
2931 4155 2998 4210 ad
3039 4155 3288 4210 eamdem
3323 4155 3569 4209 imitatem
3595 4147 3742 4221 praci-

2209 4248 2363 4320 pitati
2391 4257 2514 4304 sunt
2543 4291 2558 4316 ,
2597 4256 2650 4304 ut
2681 4247 2960 4304 moriendo
2989 4245 3298 4302 ellicianlur
3323 4246 3457 4301 cinis
3491 4252 3541 4301 et
3575 4240 3739 4313 pulvis.

2211 4341 2352 4397 unde
2376 4356 2470 4396 eos
2489 4340 2542 4395 in
2563 4339 2744 4394 futuro
2767 4340 2984 4410 eripies.
3011 4338 3284 4410 Ahyssum
3309 4337 3532 4392 dicimus
3567 4331 3742 4389 nimiam

2211 4429 2926 4503 profunditatem,lideoque
2954 4445 3051 4499 pro
3082 4428 3292 4483 imitate
3327 4426 3551 4498 ponitur.

528 4521 682 4578 fuere
727 4532 1014 4594 martyres,
1043 4532 1166 4594 post
1207 4539 1301 4578 eos
1337 4531 1516 4577 autem
1559 4531 1685 4576 sunt
1737 4519 2110 4590 temporaliter
2142 4521 2186 4577 D
2282 4521 2413 4576 Dico
2439 4521 2582 4590 quod
2607 4520 2835 4576 reduces
2864 4534 2958 4576 eos
2993 4519 3060 4576 de
3087 4519 3302 4591 abyssis
3331 4527 3511 4582 terra);
3554 4522 3600 4569 ct
3645 4519 3742 4564 tunc

531 4611 894 4681 confessores,
923 4615 988 4668 ad
1022 4615 1270 4668 ultimum
1313 4622 1519 4680 autem,
1561 4623 1772 4682 tempus
1797 4609 2116 4665 Antichristi

529 4701 654 4756 erit.
680 4703 820 4774 Ergo
853 4705 997 4775 quod
1038 4707 1140 4762 mei
1178 4707 1608 4778 pronuntiabunt
1636 4713 1692 4761 et
1730 4704 1782 4759 in
1807 4703 2113 4774 juventute,

529 4803 588 4850 et
627 4805 928 4859 senectute,
966 4807 1021 4854 et
1065 4800 1236 4854 senio.
1293 4799 1379 4854 Ne
1428 4797 1762 4869 derelinquas
1794 4811 1894 4860 me,
1929 4794 1999 4850 id.
2033 4801 2120 4850 est

531 4902 713 4944 meos.
755 4880 1044 4956 inadjutos,
1078 4892 1243 4946 donec
1287 4892 1426 4946 omni
1452 4889 1794 4962 generationi,
1827 4887 1879 4943 id
1909 4896 1994 4943 est
2017 4886 2116 4942 do-

533 4995 634 5038 nec
691 4982 1016 5038 anttuntient
1055 4985 1378 5039 omnismodi
1434 4983 1806 5056 generationi,
1834 4996 1951 5053 qua:
1991 4996 2116 5035 uen-

532 5081 656 5128 tura
687 5083 762 5129 est
793 5088 962 5145 usque
1001 5073 1068 5130 ad
1100 5073 1261 5129 llnem
1317 5074 1524 5141 mundi,
1553 5073 1825 5129 brachium
1871 5081 2042 5136 tuum,
2069 5079 2118 5124 et

532 5167 816 5236 potentiam
858 5177 1025 5235 tuam,
1069 5177 1115 5221 et
1137 5165 1404 5236 justitiam
1451 5176 1620 5232 tuam,
1661 5179 1749 5220 me
1785 5163 1996 5219 scilicet
2024 5161 2117 5231 qui

520 5254 820 5314 brachium
866 5267 1014 5313 tuum
1063 5272 1204 5323 sum,
1246 5271 1344 5327 per
1390 5271 1548 5326 quem
1593 5255 1870 5312 diabolum
1903 5252 2120 5308 fortizer

535 5351 896 5422 expugnabis,
933 5351 1075 5406 sicut
1119 5349 1315 5420 aliquis
1364 5347 1572 5402 brachii
1608 5346 1926 5403 fortitudine
1963 5344 2118 5401 debi-

539 5439 644 5496 lem
683 5442 890 5496 hostem
918 5451 1132 5512 superal
1163 5458 1177 5507 ;
1211 5449 1266 5497 et
1301 5438 1394 5510 qui
1422 5454 1542 5494 sum
1587 5438 1830 5509 potentia
1863 5447 1973 5504 tua,
2021 5451 2119 5507 per

540 5551 701 5605 quem
737 5535 906 5591 facies
950 5535 1138 5591 fideles
1183 5543 1431 5607 potentes
1458 5533 1524 5588 ad
1559 5532 1918 5587 resistendum
1948 5533 2115 5599 vitiis,

535 5636 594 5683 et
613 5628 706 5699 qui
733 5643 850 5683 sum
869 5627 1078 5697 justitia
1114 5638 1226 5696 tua,
1255 5642 1350 5697 per
1380 5642 1538 5697 quem
1563 5623 1748 5704 fideles
1771 5623 2114 5693 justiﬁcabis.

538 5717 623 5774 Me
648 5718 771 5776 dico
802 5719 1086 5790 potentiam
1113 5731 1161 5776 et
1197 5719 1458 5790 justitiam
1499 5729 1644 5772 luant
1693 5732 1854 5787 usque
1887 5717 1939 5770 in
1967 5715 2115 5771 altis-

539 5811 674 5865 sima
722 5815 1136 5882 pertingcntem,
1167 5813 1220 5869 id
1266 5819 1350 5868 est
1389 5811 1480 5882 qui
1512 5828 1618 5868 non
1661 5817 1869 5866 tantum
1907 5808 1963 5863 in
2013 5807 2113 5863 ho-

2217 4612 2579 4683 multiplicasti
2604 4613 3048 4684 magniﬁcentiam
3074 4621 3242 4677 tuam,
3273 4611 3413 4666 Deus
3437 4651 3453 4676 ,
3477 4608 3525 4664 id
3545 4613 3615 4662 est
3639 4599 3741 4658 mul-

2220 4705 2456 4778 tiplicem
2479 4706 2533 4760 in
2555 4706 2634 4762 eis
2659 4704 2826 4761 facies
2851 4703 3192 4776 magnificam
3228 4703 3456 4774 gloriam
3487 4709 3633 4760 tuam,
3667 4693 3741 4746 im-

2218 4797 2476 4854 mortales
2513 4795 2716 4852 faciens
2744 4803 2800 4852 et
2841 4793 3200 4864 impassibiles
3222 4833 3238 4858 ,
3287 4802 3344 4849 et
3377 4788 3515 4847 omni
3558 4782 3743 4841 beati!"-

2219 4888 2344 4945 dine
2371 4887 2578 4943 felices.
2601 4887 2668 4941 Et
2689 4886 2843 4957 prius
2861 4885 2951 4940 hic
2977 4900 3252 4939 conversus
3283 4880 3569 4937 consolatus
3589 4890 3636 4928 es
3653 4884 3740 4930 me.

2219 4979 2274 5037 id
2295 4988 2378 5036 est
2395 5021 2411 5047 ,
2440 4976 2740 5034 vivificabis
2765 4991 2913 5031 meos
2939 5017 2954 5043 ,
2984 4982 3038 5031 et
3066 4990 3164 5043 per
3188 4974 3288 5028 hoc
3315 4963 3677 5028 consolaberis,
3700 4963 3742 5009 IIl

2219 5069 2468 5139 superius
2512 5067 2646 5134 dixi,
2673 5066 2760 5122 ubi
2797 5067 2951 5137 posui
2984 5063 3269 5134 viriﬁcabis
3299 5078 3397 5116 me.
3449 5058 3554 5114 Hoc
3601 5057 3740 5139 autern

2219 5135 2342 5219 ideo
2372 5160 2604 5230 repetit,
2665 5169 2724 5213 ut
2751 5135 2848 5228 per
2881 5155 3106 5212 eﬂ'ectus
3133 5153 3385 5210 ostendat
3438 5145 3648 5219 qualiter
3670 5135 3742 5230 de

2221 5253 2344 5309 imis
2368 5267 2400 5309 e
2420 5228 2461 5307 is
2489 5257 2747 5307 assumat.
2774 5249 2878 5303 Per
2910 5248 3008 5304 bos
3029 5255 3209 5302 autem
3233 5243 3452 5301 ell‘ectus
3474 5228 3741 5306 comproba'

2219 5349 2368 5406 hitur
2397 5357 2450 5404 te
2483 5362 2577 5404 eos
2603 5345 2928 5402 vivificasse.
2963 5386 2975 5391 -
3709 5409 3720 5422 '

2297 5438 2434 5494 Nam
2459 5449 2506 5493 et
2535 5454 2629 5508 ego
2659 5435 2946 5504 conﬁtebor
2968 5475 2983 5501 ,
3015 5441 3120 5489 etc.
3156 5429 3295 5484 Nam
3314 5427 3516 5499 signum
3541 5423 3740 5510 εειροξξτ

2223 5533 2386 5589 tionis
2411 5574 2425 5598 ,
2467 5539 2518 5586 et
2543 5544 2670 5584 vero
2698 5529 2834 5584 bene
2867 5526 3100 5596 positum
3151 5533 3233 5578 est
3267 5527 3521 5589 quantum
3548 5509 3606 5565 ad
3629 5501 3740 5598 ordi-

2223 5639 2363 5680 nem.
2395 5596 2473 5676 ne
2494 5621 2539 5676 si
2576 5621 2820 5674 diceret:
2853 5618 2932 5672 Tu
2966 5614 3293 5675 viviﬁcabis,
3353 5619 3408 5664 et
3435 5604 3532 5662 mei
3557 5596 3736 5656 confite-

2219 5717 2421 5772 buntur
2446 5712 2540 5767 tibi
2565 5753 2579 5780 ,
2612 5711 2664 5766 id
2688 5718 2772 5766 est
2802 5710 2869 5763 ad
2907 5709 3167 5762 honorem
3196 5703 3305 5768 tui,
3332 5698 3580 5754 veritatem
3599 5696 3735 5742 tam.

2221 5805 2279 5862 id
2301 5810 2383 5862 est
2409 5812 2460 5860 te
2481 5817 2732 5859 veracem
2763 5801 2815 5856 in
2843 5796 3205 5870 promissione
3232 5802 3318 5849 tua
3338 5790 3403 5846 de
3429 5781 3594 5844 mundi
3619 5783 3736 5842 ῐθιιε·
