3846 6334
87 407 161 465 989

944 396 1308 456 EXPDSITIO
1335 394 1402 453 IN
1434 384 1773 449 PSALMOS.
1810 415 1879 426 -—
1905 383 2104 445 PSAL
2138 391 2324 449 LXXI.

3181 392 3284 449 990

84 522 252 580 ratione
281 531 373 587 per
413 528 501 568 me
532 511 796 583 completa
854 520 911 567 et
969 513 1037 567 de
1090 511 1267 566 futura
1313 501 1920 571 salvationeApopuli,
1975 511 2030 557 et
2081 503 2127 557 si
2178 519 2285 573 qua
2338 512 2532 559 caetera
2572 504 2694 558 talia
2728 512 2885 568 sunt,
2929 520 3052 559 cum
3101 513 3280 561 tamen

84 605 369 681 complenda.
401 603 535 659 Dico
553 602 694 672 quod
726 599 829 657 mei
865 603 1278 669 conﬁtebuntur
1310 599 1428 655 tibi.
1455 598 1560 653 Mei
1586 636 1603 664 ,

83 702 200 763 dico,
225 697 432 767 quidam
461 694 757 751 existentes
781 692 836 749 in
860 693 996 748 vasis
1032 691 1263 763 psalmi,
1313 691 1368 747 id
1420 698 1505 746 est
1542 690 1608 746 in

82 790 289 864 psalterio
312 829 328 855 ,
357 787 503 858 quod
535 786 732 842 dicitur
754 802 851 841 vas
874 785 1067 856 psalmi
1095 826 1110 849 ,
1146 800 1212 840 eo
1240 784 1382 855 quod
1422 783 1517 837 ﬁat
1550 783 1606 837 in

82 880 354 952 eopsalmus
374 920 389 945 ,
420 877 630 933 scilicet
663 877 716 931 in
750 875 1201 946 contemplatione
1227 875 1489 929 bonorum
1517 888 1608 929 su-

82 984 355 1043 pernorum,
388 982 486 1039 per
524 983 684 1038 quam
732 967 787 1022 in
830 967 924 1022 Dei
972 966 1128 1022 laude
1174 965 1503 1043 resonabunt
1539 963 1606 1019 ad

82 1061 252 1117 modum
283 1058 525 1129 psalterii
551 1060 694 1129 quod
741 1074 807 1113 ex
833 1058 1099 1128 superiori
1152 1065 1390 1112 resonat.
1450 1054 1607 1110 Vasis

82 1148 308 1218 pluraliter
326 1147 477 1217 ponit
519 1156 781 1218 quantum
809 1147 877 1201 ad
906 1146 1089 1217 plures
1122 1146 1326 1201 ﬁdeles.
1368 1144 1434 1198 Et
1458 1144 1604 1214 psal-

82 1242 158 1294 tam
175 1242 254 1295 tibi
271 1284 286 1306 ,
314 1240 365 1295 id
392 1249 477 1297 est
502 1240 724 1310 quidam
749 1254 991 1297 meorum
1023 1240 1167 1295 bono
1189 1252 1352 1309 Opere
1395 1246 1445 1292 te
1491 1237 1605 1291 lau-

82 1330 263 1395 dabunt,
290 1330 572 1387 existendo
595 1331 651 1385 in
679 1330 882 1384 cithara
905 1370 921 1396 ,
954 1330 1008 1384 id
1050 1340 1135 1385 est
1179 1330 1231 1383 in
1272 1330 1445 1383 activa
1469 1327 1602 1382 vita.

83 1418 176 1485 Qua:
196 1433 279 1488 per
312 1418 580 1475 citharam
607 1434 674 1475 ex
705 1417 949 1474 inferiori
975 1426 1318 1474 resonantem
1369 1430 1606 1486 congrue

82 1507 343 1572 denotatur,
400 1521 466 1562 eo
519 1508 663 1577 quod
711 1507 938 1562 inferior
992 1507 1063 1563 sit
1125 1505 1601 1574 contemplatione.

83 1594 175 1650 Dico
193 1596 318 1665 quod
351 1594 444 1650 tibi
488 1597 718 1665 psallent
745 1606 801 1652 et
843 1597 1261 1653 conﬁtebuntur.
1315 1595 1434 1652 Tibi
1484 1595 1604 1651 dico

82 1686 144 1757 qui
166 1698 351 1741 sanctus
382 1702 443 1743 es
471 1686 667 1753 Israel,
720 1689 771 1743 id
797 1696 879 1744 est
905 1688 1040 1744 adeo
1077 1696 1297 1743 sanctus
1324 1695 1381 1740 ut
1412 1695 1604 1757 potens

82 1777 134 1831 sis
154 1794 215 1831 sat
233 1779 463 1834 c'iﬁcare
502 1794 694 1834 omnes
718 1779 903 1835 lideles
917 1794 1051 1849 quos
1072 1779 1206 1834 facis
1227 1777 1409 1833 Israel.
1436 1776 1603 1847 Cujus

1708 594 1952 664 quaedam
1997 595 2195 651 habeat
2244 610 2365 665 quae
2424 593 2733 650 nullatenus
2779 594 2954 649 eidem
3006 595 3280 651 Salomoni

1707 685 2069 757 contigerint:
2111 683 2201 740 ubi
2229 685 2438 740 scilicet
2470 684 2635 740 dicit:
2673 681 3000 738 Permanebit
3029 701 3142 738 cum
3171 685 3282 741 sole

1706 784 1754 830 et
1774 785 1890 829 ante
1920 776 2123 837 lunam,
2146 784 2193 827 et
2222 774 2516 827 adorabunt
2554 791 2672 828 eum
2710 789 2885 826 omnes
2916 789 3079 843 reges,
3102 784 3156 828 et
3176 790 3282 831 cai-

1708 873 1823 919 tera
1854 864 2050 919 similia
2070 905 2085 929 ,
2121 872 2266 918 totus
2293 875 2666 933 competenter
2702 864 2755 918 in
2785 863 3060 919 Christum
3094 879 3280 920 verum

1706 968 1755 1012 et
1781 954 2143 1026 signiﬁcatum
2176 954 2520 1010 Salomonem
2548 964 2631 1011 est
2654 953 2986 1010 referendus.
3009 954 3284 1010 Contuens

1706 1065 1940 1120 namque
1962 1049 2188 1113 Esdras,
2224 1049 2462 1119 psalterii
2507 1048 2782 1103 titulorum
2833 1049 3149 1118 impositor,
3190 1049 3283 1118 qui

1707 1140 1864 1211 longe
1913 1149 2034 1211 post
2076 1139 2417 1196 Salomonem
2475 1156 2657 1213 regem
2696 1139 2858 1196 Israei
2918 1140 3285 1210 lemporalitcr

1706 1232 1935 1298 exstitit,
1968 1231 2037 1286 ab
2062 1232 2251 1287 eodem
2280 1231 2571 1287 Salomone
2603 1230 2880 1287 Christum
2920 1232 3281 1302 signiﬁcatth

1708 1323 1903 1389 fuisse,
1942 1334 1996 1379 et
2021 1325 2316 1379 secundum
2355 1327 2589 1381 nominis
2640 1326 3175 1397 interpretationem,
3204 1336 3285 1381 et

1706 1415 1999 1471 secundum
2066 1416 2142 1470 rei
2179 1416 2506 1485 gestionent,
2548 1416 2817 1472 Psalmum
2866 1417 3051 1481 istum,
3094 1417 3185 1486 qni
3217 1418 3284 1471 de

1706 1505 1919 1561 Christo
1945 1506 2200 1577 legendus
2231 1520 2343 1575 est,
2371 1508 2677 1565 Salomonis
2706 1510 2923 1565 nomine
2946 1509 3196 1564 titulavit.
3224 1509 3283 1562 In

1707 1595 2013 1653 Salomonis
2040 1613 2273 1668 namque
2322 1606 2567 1669 tempore
2602 1598 2813 1668 justitia
2840 1607 2894 1655 et
2915 1614 3019 1668 pax
3047 1598 3283 1653 maxima

1705 1683 1807 1739 fuit
1840 1684 1894 1739 in
1922 1685 2109 1741 Israel.
2138 1685 2293 1741 Unde
2323 1686 2488 1741 etiam
2518 1687 2657 1743 idem
2683 1688 2936 1759 paciﬁcus
2966 1686 3180 1743 dicitur.
3215 1688 3281 1741 Et

1707 1778 1987 1833 dilatatum
2020 1778 2118 1832 fuit
2150 1793 2373 1849 regnum
2399 1778 2515 1848 ejus
2536 1779 2711 1835 valde.
2744 1779 2812 1834 Et
2846 1780 2962 1849 ipse
2992 1779 3282 1849 sapientisn

81 1868 134 1923 rei
153 1868 393 1924 desiderio
434 1870 535 1926 tibi
578 1871 814 1941 psallunt
840 1881 894 1926 et
917 1846 1265 1927 conﬁtentur.
1300 1871 1368 1924 Et
1394 1871 1498 1925 hoc
1518 1846 1606 1926 est
1631 1846 1678 1905 Β
1706 1869 1874 1925 simus
1903 1870 2144 1936 exstitit,
2178 1846 2257 1926 sic
2288 1846 2453 1926 etiam
2508 1880 2568 1925 ut
2625 1871 2806 1942 regina
2856 1846 3026 1926 austri
3054 1846 3285 1924 uenisse

82 1974 124 2013 ac
146 1959 179 2014 si
200 1959 329 2016 dicat
357 1977 370 2014 :
404 1960 463 2016 In
497 1962 603 2017 hoc
640 1963 836 2032 poterit
861 1962 1032 2019 videri
1070 1973 1123 2019 te
1147 1978 1243 2019 eos
1275 1962 1599 2031 viviﬁcasse,

81 2050 168 2118 quia
191 2051 270 2105 tibi
294 2052 598 2122 psallentet
618 2056 1058 2110 conﬁtebuntur:
1097 2056 1240 2124 quod
1286 2055 1446 2110 aliter
1494 2071 1602 2110 non

82 2152 200 2198 esset.
223 2142 278 2197 Et
304 2161 418 2199 cum
446 2155 727 2200 cantavero
754 2148 881 2214 tibi,
915 2148 968 2203 id
997 2157 1079 2204 est
1104 2163 1228 2203 cum
1264 2150 1371 2203 mei
1422 2148 1604 2203 lauda-

83 2232 266 2301 buutte,
303 2237 639 2290 exsultabant
671 2238 811 2293 labia
844 2256 956 2294 utea
958 2281 990 2317 )
1036 2240 1090 2295 id
1142 2251 1226 2296 est
1261 2256 1501 2297 meorum
1549 2242 1602 2297 in

83 2320 161 2388 ipsa
182 2320 334 2378 laude.
352 2324 440 2391 Et,
467 2340 538 2379 ne
557 2327 925 2397 acciperemus
940 2330 1079 2385 labia
1101 2333 1392 2398 exteriora,
1415 2334 1565 2389 addit
1582 2351 1623 2405 ε-

84 2411 127 2464 Et
152 2413 233 2469 hoc
262 2420 413 2472 modo
448 2416 661 2473 scilicet
695 2421 873 2476 anima
930 2438 1045 2476 mea
1066 2466 1081 2489 ,
1120 2423 1172 2478 id
1201 2432 1282 2479 est
1323 2440 1598 2492 meorum,

81 2518 190 2569 quam
208 2506 483 2573 redemisti,
529 2508 581 2561 id
612 2519 695 2564 est
734 2512 1209 2568 tneiexsultabunt
1250 2514 1520 2571 laudando
1550 2528 1601 2572 te

84 2592 389 2653 affectionibus
414 2600 617 2655 animae
648 2616 797 2668 suae;
858 2604 977 2660 ideo
1032 2607 1158 2675 quia
1211 2622 1329 2661 eam
1368 2608 1601 2663 redimes

84 2698 147 2750 per
167 2702 252 2741 tne.
274 2687 605 2746 Aﬁ‘cetiones
630 2701 809 2748 autem
844 2694 986 2749 labia
1028 2696 1285 2751 dicuntur
1310 2739 1324 2762 ,
1361 2713 1426 2753 eo
1456 2700 1600 2767 quod

84 2792 247 2843 pereas
289 2783 464 2837 anima
523 2782 625 2837 sibi
666 2784 895 2843 interius
946 2787 1219 2856 loquatur.
1277 2789 1392 2844 Non
1437 2790 1602 2861 266

83 2868 206 2923 solum
224 2880 389 2927 autem
420 2874 607 2928 anima
634 2890 883 2931 meorum
910 2878 962 2931 in
987 2879 1060 2933 tui
1100 2878 1259 2936 laude
1279 2881 1596 2950 exsultabit,

82 2960 143 3009 sed
161 2970 197 3012 et
221 2961 383 3033 lingua
412 2981 556 3031 mea,
598 2966 649 3019 id
674 2975 757 3021 est
790 2982 1054 3040 meorum,
1086 2970 1420 3025 meditabitur
1437 2972 1600 3042 justi-

84 3047 170 3101 tiam
193 3061 338 3119 tuam,
366 3056 416 3109 id
440 3070 529 3111 ρει
556 3057 608 3110 in
635 3057 708 3111 tui
738 3057 895 3114 laude
931 3076 1055 3115 cum
1104 3063 1452 3119 meditatione
1491 3079 1597 3120 non

86 3150 231 3197 temere
257 3147 649 3203 annuntiabunt
687 3164 903 3203 omnem
948 3151 1216 3222 justitiam
1254 3169 1374 3209 esse
1417 3164 1594 3223 tuam,
1626 3192 1670 3251 Ο

86 3227 117 3251 ll
145 3243 197 3251 -_.
230 3249 242 3251 _
276 3244 289 3251 ι
378 3237 417 3251 ΙΙ
596 3247 604 3251 _
895 3241 905 3251 .
1105 3244 1115 3251 .
1335 3244 1346 3251 .
1374 3245 1383 3251 .
1559 3246 1569 3251 -

84 3227 117 3279 iel
140 3243 203 3285 est
225 3249 250 3287 a
276 3244 341 3291 te.
374 3237 488 3294 Hoc
516 3247 698 3294 autem
726 3241 975 3310 superius
1004 3244 1261 3311 positum,
1296 3244 1385 3298 ubi
1420 3246 1599 3315 posuit

84 3338 298 3395 osmeum,
324 3339 426 3387 etc.
476 3332 609 3388 Ideo
640 3335 834 3403 repetit
866 3346 924 3389 ut
949 3336 1109 3390 addat
1138 3354 1151 3391 :
1204 3336 1316 3393 Iloc
1354 3339 1598 3394 contuitu

85 3416 427 3475 annuntiabunt.
468 3418 605 3475 Cum
636 3423 740 3478 hoc
786 3425 892 3478 erit
940 3427 1084 3493 quod
1131 3426 1201 3480 illi
1228 3428 1319 3496 qui
1360 3439 1599 3498 quwruut

84 3503 180 3556 mala
204 3508 332 3576 mihi,
354 3510 529 3568 Judwi
559 3513 791 3581 scilicet,
819 3517 1021 3584 confusi
1057 3517 1109 3571 in
1148 3518 1291 3573 malo
1319 3522 1367 3573 et
1396 3521 1600 3575 reveriti

85 3589 250 3663 luerim,
282 3599 330 3654 id
360 3611 442 3657 est
464 3604 855 3661 erubescentes
901 3608 968 3661 de
1006 3609 1403 3664 resurrectione
1432 3626 1553 3665 mea
1579 3627 1595 3677 ;

82 3686 347 3748 ettimcntes
373 3694 422 3748 in
459 3699 843 3764 persecutione
881 3699 1194 3769 Vespasiani
1217 3701 1413 3756 etTiti.
1443 3704 1597 3770 Quod

83 3784 138 3828 est
163 3780 350 3839 dicere:
381 3785 522 3842 Cum
555 3789 957 3859 viderintjusto
982 3789 1187 3860 judicio
1214 3802 1304 3847 tuo
1336 3794 1455 3849 illos
1476 3810 1598 3852 esse

84 3862 203 3926 iactos
224 3877 599 3935 erubescentes
627 3890 681 3936 et
709 3882 945 3951 timidos,
988 3884 1128 3940 hanc
1150 3884 1416 3954 justitiam
1448 3896 1595 3942 tuam

82 3954 164 4012 aliis
184 3969 564 4025 annuntiabunt
582 4011 597 4036 ,
630 3982 688 4026 ut
715 3973 784 4028 ab
801 3988 989 4029 eorum
1016 3977 1397 4031 conformitate
1424 3988 1594 4033 retra-

82 4046 240 4110 hantur.
283 4057 372 4116 Vel
394 4062 517 4118 sic;
550 4061 756 4135 Lingua
785 4081 1028 4121 meorum
1061 4068 1387 4123 meditanter
1412 4069 1593 4139 profe-

82 4141 369 4210 retjustitiam
401 4163 553 4209 tuam
576 4197 590 4221 ,
623 4156 676 4211 id
701 4167 785 4213 est
809 4158 951 4213 dicet
994 4167 1046 4214 te
1067 4174 1185 4215 esse
1219 4158 1423 4229 justum
1443 4160 1590 4229 judi-

81 4245 192 4303 (ειη,
223 4254 331 4298 cum
360 4246 573 4302 confusi
610 4255 667 4304 et
706 4250 925 4304 reveriti
958 4250 1161 4307 fuerint
1206 4252 1297 4321 qui
1350 4264 1591 4324 quierunt

1704 1960 1968 2033 Iegatura
1992 1963 2187 2017 ﬁnibus
2225 1970 2385 2017 terra:
2424 1963 2613 2017 audire
2648 1963 2965 2034 sapientiam
3013 1960 3128 2030 ejus
3166 1960 3282 2014 tlll

1703 2051 1828 2123 Reg.
1851 2069 1883 2106 χ
1909 2095 1923 2120 ,
1958 2052 2033 2122 l).
2078 2052 2167 2107 Sic
2194 2062 2246 2108 et
2268 2052 2516 2109 Christus
2545 2054 2637 2124 qui
2675 2069 2835 2109 verus
2866 2054 3123 2124 paciﬁcus
3153 2054 3247 2106 fuit
3268 2094 3282 2119 ,

1704 2144 1961 2198 mundum
1986 2141 2307 2211 justilicavit
2351 2153 2405 2199 et
2451 2143 2561 2198 Deo
2596 2143 2920 2214 paciﬁcatit.
2972 2144 3037 2198 Et
3067 2144 3276 2214 sapien—

1703 2230 1945 2286 tissimus
1970 2233 2214 2287 existens
2245 2234 2486 2303 reginam
2514 2251 2541 2286 a
2564 2234 2762 2289 ﬁnibus
2786 2243 2964 2301 teme,
2988 2234 3284 2289 Ecclesium

1706 2324 1935 2388 scilicet,
1964 2340 2125 2394 quam
2156 2341 2222 2379 ex
2256 2327 2464 2395 captiva
2492 2328 2729 2399 reginam
2757 2335 2811 2383 et
2851 2342 3102 2399 sponsam
3134 2343 3282 2382 suam

1702 2412 1859 2481 fecit,
1885 2431 1983 2485 per
2008 2417 2390 2484 praedicatores
2428 2417 2494 2471 ad
2522 2432 2581 2472 se
2607 2418 2845 2484 vocavit;
2882 2427 2936 2472 et
2962 2416 3283 2486 sapientiam

1702 2516 2102 2575 prwceptorum
2134 2508 2251 2578 ejus
2291 2524 2410 2562 eam
2444 2511 2635 2564 audire
2674 2510 2822 2564 fecit.
2855 2510 2931 2565 De
2974 2510 3286 2565 dilatatione

1703 2596 1852 2667 regni
1882 2596 2000 2666 ejus
2022 2597 2247 2663 Christi,
2278 2608 2331 2654 et
2359 2598 2651 2669 dejustitia
2681 2610 2735 2655 et
2759 2615 2894 2670 pace.
2921 2601 2973 2655 in
3001 2588 3120 2670 ejus
3145 2610 3282 2653 tem-

1701 2703 1831 2757 pore
1863 2688 2037 2743 futura
2057 2731 2073 2756 ,
2103 2698 2157 2745 et
2186 2690 2250 2744 de
2280 2691 2397 2761 ejus
2428 2692 2766 2751 aeternitate.
2803 2700 2857 2747 et
2885 2692 3156 2762 quomodo
3181 2691 3282 2746 sibi

1701 2798 1925 2852 regnum
1954 2783 2195 2852 acquiret
2218 2823 2232 2847 ,
2258 2792 2313 2838 et
2344 2784 2434 2853 qui
2462 2785 2513 2838 in
2549 2800 2712 2854 regno
2738 2782 2855 2853 ejus
2882 2793 3071 2849 erunt,
3130 2793 3184 2839 ct
3215 2784 3281 2837 de

1701 2872 1817 2942 ejus
1840 2873 1986 2941 regni
2011 2873 2384 2928 benedictione
2426 2885 2481 2928 et
2509 2875 2805 2930 salvatione
2826 2874 3095 2943 Propheta
3128 2874 3237 2943 agit
3265 2916 3280 2940 ,

1701 2968 1753 3021 in
1788 2968 1953 3036 ipsius
1985 2968 2138 3021 laude
2180 2969 2313 3022 satis
2341 2969 2516 3038 ample
2546 2969 2904 3023 immorando.
2950 2968 3055 3022 I’ro
3085 2984 3192 3037 quo
3225 2968 3279 3020 in

1701 3058 1964 3126 principio
1992 3059 2179 3127 psalmi
2204 3068 2325 3112 orat
2343 3068 2399 3113 ut
2419 3060 2467 3112 ei
2493 3059 2631 3113 Deus
2654 3058 3093 3129 Patcrjudieiutn
3119 3067 3171 3112 et
3197 3058 3285 3112 hic

1701 3147 1837 3199 etin
1887 3144 2068 3201 futuro
2109 3148 2175 3202 ad
2225 3148 2508 3202 utilitatem
2540 3149 2722 3218 populi
2769 3149 2850 3203 sui
2902 3149 3118 3203 tribuat.
3153 3147 3285 3201 Orat

1703 3251 1917 3306 quoque
1952 3245 2010 3291 ut
2041 3247 2253 3292 montes
2285 3246 2337 3292 et
2364 3237 2527 3292 colles
2555 3255 2738 3307 pacem
2770 3254 2798 3293 a
2830 3240 2939 3292 Deo
2961 3236 3280 3306 suscipiant,

1702 3342 1863 3395 quam
1915 3338 2221 3397 susceptam
2277 3330 2472 3398 populo
2511 3338 2822 3399 suggerant.
2897 3329 2952 3382 In
3009 3328 3113 3382 ﬁne
3154 3344 3284 3383 vero

1701 3420 1889 3491 psalmi
1919 3422 2091 3477 eidem
2126 3422 2233 3493 regi
2254 3422 2642 3489 benedicendo,
2673 3422 2830 3477 nobis
2855 3422 2905 3477 ei
2929 3420 3282 3476 benediccndi

1700 3511 1790 3566 dat
1820 3512 2145 3581 exemplum.

1775 3604 1950 3665 Deus,
1976 3606 2237 3674 judicium
2259 3617 2403 3660 tuum
2434 3607 2540 3676 regi
2566 3606 2656 3673 da,
2683 3605 2734 3660 id
2762 3603 3114 3672 cstjudieiutn
3140 3603 3283 3674 quod

1705 3704 1760 3748 tu
1793 3709 1915 3747 eum
1975 3706 2164 3749 sancto
2224 3695 2425 3764 Spiritu
2472 3699 2539 3749 de
2592 3696 2791 3750 mundo
2819 3709 3071 3760 exerces,
3127 3703 3182 3749 et
3230 3695 3281 3748 itt

1697 3785 1880 3841 futuro
1920 3785 2163 3842 facturus
2192 3803 2278 3854 es,
2302 3789 2368 3843 da
2393 3787 2613 3843 Christo
2645 3788 2791 3859 regi,
2823 3789 3117 3844 secundum
3141 3787 3283 3857 quc-d

1697 3877 1860 3933 homo
1914 3886 2032 3944 est,
2118 3879 2261 3948 quod
2314 3878 2429 3948 jam
2503 3880 2712 3947 habet,
2790 3878 3085 3936 secundum
3141 3879 3285 3948 quod

1697 3970 1858 4027 Deus.
1892 3972 1958 4027 Et
1986 3972 2221 4027 ostendit
2260 3973 2400 4041 quod
2424 3971 2713 4043 judicium,
2763 3982 2818 4029 et
2860 3973 2948 4027 cui
2988 3973 3123 4040 regi,
3159 3986 3283 4026 cum

1697 4062 1885 4117 addit:
1914 4061 2263 4132 Etjustitiam
2292 4072 2436 4116 tuam
2479 4062 2590 4131 ﬁlio
2640 4064 2795 4133 regis.
2837 4062 2935 4117 llic
2980 4071 3159 4115 autem
3189 4075 3299 4129 per-

1694 4153 2020 4226 hendiadyin
2053 4155 2192 4210 idem
2240 4164 2323 4211 est
2353 4155 2566 4226 justitia
2592 4157 2733 4226 quod
2766 4164 2821 4210 et
2866 4154 3151 4223 judicium.
3201 4155 3281 4208 Ac

1692 4243 1737 4299 si
1775 4244 1947 4307 dicat,
1979 4244 2185 4301 scilicet
2222 4244 2363 4300 Filio
2395 4246 2471 4301 tui
2500 4246 2664 4317 regis,
2700 4244 2949 4308 Christo,
2986 4244 3050 4299 da
3076 4242 3280 4312 justum

80 4325 179 4378 mala
200 4332 350 4401 mihi,
381 4336 433 4390 id
469 4345 553 4392 est
598 4352 721 4393 cum
749 4340 1096 4411 praeviderint
1134 4344 1278 4412 quod
1330 4343 1593 4399 timebunt
1685 4334 1947 4405 judicium
2000 4347 2173 4391 tuum.
2242 4336 2303 4391 Et
2355 4337 2493 4393 bene
2532 4336 2663 4391 dicit
2732 4345 2913 4399 tuum,
2975 4349 3099 4389 cum
3179 4334 3282 4388 hoc

81 4422 119 4499 t‘l
149 4422 512 4484 confundentur
559 4430 613 4484 in
664 4431 847 4486 futuro
892 4433 1204 4488 omnimoda
1250 4434 1587 4491 confusione.
1686 4427 1947 4499 judicium
1992 4428 2171 4485 Patris
2229 4429 2346 4494 sit,
2419 4437 2475 4484 et
2520 4429 2640 4483 Filii
2686 4436 2741 4483 et
2790 4428 3028 4498 Spiritus
3074 4426 3274 4481 sancti.

83 4501 135 4560 Illi
158 4513 231 4581 qui
255 4530 498 4587 quac-runt
529 4522 671 4579 mala
715 4525 893 4593 meis,
951 4526 1043 4596 qui
1084 4527 1174 4582 hic
1203 4542 1310 4582 non
1340 4527 1593 4584 videntur
1622 4536 1670 4595 ι)
1698 4523 1846 4578 Licet
1891 4524 1994 4578 hoc
2050 4540 2080 4578 a
2137 4523 2460 4592 quibusdam
2512 4528 2790 4576 astruatur
2827 4538 2842 4575 :
2899 4540 2916 4571 ε
2955 4519 3070 4575 Non
3128 4518 3273 4572 enim

83 4609 341 4677 merentes,
368 4618 462 4669 sed
485 4616 696 4682 securi;
729 4631 832 4673 nec
852 4617 1086 4688 confusi,
1118 4620 1213 4675 sed
1244 4620 1410 4677 beati.
1439 4622 1593 4689 Quod
1696 4617 1859 4689 267
1889 4616 2051 4671 Pater
2063 4616 2269 4686 judicat
2292 4628 2641 4685 quemquam,
2672 4612 2765 4669 sed
2809 4627 2970 4667 omne
3016 4610 3282 4682 judicium

82 4692 334 4782 estdicere:
364 4703 418 4760 In
446 4705 550 4764 hac
570 4713 623 4760 te
645 4705 846 4775 justum
868 4707 1109 4782 judicem
1143 4724 1266 4765 esse
1297 4712 1590 4769 annuntia—

81 4774 191 4851 bunt.
216 4794 342 4858 quod
372 4774 743 4865 pnevidebunt
765 4774 1015 4856 inimicos
1041 4816 1169 4858 suos
1204 4802 1351 4873 justo
1386 4802 1593 4874 judicio

84 4876 145 4924 tuo
171 4874 351 4940 futuros
373 4901 494 4946 esse
522 4888 775 4945 confusos
804 4900 859 4953 et
888 4902 1222 4950 reveretttes.

472 4977 540 5036 IN
580 4978 912 5040 PSALMUM
950 4981 1136 5038 LXXI.

83 5052 296 5172 [Simius
315 5072 694 5172 septuagesimi
718 5073 906 5142 primi:
935 5072 1183 5131 Psaltmts
1210 5078 1378 5133 David
1401 5081 1454 5135 in
1483 5080 1589 5137 Sa-
1618 5114 1629 5125 ι

82 5156 295 5243 εξηιιξνξεηι.
346 5157 498 5225 Quod
534 5161 615 5216 sic
658 5164 993 5233 exponitur:
1052 5165 1298 5222 Psalmus
1352 5170 1457 5227 iste
1507 5179 1593 5226 est

84 5225 200 5288 θαυίά
226 5245 484 5313 propheta:
509 5250 563 5304 in
586 5247 921 5322 Salamonem,
943 5257 1318 5327 respicientis,
1348 5259 1399 5313 id
1426 5271 1509 5315 est
1536 5261 1591 5316 in

84 5331 215 5389 νετυω
232 5333 488 5396 Christum
531 5341 873 5400 Salomonetn
899 5388 915 5414 ,
956 5347 1010 5402 id
1053 5362 1136 5403 est
1182 5365 1366 5404 verum
1399 5350 1585 5421 paciﬁ-

220 5424 298 5490 qui
327 5426 457 5486 fecit
484 5440 714 5502 utraque
742 5449 907 5489 unum
932 5474 945 5500 ,
974 5444 1027 5490 et
1053 5436 1142 5506 qui
1169 5447 1253 5491 est
1272 5453 1373 5506 pax
1406 5447 1589 5493 nostra

82 5499 241 5569 (Ep/tes.
270 5521 461 5592 11,14).
517 5499 641 5579 Ilic'
672 5534 854 5581 autem
903 5499 1142 5597 psalmus
1184 5499 1288 5584 etsi
1343 5530 1590 5586 videatur

82 5598 268 5657 ιιιιλεάειηι
291 5607 480 5669 habere
519 5630 640 5685 qua:
669 5615 942 5672 Salomoni
976 5617 1084 5673 ﬁlio
1111 5619 1279 5673 David
1328 5616 1585 5691 contigis-

82 5694 191 5787 ξέηξ.
210 5697 395 5757 scilicet
417 5720 537 5760 cum
566 5707 691 5762 dicit
717 5725 730 5761 :
762 5707 901 5762 Deus
910 5708 1175 5777 judicium
1198 5721 1342 5763 tuum
1372 5712 1477 5781 regi
1496 5712 1582 5776 tia,

82 5783 112 5829 α
144 5783 366 5849 iustitiam
408 5806 546 5853 tuam
572 5799 681 5868 ﬁlio
722 5801 876 5871 regis.
932 5799 995 5854 Et
1029 5799 1292 5871 judicabit
1317 5818 1586 5873 pauperes

1695 4708 1841 4763 dedit
1863 4707 2002 4763 Filio
2032 4707 2213 4777 (Joan.
2241 4722 2293 4772 ν,
2316 4706 2429 4775 9.2).
2462 4725 2479 4758 ι
2512 4704 2665 4773 Quod
2694 4704 2827 4760 nihil
2861 4703 3105 4772 impedit,
3133 4718 3280 4766 cum,

1694 4798 1774 4852 sic
1797 4796 2197 4867 intelligendum
2222 4796 2294 4851 sit
2325 4813 2338 4850 :
2368 4815 2387 4847 ι
2408 4797 2567 4849 Pater
2584 4791 3275 4862 nonjudicatquemquatm

1693 4886 1996 4950 visibiliter,
2030 4888 2156 4956 quia
2179 4886 2292 4955 ipse
2314 4885 2597 4941 invisibilis
2617 4894 2731 4952 est;
2771 4902 2791 4937 ι
2831 4884 2925 4940 sed
2954 4898 3114 4939 omne
3134 4882 3282 4952 judi-
3312 4892 3313 4895 ‘

1692 4977 1835 5032 cium
1871 4978 2017 5032 dedit
2058 4977 2219 5039 Filio,
2253 4998 2271 5029 ο
2304 4978 2599 5032 secundum
2623 4976 2767 5048 quod
2812 4977 2976 5032 homo
2997 4986 3099 5040 est,
3133 4990 3280 5037 cum,

1692 5071 1985 5127 secundum
2008 5071 2151 5141 quod
2176 5071 2315 5125 Deus
2337 5080 2439 5135 est,
2470 5071 2691 5137 teoualis
2714 5070 2762 5127 ei
2787 5070 2878 5135 sit,
2921 5077 2977 5124 et
3003 5068 3135 5124 nihil
3182 5067 3281 5136 ipsi

1692 5165 1762 5221 ab
1790 5179 1856 5219 eo
1882 5162 2214 5219 conferatur.
2243 5161 2333 5218 Sic
2355 5163 2562 5218 scilicet
2582 5163 2729 5220 dedit
2751 5162 2889 5217 Filio
2925 5174 3085 5217 omne
3133 5156 3283 5226 judi-

1692 5256 1859 5321 cium,
1890 5266 1950 5311 ut
1977 5256 2111 5325 ipse,
2142 5256 2367 5311 visibilis
2387 5271 2677 5326 apparens,
2711 5263 2878 5309 totum
2904 5254 2957 5307 in
2990 5252 3171 5307 futuro
3186 5250 3277 5320 ju-

1693 5348 1858 5412 dicet,
1890 5359 2218 5418 cooperante
2251 5359 2429 5404 tamen
2456 5347 2801 5402 invisibiliter
2832 5345 2999 5401 totius
3040 5344 3280 5415 potentia

1692 5440 1993 5495 Trinitatis.
2024 5440 2321 5511 Esca-ponit
2349 5439 2788 5510 ipsumjudicium
2810 5452 2909 5508 per
2935 5444 3135 5509 partes,
3169 5436 3276 5491 sic:

1692 5533 1846 5599 Dico,
1880 5534 1949 5587 da
1972 5532 2083 5602 ﬁlio
2114 5535 2186 5588 tui
2208 5535 2339 5604 regis
2355 5530 2788 5598 Christojustum
2813 5530 3077 5599 judicium
3105 5539 3276 5589 tuum,

1690 5622 1899 5679 seiiicet
1931 5622 1998 5677 da
2027 5622 2075 5677 ei
2091 5623 2337 5692 judicare
2361 5619 2610 5690 populum
2661 5628 2809 5675 tuum
2862 5620 2917 5675 in
2950 5618 3185 5689 justitia,
3229 5628 3278 5671 et

1689 5728 1943 5782 pauperes
1971 5721 2086 5766 tuos
2116 5712 2169 5763 in
2194 5710 2417 5779 judicio.
2463 5708 2678 5765 Justiti-.1
2722 5718 2778 5765 et
2813 5708 3074 5780 judicium
3130 5706 3274 5761 idem

1691 5814 1789 5861 est.
1815 5804 2076 5876 Populum
2105 5811 2262 5859 vocat
2290 5801 2550 5871 minores,
2606 5816 2873 5873 pauperes
2926 5810 3101 5857 autem
3153 5815 3279 5855 San—
