3856 6322
527 391 622 448 991

1065 391 1104 446 S
1165 389 1514 446 BRUNO‘NIS
1555 385 2199 446 CARTIIUSIANORUM
2239 384 2726 443 INSTITUTORIS
2763 388 2911 444 OPP.
2945 389 3122 443 PARS
3151 387 3191 441 ἲ.
3655 393 3738 452 932

529 508 754 571 ctiorcs,
779 522 892 576 qui,
929 509 1186 562 mundum
1229 509 1448 564 omnino
1478 516 1811 577 spernentes,
1838 505 2112 560 Christum
2143 507 2190 566 Α
2216 506 2530 568 calumnias,
2559 503 2610 557 id
2631 513 2714 560 est
2749 505 3009 558 scandala
3050 504 3238 570 infert,
3269 518 3338 559 ne
3357 503 3563 562 ulterius
3597 505 3736 569 locum

531 599 659 652 nudi
689 609 744 654 ct
775 600 960 670 inopes
990 611 1309 670 sequuntur.
1339 601 1406 654 Et
1437 609 1520 654 est
1559 614 1623 653 ac
1666 599 1710 652 si
1745 599 1888 652 dicat
1919 611 1933 650 :
1963 596 2036 650 Da
2065 597 2113 650 ei

530 692 830 760 potentiam
858 694 909 746 in
941 693 1121 747 futuro
1141 691 1420 761 judicandi
1449 690 1703 760 populum
1739 697 1910 751 tuum,
1948 688 2000 742 id
2031 696 2114 742 est

531 786 771 842 minores
798 786 1002 848 fideles,
1041 788 1128 856 qui
1162 786 1388 856 populus
1417 785 1692 849 dicuntur,
1735 797 1799 836 eo
1823 781 1964 851 quod
1997 797 2112 834 ma-

530 879 678 932 xima
723 879 934 932 inultitu
959 881 1006 933 lo
1031 879 1134 934 erit
1163 893 1368 939 eorum,
1397 876 1460 928 ad
1487 875 1945 943 comparationem
1997 888 2113 926 ma-

531 969 728 1024 lorum.
756 971 853 1026 Vel
890 971 967 1026 sic
1001 971 1053 1024 hi
1097 971 1202 1023 duo
1233 983 1424 1023 versus
1457 967 1706 1036 leguntur
1737 985 1749 1020 :
1783 966 2113 1035 Deus,judi-

532 1062 670 1114 cium
698 1073 847 1115 tuum
879 1062 984 1131 regi
1012 1063 1098 1121 da,
1127 1068 1181 1113 et
1215 1059 1302 1114 hic
1323 1059 1450 1114 etin
1480 1057 2113 1125 futuro;etutjudicium

532 1152 659 1208 illud
689 1153 857 1222 prosit
887 1151 1080 1221 populo
1104 1149 1510 1213 salvandorum,
1560 1149 1624 1202 da
1646 1147 1912 1218 justitiam
1944 1159 2111 1211 luant,

531 1243 584 1297 id
606 1241 967 1308 estjustitiam
997 1257 1116 1310 quze
1151 1255 1215 1294 ex
1249 1249 1300 1294 te
1322 1247 1425 1305 est,
1473 1239 1584 1307 ﬁlio
1615 1239 1756 1293 illius
1789 1241 1940 1308 regis,
1964 1239 2113 1294 scili-

529 1334 837 1404 cet‘populo
866 1331 1198 1397 Christiano,
1231 1333 1321 1403 qui
1349 1332 1490 1386 filius
1536 1331 1638 1385 erit
1665 1331 1926 1401 spiritalis
1971 1330 2114 1401 regis

530 1427 690 1480 illius.
722 1425 875 1492 Quod
907 1425 1231 1481 estdicere:
1261 1425 1505 1481 Justilica
1551 1426 1700 1480 illum
1753 1427 1894 1496 regis
1922 1427 2113 1495 lilium,

525 1527 577 1571 et
608 1517 902 1571 secundum
932 1526 1278 1587 peccatorum
1304 1517 1701 1584 remissionem,
1733 1529 1785 1573 et
1814 1519 2112 1573 secundum

525 1609 785 1662 vTrtutum
813 1618 867 1664 et
888 1609 1153 1664 bonorum
1183 1625 1409 1680 operum
1444 1609 1853 1678 perfectionem.
1887 1609 1942 1665 Si
1967 1610 2111 1665 enim

527 1699 757 1769 injustas
789 1700 1209 1770 relinqueretur,
1237 1703 1384 1772 justo
1415 1702 1620 1772 judicio
1651 1703 1794 1772 regis
1825 1703 2115 1756 damnare-

527 1801 636 1847 tatr.
662 1792 728 1846 Et
755 1795 1258 1864 exponitjudicium
1293 1811 1387 1864 per
1441 1804 1642 1865 partes,
1701 1795 1990 1862 sictDico,
2044 1796 2114 1850 da

524 1884 816 1954 judicium,
843 1887 1050 1940 scilicet
1079 1887 1145 1941 da
1176 1887 1224 1940 ei
1255 1887 1500 1956 judicare
1531 1889 1620 1942 hic
1648 1887 1898 1958 populum
1945 1898 2113 1953 tuum,

527 1992 684 2043 quem
709 1977 818 2031 dixi
858 1977 1027 2032 lilium
1053 1979 1221 2048 regis;
1253 1981 1304 2032 in
1325 1980 1566 2048 justitia,
1612 1979 1661 2032 id
1692 1989 1777 2033 est
1820 1965 2115 2034 secundum

526 2082 559 2136 q
584 2068 666 2121 tod
691 2067 902 2138 jastilia
942 2069 1109 2138 ipsius
1137 2067 1314 2139 populi
1347 2069 1743 2136 promerebitur
1791 2085 1821 2122 a
1872 2077 1925 2123 te
1971 2071 2116 2136 data,

527 2158 840 2227 scificetut,
862 2175 983 2216 cum
1016 2161 1154 2216 idem
1184 2161 1410 2232 populus
1461 2161 1513 2214 in
1549 2163 1650 2216 hoc
1699 2160 1900 2215 mundo
1939 2159 2121 2229 justus

529 2253 620 2315 sit,
647 2251 769 2321 plus
792 2253 861 2307 ab
891 2255 1081 2309 eodem
1113 2253 1610 2325 regejustilieetur.

597 2344 665 2398 Et
691 2345 756 2399 da
780 2345 828 2400 ei
861 2345 971 2416 regi
1003 2345 1251 2415 judicare
1299 2347 1352 2398 in
1407 2345 1688 2399 futurum
1725 2344 1933 2414 judicio
1971 2343 2120 2412 justo

528 2451 778 2504 pauperes
811 2445 948 2502 tuos,
995 2436 1183 2492 ﬁdeles
1225 2437 1430 2492 scilicet
1473 2438 1564 2508 qui
1613 2452 1718 2491 non
1779 2446 1934 2491 extra
1983 2436 2120 2491 velle

529 2532 656 2577 sunt
681 2540 968 2594 pauperes;
1003 2527 1097 2581 sed
1129 2527 1204 2581 tui
1233 2542 1519 2597 pauperes,
1546 2529 1598 2582 id
1623 2537 1726 2591 est,
1770 2543 1869 2597 pro
1898 2537 1969 2582 te.
2015 2526 2122 2583 Per

529 2627 584 2666 m
603 2612 766 2681 'jores
796 2623 972 2668 autem
1001 2615 1203 2682 fideles,
1232 2632 1368 2686 quos
1387 2633 1653 2687 pauperes
1668 2618 1821 2684 dicit,
1845 2617 2117 2672 datetiam

531 2705 831 2776 intelligere
861 2707 1130 2775 minores;
1169 2710 1284 2778 qui,
1317 2710 1361 2764 si
1393 2726 1498 2765 non
1550 2711 1659 2764 sint
1705 2711 1963 2765 mundum
2005 2725 2120 2766 om-

529 2796 658 2850 nino
686 2795 1070 2866 relinquentes,
1123 2799 1174 2853 in
1221 2799 1401 2857 futuro
1449 2811 1626 2856 tamen
1682 2801 1921 2872 salvandi
1973 2811 2116 2857 sunt.

531 2883 602 2940 Ut
624 2896 803 2941 autem
835 2887 979 2942 istud
1001 2888 1264 2957 judicium
1300 2890 1391 2946 liat
1438 2904 1490 2946 et
1515 2893 1600 2949 hic
1629 2902 1684 2948 et
1715 2894 1766 2947 in
1795 2893 1995 2958 futuro,
2031 2911 2122 2947 su-

528 2978 750 3046 scipiant
790 2991 990 3035 montes
1031 2999 1208 3052 pacem
1257 2985 1450 3052 papula
1501 2987 1881 3053 exhibendam,
1935 2986 1985 3040 id
2037 2997 2118 3041 est

533 3071 790 3141 apostoli,
821 3075 910 3143 qui
949 3074 1042 3128 alti
1071 3083 1197 3132 sunt
1243 3086 1303 3130 ut
1331 3087 1540 3132 montes
1574 3079 1637 3132 ad
1661 3081 2117 3149 comparationem

2215 595 2408 650 habeat
2435 597 2515 650 eis
2535 595 2916 650 cahnnniandi.

2286 687 2382 743 Vel
2403 687 2482 756 sic
2505 697 2680 758 potest
2703 689 2832 758 legi,
2867 690 3162 744 secundum
3193 691 3513 746 sententiam
3541 707 3672 764 quain
3700 700 3738 757 in

2215 781 2422 836 duobus
2456 781 2644 851 primis
2669 782 2920 838 versibus
2950 783 3324 852 exposuimus,
3378 793 3437 838 ut
3463 789 3742 849 continuatio

2218 887 2320 924 non
2362 880 2601 925 mutetur
2632 890 2644 925 :
2677 873 2842 943 268
2890 873 3184 943 Postquam
3229 889 3420 943 pacem
3467 883 3743 949 susceperint

2216 971 2447 1024 montes,
2479 972 2532 1015 et
2555 962 2739 1025 colles,
2767 975 2821 1015 et
2845 963 3047 1033 populi,
3075 964 3341 1032 judicabit
3374 965 3480 1030 hic,
3528 967 3574 1021 id
3593 979 3661 1025 est
3682 988 3744 1028 rr-

2217 1053 2522 1107 munerabit
2545 1054 2630 1106 hic
2651 1070 2902 1123 pauperes
2926 1055 3128 1124 populi,
3178 1055 3414 1124 majores
3458 1058 3658 1125 scilicet,
3680 1072 3741 1128 ut,

2215 1143 2487 1213 cumjusti
2513 1145 2641 1209 sint,
2670 1144 2834 1200 faciat
2861 1161 2954 1201 eos
2974 1146 3258 1216 jusliores.
3297 1149 3364 1202 Et
3389 1163 3483 1218 per
3509 1150 3634 1206 hanc
3652 1169 3746 1223 par-

2217 1246 2322 1292 tem
2345 1235 2522 1290 innuit
2547 1239 2690 1306 quod
2714 1247 2769 1291 et
2800 1237 3054 1302 minores,
3106 1237 3231 1292 licet
3254 1254 3363 1292 non
3389 1241 3518 1294 adeo
3541 1243 3742 1312 perfecte,

2207 1325 2362 1396 juxta
2392 1327 2494 1382 hoc
2524 1336 2700 1382 tamen
2733 1329 2878 1397 quod
2903 1329 3118 1398 justitia
3168 1346 3360 1385 eorum
3393 1331 3581 1402 exiget,
3609 1343 3748 1390 remu-

2217 1417 2446 1480 nerabit,
2481 1427 2526 1469 et
2556 1416 2726 1471 salvos
2749 1417 2904 1486 faciet
2929 1417 2981 1472 in
3009 1418 3194 1474 futuro
3246 1419 3546 1476 salvatione
3587 1433 3746 1481 aeterna

2213 1509 2349 1578 ﬁlios
2374 1526 2684 1580 pauperum,
2716 1511 2766 1564 id
2791 1519 2875 1565 est
2904 1511 3164 1567 minores.
3193 1512 3264 1568 Et
3284 1528 3385 1584 per
3406 1514 3506 1570 hoc
3527 1516 3665 1572 datur
3689 1521 3748 1574 in-

2219 1602 2381 1672 telligi
2407 1602 2549 1672 quod
2581 1602 2751 1658 multo
2773 1604 2944 1674 magis
2973 1603 3118 1674 ipsos
3142 1620 3432 1674 pauperes,
3453 1622 3656 1676 quorum
3679 1611 3746 1666 lilii

2214 1696 2657 1764 erunt,sa|vabit;
2679 1708 2726 1751 et
2754 1697 3047 1751 Immiliabit
3069 1699 3504 1752 calumniatorem
3523 1701 3568 1753 in
3589 1701 3746 1759 futuro.

2218 1789 2330 1843 lloc
2359 1804 2461 1842 non
2500 1797 2758 1842 tnutatur.
2790 1787 2998 1842 Laudat
3023 1797 3204 1842 autem
3233 1805 3357 1844 eum
3387 1791 3452 1843 de
3498 1793 3748 1847 mternitate

2221 1896 2339 1945 sua,
2386 1881 2464 1934 sic
2492 1898 2505 1933 :
2533 1880 2663 1934 Dico
2717 1882 2858 1949 quod
2898 1880 3198 1934 humiliabit
3251 1881 3676 1948 calumniatorem,
3713 1898 3748 1939 rt

2221 1971 2358 2025 idem
2389 1986 2481 2024 rex
2509 1971 2600 2038 qui
2633 1985 2753 2024 eum
2789 1970 3114 2038 humiliabit,
3161 1973 3482 2037 permanebit
3521 1975 3569 2027 in
3615 1975 3748 2032 futuro

2220 2076 2336 2114 cum
2366 2058 2492 2124 sole,
2524 2059 2575 2112 id
2597 2068 2678 2113 est
2708 2075 2830 2113 cum
2853 2058 3132 2128 majestate
3151 2060 3348 2120 Patris.
3378 2065 3651 2117 secundum
3672 2066 3750 2120 dei-

2223 2161 2386 2206 tatem
2415 2151 2464 2206 ei
2495 2151 2995 2207 consubstantialis.
3021 2151 3184 2207 Pater
3209 2161 3395 2208 autem
3416 2153 3538 2222 jure
3562 2155 3632 2210 sol
3651 2158 3751 2212 dici-

2223 2250 2329 2306 tur,
2356 2243 2509 2312 cujus
2548 2251 2757 2296 naturai
2806 2243 3031 2304 claritas
3073 2259 3100 2298 a
3151 2245 3302 2300 nullo
3353 2255 3530 2316 potest
3567 2248 3752 2316 perfecte

2221 2331 2599 2401 contemplari,
2654 2333 2798 2387 sicut
2828 2333 2961 2388 solis
3001 2333 3222 2388 c‘.aritas
3278 2337 3347 2389 ab
3407 2336 3626 2390 humano
3668 2340 3748 2393 risu

2220 2425 2461 2494 perfecte
2510 2426 2752 2496 conspici
2801 2427 3018 2496 nequit;
3055 2439 3100 2482 et
3149 2428 3229 2482 sic
3284 2431 3608 2498 permanebit
3646 2434 3751 2501 quod

2221 2534 2282 2573 er
2310 2529 2468 2572 tante
2495 2517 2697 2584 lunam,
2735 2519 2786 2574 id
2815 2529 2920 2584 est,
2949 2520 2999 2573 in
3025 2521 3318 2589 priesentia
3353 2521 3493 2575 luna:
3512 2528 3751 2577 secundum

2220 2612 2629 2666 humanitatem.
2661 2612 2972 2668 Secundum
2998 2613 3256 2668 deitatem
3304 2629 3538 2684 namque
3565 2631 3653 2669 non
3693 2626 3752 2670 est

2220 2703 2430 2768 locatis,
2469 2704 2680 2758 scilicet
2721 2704 2774 2758 in
2827 2705 3114 2774 prtesentia
3163 2704 3421 2760 Ecclesiae
3444 2721 3550 2760 suae
3577 2705 3678 2769 erit,
3712 2717 3754 2759 ut

2221 2795 2288 2849 ad
2311 2796 2583 2850 cumulum
2612 2796 2962 2850 beatitudinis
2993 2797 3232 2866 ejusdem
3260 2795 3515 2850 Ecclesia:
3536 2797 3595 2850 ab
3609 2797 3751 2852 eadem

2215 2887 2418 2958 jugiter
2436 2887 2816 2957 conSpiciatur.
2837 2887 3086 2943 Ostendit
3107 2905 3232 2941 vero
3255 2890 3405 2956 quod
3429 2898 3576 2942 vocet
3593 2888 3751 2948 lunata,

2221 2993 2341 3031 cum
2372 2979 2559 3032 addit:
2615 2977 2678 3032 In
2719 2981 3052 3049 generatione
3111 2979 3324 3034 scilicet
3382 2989 3430 3034 et
3478 2980 3753 3049 generatione

2221 3069 2343 3132 erit,
2372 3071 2420 3122 id
2449 3079 2529 3124 est
2560 3070 2928 3139 inpraesentia
2981 3070 3352 3139 generationis
3403 3081 3459 3124 et
3509 3069 3755 3140 generatio.

533 3163 774 3232 collium,
802 3165 1098 3236 suscipiant
1138 3167 1202 3223 al.
1237 3168 1354 3240 ipso
1383 3185 1508 3240 rege
1538 3187 1748 3241 pacem,
1781 3171 1833 3226 id
1859 3181 1942 3226 est
1983 3171 2116 3226 dile-
2146 3200 2186 3256 Ο
2223 3162 2326 3227 nis,
2367 3161 2417 3215 id
2446 3173 2529 3216 est
2565 3163 2745 3216 omnis
2772 3161 3142 3232 generationis
3187 3161 3484 3230 justorum.
3541 3163 3656 3216 Cum
3695 3162 3754 3214 liis

529 3253 762 3309 ctionem
795 3257 888 3310 Dei
921 3267 974 3311 et
1003 3258 1254 3326 proximi,
1305 3275 1399 3330 per
1426 3275 1587 3329 quam
1620 3277 1724 3332 pax
1773 3277 1898 3332 erga
1947 3262 2114 3316 Deum

530 3341 764 3398 habetur
781 3353 834 3399 et
859 3358 983 3415 erga
1019 3347 1344 3415 proximum.
1382 3349 1730 3421 ldeoquepax
1755 3350 1878 3419 jure
1895 3351 2114 3417 dicitur,

530 3447 697 3502 quam
727 3435 945 3505 populo,
972 3437 1024 3492 id
1055 3447 1138 3493 est
1169 3441 1472 3496 minoribus
1503 3442 1846 3496 annuntient.
1893 3441 1957 3495 Et
1985 3458 2116 3511 qur:-

532 3529 680 3581 niam
713 3538 925 3583 montes
955 3545 1060 3584 non
1095 3530 1424 3598 sufficerent,
1452 3533 1634 3598 colles,
1667 3533 1717 3588 id
1741 3542 1848 3598 est,
1876 3534 2116 3589 minores

531 3619 939 3688 praedicatores,
973 3623 1062 3690 qui
1093 3623 1349 3679 dicuntur
1367 3624 1535 3680 colles
1563 3639 1629 3680 eo
1660 3625 1802 3695 quod
1835 3624 2118 3679 inferiores

533 3718 694 3762 erunt
727 3709 779 3762 in
817 3711 1128 3779 sanctitate,
1171 3715 1236 3767 ad
1269 3715 1732 3784 comparationem
1779 3715 1994 3769 collium
2025 3715 2117 3785 qui

532 3799 808 3853 montibus
833 3812 956 3856 sunt
997 3803 1302 3868 inferiores,
1333 3807 1621 3876 suscipiant
1670 3806 1737 3860 ab
1763 3806 1892 3875 ipsis
1919 3807 2117 3860 monti-

531 3888 916 3959 ltusjustitiam
958 3895 1147 3964 populo
1201 3895 1653 3950 annuntiandam.
1717 3895 1931 3951 Justitia
1981 3897 2117 3951 idem

530 3985 783 4052 estquod
818 4001 941 4054 pax.
965 3987 1030 4041 Et
1056 3988 1193 4042 bene
1223 3989 1441 4043 dilectio
1490 3989 1584 4043 Dei
1613 3999 1666 4044 et
1691 3990 1924 4060 proximi
1964 3990 2121 4061 justi-

533 4075 607 4129 tia
628 4077 845 4141 dicitur,
873 4094 936 4134 eo
964 4079 1105 4149 quod
1138 4082 1316 4136 omnis
1339 4097 1458 4135 eam
1481 4081 1716 4162 perfecte
1745 4082 1971 4146 habens,
2001 4097 2118 4152 per-

530 4165 1048 4238 feclejustilicatur.
1105 4174 1364 4228 Enuntiat
1421 4165 1790 4245 autem'quod
1835 4176 2039 4230 orando
2069 4187 2122 4230 et

533 4261 774 4328 optando
823 4263 979 4327 dixit,
1039 4265 1126 4318 ubi
1165 4265 1346 4334 po:~.uit
1379 4265 1624 4335 judicare
1674 4265 1942 4336 populum,
1988 4275 2117 4334 etc.,

532 4351 610 4406 sic
643 4370 656 4406 :
685 4353 834 4416 Dico,
866 4355 1152 4424 suscipiant
1200 4368 1398 4411 montes
1446 4375 1646 4426 pacem,
1695 4367 1740 4412 et
1767 4357 1920 4411 colles
1960 4359 2119 4428 justi-

535 4447 686 4507 tiam,
713 4446 908 4516 populo
938 4447 1321 4502 exhibendam.
1380 4449 1436 4502 Et
1473 4459 1753 4518 po.~tquam
1806 4457 2017 4503 montes
2069 4455 2122 4502 et

2218 3263 2380 3322 ponat
2406 3257 2808 3324 generationem,
2842 3255 2908 3309 de
2935 3253 3472 3322 omnibusjustorum
3503 3254 3754 3323 generatio-

2220 3347 2379 3401 nibus
2411 3347 2500 3400 dat
2533 3346 2856 3417 intelligere.
2906 3345 3205 3402 Generatio
3235 3355 3292 3402 et
3339 3347 3611 3418 generatio
3651 3345 3754 3398 idem

2219 3448 2302 3494 est
2341 3438 2480 3509 quod
2505 3425 2648 3493 lima.
2680 3439 2888 3493 Lunam
2913 3437 3214 3493 Ecclesium
3261 3437 3415 3503 dicit,
3467 3452 3531 3492 eo
3568 3437 3686 3506 quod
3718 3437 3755 3488 in

2222 3541 2460 3600 tempore
2488 3529 2880 3600 persecutionis
2908 3530 3188 3585 decrescat
3217 3544 3316 3599 per
3347 3526 3755 3598 imperfectionrnt

2220 3623 2476 3688 filiorum,
2500 3634 2557 3677 ut
2589 3624 2741 3690 luna,
2773 3632 2827 3677 et
2873 3623 2926 3676 in
2960 3633 3209 3693 tempore
3254 3621 3409 3691 pacis
3465 3627 3652 3674 crescat
3688 3633 3758 3686 per

2221 3712 2453 3767 ﬁliorum
2483 3712 2910 3782 regenerationis
2936 3719 3310 3782 augmentum.
3375 3709 3468 3764 Vel
3500 3709 3572 3763 sic
3602 3726 3614 3760 :
3660 3705 3755 3757 [ἐτ-

2220 3805 2444 3860 manebit
2475 3821 2593 3859 cum
2624 3803 2750 3872 sole,
2777 3804 2826 3859 id
2861 3813 2943 3860 est
2972 3803 3209 3873 quandiu
3242 3802 3323 3858 sol
3352 3802 3582 3856 durabit.
3612 3800 3661 3851 lit
3685 3799 3759 3850 hac

2221 3898 2440 3968 exponit
2471 3913 2593 3952 cum
2649 3897 2702 3950 in
2741 3896 3093 3966 sequentibus
3150 3895 3301 3950 addit
3332 3915 3345 3948 :
3379 3893 3593 3949 Scilicet
3630 3903 3758 3959 usque

2223 3989 2274 4043 in
2302 4005 2345 4060 gi
2370 3989 2707 4044 nerationem
2755 3989 2913 4058 hujus
2965 3987 3334 4058 generationis
3389 3985 3756 4044 subsecutivatn,

2221 4092 2274 4137 ct
2305 4083 2712 4152 generationem
2765 4082 3032 4136 ultimam.
3084 4079 3220 4135 Cum
3272 4080 3360 4134 bis
3404 4079 3757 4150 generationem

2221 4175 2395 4242 ponit,
2428 4187 2617 4227 omnes
2642 4172 3024 4243 generationes
3045 4171 3140 4225 dat
3172 4169 3496 4240 intelligere.
3548 4171 3618 4223 Ac
3641 4168 3672 4222 si
3695 4167 3756 4219 di-

2223 4273 2305 4319 cat
2340 4264 2586 4318 :Tandiu
2654 4262 3042 4334 permanebit,
3102 4262 3341 4332 quandiu
3392 4262 3572 4316 mundi
3615 4273 3758 4315 omnes

2223 4354 2602 4424 generationes
2631 4355 2906 4408 duratura:
2946 4363 3092 4408 sunt.
3149 4353 3213 4407 Et
3261 4369 3329 4407 ne
3375 4361 3644 4420 putaretur
3669 4356 3758 4416 post

2224 4446 2388 4502 solem
2415 4454 2465 4500 et
2494 4446 2871 4515 generationes
2899 4459 3002 4498 non
3027 4459 3148 4498 esse
3179 4457 3588 4513 permansurus,
3613 4437 3752 4491 addit:

532 4535 698 4590 colles
727 4553 910 4606 pacem
943 4538 1138 4608 popqu
1159 4541 1511 4609 susceperint,
1545 4540 1802 4609 judicubit
1835 4540 1918 4596 ille
1945 4557 2033 4594 rex
2066 4541 2116 4593 in
2151 4545 2196 4604 D
2226 4537 2292 4590 Et
2324 4547 2446 4590 ante
2478 4537 2662 4591 lunam
2688 4545 2773 4591 est
2811 4537 2946 4605 ipse,
2980 4537 3031 4591 id
3062 4545 3148 4591 est
3183 4535 3402 4605 dignior
3423 4543 3480 4588 et
3520 4521 3759 4587 durabiliot‘

537 4626 721 4681 futuro
766 4647 1017 4700 pauperes
1062 4632 1262 4701 populi,
1312 4633 1523 4687 scilicet
1568 4634 1929 4688 remunerabit
1974 4634 2118 4700 justo

527 4717 735 4786 judicio
767 4735 863 4772 suo
900 4720 1018 4774 illus
1045 4738 1180 4790 quos
1209 4723 1318 4775 dixi
1355 4732 1564 4776 montes
1594 4732 1647 4776 et
1672 4722 1854 4787 colles,
1875 4723 1964 4792 qui
1991 4738 2121 4792 pau-

533 4825 570 4882 p
589 4825 694 4865 ‘res
721 4814 977 4867 erunthic
1010 4816 1060 4868 iu
1087 4815 1280 4885 populo
1307 4831 1429 4878 suo,
1449 4817 1702 4868 mundum
1731 4812 2115 4882 relinquentes;

534 4889 776 4966 etsaluos
824 4903 979 4971 faciet
1025 4915 1226 4960 interna
1259 4906 1556 4961 salvatioue
1604 4903 1742 4973 ﬁlios
1795 4921 2116 4982 pauperum,

535 4997 808 5068 subjectos
836 4998 1044 5055 scilicet
1071 5001 1162 5070 qui
1197 4999 1288 5053 filii
1323 5009 1482 5054 erunt
1535 4999 1806 5068 spiritales
1854 4998 2122 5068 apostolo-

537 5103 656 5147 t‘um
687 5099 742 5144 et
776 5089 1215 5161 prtetlicatornm,
1250 5100 1294 5143 et
1325 5089 1622 5142 Itumiliabit
1667 5089 2116 5151 calumniatorem,

535 5177 808 5233 diabolum
837 5179 1356 5247 scilicetdepritnet,
1413 5191 1480 5231 ne
1527 5178 1754 5232 ulterius
1796 5178 1973 5231 locum
2022 5179 2120 5231 ha-

539 5269 664 5324 beat
695 5285 822 5324 suos
849 5273 1090 5325 tentandi
1123 5269 1205 5324 vel
1230 5269 1546 5327 accusandi.
1593 5269 1692 5336 Qui
1715 5271 1948 5339 quandiu
1971 5285 2122 5323 mttu-

541 5363 641 5418 dus
665 5364 766 5418 iste
795 5364 975 5429 durat,
1019 5363 1380 5418 calumniator
1416 5373 1519 5424 est,
1575 5365 1624 5416 id
1679 5375 1762 5418 est
1815 5373 2120 5424 accusator,

539 5471 646 5514 non
687 5469 838 5514 voce,
861 5453 955 5507 sed
987 5453 1124 5506 mala
1149 5469 1242 5507 sua
1287 5454 1659 5523 conceptione.
1708 5454 1802 5509 Est
1841 5455 2002 5508 etiam
2035 5470 2124 5508 Ca-

540 5546 857 5608 lumniator,
878 5545 928 5597 id
951 5554 1032 5599 est
1055 5544 1105 5598 in
1122 5553 1374 5614 quantum
1398 5553 1576 5616 potest
1602 5545 1765 5600 totius
1781 5543 1904 5601 boni
1930 5546 2124 5600 distur-

542 5637 716 5692 hator.
739 5635 893 5688 lllum
927 5635 1070 5689 enim
1097 5633 1354 5690 usualitcr
1397 5635 1844 5691 calumniatorem
1894 5635 2125 5690 dicimus

542 5730 634 5800 qui
663 5729 866 5783 bonum
889 5727 1195 5782 disturbare
1248 5729 1497 5784 intendit.
1553 5726 1649 5784 Vel
1694 5725 2125 5781 catumniatorem

545 5818 861 5886 luemiliabit,
895 5818 946 5876 id
977 5828 1058 5876 est
1081 5836 1453 5893 quemcunque
1491 5822 1738 5892 impium,
1773 5820 1864 5891 qui
1901 5820 1986 5874 hic
2015 5819 2127 5875 suis

2222 4633 2326 4688 erit
2348 4631 2494 4697 luna,
2524 4630 2733 4685 scilicet
2758 4630 2902 4684 omni
2935 4645 2991 4685 re
3013 4627 3410 4692 commutabili,
3465 4641 3580 4696 qua:
3601 4637 3677 4693 per
3700 4620 3760 4671 lu-

2222 4739 2346 4777 nam
2371 4723 2489 4777 ideo
2519 4722 2858 4790 designatur,
2891 4722 3019 4791 quia
3066 4721 3193 4774 luna
3225 4733 3374 4790 saepe
3423 4721 3756 4773 commutatur.

2228 4811 2318 4866 Vel
2358 4812 2435 4866 sic
2468 4830 2481 4865 :
2510 4811 2586 4866 Ne
2613 4813 2885 4866 videretur
2913 4827 3018 4864 non
3045 4810 3208 4865 fuisse
3234 4817 3361 4863 ante
3388 4807 3650 4866 mundum,
3689 4801 3758 4851 ad-

2223 4903 2301 4958 dit
2329 4921 2342 4956 :
2376 4903 2578 4958 Etante
2601 4903 2780 4957 lunam
2808 4903 3131 4974 permansit,
3158 4901 3458 4957 secundum
3481 4897 3613 4968 quod
3638 4894 3758 4946 Deus.

2223 4995 2329 5049 Per
2361 4994 2539 5047 lunam
2570 4994 2959 5064 quippe,=qu:e
3005 5009 3132 5063 pars
3161 5002 3246 5047 est
3295 4992 3476 5047 omnis
3527 4996 3756 5044 creatura»,

2223 5102 2438 5142 omnem
2475 5097 2781 5141 creaturam
2811 5087 2923 5141 vult
2953 5085 3276 5156 intelligere.

2296 5181 2560 5248 Quoniam
2582 5190 2761 5235 autem
2790 5197 2912 5235 eum
2945 5196 3128 5251 regem
3154 5180 3390 5244 dixerat,
3447 5188 3500 5232 et
3537 5175 3758 5244 judicatu-

2225 5287 2344 5326 rum
2375 5286 2658 5342 pauperes,
2713 5282 2768 5325 et
2797 5273 2934 5326 filios
2989 5287 3311 5342 pauperum,
3367 5279 3546 5340 posset
3586 5263 3755 5336 quani,

2227 5364 2496 5433 quomodo
2517 5379 2610 5418 eos
2630 5365 2877 5433 acquiret
2903 5363 2955 5418 in
2999 5363 3258 5435 regnum?
3287 5363 3440 5429 Quod
3493 5361 3565 5416 sic
3610 5365 3758 5412 osten-

2226 5457 2306 5510 dit
2339 5474 2350 5508 :
2382 5455 2499 5510 Dixi
2531 5458 2672 5524 quod
2705 5471 2798 5510 rex
2826 5457 2951 5522 erit,
2976 5466 3030 5512 et
3060 5471 3327 5526 pauperes
3363 5465 3417 5510 et
3455 5453 3581 5508 ﬁlios
3598 5462 3760 5520 paupe-

2229 5561 2345 5599 rum
2369 5544 2655 5613 judicabit.
2683 5545 2828 5614 Quos
2855 5561 3118 5616 pauperes
3147 5557 3201 5600 et
3234 5545 3375 5600 filios
3405 5545 3481 5598 sic
3505 5544 3553 5596 in
3573 5550 3759 5608 regnum

2227 5637 2328 5692 sibi
2360 5637 2625 5705 nequiret,
2667 5637 2807 5706 quod
2839 5637 2986 5706 prius
3009 5637 3303 5700 descendet,
3331 5637 3382 5690 id
3409 5642 3504 5695 est,
3535 5629 3694 5685 veniet
3711 5625 3761 5678 de

2229 5724 2440 5779 sublimi
2475 5725 2844 5779 invisibilitate
2868 5740 2961 5778 sua
2991 5727 3040 5778 in
3078 5725 3322 5778 notitiam
3373 5720 3640 5792 primitira:
3683 5714 3761 5767 Ec-

2233 5815 2487 5871 clesiaedc
2511 5815 2878 5882 Judacis,sicut
2907 5815 3081 5884 rlut‘ia
3114 5813 3390 5870 descendit'
3411 5814 3458 5866 iu
3485 5809 3760 5875 vellamus:
