3856 6322
82 366 170 424 995

956 344 1315 406 EXPOSlTlO
1347 342 1411 401 IN
1453 340 1787 403 PSALMOS.
1817 373 1885 385 --
1911 338 2107 399 PSAL.
2149 342 2340 399 LXXI.

3180 355 3287 413 994

81 462 313 531 existente
346 466 485 522 sicca
513 467 564 520 in
595 474 833 535 tempore
855 461 1141 517 Gedeonis.
1172 461 1235 514 Et
1261 469 1379 529 post
1395 459 1615 512 descen-
1642 462 1689 519 Α
1717 454 1874 508 Juxta
1914 456 2055 525 quod
2095 456 2323 526 legitur:
2368 455 2503 511 Ecce
2544 474 2679 512 nora
2707 460 2846 515 facio
2882 464 3059 518 omnia
3086 465 3274 536 (Apoc.

82 568 157 618 det
184 561 227 613 in
257 556 493 611 notitiam
549 555 810 625 gentium,
846 553 977 605 sicut
1028 549 1280 605 stillantia
1325 546 1614 610 stillicidia,

83 653 234 710 idest,
256 648 387 701 sicut
414 644 683 699 stillantes
734 641 922 712 pluvia:
963 657 1118 709 super
1162 651 1348 692 terram
1390 639 1617 691 descen-

85 742 211 801 dunt,
240 735 287 789 id
316 743 397 788 est
422 748 586 802 super
614 748 817 795 aream,
847 731 1045 785 vellere
1070 738 1319 783 manente
1362 728 1525 781 sicco.
1554 727 1619 781 Et

82 831 199 883 bene
222 822 365 894 ponit
388 822 667 887 stillantia,
697 832 754 876 nt
780 820 950 874 valeat
972 820 1037 872 ad
1062 817 1489 873 similitudinem.
1532 815 1619 869 Si-

84 912 309 970 cntenim
328 908 665 963 stillicidium
688 909 881 978 pluviae
926 907 1117 972 stillat,
1164 907 1215 961 id
1246 915 1329 961 est
1359 905 1615 975 paulatim

84 1006 204 1063 ﬂuit:
232 1004 296 1056 ita
332 1010 384 1054 ct
413 1000 529 1068 ejus
556 1001 747 1054 notitia
782 999 1041 1069 paulatim
1094 1013 1192 1068 per
1236 999 1618 1068 prazdicatores

85 1102 129 1152 in
159 1106 340 1152 mentes
363 1096 638 1148 hominum
662 1094 830 1147 ﬂuxit.
864 1093 1026 1148 Mittit
1054 1103 1231 1146 autem
1264 1107 1362 1145 nos
1383 1092 1449 1144 ad
1485 1092 1617 1161 ligu-

84 1206 181 1243 ram
202 1187 423 1243 historia:
453 1187 519 1242 de
540 1185 810 1241 Gedeone.
865 1187 1034 1253 Quem
1082 1201 1203 1238 eum
1239 1184 1494 1239 Dominus
1540 1185 1619 1238 di-

83 1283 244 1345 xisset,
270 1278 513 1332 lsraclcm
536 1293 565 1332 a
592 1278 860 1349 gentibus,
885 1293 1002 1347 quae
1028 1277 1280 1331 nimirum
1326 1276 1473 1330 illum
1521 1294 1617 1347 op-

83 1379 382 1443 presserant,
411 1369 785 1436 liberaturum,
819 1370 1028 1441 signum
1067 1368 1288 1438 hujusce
1310 1367 1620 1423 salvationis

84 1480 109 1517 a
131 1462 335 1516 Domino
361 1460 514 1530 petiit
572 1461 711 1530 quod
752 1469 835 1515 est
859 1461 907 1514 ei
939 1475 968 1513 a
999 1460 1224 1514 Domino
1274 1474 1616 1526 concessum,

83 1552 279 1615 scilicet,
304 1560 356 1603 ut
381 1551 548 1604 vellus
573 1550 839 1619 quoddam
862 1551 913 1604 in
938 1565 1064 1605 area
1094 1550 1325 1620 positum
1346 1550 1619 1605 humidum

83 1642 335 1705 inveniret,
366 1655 490 1694 area
513 1641 655 1694 sicca
674 1641 971 1706 existente;
996 1640 1165 1694 altera
1180 1654 1310 1695 vero
1330 1640 1414 1694 die
1438 1655 1618 1695 aream

82 1730 324 1783 humidam
354 1728 498 1783 sicco
528 1728 722 1783 vellere
744 1724 893 1798 (Jud.
925 1744 1001 1793 v1,
1031 1727 1239 1797 57-40).
1300 1728 1405 1784 Per
1450 1729 1621 1784 vellus

1717 560 1816 609 xu,
1843 543 1919 614 5).
1956 544 2109 609 Quod
2147 554 2227 598 est
2264 546 2439 599 dicere
2470 563 2482 599 :
2523 546 2727 613 'l‘andiu
2752 564 2851 615 pax
2889 557 3002 617 ejus
3041 555 3278 616 durabit,

1718 636 1887 692 donec
1899 634 2125 689 mundus
2142 636 2239 689 iste
2255 644 2509 701 transeat,
2530 651 2633 689 non
2651 638 2791 706 quod
2805 652 2923 707 post
2941 657 3042 695 non
3061 644 3213 697 duret
3232 645 3286 697 in

1717 735 1997 789 aeternum,
2022 725 2113 779 sed
2134 726 2252 778 talia
2275 742 2468 795 genera
2487 726 2771 781 locationis
2794 729 2986 792 smpins
3003 731 3277 801 habemus.

1717 818 1861 871 velut
1882 833 2001 872 cum
2030 819 2288 873 dicimus:
2321 819 2583 888 Exspecta
2613 834 2696 872 me
2717 819 2886 874 donec
2914 822 3153 885 veniam;
3180 839 3282 875 non

1719 909 1858 976 quod
1896 917 2083 977 postea
2127 908 2355 962 velimus
2400 924 2524 962 eum
2559 909 2857 963 discedere.
2911 910 3115 963 Laudat
3163 926 3285 964 eum

1718 998 1889 1052 etiam’
1913 998 1978 1054 de
2009 998 2155 1068 regni
2184 996 2300 1065 ejus
2323 998 2695 1067 amplitudine,
2738 999 2817 1053 sic
2844 1038 2855 1051 .
2904 999 3034 1054 Dico
3060 1002 3204 1068 quod
3234 1001 3290 1053 in

1717 1086 1897 1139 diebus
1936 1086 2049 1155 ejus
2086 1087 2283 1141 orietur
2316 1086 2553 1155 justitia,
2600 1094 2655 1139 et
2696 1087 2811 1155 ipse
2864 1087 3221 1140 dominabitur
3259 1104 3291 1140 α

1720 1178 1852 1230 mari
1878 1176 2145 1241 orientali,
2187 1191 2357 1244 usque
2380 1175 2447 1229 ad
2477 1190 2623 1229 mare
2648 1176 3075 1243 occidentale,et
3097 1194 3124 1230 a
3151 1178 3291 1231 mari

1720 1266 1939 1319 australi
1994 1280 2162 1333 usque
2208 1266 2275 1320 ad
2326 1279 2473 1320 mare
2524 1264 2966 1332 septentrionale.
3012 1265 3164 1331 Quod
3206 1276 3292 1319 est

1720 1358 1921 1423 dicere,
1954 1358 2248 1412 dominium
2279 1358 2395 1428 ejus
2419 1358 2632 1412 durabit
2676 1357 2744 1411 ab
2780 1357 2987 1412 oriente
3026 1372 3192 1427 usque
3239 1358 3291 1410 in

1720 1452 2080 1516 occidentem,
2116 1460 2170 1506 et
2211 1452 2278 1505 ab
2321 1461 2504 1506 austro
2545 1464 2714 1519 usque
2742 1449 2808 1504 ad
2848 1450 3293 1519 septentrionem,

1719 1549 1775 1596 et
1814 1556 1844 1595 a
1873 1540 2091 1595 ﬂumine
2121 1540 2339 1609 incipiet
2368 1540 2656 1604 dominari,
2687 1540 2737 1592 id
2761 1546 2846 1593 est
2882 1552 2912 1591 a
2936 1537 3170 1591 Jordane
3200 1539 3292 1608 qui

1720 1631 1919 1687 ﬂumen
1950 1631 2378 1686 antonomastiee
2414 1631 2636 1694 dicitur,
2665 1644 2729 1682 eo
2767 1630 2909 1698 quod
2945 1628 3294 1696 dignissimus

1720 1723 1920 1778 ﬂuvius
1939 1723 2009 1776 sit
2040 1723 2091 1775 in
2120 1721 2322 1776 Jndtca.
2352 1721 2456 1775 Per
2480 1708 2768 1775 Jortlanem
2798 1727 2977 1774 autem
3004 1720 3095 1773 dat
3132 1719 3294 1772 intel-

82 1834 191 1887 ergo
226 1819 363 1888 prius
389 1834 416 1872 a
443 1817 618 1887 pluvia
653 1796 907 1883 infusum,
940 1796 1205 1873 .lndaicus
1224 1818 1449 1887 populus
1486 1833 1622 1887 ρτίε-
1653 1796 1696 1851 Β
1722 1816 1888 1887 ligere
1916 1815 2206 1884 baptisma,
2231 1814 2357 1883 quia
2400 1814 2453 1868 in
2497 1810 2731 1867 Iordane
2781 1811 3037 1865 Dominus
3076 1818 3158 1863 est
3195 1810 3291 1862 ba-

81 1910 388 1980 signabatnr,
416 1910 510 1978 qui
538 1924 595 1965 se
622 1925 650 1963 a
678 1911 784 1964 Deo
808 1911 925 1964 sine
955 1910 1047 1964 Dei
1072 1910 1396 1964 detrimento
1443 1910 1623 1979 aliquo

81 2004 338 2071 abruperat
381 2002 521 2056 sicut
574 2002 743 2057 vellus
798 2004 864 2057 ab
914 2017 1050 2067 ove,
1102 2002 1218 2057 sine
1267 2003 1461 2058 damno
1505 2004 1624 2059 ovis

81 2091 405 2161 abrumpitur.
469 2091 571 2158 Qui
637 2093 859 2162 pepulus
925 2101 1098 2148 tamen
1161 2093 1453 2148 secundum
1498 2108 1622 2163 par-

82 2194 171 2237 tem
246 2183 411 2238 imbre
473 2184 660 2253 gratite
716 2184 971 2255 spiritalis
1034 2194 1154 2239 erat
1219 2183 1621 2251 infundendus,

81 2274 296 2345 gentibus
332 2274 453 2329 inde
490 2275 649 2331 siccis
685 2277 1055 2330 existentibus.
1098 2276 1202 2330 Per
1237 2293 1418 2332 aream
1446 2286 1624 2332 autem

83 2365 222 2436 269
240 2382 360 2435 qua:
391 2377 576 2435 postea
608 2367 803 2423 vellere
823 2368 968 2423 sicco
991 2369 1207 2423 humida
1238 2370 1355 2434 fuit,
1386 2369 1625 2441 gentium

77 2458 278 2527 populus
323 2459 780 2529 praesignabatur.
831 2462 918 2531 qui
972 2469 1181 2528 postea,
1220 2460 1417 2517 Iudaeis
1467 2460 1627 2517 siccis

81 2548 345 2601 secundum
377 2550 664 2603 maximam
698 2560 902 2619 partem
935 2551 1003 2604 ab
1031 2551 1139 2619 ipsa
1172 2551 1369 2620 gratia,
1403 2565 1464 2605 ea
1509 2567 1627 2619 gra-

82 2638 146 2692 tia
170 2647 280 2692 erat
319 2639 637 2709 replendus;
671 2638 825 2709 juxta
862 2640 990 2695 illud
1031 2641 1269 2711 Apostoli
1304 2661 1316 2693 :
1357 2660 1375 2693 ι
1402 2642 1629 2698 Οωυὶιίιε

81 2728 280 2796 contigit
299 2744 360 2782 ex
396 2741 548 2799 parte
578 2730 629 2781 in
657 2729 841 2795 Israel,
865 2738 922 2783 ut
949 2729 1226 2799 plenitudo
1265 2732 1503 2800 gentium
1544 2733 1628 2784 in-

83 2829 227 2873 traret
261 2820 436 2890 (Rom.
470 2838 533 2884 tt,
563 2821 682 2892 25).
716 2842 734 2874 ι
777 2822 843 2876 Ει
877 2822 1013 2877 bene
1049 2837 1143 2891 per
1185 2838 1366 2875 aream
1416 2822 1629 2892 gentilis

82 2912 209 2981 plebs
236 2913 670 2981 portendebatur.
706 2914 839 2981 Quia
871 2914 1010 2969 sicut
1038 2928 1165 2967 area
1201 2913 1368 2968 vellus
1397 2914 1630 2968 circum-

82 3020 266 3074 quaque
298 3006 590 3072 ambiebat,
628 3005 706 3061 sic
739 3017 793 3060 et
826 3007 1067 3060 inﬁnitus
1106 3006 1343 3075 gentium
1402 3005 1628 3075 populus

82 3091 285 3160 Judmos,
327 3109 553 3163 quorum
595 3110 699 3149 non
747 3104 923 3149 tantus
972 3103 1088 3148 erat
1145 3109 1419 3160 nmnerus,
1481 3094 1627 3149 omni

83 3193 213 3251 parte
241 3184 479 3240 localiter
515 3185 899 3240 circumdabat.
942 3184 1081 3239 Bene
1121 3184 1283 3252 etiam
1320 3200 1443 3239 area
1475 3185 1622 3240 dice-

83 3275 253 3331 bantur
294 3278 384 3345 qui
446 3277 647 3332 terreni
702 3286 858 3331 erant
910 3277 961 3330 in
1032 3275 1427 3339 aﬂ‘cctionibus,
1492 3276 1627 3331 nihil

83 3380 243 3419 eorum
273 3384 390 3436 ante
427 3368 519 3421 Dei
560 3377 681 3421 sunt
716 3368 1007 3435 sapientes.
1046 3368 1184 3423 Area
1224 3381 1456 3437 namque
1496 3366 1625 3420 nihil

84 3456 202 3509 aliud
222 3467 485 3526 estquam
517 3468 679 3511 terra.
716 3459 808 3512 Vel
837 3459 914 3512 sic
945 3472 1131 3512 versus
1153 3458 1252 3513 iste
1288 3458 1387 3526 legi
1410 3468 1623 3527 potest:

86 3545 192 3599 Dico
226 3548 361 3615 quod
393 3547 652 3614 judicabit
693 3564 944 3617 pauperes
988 3557 1033 3601 et
1056 3548 1194 3615 ﬁlios
1229 3564 1544 3618 pauperum,
1573 3556 1627 3602 et

80 3634 208 3701 prius
244 3636 536 3690 descendet
584 3637 634 3690 in
680 3648 888 3691 uterum
928 3637 1193 3708 Virginis,
1220 3655 1322 3693 non
1359 3640 1623 3707 localiter,

81 3730 160 3782 sed
203 3730 549 3799 spiritaliter,
603 3733 732 3785 sicut
788 3733 962 3801 pluvia
1009 3733 1284 3788 descendit
1338 3736 1391 3789 in
1441 3737 1624 3791 vellus.

81 3816 208 3883 Quod
254 3828 337 3873 est
382 3820 564 3874 dicere
595 3839 607 3874 :
647 3820 794 3876 Sicut
830 3822 1006 3890 pluria
1042 3825 1322 3880 descendit
1374 3826 1426 3880 in
1457 3827 1627 3882 vellus

80 3909 209 3973 illud,
253 3912 368 3966 sine
403 3911 618 3967 velleris
656 3915 1037 3981 corruptione;
1077 3925 1133 3970 et
1161 3916 1280 3971 inde
1310 3917 1628 3986 exprimitur

79 4000 175 4054 sin-3
201 4000 433 4069 ejusdem
460 4002 671 4056 velleris
698 4002 932 4065 laesione,
964 4008 1041 4057 sic
1056 4013 1107 4057 et
1140 4003 1229 4057 Dei
1274 4005 1492 4058 verbum
1535 4006 1627 4059 de-

82 4089 282 4143 scendet
304 4091 357 4144 in
378 4090 672 4160 Virginem,
705 4091 755 4144 id
786 4101 879 4146 est
911 4092 1280 4147 incarnabitnr
1310 4095 1360 4148 in
1387 4093 1623 4165 Virgine,

77 4187 122 4231 rt
144 4190 388 4235 nascetur
411 4182 529 4235 sine
578 4180 815 4251 Virginis
861 4185 1226 4253 corruptione,
1276 4194 1331 4239 et
1373 4195 1494 4255 post
1532 4186 1626 4240 de-

77 4272 275 4325 scendet
302 4271 353 4325 in
379 4272 623 4325 notitiam
652 4273 950 4336 hominum,
983 4282 1039 4326 ut
1069 4288 1161 4327 eos
1188 4274 1414 4343 spiritali
1452 4274 1624 4345 gratia

77 4358 307 4423 imbutos,
337 4360 447 4415 Deo
483 4361 620 4416 bona
677 4376 839 4431 opera
888 4361 1215 4417 fructiﬁcare
1265 4363 1442 4425 facint,
1495 4366 1625 4418 sicut

1718 1910 1974 1980 ptizatus.
2003 1908 2083 1962 Ac
2104 1908 2150 1962 si
2186 1908 2370 1962 dicat:
2409 1906 2455 1961 A
2500 1913 2739 1975 tempore
2785 1902 3035 1972 baptismi
3075 1902 3297 1971 incipiet

1722 2012 1982 2068 apparere
2028 1996 2323 2051 dominium
2354 1996 2490 2066 ejus,
2529 2010 2626 2064 per
2655 1992 3093 2063 praedicationem
3118 2006 3291 2046 suam.

1722 2088 1861 2142 Ante
1883 2088 2206 2158 baptismum
2248 2086 2393 2141 enim
2426 2101 2531 2140 non
2565 2084 2899 2154 praedicavit,
2930 2097 3033 2135 non
3061 2090 3117 2135 ut
3145 2082 3297 2149 igno-

1725 2187 1890 2242 rarct,
1921 2177 2009 2244 qui
2036 2192 2062 2229 a
2098 2185 2338 2245 tempore
2361 2175 2658 2229 nativitatis
2687 2188 2796 2226 sme
2825 2171 3121 2225 secundum
3152 2172 3296 2239 quod

1726 2267 1886 2321 homo
1922 2276 2061 2330 erat,
2092 2267 2272 2319 omnia
2300 2266 2475 2319 scivit.
2519 2264 2635 2319 Non
2665 2265 2828 2326 enim,
2859 2272 2916 2315 ut
2958 2261 3294 2331 Augustinus

1724 2357 1938 2422 asserit,
1976 2356 2149 2410 locum
2186 2356 2384 2409 habere
2420 2362 2632 2423 poterat
2668 2351 3000 2421 ignorantia,
3036 2350 3126 2403 ubi
3178 2365 3299 2419 per-

1726 2450 1981 2507 sonaliter
2005 2458 2122 2503 erat
2161 2449 2530 2503 indesinenter
2565 2446 2741 2501 Patris
2764 2445 2948 2498 :etcrni
2983 2444 3246 2513 sapientia
3279 2458 3295 2498 :

1727 2541 1820 2596 sed
1869 2554 2037 2609 usque
2080 2548 2199 2609 post
2247 2554 2445 2595 annum
2501 2536 2895 2592 tricesimumct
2927 2544 3046 2602 post
3082 2535 3294 2604 baptis-

1728 2646 1873 2686 mum
1919 2630 2353 2700 praedicationem
2397 2627 2617 2682 differre
2659 2624 2848 2689 voluit,
2883 2632 2941 2678 ut
2990 2624 3299 2693 exemplum

1728 2724 1881 2779 daret
1910 2731 2035 2778 ante
2070 2723 2416 2791 baptismum,
2454 2730 2510 2777 et
2540 2718 2666 2773 anni
2695 2716 2954 2771 trieesimi
2984 2723 3219 2782 aztatem,
3268 2732 3301 2770 a

1728 2812 1876 2867 nullo
1914 2826 2034 2867 esse
2070 2812 2490 2881 prtedicandum.

1772 2924 1775 2927 δ
1800 2902 1934 2969 Quia
1960 2917 2091 2956 vero
2120 2908 2372 2970 posuerat
2398 2918 2429 2954 a
2453 2902 2588 2954 mari
2611 2918 2771 2972 usque
2802 2903 2871 2957 ad
2895 2919 3062 2970 mare,
3087 2910 3142 2956 et
3172 2913 3298 2955 cum

1731 2994 1900 3048 maria
1949 2991 2115 3046 multa
2164 2992 2293 3056 sint,
2343 2999 2525 3060 posset
2574 2992 2797 3064 intelligi
2843 2994 3300 3048 mediterraneum

1732 3100 1904 3149 mare,
1934 3083 2016 3138 vel
2046 3083 2260 3152 aliquod
2304 3084 2633 3151 proximum,
2677 3094 2732 3139 et
2770 3087 2849 3140 sic
2888 3096 3031 3141 totus
3067 3085 3302 3139 mundus

1734 3177 1850 3245 ejus
1875 3174 2111 3229 dominio
2146 3188 2249 3227 non
2279 3173 2671 3242 intelligeretur
2701 3190 2820 3228 esse
2854 3176 3123 3239 subditus,
3149 3173 3302 3227 addi-

1729 3277 1815 3322 tur
1845 3285 1874 3320 tt
1904 3267 2136 3335 ﬂumine,
2160 3266 2211 3320 id
2238 3274 2319 3321 est
2345 3280 2374 3318 a
2401 3265 2742 3334 baptismate,
2776 3283 2937 3335 usque
2961 3267 3034 3319 ad.
3052 3266 3301 3320 terminos

1727 3359 1864 3413 orbis
1896 3368 2155 3412 terrarum
2183 3356 2546 3423 damnabitur,
2586 3357 2638 3411 id
2668 3368 2751 3412 est
2776 3358 2974 3427 ubique
3003 3366 3293 3412 terrarum.

1728 3448 1889 3504 Vela
1933 3448 2145 3516 ﬂumine
2176 3446 2398 3515 inetpiet
2443 3446 2715 3514 damnari,
2772 3447 2824 3501 id
2871 3455 2954 3501 est
2998 3460 3029 3499 a
3074 3444 3302 3500 Judaico

1728 3542 1943 3612 populo,
1990 3541 2055 3595 de
2102 3556 2207 3608 quo
2252 3541 2580 3609 primitivam
2626 3541 2925 3596 Ecclesium
2980 3548 3302 3606 constituet,

1727 3634 1819 3702 qui
1850 3632 2206 3686 metonomice
2244 3646 2341 3701 per
2372 3630 2681 3697 .lordanem,
2715 3632 2804 3701 qui
2839 3632 3037 3685 ﬂumen
3066 3639 3302 3684 antono-

1730 3727 1952 3781 mastice
1980 3725 2204 3788 dicitur,
2236 3724 2518 3792 accipitur,
2550 3724 2713 3793 270
2750 3738 2815 3777 eo
2852 3721 2994 3791 quod
3031 3722 3083 3775 in
3120 3719 3307 3776 Judaza

1727 3817 1799 3870 sit
1822 3831 1982 3884 usque
2008 3814 2075 3867 ad
2103 3813 2350 3866 terminos
2379 3812 2514 3865 orbis
2541 3822 2821 3875 terrarum,
2856 3812 2907 3864 id
2933 3820 3018 3864 est
3046 3826 3218 3878 usque
3244 3810 3298 3864 in

1726 3923 1917 3964 omnes
1967 3908 2233 3962 nationes.
2276 3904 2354 3959 Ne
2395 3920 2524 3959 vero
2572 3904 2907 3959 solummodo
2941 3903 3016 3957 illi
3059 3906 3149 3971 qui
3194 3917 3300 3955 non

1728 4010 1888 4056 erunt
1916 3999 2069 4053 valde
2100 4004 2413 4067 peccatores
2443 3996 2878 4062 intelligerentur
2903 3995 2957 4050 in
2986 4009 3154 4064 regno
3183 4008 3304 4065 eius

1727 4107 1865 4157 esse,
1895 4092 2130 4147 ostendit
2154 4090 2272 4144 illos
2296 4090 2458 4143 etiam
2488 4089 2577 4158 qni
2606 4089 2661 4142 in
2688 4088 2925 4157 peccatis
2944 4097 3104 4141 erunt
3138 4095 3305 4139 teter-

1730 4182 1850 4236 rimi
1889 4183 1940 4235 in
1985 4180 2100 4249 ejus
2136 4194 2302 4248 regno
2346 4179 2575 4242 futuros,
2612 4189 2673 4231 nt
2703 4195 2798 4248 per
2829 4179 2934 4232 hoc
2972 4177 3144 4245 magis
3183 4176 3304 4244 ejus

1722 4275 1986 4345 justitiam
2016 4274 2381 4336 commendet,
2411 4272 2489 4327 sic
2534 4291 2547 4325 :
2589 4272 2718 4325 Dico
2754 4272 2894 4339 quod
2923 4270 3302 4330 dominabitur,

1727 4379 1777 4423 et
1812 4384 1939 4422 ecce
1979 4368 2052 4420 illi
2081 4380 2243 4435 super
2280 4379 2414 4432 quos
2460 4363 2825 4418 dominabitur
2864 4378 2877 4413 :
2916 4360 3211 4426 Alt/tiones,
3249 4358 3302 4412 id

76 4451 321 4506 stillicidia
359 4453 617 4506 stillantia
665 4449 820 4522 super
867 4464 1057 4507 terram
1101 4454 1345 4508 imbnnnt
1381 4470 1520 4520 eam,
1570 4465 1624 4510 et
1657 4468 1701 4525 ι)
1728 4467 1811 4512 est
1841 4457 1912 4510 illi
1937 4457 2025 4524 qui
2045 4456 2096 4508 in
2123 4454 2364 4508 moribus
2392 4460 2517 4506 sunt
2544 4451 2847 4520 nigerrimi,
2876 4452 3016 4504 sicut
3043 4448 3302 4518 AStliiOpS

77 4544 354 4608 germinare
380 4542 606 4597 faciunt.

134 4630 328 4686 Laudat
351 4642 532 4687 autem
557 4650 678 4687 eum
709 4634 773 4687 de
800 4633 1007 4701 justitia
1039 4648 1153 4696 sna,
1185 4634 1264 4689 sic
1286 4648 1300 4687 :
1326 4633 1453 4689 Dico
1483 4635 1624 4704 quod

75 4718 347 4786 destendet,
372 4732 425 4775 et
455 4723 506 4775 in
534 4723 715 4776 diebus
747 4723 884 4791 ejus,
918 4724 970 4778 id
993 4733 1078 4778 cst
1114 4741 1164 4778 In
1205 4734 1441 4793 tempore
1474 4725 1623 4793 regni

74 4810 192 4878 ejus,
220 4814 419 4866 orietur
449 4813 679 4881 justitia,
715 4814 767 4867 id
806 4823 889 4866 est
929 4829 1096 4883 genus
1135 4815 1446 4877 humanum,
1482 4815 1625 4884 quod

76 4917 156 4968 per
177 4904 345 4957 Adam
378 4904 433 4957 in
466 4902 779 4971 injuslitiam
820 4904 1039 4968 decidit,
1075 4920 1170 4974 per
1209 4920 1331 4959 eum
1365 4905 1623 4974 justilica-

76 4993 225 5059 bitur,
272 4995 417 5066 quod
465 5010 562 5063 per
608 4994 776 5064 legem
825 5002 878 5049 et
930 5011 1027 5065 per
1072 4996 1295 5050 liberum
1342 4998 1623 5051 arbitrium

75 5083 273 5152 adipisci
300 5101 407 5139 non
444 5086 635 5155 potuit.
662 5083 730 5137 Et
763 5101 867 5138 non
896 5101 1057 5153 parva
1086 5085 1317 5152 justitia,
1344 5089 1435 5140 sed
1460 5088 1626 5140 abun-

76 5174 235 5228 dantia
277 5179 444 5243 pacis,
492 5177 542 5230 id
590 5185 675 5230 est
721 5176 1188 5231 abundantissima
1236 5194 1374 5246 pax.
1423 5179 1629 5233 scilicet

75 5262 272 5318 dilectio
303 5265 396 5319 Dei
422 5274 477 5317 et
510 5266 767 5332 proximi,
808 5280 927 5335 quae
954 5276 1007 5319 et
1033 5265 1240 5333 justitia
1275 5276 1328 5319 ct
1365 5281 1464 5336 pax
1494 5266 1628 5321 dici-

75 5362 165 5418 tur,
182 5357 502 5426 utsuperins
529 5365 609 5410 est
632 5368 931 5412 ostensum.
960 5358 1292 5411 Abundantia
1316 5361 1458 5426 pacis
1483 5359 1627 5424 dico,

72 5443 308 5501 duratura
338 5448 504 5500 donec
534 5447 809 5515 auferatur
827 5448 973 5513 luna,
999 5449 1049 5501 id
1073 5458 1155 5502 est
1177 5448 1415 5502 Ecclesia
1439 5451 1504 5503 de
1527 5451 1628 5505 hoc

72 5546 192 5589 statu
228 5538 595 5608 inperfectum
622 5547 838 5593 statum.
890 5539 979 5594 Vel
1002 5541 1126 5594 luna
1149 5556 1267 5609 qua:
1295 5541 1345 5594 in
1376 5541 1625 5605 coeloezt,

70 5624 322 5680 auferatur
351 5629 419 5681 de
454 5628 556 5681 hoc
593 5636 733 5683 statu
761 5646 773 5681 :
803 5629 852 5681 in
889 5628 1180 5697 perfectum
1221 5641 1439 5685 statmn.
1478 5631 1627 5685 Luna

72 5728 299 5787 namque,
324 5732 375 5774 et
414 5719 498 5775 sol
541 5728 594 5775 et
640 5728 830 5776 caatera
875 5722 1137 5777 elementa
1186 5723 1625 5778 ttttmll’abtlllillt'.

1730 4549 1781 4599 in
1816 4560 2063 4613 corpore,
2098 4544 2387 4612 procidant,
2422 4543 2472 4596 id
2506 4552 2590 4596 est
2615 4557 2673 4596 se
2716 4541 3073 4596 htnniliabnnt
3111 4542 3175 4596 de
3206 4555 3305 4613 sn-

1728 4636 1909 4705 pcrbia
1940 4650 2056 4697 sua,
2100 4644 2155 4687 et
2195 4649 2370 4685 coram
2416 4632 2527 4696 illo,
2574 4632 2626 4686 id
2672 4641 2757 4686 est
2807 4633 2857 4684 in
2890 4631 3297 4701 bcneplacenlia

1727 4724 1861 4791 ejus.
1912 4724 2027 4787 Vel,
2078 4722 2343 4792 procident
2388 4738 2565 4775 coram
2612 4722 2723 4787 illo,
2774 4722 2825 4775 id
2874 4729 2957 4775 est
3003 4725 3303 4777 adorabunt

1727 4832 1870 4871 eum.
1896 4816 2248 4870 Adorantium
2272 4825 2449 4869 autem
2475 4824 2557 4870 est
2583 4831 2763 4869 coram
2781 4814 2869 4869 illo
2889 4827 3051 4884 quem
3075 4815 3303 4869 adorant

1728 4910 2029 4979 procidere.

1735 4995 1763 5003 “
1800 5002 1864 5054 Et
1902 5002 2099 5055 inimici
2138 5018 2249 5070 ejus
2297 5000 2388 5068 qui
2431 5001 2611 5055 nolent
2647 5016 2826 5056 coram
2872 5001 2961 5055 illo
2999 5001 3299 5069 procidere,

1730 5102 1919 5145 terram
1952 5092 2166 5161 litigent,
2192 5094 2241 5146 id
2269 5106 2352 5148 est
2375 5094 2606 5147 terrenis
2636 5092 2801 5146 nimio
2825 5091 3098 5145 desiderio
3124 5092 3305 5143 adita:-

1730 5186 1952 5249 rebnnt;
1983 5200 2010 5237 a
2049 5186 2402 5241 similitudine
2449 5185 2592 5239 illitts
2622 5185 2738 5253 qui,
2781 5200 2901 5237 cum
2931 5183 2980 5235 ei
3023 5184 3178 5235 cibus
3215 5198 3305 5236 co-

1729 5285 1932 5330 mestns
1962 5290 2065 5329 non
2096 5275 2344 5343 sulliciat,
2369 5292 2465 5331 vas
2487 5275 2650 5330 etiam
2682 5274 2833 5344 lingit
2890 5274 2939 5325 in
2965 5288 3071 5338 quo
3098 5274 3303 5341 positus

1729 5365 1851 5433 fuit,
1880 5367 1961 5420 vel
1987 5382 2015 5421 a
2042 5368 2390 5424 similitudine
2414 5367 2769 5438 quorumdam
2798 5364 3108 5418 animalium
3129 5402 3146 5429 ,
3172 5378 3306 5431 quo-

1730 5472 1846 5511 rum
1870 5466 2061 5513 natura
2093 5468 2178 5515 est
2204 5469 2400 5514 terram
2427 5460 2649 5530 lingere.
2682 5457 2762 5511 Ac
2789 5455 2833 5510 si
2862 5455 3007 5509 dicat
3039 5472 3051 5484 ·
3081 5454 3301 5510 lrratio-

1729 5545 1980 5600 nabiliter
2013 5563 2071 5601 se
2104 5547 2365 5602 habentes
2396 5547 2563 5600 nimio
2591 5543 2883 5599 desiderio.
2902 5551 3114 5598 terrena
3154 5558 3305 5596 com-

1730 5636 2049 5705 plcctentur,
2103 5653 2221 5706 quae
2262 5638 2341 5691 eis
2384 5652 2543 5692 causa
2598 5634 2915 5705 perditionis
2962 5644 3140 5690 erunt.
3190 5634 3303 5688 lloc

1734 5735 1911 5781 autem
1954 5727 2084 5783 dicit
2118 5728 2184 5782 ad
2230 5725 2500 5782 cumulum
2544 5724 2775 5778 miseriae
2812 5738 3020 5779 eorum.
3057 5722 3304 5791 Ostendit
