3846 6334
576 296 682 355 935

1126 292 1182 350 S.
1216 292 1558 352 BRUNONIS
1596 289 2147 349 CARTIIUSIANORl

2278 289 2761 348 INSTITUTORIS
2798 291 2948 349 OPP.
2979 291 3159 349 PARS
3182 293 3219 350 l.
3650 304 3728 364 996

576 430 707 470 vero
736 413 799 467 ad
838 412 929 468 Dei
969 412 1184 469 laudem
1221 414 1366 483 ipsos
1407 412 1686 481 [EthiOpes
1711 410 1890 464 varias
1929 409 2157 464 virtutes
2185 411 2230 471 Α
2260 407 2361 462 dus
2384 407 2755 463 damnaretur.
2790 408 2924 464 Dico
2951 408 3094 478 quod
3126 408 3212 465 hic
3237 419 3427 479 parcet;
3461 421 3507 469 et
3530 431 3573 469 tn
3597 420 3729 478 futuro

575 505 881 568 habituros,
906 504 1153 560 addendo
1165 505 1244 559 sic
1267 518 1281 556 :
1315 503 1445 559 Dico
1470 504 1613 572 quod
1634 500 1915 570 procident
1942 498 2152 554 IEthio—

574 612 691 666 pes,
722 605 769 650 et
795 596 893 665 ipsi
920 596 1094 651 eii'ecti
1125 612 1266 666 reges
1296 594 1532 661 Tharsis,
1564 593 1618 648 id
1651 601 1735 647 est
1759 592 1840 647 sui
1869 590 2059 661 ipsius,
2095 596 2151 644 et

575 687 677 741 hoc
709 684 787 745 sic
816 693 874 738 ut
905 686 1013 740 sint
1050 701 1206 757 reges
1245 685 1742 756 contemplationis,
1779 682 2153 753 contemplan-

574 786 657 833 tes
678 776 944 841 ctelestia,
972 792 1079 831 non
1100 787 1338 834 terrena.
1367 776 1593 832 Tharsis
1619 777 1764 831 enim
1786 772 2152 843 contemplatio

573 867 980 936 interpretatur.
1008 864 1242 936 O/ferent
1272 883 1492 921 munera
1521 866 1595 920 illi
1629 867 1763 936 regi,
1786 865 1997 920 scilicet
2023 878 2153 920 con-

574 958 980 1029 templationem
1024 973 1200 1025 suam,
1248 967 1305 1013 et
1361 968 1587 1015 caeteras
1632 958 1865 1012 virtutes
1905 972 2011 1011 non
2048 955 2152 1011 sibi

573 1049 940 1119 imputabant,
971 1046 1065 1102 sed
1108 1047 1253 1103 illius
1283 1048 1426 1119 regis
1455 1061 1683 1102 munera
1723 1061 1844 1101 esse
1878 1046 2154 1101 testabun-

576 1147 667 1195 tur
706 1157 721 1194 :
775 1147 830 1194 et
869 1139 949 1194 sic
983 1154 1046 1194 ea
1099 1154 1323 1195 munera
1367 1140 1417 1194 ei
1463 1137 1728 1205 offerent;
1767 1147 1820 1193 et
1866 1136 2153 1207 Ethiopes

575 1232 756 1287 adhuc
800 1230 925 1286 facti
958 1232 1169 1297 insulae,
1203 1231 1255 1286 id
1293 1239 1378 1287 est
1419 1230 1736 1287 innocentes
1760 1237 1816 1284 et
1842 1228 2154 1298 rejicientes

573 1323 758 1395 procul
784 1338 812 1377 a
844 1338 901 1378 se
925 1338 1085 1378 omne
1112 1322 1473 1378 circumstans
1501 1330 1807 1393 peccatum,
1839 1319 1904 1374 ad
1936 1320 2151 1374 modum

574 1414 896 1479 insularum,
926 1428 1046 1483 quae
1076 1413 1244 1469 maris
1268 1412 1677 1468 circumstantis
1702 1419 1892 1467 eestum
1922 1426 1951 1464 a
1980 1426 2039 1465 se
2067 1424 2154 1465 re—

571 1503 797 1574 pellunt,
852 1512 909 1558 et
955 1504 1114 1558 sicea:
1164 1503 1495 1574 persistunt;
1552 1503 1777 1572 oﬁ‘erunt
1819 1518 2038 1556 munera
2079 1502 2152 1557 illi

571 1595 709 1663 regi,
742 1593 1107 1648 innocentiam
1138 1593 1370 1659 scilicet,
1401 1603 1455 1649 et
1487 1602 1715 1649 etctcras
1741 1592 1970 1647 virtutes
2000 1606 2152 1657 suas,

572 1698 708 1753 quas
745 1698 849 1736 non
882 1683 983 1737 sibi
1014 1683 1110 1737 sed
1139 1682 1251 1753 regi
1282 1683 1612 1749 attribuent;
1651 1691 1707 1737 et
1740 1682 1842 1753 ipsi
1868 1682 2154 1752 [Ethiopes

2252 496 2425 552 salvas
2452 498 2608 568 faciet
2636 508 2839 554 alterna
2868 499 3166 555 salvatione
3195 502 3385 556 animos
3410 522 3664 576 pauperum,
3686 513 3729 566 ιι.

2253 588 2453 644 delium
2485 589 2693 645 scilicet
2721 605 2969 657 suorum,
2998 591 3089 661 qui
3122 600 3244 647 sunt
3265 608 3523 664 pauperes,
3543 599 3586 652 id
3609 611 3673 656 est
3692 603 3731 657 in

2252 681 2445 752 spiritu
2488 682 2739 738 humiles.
2783 681 2918 739 Cum
2959 684 3095 739 dicit
3136 686 3336 741 animas
3356 702 3466 743 esse
3490 690 3730 757 salvandas,

2251 773 2320 829 de
2343 774 2639 831 salvatione
2660 791 2875 846 quoque
2897 792 3189 847 corporum
3206 779 3355 834 datur
3374 780 3586 852 intelligi.
3606 784 3734 855 Expo-

2251 862 2334 916 nit
2357 870 2535 917 autcm
2570 877 2787 917 versum
2830 863 2976 917 hunc
3015 863 3240 934 singulis
3278 864 3472 935 singula
3498 868 3732 935 reddendo,

2251 965 2377 1007 cum
2409 951 2559 1005 addit
2584 968 2596 1004 :
2625 950 2708 1005 Ea;
2729 952 2924 1015 usuris,
2947 962 3051 1007 etc.

2322 1042 2476 1110 Quod
2519 1042 2599 1097 sic
2634 1042 2829 1113 legitur
2861 1052 3264 1113 prrepostcrate.
3306 1032 3427 1100 Dleo
3456 1062 3468 1098 :
3502 1058 3645 1107 parcet
3675 1049 3736 1104 hic

2252 1136 2469 1209 pauperi
2511 1147 2559 1190 et
2602 1137 2767 1206 inopi,
2799 1137 3004 1192 scilicet
3042 1147 3218 1193 morte
3246 1154 3338 1194 sna
3362 1140 3550 1195 redimet
3582 1144 3734 1196 animus

2253 1240 2473 1281 suorum
2494 1242 2560 1279 ea:
2595 1226 2892 1297 tniqutfale,
2927 1225 2976 1281 id
3007 1236 3092 1281 est
3117 1228 3262 1283 omni
3300 1243 3362 1286 ex
3390 1229 3587 1287 crimine
3608 1232 3736 1301 pretio

2254 1332 2365 1373 suae
2392 1318 2581 1374 mortis
2620 1327 2796 1374 eruet.
2836 1319 2903 1373 Et
2928 1318 3051 1375 dico
3082 1321 3225 1389 quod
3250 1321 3413 1377 salvas
3439 1324 3574 1392 faciet
3603 1323 3645 1377 in
3674 1324 3735 1377 fu-

2256 1418 2378 1464 turo
2419 1411 2621 1464 animos
2661 1426 2972 1480 pauperum.
3017 1411 3227 1467 scilicet
3265 1413 3482 1470 redimet.
3518 1414 3565 1469 id
3587 1424 3653 1470 est
3680 1429 3740 1469 re-

2254 1500 2565 1572 demptione
2603 1516 2717 1557 suae
2746 1502 2938 1557 mortis
2967 1502 3182 1558 redimet
3221 1519 3285 1558 ea:
3322 1506 3504 1572 usuris,
3532 1505 3575 1560 id
3599 1517 3737 1562 estex

2254 1593 2429 1663 poenis
2458 1592 2677 1648 aeternis
2701 1632 2718 1659 ,
2752 1609 2873 1664 qua:
2906 1594 3024 1649 ideo
3050 1595 3303 1650 dicuntur
3326 1612 3505 1661 usuraz,
3529 1598 3632 1667 quia
3654 1614 3738 1652 ma-

2240 1682 2398 1751 jores
2438 1692 2492 1739 et
2521 1683 2880 1740 durabiliores
2910 1695 3071 1740 erunt
3103 1701 3264 1756 quam
3301 1697 3524 1756 peccata,
3550 1704 3648 1758 qua:
3677 1689 3739 1743 hic

571 1777 701 1831 facti
732 1793 871 1847 reges
910 1777 1164 1843 Arabum,
1203 1778 1270 1844 id.
1295 1785 1378 1833 est
1408 1777 1642 1833 humiles
1675 1785 1732 1832 et
1761 1776 1897 1833 alios
1927 1776 2156 1831 frnctifl-
2188 1755 2231 1810 Β
2260 1774 2413 1840 fiunt,
2441 1776 2579 1830 sicut
2605 1790 2767 1830 usura
2792 1777 2963 1848 major
2997 1786 3083 1832 est
3105 1755 3312 1833 fenore.
3340 1776 3404 1832 Et
3430 1755 3589 1833 nomen
3610 1796 3742 1833 eorum

572 1878 803 1923 rantes:
851 1880 899 1923 et
943 1868 1119 1925 effecti
1150 1884 1307 1941 reges
1351 1868 1524 1935 Saba,
1566 1869 1621 1925 id
1666 1878 1750 1925 est
1788 1869 1995 1924 incensi
2034 1868 2155 1940 igne

573 1962 878 2029 ebaritatis,
910 1971 963 2017 et
990 1963 1055 2016 ad
1084 1962 1244 2018 fidem
1274 1963 1544 2031 conversi,
1569 1963 1828 2017 adducent
1855 1963 1993 2016 dona
2020 1963 2151 2032 regi,

573 2055 627 2109 id
657 2064 741 2110 est
770 2055 908 2109 alios
934 2070 1031 2125 per
1064 2055 1502 2125 praedicationem
1533 2070 1685 2110 suam
1723 2055 1832 2109 Deo
1862 2055 2152 2118 adducent,

572 2162 710 2215 quos
744 2161 803 2201 se
846 2146 955 2201 Deo
988 2147 1192 2203 donare
1235 2147 1433 2202 facient
1467 2162 1563 2218 per
1600 2146 2014 2215 subjectionem.
2051 2147 2157 2202 Per

572 2235 780 2291 Arabes
827 2236 1044 2305 quidem
1095 2250 1333 2306 congrue
1380 2237 1612 2292 humiles
1664 2244 1719 2291 et
1763 2218 2156 2291 fructificantes

574 2329 936 2398 accipiuntur.
984 2329 1183 2382 Arabia
1244 2343 1479 2398 namque
1528 2329 1743 2382 Immitis
1800 2329 2016 2395 dicitur,
2071 2327 2156 2383 vel

550 2418 896 2485 campestris.
924 2418 1029 2473 Per
1065 2427 1397 2488 campestres
1433 2418 1630 2488 quippe
1656 2417 2048 2475 fructificantes
2073 2420 2155 2473 in-

575 2508 909 2577 telliguntur,
934 2524 998 2564 eo
1025 2509 1166 2578 quod
1192 2509 1367 2579 campi
1392 2510 1459 2564 ad
1493 2508 1925 2567 fructificandum
1947 2510 2154 2567 habiles

571 2608 719 2652 sunt.
757 2599 860 2653 Per
905 2597 1045 2653 Saba
1091 2614 1220 2654 vero
1250 2615 1368 2669 qua:
1402 2600 1791 2670 interpretatur
1814 2601 2027 2655 incensa
2070 2600 2155 2656 vel

572 2706 843 2757 conversa,
887 2691 1177 2745 charitatis
1224 2691 1353 2761 igne
1392 2691 1633 2758 incensi,
1684 2692 2039 2762 conversique
2085 2692 2155 2746 ad

576 2778 735 2832 fidem
769 2781 963 2834 merito
990 2780 1362 2849 designantur.
1397 2780 1463 2836 Et
1483 2781 1798 2847 notandum,
1830 2797 1932 2836 non
1966 2797 2155 2839 omnes

571 2867 667 2921 has
698 2868 923 2923 virtutes
950 2870 1201 2925 omnibus
1223 2872 1531 2938 convenire,
1561 2871 1770 2927 scilicet
1795 2882 1852 2926 ut
1878 2872 1989 2927 sint
2020 2888 2152 2928 eon-

571 2957 916 3027 temptantes,
965 2969 1019 3015 et
1058 2960 1395 3028 innocentes,
1439 2970 1494 3016 et
1538 2961 1793 3029 humiles,
1829 2971 1884 3017 et
1925 2961 2154 3018 fructifi-

568 3061 777 3119 cantes,
815 3062 869 3107 et
908 3054 1178 3122 conversi,
1223 3064 1277 3109 et
1318 3055 1586 3110 charitate
1630 3055 1868 3120 incensi;
1910 3056 2004 3111 sed
2035 3056 2153 3126 qui-
2179 3095 2224 3158 Ο

571 3146 797 3199 busdam
843 3146 1103 3216 perfectis
1168 3146 1381 3202 scilicet
1418 3161 1607 3203 omnes
1644 3147 1994 3213 conveniunt,
2033 3147 2152 3203 alia:

568 3249 699 3290 vero
737 3236 880 3302 aliis,
932 3246 987 3293 et
1039 3238 1158 3293 alia:
1191 3238 1332 3293 aliis.
1385 3238 1481 3294 Vel
1534 3239 1598 3293 ad
1638 3238 1875 3294 litteram
1921 3239 2149 3311 intelligi

567 3334 767 3395 potest,
803 3327 1012 3382 scilicet
1040 3328 1184 3398 quod
1211 3344 1367 3400 reges
1395 3328 1620 3385 Tharsis
1647 3329 1790 3385 illius
1815 3330 2069 3403 regionis,
2096 3340 2152 3388 et

567 3418 805 3474 cultores
844 3420 1145 3475 insularum
1183 3422 1518 3476 marinarum
1564 3420 1793 3479 offerent
1824 3437 1884 3478 se
1923 3439 2149 3481 munera

565 3509 641 3565 illi
672 3512 806 3582 regi,
839 3526 935 3581 per
964 3512 1401 3579 conversionem;
1443 3522 1499 3568 et
1528 3528 1686 3584 reges
1723 3513 1984 3580 Arabum,
2030 3514 2150 3570 illo-

566 3614 687 3652 rum
730 3600 1070 3669 populorum,
1100 3609 1157 3656 et
1187 3616 1344 3671 reges
1381 3601 1544 3668 Saba,
1580 3603 1722 3659 illius
1754 3612 1931 3670 teme,
1978 3606 2148 3660 addu-

566 3699 692 3744 cent
723 3707 782 3744 se
800 3692 936 3744 dona
970 3692 1077 3746 Deo
1103 3708 1199 3762 per
1226 3694 1408 3749 ﬁdem.
1444 3695 1521 3750 Ne
1560 3711 1712 3763 vero,
1736 3696 1782 3752 si
1811 3697 1878 3753 ad
1910 3699 2147 3754 litteram

565 3782 921 3863 acciperetur,
949 3784 1049 3840 soli
1075 3784 1365 3857 IEthiopes
1389 3787 1463 3842 illi
1488 3789 1686 3859 populi,
1712 3797 1767 3845 et
1795 3805 1948 3861 reges
1972 3791 2149 3846 Thar-

565 3870 663 3937 sis,
704 3862 759 3927 et
803 3873 1100 3930 insularum
1128 3875 1364 3933 cultores
1392 3884 1446 3933 et
1478 3893 1633 3950 reges
1655 3879 1895 3935 Arabum
1924 3888 1979 3935 et
2000 3878 2145 3937 Saba

561 3971 748 4017 essent
769 3963 1067 4031 adoraturi,
1096 3966 1247 4022 addit
1272 3985 1286 4021 :

635 4053 705 4108 Et
726 4054 1043 4123 adorabunt,
1070 4056 1123 4111 id
1152 4067 1237 4114 est
1263 4060 1671 4116 venerabuntur
1700 4079 1817 4117 eum
1855 4078 1953 4133 per
1983 4064 2144 4119 fidem

559 4153 617 4199 et
644 4142 842 4198 bonam
885 4146 1276 4216 operationem,
1313 4165 1489 4205 omnes
1525 4167 1692 4223 reges,
1757 4153 1809 4207 id
1848 4163 1932 4210 est
1966 4156 2145 4211 omnis

563 4236 704 4291 modi
734 4236 1008 4307 principes
1035 4257 1048 4292 :
1086 4238 1190 4296 Per
1212 4255 1387 4313 reges,
1415 4257 1604 4299 omnes
1640 4251 1909 4299 terrarum
1938 4245 2145 4317 princi-

558 4342 654 4397 pes
669 4328 934 4400 designat,
963 4347 1141 4386 omnes
1166 4342 1358 4403 gentes,
1386 4334 1437 4388 id
1459 4343 1546 4389 cst
1568 4335 1748 4391 omnis
1767 4337 1908 4391 modi
1932 4345 2141 4408 gentes,

2256 1866 2607 1922 existentium
2658 1883 2835 1922 coram
2858 1868 2971 1933 illo,
3003 1868 3055 1923 id
3085 1878 3170 1923 est
3202 1870 3253 1924 in
3284 1869 3641 1939 beneplacentia
3660 1870 3741 1940 ejus

2256 1958 2360 2012 erit
2387 1957 2724 2013 honorabile.
2748 1957 2903 2024 Quod
2930 1967 3013 2013 est
3043 1958 3227 2015 dicere
3256 1975 3270 2012 :
3304 1958 3432 2027 Quia
3467 1959 3513 2014 in
3552 1959 3743 2029 benepla-

2255 2049 2434 2104 centia
2474 2048 2591 2118 ejus
2629 2058 2811 2114 erunt,
2854 2049 3175 2105 honorabile
3212 2063 3399 2105 nomen
3440 2049 3512 2104 eis
3545 2049 3679 2113 dabit,
3704 2057 3743 2101 ut

2256 2139 2406 2208 prius
2434 2140 2612 2194 vocati
2655 2139 2797 2194 servi
2846 2140 3056 2207 peccati
3096 2139 3171 2193 re)
3212 2148 3267 2194 et
3308 2138 3500 2207 injusti,
3525 2148 3572 2193 et
3601 2146 3745 2192 cetera

2259 2229 2384 2285 talia
2447 2229 2667 2284 nomina
2727 2229 3021 2296 habentes,
3084 2216 3179 2283 ﬁlii
3236 2230 3508 2293 dicantur,
3552 2236 3599 2283 et
3635 2241 3745 2297 reges

2256 2317 2339 2372 sui
2370 2317 2559 2387 ipsius,
2597 2326 2653 2371 et
2688 2316 2842 2386 justi,
2885 2325 2939 2372 et
2975 2316 3502 2382 cacterishujusmodi
3541 2315 3747 2370 vocabulis

2256 2417 2653 2478 nuncupentur.
2678 2408 2771 2464 Vel
2802 2410 2881 2465 sic
2906 2428 2919 2463 :
2952 2409 3157 2465 Nomen
3180 2427 3357 2465 eorum
3383 2409 3479 2466 erit
3496 2408 3744 2467 honorabile.

2255 2510 2309 2556 et
2354 2502 2458 2556 hoc
2491 2500 2597 2556 erit
2634 2518 2810 2555 coram
2857 2502 2969 2565 illo,
3018 2502 3070 2557 id
3120 2511 3208 2557 est
3246 2504 3301 2557 in
3337 2511 3599 2573 cortSpectu
3628 2499 3747 2553 illius.

2255 2592 2407 2659 Quod
2433 2600 2516 2647 est
2543 2591 2723 2648 dicere
2753 2607 2767 2645 :
2808 2593 2929 2663 Ipse
2960 2596 3237 2665 repntabit
3266 2610 3451 2650 nomen
3482 2591 3746 2652 honorabile,

2254 2684 2559 2755 cuicunque
2580 2700 2685 2740 non
2713 2685 2981 2752 videatur,
3008 2696 3062 2742 et
3085 2688 3234 2743 vivet
3260 2689 3312 2743 in
3340 2688 3435 2744 eis.
3462 2688 3533 2743 Ac
3551 2688 3589 2741 si
3609 2687 3746 2741 dicat:

2256 2773 2381 2829 ldeo
2415 2791 2611 2831 nomen
2640 2792 2828 2831 eorum
2861 2779 2967 2833 erit
3005 2780 3339 2847 honorabile,
3381 2780 3497 2850 quia
3537 2779 3631 2848 ipse
3657 2778 3749 2831 tiret

2254 2865 2311 2918 in
2347 2866 2443 2931 eis,
2480 2866 2529 2922 id
2568 2876 2650 2922 est
2691 2869 3003 2935 perenniter
3035 2870 3140 2924 erit
3181 2885 3304 2925 cum
3350 2871 3444 2926 eis.
3475 2868 3611 2923 Juxta
3645 2863 3749 2935 quod

2255 2953 2550 3019 idem‘,dieit
2580 2977 2593 3011 :
2628 2979 2644 3010 ι
2667 2958 2916 3026 Ecceego
2929 2960 3207 3015 vobiscum
3237 2977 3351 3017 sum
3372 2960 3594 3015 omnibus
3612 2956 3750 3011 diebus

2254 3062 2427 3118 usque
2462 3049 2529 3102 ad
2569 3051 3089 3105 consummationem
3137 3051 3323 3107 saeculi
3369 3050 3563 3123 (Matth.
3606 3059 3747 3108 uvnt,

2254 3135 2367 3207 20).
2402 3155 2422 3189 ι
2460 3136 2551 3193 Vel
2588 3139 2689 3202 sic,
2732 3149 2779 3192 et
2825 3139 2950 3193 vivet
2996 3138 3196 3210 legitur
3228 3155 3243 3194 :
3282 3140 3413 3207 Quia
3463 3134 3749 3208 superiusdi-

2251 3231 2441 3296 cendo,
2470 3232 2683 3286 redimet
2712 3233 2916 3286 animas
2946 3249 3149 3297 eorum,
3191 3234 3419 3289 dabatur
3447 3228 3636 3298 intelligi
3656 3238 3747 3279 cum

2251 3334 2426 3381 morte
2456 3340 2550 3381 sua
2580 3325 3005 3393 redempturum,
3037 3326 3191 3380 addit
3224 3344 3239 3381 :
3287 3326 3402 3381 Dixi
3440 3323 3566 3393 quod
3592 3319 3751 3373 redimet

2249 3418 2551 3482 moriendo,
2583 3425 2637 3472 et
2672 3426 2849 3471 tamen
2880 3426 3066 3487 postea
3105 3419 3239 3473 vivet
3265 3419 3321 3473 in
3355 3426 3582 3472 azternum
3616 3422 3751 3465 resur-

2249 3508 2444 3578 gendo,
2494 3522 2600 3562 non
2638 3508 2691 3561 in
2731 3516 2906 3562 morte
2945 3508 3302 3574 detinebitur,
3341 3508 3475 3563 sicut
3505 3503 3748 3559 Jndmontm

2249 3598 2536 3654 infelicitas
2562 3599 2871 3654 mentietur.
2895 3598 3056 3654 Juxta
3078 3601 3224 3669 quod
3252 3599 3445 3669 legitur
3468 3616 3481 3650 :
3512 3615 3527 3647 t
3557 3594 3672 3677 Mers
3694 3588 3747 3642 illi

2247 3693 2389 3748 ultra
2413 3708 2516 3748 non
2545 3693 2929 3749 dominabatur
2957 3692 3132 3764 (Rom.
3163 3710 3243 3760 vr,
3272 3694 3348 3763 9).
3386 3712 3404 3745 ›
3439 3690 3560 3757 Quia
3585 3701 3687 3741 vero
3707 3686 3754 3735 de

2246 3782 2599 3838 conversione
2619 3782 2934 3853 IEthiopum
2962 3792 3015 3838 et
3038 3798 3228 3853 regum
3256 3792 3311 3839 et
3331 3783 3552 3854 gentium
3573 3774 3750 3847 agendo.

2247 3874 2314 3930 de
2326 3874 2644 3945 sapientium
2661 3875 3017 3931 conversione
3038 3876 3172 3930 nihil
3201 3877 3433 3938 dixerat,
3450 3874 3509 3927 de
3532 3873 3618 3927 hac
3633 3868 3754 3924 etiam

2246 3969 2359 4040 agit
2390 3968 2469 4023 sic
2509 3985 2523 4023 :
2574 3967 2693 4023 Dixi
2735 3968 2878 4038 quod
2907 3969 3206 4023 adorabunt
3242 3985 3362 4023 eum
3399 3982 3560 4022 omnes
3588 3976 3698 4030 reges
3718 3964 3753 4009 et

2244 4071 2451 4132 gentes;
2472 4068 2527 4116 et
2552 4060 2713 4116 etiam
2737 4061 2950 4115 dabitur
2975 4060 3024 4115 ei
3045 4076 3073 4115 a
3108 4060 3220 4118 Deo
3250 4060 3412 4117 Patre
3435 4060 3495 4115 de
3520 4072 3633 4111 auro
3655 4051 3754 4105 Δια·

2245 4152 2369 4217 ὀίω,
2422 4152 2475 4208 id
2515 4160 2601 4207 est
2654 4151 2871 4222 quidam
2919 4153 2987 4208 de
3030 4153 3448 4223 sapientissimis
3491 4140 3755 4219 philosophis

2245 4242 2405 4313 hujus
2441 4244 2644 4299 saeculi.
2687 4244 2792 4312 Qui
2832 4258 2929 4316 per
2966 4243 3156 4301 aurum
3206 4245 3445 4309 Arabia,
3482 4238 3606 4311 quod
3644 4228 3755 4289 omni

2244 4334 2351 4389 alio
2375 4350 2507 4391 auro
2532 4336 2830 4406 pretiosum
2856 4344 2959 4403 est,
2988 4336 3329 4408 designatur,
3354 4351 3420 4392 eo
3446 4332 3573 4404 quod
3592 4325 3755 4395 επβῖθτν

557 4419 775 4473 servient
806 4419 855 4474 ei
889 4428 1039 4476 casto
1068 4436 1274 4477 amore.
1308 4422 1376 4477 Et
1416 4425 1630 4491 merito,
1661 4426 1787 4496 quia
1829 4436 2006 4483 morte
2040 4443 2138 4483 sua
2166 4437 2218 4498 ι)
2248 4426 2319 4480 tia
2347 4426 2738 4497 pretiosissima
2768 4427 2840 4481 sit
2865 4428 2931 4482 ad
2965 4429 3181 4483 modum
3214 4427 3336 4483 auri
3366 4426 3583 4481 Arabim.
3609 4418 3663 4474 Et
3680 4409 3755 4483 ipsi

558 4506 795 4563 liberabit
844 4526 1124 4581 pauperem
1177 4514 1458 4581 mundum,
1507 4516 1597 4585 qui
1637 4531 1739 4587 ope
1773 4532 1869 4572 sua
1917 4518 2142 4575 liberari

558 4599 749 4669 nequit
772 4616 804 4653 a
838 4610 1042 4670 potente
1070 4603 1305 4672 diabolo,
1343 4606 1436 4676 qui
1478 4606 1532 4661 in
1562 4622 1685 4663 eum
1716 4610 2015 4679 potentiam
2043 4626 2143 4680 per

558 4696 839 4756 peccatum
886 4690 1018 4746 Adte
1070 4703 1307 4750 exercet.
1364 4714 1383 4748 ι
1444 4696 1701 4768 Princeps
1750 4702 1895 4755 enim
1952 4703 2139 4759 mundi

560 4776 720 4846 hujus
743 4778 988 4847 ejicietur
1019 4783 1163 4840 foras
1190 4785 1371 4858 (Joan.
1407 4804 1509 4853 xu,
1537 4789 1649 4862 51).
1690 4809 1709 4841 ι
1746 4791 1809 4845 Et
1836 4810 2135 4863 pauperem,

558 4868 804 4938 inquam,
835 4871 919 4925 cui
950 4888 1054 4926 non
1082 4886 1194 4928 erat
1224 4876 1439 4947 adjutor
1475 4878 1694 4949 aliquis,
1726 4881 1777 4934 id
1810 4890 1894 4936 est
1921 4883 2010 4951 qui
2038 4898 2140 4939 nec

557 4974 656 5030 per
692 4974 750 5015 se
777 4976 876 5016 nec
904 4976 1001 5031 per
1038 4963 1271 5035 aliquem
1303 4967 1607 5038 adiutorem
1646 4981 1859 5041 poterat
1894 4972 2136 5028 liberari.

555 5051 691 5106 Cum
718 5066 847 5107 vero
876 5053 1088 5109 dixerat
1107 5070 1420 5125 pauperem,
1448 5061 1501 5115 id
1522 5068 1605 5116 est
1626 5076 1723 5132 per
1739 5077 1797 5117 se
1813 5062 2138 5118 insnl'ﬂcien-

557 5149 688 5208 tem,
712 5143 988 5200 videretur
1002 5159 1098 5216 per
1112 5145 1347 5215 aliquem
1370 5164 1530 5219 posse
1558 5150 1797 5217 liberari,
1833 5153 1936 5208 nisi
1967 5153 2135 5210 adde-

556 5244 642 5290 ret
673 5252 688 5291 :
724 5235 822 5291 Cui
847 5252 950 5292 non
972 5247 1085 5293 erat
1112 5238 1347 5309 adjutor.
1391 5240 1456 5296 Et
1497 5258 1603 5299 non
1629 5244 1806 5299 solum
1834 5244 2072 5300 liberabit
2104 5265 2137 5302 a

556 5334 780 5394 potente,
804 5326 962 5398 27],
992 5329 1084 5385 sed
1110 5329 1198 5384 hic
1219 5324 1395 5399 parret
1414 5334 1632 5401 pauperi
1657 5344 1703 5387 et
1729 5335 1906 5403 inopi;
1936 5338 2136 5393 mundo

558 5414 789 5482 scilicet,
832 5418 946 5486 qui,
985 5430 1248 5490 quantum
1295 5420 1360 5474 ad
1405 5421 1661 5477 auxilium
1702 5439 1858 5479 suum
1908 5441 2132 5497 pauper,

553 5516 820 5577 quantum
848 5508 914 5563 ad
952 5510 1173 5568 alterius
1209 5513 1490 5581 auxilium,
1533 5514 1685 5585 inops
1712 5527 1821 5580 est;
1855 5530 2051 5586 parcet,
2082 5519 2135 5573 id

556 5606 641 5653 est
680 5610 901 5670 peccata
931 5602 1246 5676 indulgebit.
1279 5607 1468 5664 Posset
1505 5608 1649 5664 enim
1683 5626 1712 5663 a
1754 5619 1973 5679 potente
2010 5628 2132 5667 cum

555 5689 806 5763 liberare,
830 5705 878 5750 et
904 5709 1121 5768 peccata
1146 5716 1253 5756 non
1276 5701 1571 5770 remittere,
1596 5712 1649 5758 ct
1671 5703 1749 5758 sic
1778 5714 1954 5760 tamen
1978 5721 2134 5760 mun-

2244 4515 2334 4584 qui
2362 4523 2520 4569 erunt
2549 4531 2763 4581 aurum,
2794 4517 3022 4571 orabunt
3058 4532 3281 4587 semper
3310 4531 3456 4582 eum,
3484 4513 3532 4569 id
3553 4517 3627 4565 est
3643 4501 3754 4574 jus?-

2247 4617 2357 4671 ter;
2387 4606 2453 4661 de
2487 4606 2591 4661 hoc
2619 4606 2734 4677 ipso
2762 4608 2862 4663 hoc
2891 4607 3243 4677 accipientes,
3293 4607 3347 4662 id
3372 4613 3456 4661 est
3481 4604 3542 4658 de
3561 4592 3755 4654 doctrina

2243 4698 2362 4768 ejus
2387 4709 2448 4754 ut
2473 4710 2651 4755 orent.
2682 4701 2834 4767 Quod
2859 4709 2942 4756 est
2970 4700 3152 4756 dicere
3182 4716 3199 4754 :
3239 4700 3359 4769 ipse
3382 4696 3524 4752 dabit
3543 4693 3753 4762 ρηὲοεριλ

2242 4792 2448 4856 orandi,
2477 4794 2619 4848 sicut.
2646 4793 2700 4847 in
2726 4792 3018 4863 Evangelia
3054 4791 3255 4862 legitur
3277 4790 3488 4847 dedisse
3512 4776 3751 4852 discipulis.

2241 4884 2320 4937 sic
2346 4902 2360 4937 :
2394 4902 2412 4935 ι
2443 4884 2602 4940 Pater
2625 4895 2826 4945 noster,
2851 4884 2939 4953 qui
2964 4899 3021 4939 es
3044 4884 3095 4938 in
3120 4883 3277 4938 cmlis
3300 4881 3511 4952 (Matth.
3536 4889 3636 4937 vnl,
3659 4870 3751 4935 9)ι¹

2239 4983 2345 5028 etc.
2364 4972 2457 5027 Vel
2475 4976 2727 5039 orabunt,
2751 4974 2816 5028 de
2844 4974 2957 5042 ipso
2981 4973 3085 5027 hoc
3109 4973 3399 5037 habentes,
3422 4984 3522 5024 non
3542 4982 3568 5020 a
3589 4957 3753 5031 scipsisc

2238 5063 2318 5118 Ac
2336 5063 2378 5117 si
2403 5064 2546 5117 tlit‘al
2576 5082 2588 5116 :
2621 5063 2732 5116 lloc
2753 5064 2913 5116 etiam
2939 5062 3078 5131 quod
3104 5076 3229 5116 eum
3255 5076 3417 5117 orare
3444 5062 3686 5129 peterent.
3703 5048 3753 5100 ab

2240 5155 2359 5223 ipso
2388 5155 2681 5217 habebunt,
2720 5169 2824 5209 non
2855 5170 2885 5208 a
2923 5153 3127 5209 viribus
3156 5153 3293 5209 suis.
3327 5151 3422 5207 Vel
3453 5149 3564 5206 sic:
3595 5142 3753 5198 Αόοταα

2239 5246 2364 5300 bunt
2386 5262 2526 5311 eunt,
2558 5246 2607 5301 id
2633 5255 2717 5300 est
2740 5245 3142 5300 venerabunlur
3174 5244 3279 5299 fide
3318 5252 3376 5298 et
3405 5230 3755 5297 devotione:de

2238 5336 2356 5405 ipso
2391 5336 2495 5391 hoc
2526 5335 2804 5397 habentes.
2837 5351 2942 5390 non
2974 5350 3072 5403 per
3096 5334 3308 5403 scipsos
3332 5333 3401 5387 ad
3426 5331 3523 5385 hoc
3542 5321 3756 5418 sufficiett-

2238 5438 2348 5493 tes;
2382 5437 2437 5483 et
2461 5428 2755 5483 benedicent
2779 5428 2849 5494 ei,
2876 5427 2930 5481 id
2956 5434 3040 5481 est
3072 5423 3372 5480 laudabunt
3396 5436 3535 5484 eum,
3565 5428 3656 5469 tota
3677 5411 3755 5465 die.

2238 5523 2290 5577 id
2319 5521 2498 5576 estde
2534 5530 2642 5575 tota
2684 5520 3077 5574 illttminatione
3125 5535 3215 5573 sua
3263 5532 3388 5587 quae
3430 5523 3565 5569 tanta
3598 5507 3682 5560 erit
3715 5508 3756 5550 ιιι

2236 5615 2372 5675 dies.
2417 5613 2624 5668 scilicet
2670 5615 2767 5667 hoc
2804 5614 2947 5681 quod
2991 5611 3274 5665 illnminati
3306 5616 3469 5664 erunt
3501 5605 3595 5659 ﬁde
3627 5607 3671 5651 et
3695 5608 3757 5645 ssc

2236 5706 2438 5775 pientia
2476 5720 2582 5761 non
2613 5704 2714 5759 sibi
2750 5709 3055 5772 ascribeut,
3082 5702 3308 5776 sed_illi;
3354 5702 3480 5757 inde
3517 5689 3755 5750 laudabant
