3846 6334
126 344 201 406 991

949 336 1313 396 EXPOSYI‘IO
1338 336 1406 394 IN
1444 333 1882 398 PSALMOS.:
1920 343 2127 401 PSAL.
2174 346 2383 404 LXXII.

3219 361 3323 418 998

127 471 234 517 eum.
266 454 347 510 Vel
374 463 477 508 tota
501 453 602 519 die,
633 451 683 506 id
712 460 796 508 est
820 452 1024 523 jngiter
1049 453 1347 507 benedicent
1369 454 1439 518 ei,
1477 452 1529 507 id
1558 422 1715 512 est‘A
1741 464 1825 509 est
1852 470 1916 511 ac
1943 458 1987 511 si
2018 458 2164 514 dicat
2196 478 2209 513 :
2245 461 2360 515 Non
2395 462 2655 518 adhortor
2684 474 2741 519 ut
2771 466 2996 537 gloriam
3023 468 3141 539 ejus
3169 476 3323 528 exal—

126 550 363 604 laudabunt
388 562 507 602 eum
529 560 659 601 voce
680 559 735 599 et
754 560 940 615 opere,
967 544 1034 600 de
1056 544 1332 600 beneflciis
1358 544 1461 599 sibi
1484 543 1553 598 ab
1573 556 1638 600 eo

125 639 310 698 collatis.

174 731 226 784 Et
247 726 421 783 merito
463 726 799 792 benedicent;
826 740 949 782 nam
981 726 1098 797 ipse
1126 725 1223 782 erit
1247 725 1638 795 firmamentum

123 823 162 878 in
186 821 368 877 ειιηιηιὶε
402 820 673 882 montium,
703 817 1060 874 existentibus
1090 818 1144 872 in
1180 828 1321 872 terra
1366 816 1470 873 hac
1499 831 1638 887 pm-

123 914 243 970 senti.
272 913 410 979 Quod
436 919 520 965 est
547 911 726 965 dicere
772 928 785 963 :
824 910 940 980 Ipse
977 909 1164 965 ﬁrmos
1199 909 1363 965 faciet
1399 910 1452 964 in
1489 910 1636 966 omni

122 1004 329 1058 virtutum
352 999 677 1071 perfectione
704 998 1054 1069 philosophos
1080 1012 1357 1065 summos;
1394 999 1487 1069 qui
1526 1013 1638 1068 pra:

123 1100 247 1155 nimia
272 1099 481 1154 scientia
500 1096 711 1153 dicendi
737 1104 864 1152 sunt
881 1096 1079 1150 summi
1106 1103 1319 1150 montes
1346 1094 1632 1161 montium,

123 1194 245 1249 ld'cst
270 1192 399 1246 inter
427 1191 562 1246 alios
589 1198 820 1255 montes,
851 1188 1062 1244 scilicet
1098 1188 1233 1241 alios
1259 1186 1630 1257 philosophos.

122 1284 190 1338 Vel
212 1283 525 1337 intransitive
559 1281 762 1336 dictum
800 1287 885 1335 est
913 1281 968 1333 in
1000 1280 1220 1333 summis
1254 1278 1531 1345 montium,
1581 1276 1635 1332 id

121 1382 179 1429 est
200 1374 240 1428 in
273 1374 487 1429 summis
518 1372 809 1427 montibus.
852 1369 982 1426 Dico
1019 1370 1162 1438 quod
1200 1384 1296 1425 eos
1324 1368 1512 1423 ﬁrmos
1555 1367 1635 1422 fa-

120 1464 210 1527 ciet,
233 1473 278 1518 et
301 1464 347 1518 in
378 1465 476 1518 hac
504 1471 651 1518 terra
692 1461 948 1532 praesenti
977 1461 1071 1517 ubi
1099 1461 1250 1517 locus
1273 1468 1358 1516 est
1377 1459 1634 1516 defectio-

119 1554 193 1607 nis.
218 1552 296 1607 γει
326 1552 479 1609 faciet
503 1552 689 1608 firmos
717 1551 1013 1608 existentes
1039 1552 1096 1605 in
1138 1561 1302 1615 terra,
1346 1549 1397 1604 id
1426 1558 1530 1615 est,
1576 1550 1633 1606 in

120 1643 373 1697 tcrrenilate
400 1657 519 1709 sua,
557 1642 611 1697 in
642 1656 832 1708 carne,
873 1640 1102 1696 scilicet.
1146 1638 1309 1709 272
1354 1638 1506 1705 Quod
1549 1648 1634 1696 est

118 1734 282 1788 dicere:
310 1734 435 1788 Dum
469 1734 522 1789 in
569 1734 672 1789 hac
713 1742 926 1789 terrena
962 1747 1127 1788 carne
1157 1742 1342 1791 erunt.
1372 1748 1469 1788 eos
1502 1748 1632 1788 con-

1741 546 1886 612 tetis,
1915 547 2017 602 nisi
2049 550 2116 603 ad
2148 551 2438 606 utilitatem
2472 563 2730 609 vestram.
2757 557 2902 612 Nihil
2922 561 3068 615 enim
3089 562 3140 616 ei
3169 565 3323 617 exal-

1741 638 1872 691 latio
1898 647 2078 693 vestra
2104 640 2368 708 conferet,
2394 644 2550 713 cujus
2570 645 2741 716 gloria
2775 657 2960 704 manet
2980 659 3108 707 ante
3132 656 3319 710 mundi

1737 728 2195 784 constitutionem.
2227 730 2493 797 Quoniam
2528 750 2657 790 vero
2680 736 2937 792 dixerat:
2975 737 3095 793 Erit
3133 741 3321 810 ﬁrma-

1736 829 1965 873 mentum
1994 820 2047 874 in
2077 824 2293 878 summis
2318 825 2592 892 montium,
2620 842 2686 884 ne
2718 838 3005 900 putaretur
3031 832 3176 888 solos
3205 850 3320 889 ma-

1730 908 1906 980 jores,
1940 926 2046 965 non
2090 913 2253 966 etiam
2286 914 2524 971 minores
2562 917 2898 987 firmaturus,
2939 922 3092 977 addit
3128 936 3144 975 :
3188 922 3321 981 Dico

1736 1004 1881 1072 quod
1919 1003 2016 1056 erit
2042 1002 2428 1066 ﬁrmamentum
2464 1006 2518 1061 in
2546 1010 2770 1064 summis
2797 1011 3086 1076 montibus,
3121 1020 3175 1068 et
3212 1029 3320 1069 non

1735 1094 1907 1151 solum
1934 1092 2072 1158 hoc;
2098 1097 2192 1150 sed
2221 1098 2274 1151 in
2300 1097 2435 1164 ipso,
2467 1097 2519 1151 id
2547 1107 2631 1152 est
2672 1099 2724 1154 in
2758 1100 2863 1154 ﬁde
2887 1100 3080 1170 ipsius,
3112 1102 3322 1158 benedi-

1735 1194 1936 1249 centur,
1978 1186 2029 1239 id
2058 1193 2142 1240 est
2177 1186 2561 1242 exaltabuntur
2605 1188 2656 1242 in
2698 1190 2844 1244 omni
2878 1206 3091 1245 morum
3126 1201 3183 1247 et
3213 1194 3321 1247 vir-

1736 1284 1909 1330 tutum
1944 1276 2278 1344 perfectione
2309 1294 2485 1333 omnes
2516 1279 2680 1333 tribus
2706 1288 2884 1347 terrae,
2915 1280 2966 1336 id
2994 1290 3074 1338 est
3117 1284 3314 1340 omnis-

1734 1366 1878 1421 modi
1924 1367 2096 1421 tribus
2138 1376 2317 1434 terrm,
2360 1377 2467 1422 tam
2505 1367 2816 1424 Judaaorum
2847 1386 3011 1440 quam
3050 1373 3315 1442 gentium.

1732 1456 1893 1512 Juxta
1915 1458 2057 1529 quod
2079 1458 2145 1514 ad
2174 1459 2448 1514 Abraham
2472 1459 2759 1529 promissio
2780 1459 2925 1515 facta
2951 1462 3135 1517 estsic
3161 1482 3175 1517 :
3206 1482 3224 1515 ι
3258 1463 3314 1518 In

1732 1551 1940 1604 semine
1971 1559 2062 1604 tuo
2097 1550 2490 1605 benedicentur
2522 1566 2712 1606 omnes
2749 1562 2939 1622 gentes
2970 1552 3126 1623 (Gen.
3165 1570 3318 1621 xxvi,

1731 1640 1810 1712 4).
1844 1658 1864 1692 ι
1905 1640 1973 1693 Et
2014 1639 2138 1709 quia
2193 1640 2247 1693 in
2300 1640 2417 1709 ipso
2462 1640 2881 1705 benedicentes,
2923 1659 3099 1697 omnes
3138 1656 3313 1714 gentes

1732 1730 2140 1801 magniﬁcabunt
2176 1747 2317 1796 eum,
2354 1740 2541 1801 gentes
2571 1741 2626 1785 et
2654 1733 2826 1788 tribus
2856 1734 2995 1789 idem
3020 1743 3123 1801 est,
3170 1735 3318 1804 quod

117 1824 372 1880 tirmabitne
395 1824 669 1881 deﬁciant.
693 1823 808 1879 Non
836 1823 1008 1878 solum
1040 1823 1092 1877 in
1122 1822 1323 1888 futuro,
1349 1822 1437 1876 ubi
1464 1822 1634 1877 multo
1665 1797 1708 1854 Β
1735 1797 1841 1878 εει⁷
1859 1797 2039 1876 dicere
2070 1838 2084 1875 :
2117 1797 2497 1877 Sublimabnnt
2535 1838 2656 1903 eum
2691 1822 2847 1879 laude
2885 1841 3073 1880 omnes
3106 1838 3316 1898 gentes,

117 1916 240 1987 magis
262 1917 731 1971 conﬁrmabuntur.
774 1916 841 1970 Et
875 1916 1002 1986 quia
1034 1916 1149 1986 ipse
1177 1916 1275 1968 erit
1305 1930 1493 1970 eorum
1531 1915 1631 1983 fir-

115 2018 389 2074 mamentum,
442 2007 882 2077 supercxtollctur
932 2023 1088 2076 super
1115 2004 1374 2059 Libanum
1427 2004 1630 2074 fructus

115 2098 210 2163 eius,
239 2099 280 2153 id
306 2109 381 2155 est
417 2101 516 2171 ipsi
553 2108 766 2154 montes
806 2113 941 2169 quos
971 2097 1228 2162 ﬁrmabit,
1260 2112 1398 2167 quos
1441 2097 1495 2151 in
1526 2098 1631 2153 ﬁde

114 2189 416 2254 fruetifu-abit,
443 2190 943 2261 snperextollentur
971 2204 1126 2259 super
1156 2187 1438 2267 Libanum,
1470 2187 1522 2242 id
1547 2196 1631 2244 est

110 2281 422 2337 exaltabuntur
449 2282 503 2337 in
546 2282 810 2353 dignitate
840 2296 1083 2336 meorum
1109 2280 1430 2343 candentes,
1459 2279 1512 2334 id
1546 2289 1630 2337 est

112 2384 420 2444 prosperantes
446 2377 498 2430 in
535 2375 785 2439 terrenis,
812 2375 900 2444 qui
931 2389 1026 2444 per
1048 2373 1313 2427 Lihanmn
1337 2374 1630 2445 designan-

112 2476 187 2529 tur,
222 2482 275 2521 eo
308 2469 443 2535 quod
479 2466 722 2521 Libanns
766 2465 968 2520 candor
997 2465 1407 2533 interpretetur,
1447 2473 1502 2519 et
1531 2479 1628 2533 per

109 2555 335 2613 candorem
360 2560 490 2613 solet
513 2558 848 2628 prosperitas
862 2556 1159 2627 sa-pissime
1175 2556 1443 2612 denotari.
1470 2556 1626 2623 Quod

110 2649 371 2705 estdicere:
409 2650 697 2721 Digniores
722 2658 882 2703 erunt
913 2649 964 2703 in
1013 2648 1245 2704 terrenis
1285 2648 1623 2703 florentibus.

111 2740 153 2793 Et
175 2742 230 2795 illi
264 2743 320 2797 de
354 2745 586 2807 civitate,
626 2742 678 2796 id
703 2750 789 2795 est
823 2740 889 2796 de
918 2739 1125 2795 Libano
1154 2739 1386 2805 scilicet,
1418 2740 1485 2793 de
1523 2739 1625 2792 Ba-

110 2832 285 2899 bylonia,
318 2850 429 2903 qme
468 2842 558 2888 est
585 2833 822 2887 candens
863 2832 916 2885 in
947 2832 1197 2896 terrenis,
1236 2840 1291 2884 et
1319 2840 1401 2884 est
1428 2831 1624 2885 civitas

108 2922 283 2987 diaboli,
308 2926 567 2994 florebunt
605 2923 656 2977 in
692 2921 1049 2992 prmsentibns
1086 2921 1241 2975 bonis
1276 2921 1409 2974 sicut
1443 2920 1621 2988 fenum

107 3023 229 3078 terrae,
256 3017 297 3069 id
326 3026 405 3071 est
436 3024 631 3085 utpote
667 3024 941 3069 terrenum
974 3012 1180 3076 fenum,
1231 3029 1250 3063 ι
1290 3012 1433 3082 quod
1463 3010 1622 3066 hodie

105 3115 174 3168 est.
199 3118 242 3163 et
270 3125 379 3164 cras
410 3110 460 3164 in
489 3109 771 3163 clibanum
803 3106 1042 3161 mittitur
1075 3103 1288 3175 (Matth.
1328 3120 1405 3170 vr,
1435 3104 1546 3176 50).
1594 3123 1612 3156 ι
1647 3142 1692 3206 C

107 3198 213 3263 Quod
251 3211 323 3255 est
363 3201 547 3256 dicere
594 3217 609 3254 :
658 3198 783 3255 Flos
834 3195 1213 3268 prosperitatis
1259 3194 1474 3249 illorum
1525 3195 1620 3265 qui

108 3287 209 3343 cites
237 3301 349 3346 sunt
385 3290 697 3362 Babylonia:
725 3330 739 3354 ,
793 3288 847 3343 id
888 3298 972 3344 est
1014 3285 1251 3341 civitatis
1304 3286 1616 3356 impiorum,

107 3392 189 3445 quae
221 3391 288 3435 est
330 3384 516 3439 civitas
560 3378 918 3447 confusionis,
972 3379 1320 3435 transitorios
1354 3387 1440 3433 est
1478 3378 1622 3433 sicut

104 3465 171 3522 bos
193 3469 299 3525 feni.
322 3471 468 3527 Unde
494 3472 665 3527 Isaias
690 3488 703 3525 :
732 3467 951 3525 «Omnis
974 3483 1102 3525 caro
1125 3468 1328 3534 fenum,
1363 3473 1420 3520 et
1443 3465 1620 3522 omnis

105 3557 225 3626 gloria
254 3561 357 3630 ejus
398 3562 555 3633 quasi
594 3559 691 3615 llos
718 3559 828 3614 feni
873 3559 1009 3630 (Isa.
1062 3574 1153 3623 xc,
1184 3558 1261 3628 7).
1306 3576 1324 3609 ι
1369 3555 1462 3612 Vel
1489 3556 1568 3613 sic
1601 3573 1615 3611 :

106 3647 196 3703 Dico
231 3653 356 3721 quod
387 3652 595 3722 {ructus
634 3652 748 3721 ejus
791 3649 1225 3720 superextolletur
1263 3664 1422 3717 super
1455 3647 1616 3702 Liba-

104 3756 207 3806 tum,
229 3744 362 3798 etilli
389 3744 480 3815 qui
502 3751 635 3799 sunt
664 3742 872 3799 fructus
891 3742 955 3797 de
983 3741 1189 3796 ciuitate
1212 3740 1313 3795 bac
1335 3740 1616 3811 praesenti,

103 3831 139 3884 td
165 3836 307 3891 estde
333 3836 598 3900 Ecclesia,
632 3843 856 3906 qua‘est
883 3832 1078 3889 civitas
1107 3831 1201 3886 Dei
1233 3832 1617 3897 munitissima,

102 3920 190 3978 ituri
219 3925 262 3979 in
290 3928 443 3981 aliam
468 3926 774 3989 civitatem,
801 3924 1010 3980 scilicet
1044 3922 1096 3977 in
1135 3921 1475 3977 Hierusalem
1509 3935 1619 3976 coe-

102 4011 258 4082 lestem,
292 4019 546 4088 ﬂorebunt
586 4018 637 4072 in
675 4017 831 4072 bonis
858 4016 1116 4086 operibus
1145 4014 1209 4067 ad
1247 4012 1616 4083 generandum

102 4121 296 4176 messem,
328 4112 375 4166 id
404 4123 486 4167 est
510 4118 773 4166 aeternam
799 4106 1189 4162 beatitudinem
1218 4103 1271 4156 in
1314 4100 1495 4156 futuro
1526 4116 1619 4155 su-

99 4198 385 4269 scipiendam,
414 4202 560 4258 sicut
583 4200 762 4255 fenum
789 4209 946 4269 terra:
966 4195 1121 4251 ﬂoret
1141 4193 1325 4249 adhoc
1351 4201 1409 4247 ut
1432 4206 1616 4247 semen

97 4300 142 4338 ex
163 4288 267 4345 flore
292 4268 625 4361 precreetur.
664 4268 868 4343 Ferrum
893 4297 1047 4341 terrte
1080 4284 1234 4350 dicit,
1264 4284 1332 4339 ad
1362 4282 1617 4338 ditl'eren-

99 4377 190 4431 tiam
213 4380 305 4435 feni
334 4390 625 4444 tectorttm,
653 4379 809 4449 cujus
834 4378 931 4432 Ποε
958 4376 1165 4431 inutilis
1189 4382 1275 4428 est
1297 4374 1363 4427 ad
1393 4373 1619 4429 seminis

1734 1913 1976 1968 dicentes
2020 1932 2034 1967 :
2074 1913 2387 1968 Benedictus
2424 1914 2678 1969 Dominus
2726 1915 2865 1970 Deus
2904 1916 3098 1984 Israel,
3136 1920 3187 1974 id
3231 1929 3317 1975 est

1733 2005 2003 2061 exaltatus
2036 2004 2129 2070 sit,
2160 2006 2287 2075 quia
2326 2006 2589 2065 Dominus
2623 2017 2708 2064 est
2749 2008 2803 2061 in
2844 2010 3027 2075 rebus,
3072 2019 3130 2066 et
3176 2011 3317 2069 Deus

1733 2097 1992 2162 ﬁdelium,
2023 2113 2159 2168 quos
2204 2098 2332 2155 facit
2362 2100 2551 2169 Israel,
2586 2102 2638 2158 id
2668 2112 2754 2160 est
2782 2104 3031 2159 videntes
3054 2120 3113 2159 se
3143 2105 3312 2161 Deum

1731 2186 1785 2241 in
1830 2188 2317 2257 contemplatione;
2362 2192 2446 2247 vel
2472 2194 2563 2263 qui
2610 2194 2752 2249 Deus
2780 2203 3007 2264 apparet
3034 2194 3219 2261 Israel,
3260 2197 3315 2253 id

1729 2288 1811 2335 est
1844 2280 2088 2335 ﬁdelibus
2102 2282 2407 2353 cuicunque
2429 2300 2533 2339 non
2559 2296 2817 2355 appareat
2847 2287 3009 2343 Deus.
3034 2288 3134 2354 Qui
3162 2288 3313 2356 facit,

1730 2377 1864 2434 etc.,
1891 2384 1953 2424 ac
1983 2370 2030 2424 si
2061 2371 2208 2426 dicat
2234 2389 2247 2425 :
2279 2372 2403 2428 Ideo
2429 2377 2743 2432 benedictus
2772 2378 2867 2442 sit,
2899 2379 3027 2448 quia
3062 2379 3185 2447 fecit
3215 2382 3313 2434 nti-

1728 2460 1918 2514 rabilia
1963 2477 1982 2515 :
2022 2470 2078 2517 et
2121 2478 2228 2518 non
2262 2464 2679 2537 qualiacunque,
2724 2470 2817 2524 sed
2862 2487 3076 2541 magna,
3119 2480 3175 2527 et
3203 2488 3312 2528 non

1728 2552 1906 2608 alieno
1930 2554 2156 2621 auxilio,
2187 2557 2282 2611 sed
2310 2557 2477 2613 solus.
2521 2558 2768 2615 Mirabile
2799 2578 3034 2633 namque
3073 2573 3159 2620 est
3188 2580 3313 2619 eum

1728 2643 1794 2699 dc
1813 2643 2021 2714 virgine
2043 2656 2228 2701 natum
2252 2648 2440 2716 fuisse,
2465 2658 2519 2705 et
2543 2652 2802 2706 mundum
2830 2662 3007 2709 morte
3034 2668 3131 2709 sua
3160 2657 3314 2710 rede-

1726 2733 1914 2799 nsisse,
1950 2734 2266 2805 desperatos
2296 2740 2362 2793 ad
2397 2740 2560 2793 vitam
2594 2742 2875 2807 reducere,
2909 2752 2964 2798 et
2994 2745 3165 2799 multa
3203 2747 3310 2802 alia

1725 2824 2139 2881 innumerabilia
2172 2829 2366 2899 egisse.
2397 2829 2465 2884 Et
2502 2846 2609 2885 non
2646 2833 2713 2886 ad
2748 2834 2940 2887 horam
2984 2834 3056 2888 sit
3084 2836 3311 2892 benedi-

1723 2926 1866 2982 ctus,
1898 2920 1991 2973 sed
2023 2920 2073 2973 in
2099 2930 2361 2976 internum
2392 2923 2714 2977 benedictum
2746 2926 2817 2979 sit
2845 2942 3032 2979 nomen
3056 2926 3307 2995 majesta-

1723 3011 1791 3065 tis
1812 3010 1948 3079 ejus,
1978 3011 2028 3064 id
2065 3021 2147 3066 est
2175 3012 2343 3080 gloria
2374 3016 2762 3083 magnitudinis
2792 3016 2929 3086 ejus,
2964 3016 3015 3071 id
3043 3028 3127 3073 est
3156 3019 3306 3073 exal-

1726 3109 1833 3156 tata
1865 3102 1937 3156 sit
1969 3101 2138 3171 gloria
2171 3118 2363 3174 magna
2402 3103 2539 3171 ejus.
2591 3106 2718 3160 Dico
2749 3108 2892 3176 quod
2924 3123 3103 3161 omnes
3139 3109 3305 3164 tribus

1723 3202 1877 3247 terrae
1917 3193 2282 3247 benedicentur
2321 3195 2375 3248 in
2419 3197 2529 3263 ipso
2573 3212 2592 3249 :
2655 3207 2701 3250 et
2747 3198 2847 3252 hoc
2884 3197 3044 3252 modo
3091 3198 3304 3255 scilicet

1721 3286 1864 3357 quod
1895 3288 2063 3340 onmis
2105 3295 2247 3340 terra
2288 3287 2568 3357 replebitur
2611 3288 2883 3357 majestate
2927 3287 3065 3356 ejus,
3122 3290 3175 3345 id
3223 3298 3308 3346 εει

1721 3378 2044 3433 omnismodi
2105 3379 2307 3434 terreni
2358 3378 2707 3449 replebuntur
2761 3380 3135 3451 magnitudine
3196 3381 3309 3451 spi-

1721 3470 1861 3523 ritus
1918 3468 2055 3539 ejus.
2111 3470 2270 3527 Juxta
2319 3470 2460 3539 quod
2507 3469 2711 3524 dictum
2757 3478 2842 3525 est
2886 3484 2984 3540 per
3038 3470 3241 3526 Joelem
3285 3487 3302 3526 :

1727 3577 1747 3611 ε
1806 3558 2089 3614 Effundam
2134 3560 2202 3616 de
2244 3560 2434 3629 spiritu
2490 3574 2612 3615 meo
2661 3575 2826 3631 super
2868 3575 3085 3616 omnem
3133 3562 3296 3633 273

1722 3666 1941 3708 carnem
1993 3652 2154 3724 (Joel.
2216 3667 2285 3716 II,
2340 3652 2455 3723 20).
2502 3672 2522 3704 ι
2579 3652 2693 3707 lloc
2739 3660 2921 3707 autem
2976 3660 3036 3708 ut
3092 3654 3307 3722 replea-

1722 3754 1837 3811 tur;
1875 3745 1970 3814 ﬁat
2001 3744 2054 3799 in
2095 3742 2339 3799 Ecclesia
2381 3743 2447 3798 de
2473 3730 2697 3809 Judmis,
2725 3742 2821 3811 ﬁat
2863 3742 2919 3797 in
2957 3742 3200 3800 Ecclesia
3238 3743 3309 3800 de

1720 3837 1990 3906 gentibus.

1720 3928 1723 3931 ’
2170 3923 2236 3979 ΙΝ
2274 3922 2605 3980 ΡεΑινιυΜ
2645 3923 2854 3979 LXXII.

1791 4016 2006 4073 Titulus
2053 4016 2415 4087 septuagesini
2449 4017 2719 4072 secundi:
2764 4015 3074 4086 Defecerunt
3121 4015 3305 4071 laudes

1720 4110 1891 4165 David
1924 4109 2026 4179 ﬁlii
2053 4109 2231 4174 Jesse,
2266 4106 2515 4162 l’salmus
2560 4111 2758 4180 Asaph.
2799 4109 2954 4177 Quod
2988 4109 3145 4177 juxta
3184 4109 3303 4163 Au-

1719 4202 1995 4271 gustinum
2022 4202 2346 4271 exponitur:
2383 4202 2628 4257 Psalmus
2661 4202 2762 4255 iste
2795 4208 2881 4255 est
2904 4199 3102 4267 Asaplt,
3140 4197 3191 4251 id
3217 4206 3305 4252 est

1721 4290 1892 4346 ﬁdelis
1928 4306 2250 4362 synagoga},
2297 4291 2517 4346 habitus
2554 4304 2653 4359 pro
2689 4304 2755 4344 eo
2786 4289 2932 4357 quod
2978 4286 3300 4343 defecerunt

1719 4378 1904 4435 laudes
1947 4379 2117 4434 David
2157 4379 2253 4434 lilii
2294 4379 2475 4446 Jesse,
2510 4379 2562 4434 id
2606 4386 2689 4433 est
2734 4394 2834 4447 pro
2869 4392 2933 4432 ea
2982 4376 3299 4432 considera-

97 4474 483 4539 Pmcreationetn,
536 4472 679 4543 quod
724 4471 906 4526 fenum
949 4489 968 4521 ‹
1004 4468 1320 4540 priusqua‘m
1353 4466 1616 4521 evellatur
1644 4483 1693 4543 ι)
1722 4474 1866 4526 tione
1914 4471 2056 4541 quod
2114 4470 2432 4526 defecerunt
2485 4470 2672 4525 laudes
2716 4468 2927 4525 Judaiei
2977 4468 3159 4539 populi
3206 4470 3299 4539 qui

97 4565 485 4637 exarescit(Psal.
509 4562 825 4632 cxxvrtt,6).
841 4581 859 4614 ι
889 4561 955 4614 Ει
975 4562 1111 4615 bene
1133 4559 1283 4630 ponit
1304 4557 1368 4611 de
1385 4558 1615 4619 civitate;

96 4653 148 4707 Ac
169 4657 202 4710 si
229 4660 359 4714 dicat
388 4677 402 4714 :
432 4659 510 4713 De
535 4659 742 4711 civitate
768 4656 888 4720 hac,
923 4653 976 4707 id
1007 4659 1091 4707 est
1118 4652 1186 4705 de
1208 4648 1467 4711 Ecclesia,
1495 4661 1617 4715 quae

98 4743 162 4798 Dei
201 4749 372 4805 civitas
415 4760 520 4814 est,
573 4747 868 4818 precedent
917 4742 1077 4799 ﬁores
1109 4743 1403 4813 justorum,
1454 4740 1507 4793 id
1533 4747 1615 4793 est

96 4847 214 4902 Opera
246 4840 394 4907 bona,
427 4849 485 4895 et
511 4840 562 4894 in
593 4838 775 4892 futuro
805 4834 1130 4906 colligentnr
1161 4846 1367 4886 messes
1389 4844 1613 4901 cperunt

97 4924 301 4985 bonorum
328 4971 344 4998 ,
390 4932 603 4988 scilicet
646 4927 1006 4984 beatitudinis
1046 4936 1264 4979 :eterna:
1306 4924 1610 4994 praemium,

97 5021 296 5085 quoniam
327 5032 505 5078 autem
544 5030 753 5076 montes
786 5018 1167 5081 firmabuntur,
1199 5024 1253 5069 et
1279 5013 1591 5085 superextol

96 5106 245 5176 lentur,
273 5123 324 5168 et
352 5114 588 5169 llorcbun
599 5122 638 5167 ι.

144 5199 209 5254 Sit
233 5220 405 5259 nomen
434 5204 550 5274 ejus
580 5202 722 5273 reg's
749 5199 1099 5263 benedictum,
1134 5196 1183 5251 id
1212 5203 1298 5252 est
1320 5192 1615 5249 exaltatum

96 5302 221 5361 usque
241 5296 291 5349 in
310 5295 501 5350 stecuta
532 5294 726 5349 futura.
758 5290 965 5347 Nomen
1012 5290 1272 5344 usualiter
1306 5301 1407 5357 pro
1446 5285 1615 5357 gloria

94 5385 382 5447 ponit.lllum
410 5388 555 5441 enim
595 5385 687 5456 qui
715 5384 982 5455 gloriosus
1014 5390 1116 5449 est,
1154 5381 1331 5449 magni
1381 5378 1615 5435 nominis

93 5489 183 5529 esse
204 5478 365 5534 dicere
402 5479 803 5535 consuevimus.
845 5475 977 5531 Dico
1014 5486 1072 5528 ut
1116 5489 1146 5527 a
1208 5472 1482 5527 montibus
1524 5470 1617 5525 be-

96 5569 325 5625 nedicatur
354 5588 544 5626 nomen
571 5572 708 5642 ejus.
750 5576 881 5623 Ante
921 5569 1082 5623 solem
1127 5578 1308 5622 tamen
1348 5574 1616 5635 permanet

95 5673 237 5716 nomen
273 5667 397 5733 ejus,
445 5667 500 5721 id
546 5676 627 5722 est
668 5665 834 5737 gloria
889 5662 1027 5731 ejus.
1066 5662 1170 5717 Per
1208 5662 1377 5717 solem
1420 5660 1617 5729 accipit

93 5758 238 5811 mundi
260 5762 598 5829 creationem,
635 5777 699 5816 co
727 5760 873 5832 quod
903 5770 1028 5815 tunc
1059 5756 1135 5813 sol
1166 5765 1382 5813 creatus
1413 5764 1517 5810 est.
1550 5753 1616 5808 Et

1719 4565 2001 4620 consuevit
2034 4564 2204 4619 Deum
2238 4564 2463 4620 laudare
2499 4563 2747 4619 contuitu
2793 4563 3172 4633 temporalium
3204 4564 3303 4620 bo-

1717 4671 1943 4722 norum,
1974 4671 2082 4711 non
2112 4657 2357 4711 contuitu
2389 4666 2741 4712 aeternorum.
2772 4653 3112 4709 Adveniente
3144 4668 3303 4708 nam-

1717 4764 1825 4819 que
1861 4748 2122 4815 Cbristo,
2176 4749 2363 4804 laudes
2411 4746 2717 4816 Imjusmodt
2766 4746 3114 4814 defecerunt,
3167 4761 3293 4802 eum

1716 4850 2047 4912 prmceptum
2082 4858 2111 4895 a
2144 4839 2365 4897 Christo
2393 4842 2575 4894 datum
2616 4839 2718 4904 sit,
2769 4856 2875 4895 non
2917 4841 2986 4895 de
3025 4848 3300 4909 tempora-

1718 4931 1889 4995 libus,
1939 4930 2033 4985 sed
2072 4930 2141 4985 de
2188 4928 2523 4999 spiritalibus
2555 4928 2716 4984 bonis
2746 4928 2946 4983 debere
2986 4927 3296 4984 sollicitari.

1716 5023 1874 5079 Juxta
1924 5024 2068 5095 quod
2120 5024 2236 5093 ipse
2288 5021 2536 5093 perbibet
2592 5020 2647 5076 in
2701 5019 3014 5090 Evangelia.
3060 5036 3079 5069 ι
3121 5018 3300 5074 Nolite

1718 5115 1934 5171 solliciti
1976 5129 2126 5181 esse,
2169 5114 2451 5169 dicentes:
2493 5111 2632 5180 Quid
2674 5110 3153 5173 manducabimus,
3203 5117 3301 5165 aut

1716 5206 1848 5276 quid
1886 5205 2158 5269 bibemus,
2190 5214 2284 5259 aut
2313 5218 2421 5274 quo
2449 5204 2781 5274 operiemur.
2812 5200 3099 5257 Scitenim
3138 5198 3303 5255 Pater

1715 5306 1895 5351 vester
1914 5298 2056 5365 quod
2088 5296 2173 5351 his
2192 5295 2444 5351 omnibus
2467 5294 2718 5366 indigetis
2742 5291 2957 5363 (Matth.
2980 5306 3034 5345 vr
3054 5290 3147 5357 ,51
3181 5290 3296 5361 52).

1716 5387 1786 5441 Et
1823 5387 2006 5441 addit:
2048 5405 2066 5438 ι
2100 5386 2338 5453 Quaerite
2383 5398 2513 5454 ergo
2560 5384 2795 5454 primum
2832 5395 3058 5451 regnum
3109 5378 3202 5435 Dei
3242 5389 3300 5435 et

1716 5477 1978 5547 justitiam
2033 5476 2197 5547 ejus:
2257 5484 2313 5530 et
2367 5475 2481 5529 haec
2530 5471 2712 5528 omnia
2768 5470 3092 5539 adjicientur
3143 5471 3299 5525 vobis

1719 5569 1905 5641 (lbid.,
1924 5567 2070 5638 53).»
2102 5567 2349 5638 Congrue
2373 5566 2589 5635 quidem
2618 5562 2857 5616 additum
2881 5574 2991 5616 est:
3014 5562 3296 5631 ﬁliiJesse,

1717 5662 1785 5717 ad
1816 5661 2176 5716 differentiam
2202 5657 2472 5714 'Ecclesize
2499 5665 2553 5711 et
2588 5655 2818 5719 Christi,
2845 5653 2937 5724 qui
2985 5654 3158 5708 solent
3198 5668 3293 5706 ac—

1720 5752 1824 5823 cipi
1854 5766 1952 5823 per
1979 5753 2118 5807 hanc
2142 5764 2361 5816 vocem,
2394 5760 2513 5818 qua:
2537 5755 2621 5802 est
2648 5745 2848 5801 David:
2880 5753 2939 5800 ut
2968 5743 3299 5813 intelligatur
