3856 6322
521 359 626 416 999

1081 346 1138 401 S.
1181 338 1526 398 BRUNONIS
1561 328 2203 394 CARTIIUSIANORUM
2245 327 2735 385 INSTITUTOIIIS
2771 327 2922 385 OPP.
2963 330 3142 385 PARS
3183 331 3221 384 I.

3603 339 3721 394 I000

521 473 588 525 ad
637 469 868 521 litteram
913 459 1080 515 David
1113 440 1208 511 rex
1248 455 1443 518 Israel,
1481 452 1570 522 qui
1611 450 1710 502 fuit
1747 447 1887 500 filius
1923 421 2094 499 Jesse.
2133 451 2173 505 Α
2203 421 2469 511 appareat
2499 458 2654 511 quam
2689 441 2852 495 bonus
2879 483 2893 505 ,
2937 443 2988 495 id
3037 450 3118 498 est
3147 444 3305 498 valde
3344 452 3397 497 et
3440 445 3726 505 ineffabiliter

525 563 626 615 l’er
665 557 835 613 David
879 535 1134 608 nimirum
1176 547 1328 602 Jesse
1372 545 1540 600 filium
1609 537 1970 596 metouamice
2012 550 2107 604 po-

522 652 681 722 pultis
711 646 873 703 Israel
897 643 1186 710 accipitur,
1214 655 1280 694 eo
1310 637 1455 708 quod
1481 635 1602 705 ejus
1631 633 1772 685 idem
1810 627 1977 682 David
2013 641 2107 680 rex

523 718 754 798 exstitit.
788 738 855 792 Et
890 735 1027 788 bene
1061 732 1222 785 etiam
1270 745 1333 783 ea
1384 726 1672 781 occasione
1715 720 1856 790 quad
1900 718 2108 787 defere-

525 844 646 886 runt
689 829 876 882 laudes
910 822 1186 879 Israelitici
1221 818 1438 890 populi,
1479 815 1720 886 psalmus
1767 812 1870 866 iste
1911 809 2112 864 dicitur

528 921 861 991 compositus
894 917 1077 970 fuisse.
1115 911 1358 968 Ecclesia
1403 921 1662 976 namque,
1712 919 1831 974 qua:
1858 911 1912 956 et
1941 915 2108 970 syna-

529 1031 663 1086 gaga
698 1012 870 1067 lidelis
915 1008 1143 1070 dicitur,
1187 1019 1308 1073 quae
1353 1003 1502 1072 prius
1544 1000 1710 1052 Deum
1761 996 1828 1049 de
1869 993 2113 1049 contuitu

537 1117 877 1161 terrenarum
905 1101 1251 1162 laudaverat,
1283 1095 1474 1148 videns
1499 1100 1621 1162 post
1651 1080 2118 1143 adventum'Chri-

533 1199 600 1255 sti
639 1199 809 1252 honos
845 1192 1038 1263 aflligi,
1077 1189 1248 1244 malas
1296 1201 1427 1240 vero
1482 1179 1829 1252 prosperari,
1882 1178 1934 1231 in
1974 1176 2115 1230 indi-

533 1290 842 1361 gnationem
872 1281 1182 1342 devesiens,
1214 1293 1354 1349 pene
1393 1274 1612 1329 defecit.
1643 1272 1710 1325 Et
1743 1282 1880 1339 pene
1899 1265 1971 1321 ex
2006 1273 2118 1320 toto

532 1380 892 1448 malignorum
930 1373 1070 1444 parti
1101 1371 1441 1426 conformata
1465 1375 1581 1430 est,
1613 1373 1673 1417 ut
1700 1370 1756 1416 et
1794 1361 1907 1428 ipsa
1941 1363 2122 1427 posset

534 1467 869 1544 prosperari.
910 1464 993 1518 Ab
1035 1459 1342 1531 huiusmodi
1388 1471 1519 1512 vero
1569 1467 1756 1509 errore
1801 1450 1896 1504 Dei
1950 1447 2121 1518 gratia

531 1539 833 1631 opitulante
861 1555 1077 1609 tandem
1103 1558 1350 1619 exempta
1368 1589 1383 1613 ,
1417 1547 1684 1600 malorum
1708 1539 2121 1612 prosperitatem

533 1627 790 1721 cognovit
839 1646 1064 1701 tendere
1115 1642 1182 1694 ad
1225 1655 1412 1694 eorum
1466 1638 1920 1692 destructionem:
1956 1627 2127 1680 bona-

537 1717 657 1796 rum
681 1753 813 1792 vero
845 1735 1228 1790 adversitatem
1259 1729 1324 1782 ad
1373 1729 1611 1798 ipsorum
1653 1721 2029 1778 salvationem.
2059 1717 2126 1771 Et

2209 533 2383 586 bonus
2405 573 2418 595 ,
2456 542 2680 602 apparet
2706 533 2758 586 in
2789 533 2890 587 hoc
2919 533 2984 588 iis
3007 534 3098 602 qui
3128 544 3266 588 recto
3299 545 3413 588 sunt
3457 539 3618 600 corde,
3641 541 3729 595 illis

2211 621 2418 676 scilicet
2445 622 2534 690 qui
2567 623 2729 676 corde
2751 631 2899 677 recta
2929 622 3271 692 perpeudunt
3307 623 3372 676 ad
3407 624 3524 692 quid
3574 626 3730 695 impio.

2212 728 2330 767 rum
2365 712 2658 778 exultatio,
2694 714 3070 782 bonarumque
3111 715 3404 768 deventura
3431 716 3501 769 sit
3537 717 3730 775 afﬂictio.

2213 804 2319 858 Mei
2351 817 2523 858 autent
2562 821 2688 874 pene
2724 806 2851 859 moti
2907 815 3027 860 sunt
3069 806 3244 874 pedes.
3278 804 3429 871 Quod
3471 806 3542 860 sic
3575 809 3630 861 ad
3661 825 3736 863 su-

2213 895 2427 963 periora
2486 894 2854 964 conjungitur.
2922 893 3110 949 Itectis
3165 895 3331 948 corde
3393 909 3545 963 quam
3601 897 3739 954 bonus

2215 981 2360 1040 Deus
2385 995 2606 1056 apparet
2633 985 2645 1038 Ξ
2679 985 2786 1039 Sed
2814 986 2914 1039 mei
2941 986 3098 1054 pedes
3131 991 3262 1055 pene
3299 987 3425 1039 moti
3454 997 3563 1040 sunt
3585 989 3738 1054 abeo,

2219 1077 2270 1132 id
2307 1085 2390 1132 est
2419 1077 2560 1131 ratio
2597 1092 2713 1130 mea
2741 1093 2848 1145 qua
2893 1077 3112 1132 animus
3139 1077 3378 1144 incedit,
3407 1079 3538 1132 sicut
3566 1082 3743 1147 pedibus

2219 1184 2438 1238 corpus,
2485 1183 2622 1237 pene
2651 1177 2900 1237 separata
2942 1169 3010 1223 ab
3041 1184 3134 1232 eo,
3171 1169 3224 1223 id
3271 1177 3356 1224 est
3399 1183 3531 1239 pene
3569 1170 3744 1226 distorsi

2221 1261 2288 1314 ab
2329 1275 2392 1314 ea
2443 1260 2667 1313 rationis
2719 1275 2851 1313 IIICEB
2887 1259 3215 1312 contuitum.
3259 1259 3325 1313 Et
3373 1259 3453 1314 sic
3487 1275 3601 1329 pene
3631 1263 3746 1329 cg'usi

2220 1359 2340 1402 sunt
2370 1365 2579 1420 gressus
2614 1349 2752 1414 mei,
2785 1350 2838 1404 id
2865 1357 2948 1404 est
2974 1349 3116 1404 bona
3146 1365 3310 1418 opera
3345 1363 3481 1412 mea,
3513 1351 3673 1418 quibus
3693 1353 3746 1406 ad

2224 1440 2394 1495 Deum
2425 1440 2618 1496 incedo
2641 1480 2656 1505 ,
2689 1442 2843 1511 quasi
2874 1443 3198 1510 quibusdam
3234 1442 3510 1512 gressibus
3549 1457 3663 1510 pene
3682 1444 3748 1498 ef-

2223 1527 2344 1583 fusa
2373 1538 2529 1593 sunt,
2572 1530 2624 1583 id
2663 1542 2750 1586 est
2790 1531 3062 1586 exinanita
3099 1541 3153 1587 et
3197 1532 3251 1585 in
3297 1532 3506 1585 irritum
3534 1533 3745 1597 deducta;

2229 1618 2296 1672 ad
2335 1618 2745 1674 similitudinem
2783 1621 3012 1691 alicujus
3043 1621 3287 1692 liquoris,
3319 1623 3436 1690 qui,
3476 1623 3537 1676 de
3557 1639 3663 1678 vase
3691 1625 3752 1678 ef-

2229 1710 2416 1777 fusus,
2451 1712 2503 1766 in
2545 1713 2760 1767 irritum
2809 1713 3116 1770 deducitur.
3155 1714 3214 1768 Si
3255 1716 3402 1768 enim
3451 1717 3513 1769 ab
3559 1729 3614 1769 eo
3649 1718 3752 1770 ratio

537 1829 618 1884 sic
644 1827 838 1880 amoda
862 1839 965 1877 non
989 1821 1266 1890 displicet,
1315 1818 1426 1870 inin
1450 1816 1626 1890 placet
1677 1810 1777 1880 ipsi
1802 1807 2121 1863 adversitas.
2156 1791 2200 1850 Β
2227 1819 2348 1858 mea
2386 1813 2528 1859 mota
2559 1813 2735 1870 esset,
2763 1807 2944 1860 omnia
2973 1807 3112 1861 bona
3145 1823 3313 1876 opera
3342 1821 3460 1861 mea
3496 1809 3557 1862 ad
3579 1809 3752 1865 nihilum

541 1919 615 1975 Ut
649 1918 812 1988 igitur
844 1917 1014 1970 bonos
1044 1911 1113 1966 ab
1138 1925 1324 1966 errore
1353 1917 1410 1962 et
1442 1904 1811 1975 indignatione
1855 1900 2123 1961 retrahat,

539 2019 596 2066 et
624 2010 789 2064 Deum
834 2021 940 2062 non
993 2005 1046 2058 in
1095 2002 1324 2058 terrenis
1361 1999 1454 2054 sed
1484 1999 1536 2051 in
1574 1995 1732 2051 bonis
1765 1992 1984 2047 aeternis
2008 2005 2128 2043 esse

545 2101 872 2155 Iaudindum
905 2095 1191 2156 ostendat,
1235 2092 1288 2145 in
1323 2090 1413 2144 Dei
1447 2087 1660 2142 laudem
1698 2083 1913 2153 erupit,
1940 2089 2129 2136 osten-

543 2194 678 2248 dcus
705 2207 828 2245 cum
855 2179 976 2244 esse
1005 2189 1203 2240 bonum
1241 2183 1404 2237 etiam
1439 2181 1492 2233 in
1522 2176 1811 2231 afﬂictione
1841 2175 2128 2229 honorum.

545 2280 944 2351 Redarguenda
989 2289 1203 2347 quoque
1252 2288 1310 2328 se
1353 2270 1593 2327 ostendit
1633 2280 1889 2320 errasse:
1931 2272 1987 2317 et
2026 2277 2132 2331 qua

547 2375 614 2430 de
638 2388 804 2428 causa
848 2370 1144 2430 erraverit,
1207 2365 1414 2420 scilicet
1452 2361 1698 2416 contuitu
1746 2356 2038 2428 impietatis
2080 2362 2136 2408 ct

549 2463 774 2517 malitia:
817 2474 1004 2514 eorum
1026 2498 1040 2523 ,
1080 2456 1289 2510 scilicet
1318 2451 1642 2522 impiarum,
1676 2464 1837 2517 quam
1869 2443 2132 2512 multipli-

553 2553 692 2608 citer
736 2552 1155 2611 demonstrant;
1193 2548 1259 2600 de
1289 2559 1516 2614 quorum
1547 2542 1709 2596 etiam
1753 2539 1864 2607 agit
1888 2536 2134 2591 consola-

556 2646 703 2700 tione
735 2643 936 2697 futura.
981 2641 1204 2695 Tractat
1226 2639 1444 2706 insuper
1470 2636 1535 2688 ad
1563 2632 1870 2702 exemplum
1907 2630 2136 2684 aliarum

556 2737 624 2792 de
666 2737 747 2790 sui
789 2735 993 2789 erroris
1037 2732 1460 2787 commutatione
1488 2768 1502 2793 ,
1551 2734 1606 2780 et
1654 2725 1736 2778 sui
1788 2739 1917 2793 erga
1969 2721 2139 2775 Deum

556 2825 923 2895 subjectione:
952 2823 1180 2878 dicenda
1208 2837 1265 2876 se
1295 2822 1402 2874 Dea
1429 2817 1626 2873 amada
1658 2817 1960 2878 adhaerere,
1990 2815 2043 2866 in
2075 2828 2140 2868 eo

558 2934 708 2990 spem
749 2919 968 2972 habere.
1011 2917 1083 2969 De
1124 2913 1279 2968 titulo
1327 2911 1542 2981 quidem
1585 2911 1739 2980 juxta
1780 2906 2140 2976 Augustinum

564 3011 645 3064 sic
713 3007 906 3078 agitur.
959 3005 1015 3060 Si
1059 3020 1186 3059 vero
1229 3004 1296 3057 ad
1343 2999 1652 3070 llicrauymi
1699 2997 2024 3052 sententiain
2056 3009 2144 3048 re-

561 3113 869 3160 curramus,
905 3097 1090 3150 titulus
1120 3093 1277 3162 hujus
1321 3093 1510 3163 psalmi
1549 3089 1886 3145 solummodo
1913 3103 2036 3141 esse
2065 3085 2145 3138 vi-

561 3189 720 3244 detur
741 3187 975 3257 psalmus
1002 3186 1198 3255 Asupli.
1237 3183 1383 3237 Istud
1433 3181 1594 3252 igitur
1620 3179 1762 3250 quod
1789 3177 2142 3248 praeponitur,

561 3278 770 3334 scilicet
801 3275 1117 3332 defecerunt
1146 3274 1332 3327 laudes
1355 3271 1520 3324 David
1550 3269 1642 3322 lilii
1670 3267 1822 3322 Jasse
1841 3305 1856 3330 ,
1915 3265 2148 3318 allii-luat

563 3369 759 3424 beatus
809 3366 1157 3422 Ilieraninius
1214 3364 1354 3433 apud
1410 3361 1668 3415 Hebraeos
1719 3357 1941 3427 hujusce
2009 3356 2146 3410 tituli

567 3473 909 3529 nequaquam
939 3471 1061 3513 esse
1087 3464 1322 3524 partem,
1356 3453 1450 3508 sed
1491 3449 1814 3506 sententiam
1846 3451 1911 3501 ad
1943 3462 2148 3516 praece-

565 3551 784 3604 dentem
815 3548 1078 3618 psalmum
1107 3551 1444 3614 spcctantem
1481 3541 1552 3595 ab
1577 3539 1748 3593 Esdra
1776 3545 2151 3601 competenter

569 3641 891 3711 appositam.
948 3638 1317 3694 Considerans
1361 3634 1506 3689 enim
1566 3631 1810 3693 Esdras,
1869 3629 2152 3682 titulorum

573 3731 926 3801 compositor,
961 3733 1014 3784 in
1051 3725 1376 3800 prazcedenti
1409 3724 1617 3793 psalmo
1646 3721 1920 3792 negotium
1947 3719 2150 3772 adven-

581 3837 668 3882 tus
695 3836 749 3881 et
774 3827 926 3897 regni
950 3826 1149 3881 Christi
1183 3823 1472 3888 contineri,
1507 3821 1559 3874 in
1593 3819 1746 3888 cujus
1777 3827 2017 3886 tempore
2041 3814 2155 3868 lau-

573 3919 672 3972 des
725 3916 935 3972 Judaici
992 3916 1174 3988 populi
1227 3913 1521 3974 deficient,
1573 3924 1708 3978 quas
1757 3923 1854 3978 pro
1909 3908 2154 3961 contuitu

576 4009 812 4080 agebant
853 4017 1191 4062 terrenarum
1217 4045 1232 4072 ,
1269 4005 1337 4058 ad
1371 4000 1783 4057 instrnctionern
1827 3999 1879 4051 in
1915 4009 2158 4066 tempore

575 4100 777 4155 Christi
809 4097 1114 4153 futurorum
1147 4099 1287 4152 hanc
1317 4095 1645 4150 sententiam
1679 4091 1956 4160 adjnnxit;
1995 4104 2156 4158 quam

575 4196 654 4247 sic
701 4191 854 4261 ponit
905 4205 968 4245 ac
1016 4189 1062 4244 si
1108 4188 1218 4257 jam
1264 4203 1358 4242 rex
1403 4185 1741 4246 advenisset.
1783 4198 1906 4250 qua:
1951 4180 2032 4234 sic
2081 4178 2150 4232 ad

574 4282 846 4352 psalmum
875 4279 1126 4334 refertur:
1156 4275 1597 4344 Quandoquidem
1617 4289 1708 4329 rex
1733 4273 1843 4335 ille,
1875 4272 1940 4325 de
1968 4285 2075 4338 quo
2107 4269 2157 4320 in

577 4375 680 4429 hoc
705 4372 914 4442 psalmo
937 4369 1201 4440 superiori
1227 4378 1405 4422 actum
1430 4377 1533 4429 est,
1565 4363 1942 4431 adveniet,qui
1971 4362 2092 4415 talis
2107 4371 2160 4414 et

2230 1897 2449 1950 redacta
2505 1897 2834 1950 viderentur.
2904 1897 3066 1952 Juxta
3126 1899 3274 1969 quod
3329 1898 3575 1952 Ezechiel
3623 1900 3752 1954 dicit:

2235 2005 2253 2037 ι
2287 1988 2344 2042 Si
2367 1989 2626 2043 averterit
2655 2003 2714 2042 se
2736 1987 2914 2056 justus
2939 2003 2968 2042 a
2989 1987 3204 2057 justitia
3238 2004 3335 2042 sua
3352 2028 3370 2054 ,
3395 1989 3618 2043 omuiuui
3635 1989 3753 2056 justi-

2243 2079 2441 2134 tiarum
2469 2077 2588 2148 ejus
2619 2093 2724 2135 non
2751 2080 3083 2135 recordabar
3125 2081 3346 2150 (Ezech.
3376 2095 3436 2134 nt
3456 2120 3469 2141 ,
3499 2079 3597 2151 I8).
3630 2101 3646 2132 ι
3679 2081 3758 2134 Ad-

2228 2171 2406 2242 jungit
2447 2180 2626 2226 autem
2653 2185 2875 2225 causam
2906 2185 3082 2241 quare
3123 2187 3264 2240 pene
3314 2170 3449 2226 moti
3497 2179 3610 2224 sunt
3634 2173 3757 2240 pedes

2233 2263 2352 2332 ejus
2397 2271 2452 2316 et
2487 2277 2736 2332 gressus,
2782 2261 2862 2316 sic
2891 2277 2906 2314 :
2932 2261 3056 2315 Ideo
3101 2262 3313 2316 scilicet
3357 2275 3495 2330 pene
3531 2261 3642 2314 moti
3667 2271 3761 2314 sunt

2235 2353 2418 2423 pedes,
2448 2356 2571 2420 quia
2601 2353 2764 2406 zelavi
2791 2392 2806 2416 ,
2847 2353 2898 2406 id
2926 2361 3012 2408 est
3037 2353 3352 2424 indignatus
3393 2367 3539 2414 sum,
3567 2351 3758 2406 conside-

2237 2445 2408 2501 rando
2454 2443 2682 2498 rationis
2729 2443 2926 2497 intuitu
2984 2457 3146 2512 super
3193 2443 3434 2513 iniquos.
3484 2441 3548 2495 Et
3585 2442 3760 2511 exponit

2238 2537 2382 2591 unde
2437 2535 2635 2590 zelavit
2681 2551 2838 2602 super
2867 2534 3100 2603 iniquos,
3152 2533 3404 2588 addendo
3449 2534 3526 2587 sic
3563 2533 3758 2586 scilicet:

2241 2626 2410 2683 zelavi
2439 2628 2616 2681 videns
2640 2642 2820 2695 pacem
2856 2635 3189 2693 peccatorum
3209 2664 3224 2689 ,
3270 2624 3326 2678 id
3357 2633 3441 2678 est
3462 2624 3524 2678 de
3553 2623 3760 2676 hociudi-

2242 2728 2438 2788 gnatus
2469 2733 2585 2772 smn
2605 2756 2619 2778 ,
2651 2718 2774 2785 quia
2799 2756 2814 2781 ,
2843 2716 3237 2771 considerando
3281 2715 3432 2784 ipsos
3459 2715 3676 2782 iniquos,
3706 2714 3765 2768 ιίο

2243 2811 2436 2866 debain
2482 2824 2576 2863 eos
2601 2809 2802 2864 habere
2832 2809 2997 2862 vitam
3035 2809 3320 2878 pacificam
3363 2817 3419 2860 et
3461 2807 3763 2874 imperturba-

2247 2911 2355 2955 tam
2376 2941 2389 2965 ,
2424 2915 2544 2954 cum
2577 2910 2893 2970 peccatores
2917 2906 3100 2952 essent
3135 2907 3188 2951 et
3219 2897 3368 2967 digni
3399 2896 3762 2965 perturbatione.

2249 2993 2421 3061 Super
2450 2994 2654 3060 iniquos
2689 2990 2844 3056 dicit,
2877 3004 2906 3042 a
2933 2989 3283 3042 similitudine
3320 2987 3464 3040 illius
3493 2986 3595 3055 qui,
3623 2985 3667 3036 iu
3689 2984 3768 3036 alto

2250 3084 2369 3138 loco
2410 3084 2751 3142 consistens,
2793 3097 2954 3151 super
3002 3081 3290 3136 inferiores
3338 3081 3550 3149 aspicit.
3594 3079 3768 3131 Accedit

2251 3191 2379 3230 vero
2407 3176 2472 3228 ad
2505 3176 2608 3228 hac
2640 3182 2698 3226 ut
2725 3173 2897 3228 solvat
2935 3188 3041 3240 qua
3073 3171 3139 3225 de
3175 3186 3340 3224 causa
3391 3185 3494 3238 pax
3523 3169 3588 3222 sit
3625 3182 3771 3234 pecca-

2255 3267 2463 3322 toribus
2494 3266 2653 3326 data,
2690 3264 2808 3316 sic:
2847 3265 2974 3317 Dico
3028 3262 3226 3325 zelavi,
3271 3277 3454 3331 parem
3502 3270 3770 3329 peccatorum

2253 3359 2448 3414 videns.
2486 3355 2678 3409 Pacem
2711 3357 2831 3410 dico
2865 3356 2981 3410 ideo
3025 3356 3207 3409 datam
3235 3373 3264 3409 a
3291 3355 3434 3417 Deo,
3473 3353 3590 3422 quia
3617 3359 3770 3402 nonest

2254 3463 2514 3521 respectus
2548 3452 2638 3506 Dei
2676 3453 2828 3504 uturti
2867 3467 3044 3504 eorum
3070 3491 3084 3515 ,
3117 3451 3167 3505 id
3196 3460 3280 3504 est
3321 3450 3446 3503 ideo
3478 3447 3696 3502 concedit
3718 3446 3771 3498 eis

2255 3546 2397 3601 Deus
2437 3559 2624 3614 pacem
2665 3545 2718 3597 in
2755 3543 2936 3598 futura
2974 3543 3133 3598 valde
3180 3543 3514 3605 nocituram;
3558 3540 3668 3608 quia
3699 3554 3772 3588 uua

2256 3638 2476 3707 respicit
2523 3636 2588 3690 ad
2623 3645 2850 3690 mortem
2891 3651 3115 3700 eorum,
3160 3649 3281 3704 quae
3307 3649 3408 3704 pro
3449 3633 3548 3686 hac
3587 3644 3695 3700 pace
3722 3629 3776 3681 cis

2257 3728 2564 3795 continget,
2597 3733 2652 3777 ut
2683 3740 2778 3778 eos
2825 3725 2949 3780 inde
2989 3725 3285 3779 clementer
3323 3723 3541 3793 eripiat.
3585 3719 3635 3774 Si
3672 3718 3775 3771 θυι-ιι

2256 3832 2350 3872 eos
2382 3816 2504 3869 inde
2529 3816 2741 3882 eripere
2773 3814 2930 3868 vellet
2951 3855 2964 3877 ,
2997 3829 3105 3868 non
3143 3814 3224 3868 eis
3253 3812 3442 3881 utique
3480 3807 3777 3879 pacem,iuiu

2259 3908 2640 3961 adversitatczn
2672 3906 3010 3958 concederet.
3057 3902 3124 3955 Et
3167 3918 3272 3956 non
3318 3909 3404 3956 est
3448 3902 3775 3968 ﬁrmamentum

2259 3999 2352 4052 Dei
2382 3999 2435 4050 in
2474 3999 2626 4066 plaga
2657 4013 2866 4060 eorum,
2906 3997 2957 4048 id
3005 4004 3088 4050 est
3125 3994 3179 4048 in
3225 3993 3307 4048 eis
3345 3991 3575 4062 plagatis
3601 3990 3773 4042 vulnere

2258 4099 2625 4159 peccatorum.
2662 4087 2815 4154 Quod
2855 4096 2940 4141 est
2987 4087 3195 4140 dicere:
3248 4083 3314 4137 Et
3361 4083 3484 4135 ideo
3527 4093 3692 4148 pacem
3726 4075 3779 4127 eis

2261 4183 2529 4244 concedit,
2557 4182 2682 4250 quia
2711 4189 2998 4235 non-curat
3024 4179 3350 4233 confirmare
3389 4178 3443 4232 in
3473 4175 3686 4242 sanitate
3717 4184 3779 4222 ius

2261 4272 2542 4341 plagatos;
2589 4287 2712 4326 nam
2756 4272 2799 4324 si
2843 4286 2937 4325 eos
2966 4271 3293 4324 adversitate
3319 4267 3651 4338 castigaret,
3679 4262 3780 4330 ipsis

2235 4399 2238 4402 -
2263 4363 2448 4430 utique
2477 4362 2738 4432 plagatos,
2770 4377 2866 4431 per
2893 4363 2992 4415 hoc
3021 4361 3073 4414 in
3099 4361 3336 4414 sanitate
3366 4358 3622 4411 firmaret.

579 4467 704 4520 talis
725 4475 810 4520 est
834 4464 961 4520 utin
991 4464 1093 4516 hoc
1121 4461 1329 4530 psalmo
1353 4453 2157 4518 cstostensuin,delicieutlau-
2193 4473 2240 4532 ο
2337 4455 2404 4508 Et
2445 4455 2637 4508 merito
2667 4471 2770 4507 non
2803 4465 2876 4507 est
2908 4453 3301 4522 ﬁrmamentum
3353 4451 3406 4502 in
3441 4449 3594 4518 plaga
3632 4457 3780 4498 eorum.

579 4557 678 4609 des
702 4554 868 4608 David
899 4554 992 4607 filii
1025 4551 1200 4616 Iesse,
1225 4550 1431 4603 scilicet
1449 4549 1632 4601 laudes
1654 4547 1952 4600 act:eDeoa
1969 4543 2161 4614 popqu

581 4643 748 4700 Israel
775 4642 1025 4698 contuitu
1057 4640 1458 4711 temporalium.
1490 4637 1644 4703 Quod
1678 4649 1760 4689 est
1789 4636 1971 4689 dicere
2009 4652 2021 4686 :
2071 4633 2164 4694 Ille

583 4739 678 4791 rex
717 4735 949 4789 instruet
993 4749 1119 4788 suos
1161 4733 1329 4786 Deum
1373 4745 1479 4784 non
1527 4743 1648 4782 esse
1695 4725 2020 4778 laudandum
2067 4739 2164 4792 pro

585 4823 1001 4893 temporalibus,
1037 4822 1130 4878 sed
1165 4837 1262 4892 pro
1312 4820 1554 4874 aeternis.
1599 4816 1707 4869 llas
1753 4827 1934 4868 autem
1982 4813 2168 4867 laudes

585 4915 856 4971 defecisse
884 4914 1063 4970 innuit
1092 4912 1329 4983 psalmus
1363 4910 1539 4977 Asaph
1567 4907 1659 4977 qui
1692 4905 1972 4973 sequitur;
2015 4902 2169 4972 cujus

586 5008 818 5065 intentio
855 5021 980 5062 cum
1031 5003 1330 5073 superioris
1381 5000 1524 5054 tituli
1569 4997 1906 5072 expositione
1951 5004 2170 5050 ostensa

585 5111 688 5157 εει.

661 5197 836 5264 Quam
865 5195 1029 5248 bonus
1059 5189 1230 5246 Israel
1261 5188 1399 5242 Deus
1429 5188 1510 5241 liis
1544 5187 1632 5256 qui
1659 5195 1797 5240 recto
1831 5195 1950 5239 sunt
1994 5184 2169 5238 corde.

587 5292 646 5347 In
701 5289 969 5346 IIebriaca
1020 5283 1376 5340 translatione
1430 5283 1691 5335 habetur:
1744 5288 1975 5331 attamen
2015 5293 2172 5347 quam

590 5385 756 5438 bonus
787 5381 962 5436 Israel
997 5379 1164 5440 Deus,
1189 5383 1296 5430 etc.
1331 5373 1409 5428 Ac
1441 5373 1486 5427 si
1515 5373 1686 5427 dicat:
1717 5372 1852 5426 Cum
1882 5385 2009 5424 suas
2033 5370 2181 5422 Deus‘

590 5475 756 5546 affligi
801 5472 1118 5545 permittat,
1172 5469 1449 5535 malosque
1483 5464 1825 5536 prosperari,
1872 5479 1902 5516 a
1952 5449 2175 5532 (μεωε-

595 5568 721 5622 dam
760 5581 869 5620 non
899 5571 1048 5620 recte
1077 5553 1581 5620 considerantibus,
1631 5571 1736 5610 non
1770 5557 1942 5610 bonus
1986 5557 2040 5610 in
2072 5557 2177 5611 hac

593 5655 761 5728 274
785 5669 909 5712 esse
939 5651 1272 5708 decernitur.
1311 5651 1563 5704 Attamen
1606 5647 1741 5716 ipse,
1773 5646 1862 5714 qni
1899 5647 2036 5700 Deus
2077 5659 2173 5714 ap-

595 5758 752 5816 paret
787 5745 1044 5803 omnibus
1086 5741 1178 5812 qui
1223 5749 1345 5795 sunt
1391 5739 1583 5806 Israel,
1616 5737 2021 5808 quibuscunque
2067 5738 2172 5792 nan

2266 4545 2398 4600 Nam
2427 4547 2478 4598 in
2511 4547 2686 4600 labore
2715 4547 2982 4598 hominum
3031 4561 3133 4596 non
3161 4552 3316 4605 sunt,
3352 4542 3404 4594 id
3447 4549 3533 4594 est
3570 4552 3662 4592 non
3699 4540 3784 4588 sunt

2267 4639 2556 4706 participes
2601 4637 2804 4690 laboris
2844 4635 3157 4698 hominum,
3187 4633 3426 4686 fidelium
3476 4629 3690 4690 scilicet,
3727 4640 3784 4676 ra.

2269 4729 2601 4782 tionaliiliter
2641 4744 2700 4782 se
2753 4729 3067 4782 habentium
3100 4767 3114 4790 ,
3163 4727 3230 4778 ad
3275 4725 3499 4778 modum
3545 4721 3782 4777 hominum.

2269 4819 2421 4884 Quod
2454 4818 2777 4870 estdicere:
2807 4817 3094 4885 Negligunt
3130 4815 3197 4868 ad
3245 4825 3448 4868 aeterna
3495 4814 3625 4868 bona
3663 4807 3785 4875 adipi-

2269 4910 2468 4964 scenda
2514 4909 2761 4962 laborare
2791 4909 2858 4961 ad
2899 4923 3017 4975 quae
3055 4908 3240 4962 fideles
3281 4906 3551 4960 laborant.
3615 4902 3673 4956 Et
3706 4902 3784 4954 ideo

2269 5015 2386 5053 cum
2429 4999 2724 5051 hominibus
2757 5014 2860 5051 non
2893 4997 3324 5066 ﬂagellabuutur,
3357 4997 3410 5050 id
3437 5004 3522 5049 est
3557 5009 3662 5050 cuiu
3696 4990 3786 5043 lide-

2272 5092 2413 5146 Iibus
2441 5107 2546 5145 non
2575 5091 2983 5159 castigabuutur
3021 5090 3246 5159 flagellis
3278 5089 3685 5144 tribulationum.
3723 5078 3786 5130 id

2274 5184 2434 5237 aliter
2462 5183 2650 5235 melius
2675 5185 2724 5234 hi
2752 5197 2940 5235 versus
2966 5182 3310 5250 lcguntur,u_t
3332 5180 3510 5233 adhuc
3537 5179 3676 5231 addat
3694 5186 3786 5224 cau-

2274 5291 2363 5330 sas
2401 5290 2573 5344 quare
2627 5274 2855 5337 zelavit,
2887 5273 3002 5327 sic:
3034 5273 3101 5326 Et
3126 5272 3248 5326 ideo
3284 5269 3449 5324 ἀνειαυὶ
3493 5270 3607 5339 quia
3637 5269 3785 5317 ιιυιιίδε

2275 5378 2536 5436 respectus
2567 5367 2656 5420 Dei
2683 5367 2836 5419 morti
2871 5380 3052 5419 eorum
3077 5404 3094 5428 ,
3127 5364 3178 5418 id
3211 5375 3293 5418 est
3337 5361 3571 5432 peccatis
3612 5370 3785 5412 eorum.

2275 5475 2396 5530 quze
2441 5459 2698 5514 dicuntur
2741 5472 2886 5511 mors
2912 5497 2926 5523 ,
2975 5471 3039 5511 eo
3083 5456 3225 5526 quod
3272 5470 3434 5510 causa
3482 5454 3583 5509 sint
3623 5444 3783 5503 mortis-

2276 5551 2428 5619 Quod
2457 5558 2543 5606 est
2569 5551 2750 5604 dicere
2774 5565 2788 5602 :
2825 5548 2949 5603 Ideo
2972 5547 3144 5602 zelavi
3176 5545 3302 5616 quia
3336 5546 3478 5599 Deus
3503 5557 3600 5599 non
3622 5536 3786 5604 respicit

2277 5653 2498 5714 peccata
2527 5657 2715 5696 eorum
2777 5649 2835 5693 ut
2881 5641 2934 5694 in
2976 5637 3231 5708 praisenti
3277 5638 3582 5692 ulciscatur.
3621 5641 3662 5682 et
3693 5625 3785 5691 ψεῖ]

2283 5749 2385 5789 non
2431 5745 2503 5787 est
2535 5736 2920 5800 firmamentiun
2951 5731 3002 5783 in
3027 5735 3183 5800 pl'aga
3215 5745 3416 5784 corum.
3463 5717 3787 5793 Ωιιοάιεδίναῖ·
