3846 6334
94 382 203 437 1001

981 377 1344 435 EXPOSITIO
1380 376 1447 432 IN
1488 374 1823 432 PSALMOS.
1865 409 1936 418 -—
1963 378 2157 433 PSAL.
2190 380 2394 434 LXXII.

3184 390 3205 441 1
3219 389 3328 444 002

93 506 227 548 cere:
258 490 315 544 Si
341 489 632 558 aliquando
658 489 737 543 eis
762 488 914 559 plaga
942 492 1240 559 contingit,
1275 492 1325 544 id
1351 499 1433 544 est
1457 490 1645 543 adver—
1675 494 1719 552 Λ
1751 489 1924 544 locum
1978 492 2224 546 ascendit
2278 502 2337 546 ut
2373 508 2473 547 vox
2529 492 2642 560 ejus
2703 497 2951 551 omnibus
2993 499 3044 551 i‘n
3097 500 3327 558 circuitu

100 588 234 639 sitas.
275 582 332 636 In
384 582 473 635 illa
518 581 672 651 plaga
719 598 823 634 non
865 592 938 634 est
996 582 1423 649 ﬁrmamentum,
1475 582 1526 634 id
1569 588 1652 633 est

97 674 220 727 illam
257 672 473 741 plagam
519 670 664 726 Deus
706 686 811 724 non
853 671 1168 737 conﬁrmat,
1213 682 1273 725 ut
1311 672 1400 725 ditt
1453 672 1649 735 duret,

98 773 237 833 prout
262 778 453 817 eorum
482 766 620 815 mala
648 763 841 816 merita
882 760 1137 817 videntur
1161 763 1400 832 exigere,
1430 764 1522 817 sed
1545 762 1653 817 cito

100 853 386 906 transitoria
435 862 539 906 est.
569 853 633 904 Et
659 852 778 907 ideo
800 853 978 907 adhuc
1014 853 1178 906 zelavi
1198 893 1212 918 ,
1243 854 1367 923 quia
1410 869 1513 907 non
1534 862 1652 907 sunt

99 946 146 997 in
183 943 356 996 labore
396 944 698 1005 hominum,
748 943 984 997 ﬁdelium
1035 944 1273 1009 scilicet,
1320 946 1372 999 id
1418 954 1504 1001 est
1547 959 1652 1000 non

100 1042 208 1087 sunt
245 1033 537 1103 participes
588 1033 790 1088 laboris
838 1034 1073 1088 ﬁdelium
1101 1075 1115 1097 ,
1163 1047 1221 1089 ut
1266 1036 1455 1091 eodem
1498 1038 1657 1091 modo

101 1124 327 1178 laborent
358 1125 412 1178 in
444 1124 868 1179 adversitatibus
895 1126 1035 1179 sicut
1060 1126 1183 1195 ipsi.
1211 1126 1276 1181 Et
1306 1127 1408 1181 hoc
1438 1127 1659 1196 exponit

102 1233 208 1271 cum
254 1217 443 1283 addit,
476 1228 555 1283 et,
604 1218 654 1273 id
700 1227 785 1272 est
825 1218 1052 1283 scilicet,
1101 1236 1203 1273 non
1251 1218 1660 1289 ﬂagellabttntur

104 1308 149 1360 in
177 1308 269 1359 hoc
302 1307 537 1372 mundo,
569 1322 748 1375 neque
788 1306 1129 1377 ﬂagellantur
1171 1309 1395 1381 ﬂagellis
1439 1311 1659 1364 tribula-

102 1397 289 1449 tionum
328 1411 358 1448 a
386 1395 497 1450 Deo
520 1413 639 1449 cum
671 1397 990 1461 hominibus,
1040 1398 1090 1452 id
1115 1409 1198 1452 est
1226 1414 1347 1452 eum
1389 1399 1659 1463 ﬁdelibus,

102 1491 227 1559 quod
261 1498 345 1543 est
380 1489 593 1543 dicere:
634 1488 758 1543 Ideo
801 1488 1074 1559 indignor,
1109 1492 1232 1559 quia
1272 1491 1429 1545 video
1475 1491 1661 1544 ﬁdeles

102 1579 333 1633 laborare
373 1586 429 1631 et
464 1576 720 1646 ﬂagellari
765 1591 793 1629 a
839 1576 978 1639 Deo,
1025 1584 1193 1632 utatos
1233 1594 1361 1633 vero
1405 1579 1659 1643 minime;

102 1669 140 1723 si
179 1670 316 1722 enim
346 1668 541 1723 saltem
574 1668 700 1722 boni
746 1682 852 1721 non
899 1667 1206 1723 laborarent
1233 1686 1406 1739 neque
1430 1670 1664 1740 ﬂagella-

105 1768 295 1819 rcutur,
330 1773 437 1811 non
469 1756 604 1812 adeo
630 1757 960 1825 indignarer.
992 1759 1199 1812 Vel-ita
1236 1768 1413 1829 potest
1437 1760 1536 1832 legi
1561 1803 1574 1824 ,
1606 1769 1663 1814 ut

1753 580 2109 635 existentibus
2166 581 2450 636 manifesta
2493 583 2581 637 sit.
2640 583 2707 637 Et
2751 600 2854 637 non
2903 587 3330 661 qualemcunque

1755 669 2089 737 iniquitatem
2139 671 2299 723 locuti
2337 681 2478 735 sunt,
2531 672 2626 725 sed
2657 683 2939 741 posuerunt
2984 692 3039 729 os
3089 694 3238 731 suum
3273 680 3329 732 in

1754 759 1899 822 mlo,
1931 759 1981 812 id
2007 769 2088 813 est
2107 769 2362 816 constans
2385 761 2627 816 fecerunt
2661 776 2723 816 os
2753 777 2905 815 suum
2930 763 2981 816 iu
2999 764 3327 832 blasphemia

1756 850 1852 903 Dei
1906 850 2045 913 cmli,
2087 850 2171 904 vel
2225 862 2511 919 posuerunt
2554 852 2608 904 in
2654 851 2860 916 cce/um,
2917 853 2968 906 id
3026 862 3106 907 est
3137 864 3327 910 contra

1758 939 1977 1011 cadum,
2008 940 2214 994 scilicet
2239 952 2296 993 ut
2322 940 2490 995 Deum
2516 940 2642 995 caeli
2671 940 3128 1009 blasphemarent.
3164 942 3231 996 Et
3252 944 3332 997 sic

1761 1039 1939 1085 tamen
1973 1032 2115 1100 quod
2147 1032 2325 1101 lingua
2370 1047 2549 1085 eorum
2590 1031 2740 1101 prius
2784 1033 2993 1085 transiit
3035 1033 3087 1085 in
3116 1042 3329 1095 terram,

1765 1121 1820 1175 id
1845 1130 1928 1175 est
1970 1122 2023 1175 in
2066 1136 2130 1175 ea
2176 1136 2294 1190 qua:
2334 1131 2458 1175 sunt
2496 1121 2547 1174 in
2596 1132 2758 1189 terra,
2807 1121 2948 1192 quod
2993 1122 3277 1176 estdicere
3313 1142 3328 1177 :

1761 1211 1915 1265 Prius
1944 1211 2449 1281 blasphemaveruut
2480 1212 2725 1266 homines
2759 1223 2813 1266 et
2860 1227 2925 1267 ea
2957 1229 3074 1280 quae
3102 1214 3155 1266 in
3189 1223 3329 1268 terra

1762 1313 1905 1369 sunt,
1942 1306 2086 1359 etab
2131 1320 2318 1360 eorum
2351 1305 2687 1375 blasphemia
2720 1305 2786 1358 ad
2822 1305 2913 1359 Dei
2944 1306 3185 1360 cmlestis
3214 1308 3331 1361 bla-

1762 1397 2060 1466 sphemiam
2088 1398 2507 1461 transierunt,ut
2530 1411 2651 1451 eum
2672 1404 2853 1465 postea
2879 1396 3331 1465 blasphemarent,

1760 1487 1843 1540 vel
1868 1487 1944 1541 sic
1980 1505 1991 1539 :
2026 1487 2139 1540 Dixi
2165 1487 2305 1554 quod
2340 1487 2500 1538 tenuit
2530 1501 2614 1539 eos
2637 1486 2982 1554 superbia,et
3007 1486 3141 1539 adeo
3174 1488 3335 1539 tenuit

1763 1577 1907 1645 quod
1927 1586 2211 1645 posuerunt
2242 1593 2297 1629 os
2328 1593 2481 1629 suum
2520 1577 2572 1629 in
2595 1575 2745 1641 caelo,
2779 1577 2829 1629 id
2857 1584 2939 1629 est
2967 1577 3018 1629 in
3050 1574 3337 1630 conformi—

1766 1676 1875 1721 tate
1896 1666 2132 1721 coalestis
2161 1665 2278 1731 Dei,
2309 1675 2367 1719 ut
2393 1667 2531 1720 sicut
2575 1665 2664 1719 ille
2706 1680 2792 1719 res
2819 1665 3052 1724 disponit
3076 1674 3129 1719 et
3162 1666 3339 1735 dispo-

1767 1759 1965 1815 sitione
2012 1758 2244 1828 perﬁcit,
2289 1757 2368 1811 sic
2417 1765 2471 1809 et
2504 1756 2604 1825 ipsi
2652 1756 2879 1810 subditis
2907 1756 3221 1823 imperando
3253 1768 3338 1809 res

104 1851 334 1919 superius
389 1850 695 1919 expositum
751 1848 913 1918 275
972 1850 1093 1903 fuit.
1138 1828 1271 1906 Dico
1331 1828 1664 1921 quod'Deus
1697 1828 1738 1884 Β
1768 1851 1978 1905 futuras
2022 1864 2119 1919 pro
2164 1848 2299 1903 velle
2332 1862 2432 1902 suo
2472 1847 2840 1917 disponerent,
2888 1856 2942 1899 et
2981 1845 3047 1898 ad
3089 1843 3339 1899 eﬂ‘ectum

106 1958 196 1994 non
226 1943 448 2012 respicit
478 1952 706 1997 mortem
731 1983 745 2007 ,
780 1943 830 1996 id
859 1951 943 1997 est
971 1955 1192 2012 peccata
1235 1961 1420 2001 eorum
1439 1989 1453 2012 ,
1480 1957 1533 2002 et
1564 1948 1664 2017 ipsi

104 2046 265 2086 tamen
324 2050 428 2086 non
470 2042 593 2085 sunt
655 2034 710 2085 in
756 2033 934 2087 labore
971 2034 1275 2100 hominum,
1324 2038 1374 2091 id
1416 2046 1497 2092 est
1534 2038 1667 2092 lide-

106 2122 216 2176 liutn
238 2164 252 2187 ,
287 2131 345 2176 nt
373 2123 437 2175 ad
470 2135 669 2177 aeterna
704 2124 983 2191 laborent,
1018 2126 1159 2180 sicut
1190 2126 1392 2193 ﬁdeles,
1458 2137 1513 2183 et
1540 2144 1664 2183 cum

106 2215 210 2269 ideo
232 2216 551 2270 viderentur
574 2216 716 2284 digni
741 2216 1122 2287 ﬂagellatione,
1141 2235 1244 2271 non
1270 2218 1605 2288 ﬂagellantur
1635 2236 1665 2274 a

106 2307 200 2359 Deo
235 2321 359 2360 cum
393 2306 719 2360 hominibus.
749 2307 828 2360 Ac
874 2306 917 2361 si
949 2306 1128 2361 dicat:
1166 2308 1338 2363 Tanto
1375 2311 1545 2381 magis
1586 2312 1668 2365 in-

106 2395 341 2462 dignatus
398 2409 517 2447 sum
576 2410 699 2449 cum
751 2395 963 2449 videam
1016 2396 1187 2451 bonos
1229 2397 1539 2454 laborantes
1600 2402 1666 2455 ad

106 2492 290 2536 aeterna
342 2482 635 2551 ﬂagellari;
679 2485 823 2553 ipsos
873 2500 1003 2540 vero
1050 2487 1116 2541 ad
1158 2497 1361 2543 aeterna
1419 2490 1670 2546 laborare

111 2573 450 2643 negligentes,
516 2575 737 2630 minime
786 2575 1063 2646 ﬂagellari.
1113 2578 1341 2650 Ideoque
1386 2581 1510 2649 quia
1560 2597 1669 2635 non

108 2662 439 2734 ﬂagellantur
479 2681 655 2735 neque
691 2665 1135 2737 ﬂagellabantur,
1180 2670 1419 2738 superbia
1464 2687 1551 2724 eos
1596 2680 1671 2724 te-

110 2757 237 2819 nuit,
270 2756 322 2810 id
346 2763 431 2809 est
460 2756 631 2810 vinxit
671 2766 731 2810 et
768 2756 1007 2827 alligavit
1045 2773 1317 2825 nunquam
1350 2774 1443 2813 eos
1484 2761 1671 2815 dimis-

108 2861 217 2900 sura
237 2888 252 2910 ,
285 2856 341 2901 et
370 2854 520 2901 tanto
549 2847 720 2917 magis
758 2850 1038 2917 magisque
1081 2849 1418 2918 superbiunt.

166 2936 226 2989 Et
282 2936 404 2989 idco
446 2936 621 2991 adhuc
657 2937 822 3005 aperti
867 2947 1008 3000 sunt,
1067 2938 1120 2991 id
1161 2949 1242 2993 est
1271 2940 1668 2995 circumvallati

110 3016 395 3093 iniquitate,
459 3026 511 3080 id
566 3034 649 3081 est
694 3026 878 3098 iniqua
918 3027 1243 3096 cogitatione
1295 3039 1556 3099 quantum
1604 3032 1670 3086 ad

112 3117 436 3182 proximum;
487 3128 534 3170 et
574 3117 835 3187 impietate
864 3128 1124 3189 quantum
1162 3119 1228 3172 ad
1256 3119 1424 3175 Deum
1463 3136 1582 3187 sua,
1619 3122 1670 3177 id

111 3214 178 3259 est
200 3207 265 3261 ab
289 3207 374 3261 eis
397 3208 709 3276 procedenti
742 3225 847 3263 non
884 3225 913 3263 a
945 3210 1156 3264 meritis
1198 3209 1289 3264 Dei
1319 3220 1373 3265 et
1400 3213 1674 3280 proximo-

114 3311 231 3351 rum.
267 3298 458 3366 Operti
483 3308 604 3352 sunt
635 3314 731 3368 per
752 3300 1050 3368 emphasim
1081 3300 1229 3365 dicit,
1261 3314 1289 3353 a
1322 3301 1674 3357 similitudine

111 3391 362 3461 corporis,
413 3390 558 3460 quod
614 3392 849 3460 undique
892 3390 1131 3445 vestibus
1183 3392 1446 3461 operitur.
1504 3392 1582 3447 Ac
1628 3394 1674 3447 si

114 3482 235 3536 dicat
260 3502 274 3537 :
308 3482 483 3538 Valde
512 3482 700 3553 repleti
732 3492 856 3537 sunt
884 3483 1169 3551 iniquitate
1188 3492 1240 3537 et
1267 3484 1671 3553 impietatcsua,

117 3586 253 3639 quam
284 3582 483 3643 sponte
520 3574 738 3638 habent,
773 3571 919 3626 nullo
941 3572 1020 3625 eis
1047 3572 1388 3628 occasionem
1417 3573 1597 3636 dante,
1622 3583 1677 3627 et

114 3662 343 3730 iniquitas
371 3679 571 3728 eorum,
595 3662 647 3716 id
669 3671 751 3716 est
779 3663 961 3731 iniqua
985 3677 1170 3716 eorum
1188 3663 1463 3733 cogitatio,
1483 3665 1675 3733 prodiit

114 3752 242 3818 quasi
279 3768 349 3805 ex
386 3752 558 3820 adipe,
611 3752 662 3805 id
690 3760 775 3805 est
813 3766 879 3804 ex
908 3760 1123 3805 terrena
1150 3754 1526 3821 prosperitate,
1558 3768 1678 3821 qute

116 3838 289 3893 dicitur
334 3840 491 3908 quasi
532 3839 716 3908 adeps,
748 3840 802 3893 id
833 3849 918 3894 est
950 3840 1141 3893 similis
1187 3841 1352 3910 adipi,
1383 3843 1508 3911 quia
1536 3842 1678 3894 sicut

116 3930 256 3999 adeps
298 3930 582 4001 pinguium
621 3931 931 3983 animalium
977 3945 1142 3984 causa
1192 3940 1296 3996 est,
1345 3946 1511 4000 quare
1563 3932 1678 4000 ipsa

116 4022 436 4089 superbiant,
470 4020 547 4075 sic
574 4035 759 4075 eorum
793 4024 1126 4090 prosperitas
1150 4031 1362 4075 terrena
1392 4037 1561 4091 quare
1590 4039 1678 4075 su-

117 4111 349 4176 perbiant
383 4121 669 4166 estcausa.
705 4111 773 4164 Et
794 4127 859 4165 ex
887 4112 1180 4180 iniquitate,
1214 4112 1265 4164 id
1291 4121 1373 4165 est
1402 4127 1466 4165 ex
1497 4112 1680 4183 iniqua

118 4204 448 4272 cogitatione,
476 4204 795 4257 transierunt
842 4218 1012 4271 usque
1037 4204 1091 4256 in
1119 4203 1361 4271 a/fectum
1391 4203 1583 4268 cordis,
1628 4204 1679 4257 id

118 4303 386 4363 estusque
436 4294 490 4347 itt
544 4292 768 4347 nimium
816 4294 1138 4347 desiderium
1168 4294 1368 4347 cordis.
1402 4293 1554 4359 Quod
1599 4303 1682 4347 est

120 4383 275 4441 dicere
307 4404 322 4439 :
359 4383 475 4439 Non
506 4384 680 4438 solum
712 4385 1084 4452 cogitaverunt
1131 4385 1332 4455 inique,
1385 4385 1478 4440 sed
1518 4385 1679 4439 etiam

1766 1940 2080 2013 pertrahere
2110 1939 2190 1994 sui
2228 1938 2377 1992 verbi
2425 1937 2651 2006 imperio
2684 1935 3022 2001 molirentur,
3059 1946 3114 1991 et
3154 1935 3339 2007 lingua

1766 2046 1954 2091 eorum
1998 2030 2052 2084 in
2089 2037 2232 2084 terra
2260 2028 2607 2083 existentium
2635 2025 2883 2080 transivit
2917 2035 3162 2081 terrenas
3196 2026 3343 2097 (ξοςὶ-

1768 2124 2021 2187 tationes,
2075 2121 2281 2177 scilicet
2312 2129 2371 2175 ut
2415 2135 2534 2175 cum
2571 2118 2773 2173 terreni
2818 2126 3018 2183 essent,
3053 2134 3157 2173 non
3186 2120 3342 2188 quasi

1769 2212 1971 2269 terreni
1997 2210 2317 2281 cogitarent,
2347 2209 2442 2264 sed
2473 2208 2625 2277 quasi
2653 2207 2723 2261 dii
2756 2216 3065 2276 reputantes
3096 2222 3154 2261 se
3184 2208 3344 2261 nimis

1770 2302 2047 2368 sublimes,
2082 2316 2146 2355 ac
2191 2301 2235 2355 si
2284 2299 2354 2355 dii
2405 2306 2606 2353 essent.
2654 2298 2732 2350 Ac
2777 2296 2819 2350 si
2861 2296 3045 2350 dicat:
3076 2297 3207 2349 Cum
3244 2297 3343 2364 ipsi

1772 2395 1971 2449 terreni
2016 2394 2123 2449 sint
2162 2402 2215 2447 et
2264 2391 2512 2446 sublimia
2553 2389 2713 2444 nimis
2767 2389 3056 2458 loquantur
3106 2389 3346 2457 inmune,

1771 2501 1933 2540 causa
1957 2494 2082 2540 sunt
2102 2499 2270 2553 quare
2293 2482 2479 2537 zelavi.

1843 2576 1977 2643 Quia
2003 2592 2132 2631 vero
2158 2577 2368 2631 dixerat
2394 2588 2451 2627 se
2477 2571 2699 2636 zelasse,
2726 2580 2780 2625 et
2808 2586 2999 2625 causas
3032 2571 3130 2625 zeli
3165 2584 3348 2626 osten-

1773 2671 1956 2736 derat,
1988 2678 2164 2738 posset
2203 2668 2269 2721 ab
2302 2666 2483 2734 aliquo
2513 2661 2908 2732 qureri,‘Quare
2949 2665 3049 2717 hoc
3072 2664 3242 2718 dicis?
3268 2663 3351 2718 Ad

1773 2761 1913 2832 quod
1945 2760 2022 2815 sic
2056 2758 2340 2828 respondet
2368 2775 2381 2809 :
2406 2756 2530 2811 Ideo
2555 2754 2654 2808 hoc
2677 2753 2819 2817 dico,
2841 2768 3005 2821 quare
3027 2762 3351 2807 cont'ertetttr

1773 2856 1840 2909 ab
1870 2855 1970 2907 hoc
2020 2852 2209 2906 eodem
2256 2864 2441 2904 errore
2483 2846 2706 2917 populus
2739 2862 2902 2909 meus,
2933 2846 2981 2898 id
3006 2855 3086 2899 est
3123 2846 3350 2914 populus

1775 2945 2009 3000 ﬁdelium
2034 2945 2138 2998 tnei
2170 2941 2485 3001 conformis,
2509 2939 2610 3004 hic,
2643 2940 2693 2992 id
2725 2948 2806 2992 est
2830 2939 2881 2991 in
2913 2938 3350 2992 consideratione

1774 3038 1964 3091 horum
2000 3035 2305 3088 verbormn.
2337 3031 2413 3085 Ac
2444 3031 2489 3085 si
2525 3031 2729 3084 diceret
2755 3047 2767 3083 :
2792 3029 2913 3083 Ideo
2947 3044 3031 3083 me
3063 3028 3257 3082 talibus
3287 3031 3353 3083 do

1776 3127 1952 3183 causis
1981 3124 2188 3179 zelasse
2224 3120 2588 3177 demonstravi
2626 3120 2690 3173 de
2722 3134 2827 3188 quo
2859 3122 3073 3173 tandem
3110 3118 3305 3187 resipui
3332 3136 3348 3170 :

1776 3218 1900 3289 quia
1923 3217 2208 3271 occasione
2231 3215 2423 3268 horum
2445 3213 2730 3266 verborum
2756 3219 3100 3265 convertetur
3129 3212 3355 3279 populus

1778 3308 2014 3364 ﬁdelium
2056 3308 2187 3361 mihi
2234 3304 2528 3361 conformis
2569 3304 2732 3373 276
2775 3305 2842 3357 ab
2871 3302 2973 3355 hac
2999 3303 3183 3355 eadem
3213 3301 3354 3355 indi-

1776 3402 2033 3472 gnatione
2068 3400 2112 3454 si
2142 3400 2194 3453 in
2234 3414 2297 3453 ea
2325 3397 2486 3451 fuerit
2514 3405 2567 3450 et
2595 3397 2673 3450 sic
2704 3397 2755 3449 in
2780 3396 2857 3448 eis
2894 3394 3137 3449 ﬁdelibus
3175 3394 3352 3465 populi

1775 3493 2101 3547 invenientur
2140 3490 2249 3544 dies
2288 3488 2445 3559 pleni,
2484 3488 2536 3542 id
2585 3498 2667 3541 est
2703 3484 3067 3556 plenitudinis.
3097 3483 3247 3549 Quod
3274 3491 3357 3538 est

1778 3585 2001 3638 dicere:
2037 3583 2217 3636 Talem
2266 3580 2540 3635 habebunt
2586 3579 2775 3643 vitam,
2818 3575 2991 3645 qualis
3040 3575 3194 3628 debet
3237 3591 3359 3631 esse

1780 3673 1885 3726 vita
1920 3688 2104 3726 eorum
2129 3672 2216 3739 qui
2244 3679 2367 3724 sunt
2397 3671 2447 3722 in
2471 3669 2657 3723 diebus
2681 3665 3045 3735 plenitudinis,
3083 3668 3130 3719 id
3168 3677 3251 3721 est
3280 3667 3359 3720 sic

1778 3763 1959 3815 vivent
1990 3770 2045 3814 ut
2086 3760 2251 3812 Deum
2299 3759 2350 3812 in
2386 3758 2628 3812 adversis
2667 3756 2883 3809 laudent
2927 3764 3171 3813 contuitu
3200 3757 3359 3811 cmic-

1780 3868 1806 3908 s
1832 3853 1940 3907 ium
1974 3859 2156 3921 utpote
2186 3852 2476 3905 existentes
2506 3850 2557 3901 in
2585 3849 2771 3903 diebus
2794 3848 3165 3919 plenitudinis,
3198 3851 3249 3904 id
3276 3860 3361 3905 est

1782 3945 1832 3997 in
1866 3955 2107 4012 tempore
2137 3943 2341 4012 gratim.
2374 3940 2468 3995 Vel
2508 3939 2585 3993 sic
2620 3957 2631 3991 :
2664 3939 2726 3992 Et
2756 3939 2880 4007 quia
2917 3947 3297 3992 convertentur
3328 3955 3358 3992 a

1782 4038 1915 4102 zelo,
1965 4038 2016 4091 in
2070 4035 2249 4089 futuro
2297 4034 2621 4087 invenientur
2660 4034 2712 4085 in
2750 4033 2822 4086 eis
2858 4033 2965 4085 dies
3007 4033 3166 4098 pleni,
3203 4033 3362 4085 idest

1783 4130 1897 4185 dies
1944 4128 2131 4183 a‘lcrni
2160 4136 2213 4181 et
2251 4125 2642 4188 indelicientes,
2692 4124 2833 4191 quod
2863 4132 2943 4176 est
2974 4121 3195 4184 dicere:
3232 4136 3362 4173 con-
3438 4174 3441 4177 _

1782 4220 1959 4276 versio
2009 4232 2171 4273 causa
2230 4217 2355 4281 erit,
2412 4229 2580 4284 quare
2625 4214 2788 4267 vitam
2851 4221 3107 4265 :eternam
3146 4210 3360 4263 tandem

1784 4311 1893 4366 sint
1941 4309 2208 4378 adepturi,
2268 4316 2325 4359 ut
2371 4320 2499 4359 vero
2555 4301 2727 4369 magis
2770 4312 2831 4353 et
2876 4300 3048 4367 magis
3095 4298 3357 4362 retrahat,

1785 4401 2017 4454 ostendit
2044 4398 2183 4451 unde
2212 4403 2613 4457 convertentur,
2636 4392 2742 4455 sic;
2782 4391 2907 4443 Dico
2935 4405 3100 4459 quare
3137 4388 3363 4459 populus

120 4476 174 4528 ad
199 4476 291 4531 hoc
327 4477 689 4543 transierunt,
719 4486 778 4531 ut
807 4476 1054 4531 aﬂ‘ectnm
1103 4478 1366 4532 haberent
1410 4479 1461 4532 in
1492 4478 1671 4541 corde,

1788 4491 2019 4545 ﬁdelium
2086 4494 2446 4541 convertetur.
2523 4483 2588 4536 Et
2640 4484 2884 4535 dixerunt
2930 4480 3026 4548 ipsi
3070 4480 3254 4533 ﬁdeles
3308 4482 3365 4535 'et

122 4579 212 4619 sua:
235 4567 532 4621 voluntatis
565 4583 744 4636 pravae
779 4567 1130 4635 compleudre.
1168 4568 1260 4622 Vel
1292 4568 1371 4623 sic
1400 4584 1415 4621 :
1447 4568 1501 4621 Si
1534 4568 1683 4621 dica-

123 4671 221 4712 mus
262 4660 314 4713 in
368 4659 571 4711 affectu
618 4658 817 4713 cordis.
860 4657 986 4711 Dico
1029 4660 1169 4725 quod
1219 4659 1399 4726 iniqua
1428 4659 1683 4727 cogitatio

122 4762 282 4801 eorum
310 4749 513 4819 prodiit
542 4764 606 4801 ex
630 4750 801 4816 adipe.
830 4748 893 4801 Et
927 4764 1030 4801 non
1054 4748 1153 4800 fuit
1175 4763 1339 4815 parva
1367 4748 1480 4801 hmc
1500 4749 1681 4817 iniqua

124 4840 377 4907 cogitatio.
448 4838 556 4894 Sed
602 4840 921 4892 transierunt
964 4838 1097 4892 alios
1145 4839 1316 4891 malos
1341 4839 1431 4907 qui
1474 4843 1545 4891 ita
1577 4856 1682 4893 non

124 4941 537 4999 prosperantur,
583 4928 721 4983 sicut
768 4929 865 4998 ipsi
916 4928 970 4981 in
1017 4943 1182 4997 pravo
1231 4927 1424 4982 atfectu
1484 4930 1681 4983 cordis.

125 5018 255 5083 Quod
286 5032 374 5077 est
400 5023 583 5076 dicere
612 5040 625 5073 :
652 5020 1053 5088 Superaverunt
1075 5018 1409 5074 omnesalios
1433 5034 1680 5087 nequam,

126 5107 167 5162 in
192 5127 349 5179 pravo
375 5111 563 5164 cordis
585 5110 850 5165 desiderio
879 5118 937 5161 ut
966 5106 1148 5176 pejora
1191 5108 1498 5163 desiderent
1524 5124 1683 5177 quam

128 5201 229 5270 ipsi.
260 5204 481 5274 Repetit
530 5210 733 5265 autem,
758 5215 878 5254 cum
915 5199 1065 5262 dicit,
1095 5199 1470 5267 cogitaverunt,
1498 5209 1553 5252 ut
1595 5200 1687 5250 ad-

128 5293 202 5346 dat
228 5297 304 5349 sic
335 5313 349 5347 :
377 5293 495 5347 Non
528 5290 734 5346 suﬂ'ecit
756 5291 834 5344 eis
865 5289 1096 5343 transire
1126 5291 1261 5343 alios
1291 5291 1341 5343 in
1372 5305 1537 5357 pravo
1560 5289 1686 5341 aﬂ‘e-

127 5394 199 5436 ctu
222 5395 272 5439 et
302 5399 470 5455 prava
502 5383 850 5453 cogitatione,
887 5381 982 5436 sed
1013 5380 1365 5448 cogitaverunt
1406 5382 1686 5449 nequitiam

128 5473 295 5545 iuiqtti.
325 5476 392 5529 Et
428 5483 550 5544 post
586 5475 746 5528 locuti
775 5483 891 5527 sunt
935 5474 1240 5542 nequitiam,
1270 5482 1324 5527 et
1370 5489 1473 5528 non
1509 5475 1559 5527 in
1606 5492 1689 5528 sc-

127 5576 256 5621 creto
291 5569 437 5638 quod
468 5568 657 5636 utique
682 5566 1011 5621 tolerabilius
1041 5574 1203 5629 esset,
1235 5566 1329 5620 sed
1361 5567 1688 5634 iniquitatem

128 5662 266 5713 locuti
288 5671 412 5714 sunt
437 5663 491 5713 in
512 5660 733 5723 excelso,
774 5660 827 5714 id
854 5668 938 5713 est
968 5660 1019 5713 in
1047 5658 1352 5720 manifesto,
1384 5666 1441 5711 ut
1470 5657 1603 5713 alios
1624 5659 1692 5712 ad

128 5767 228 5808 tam
259 5757 560 5823 attrahant,
611 5773 639 5811 a
693 5758 1050 5813 similitudine
1098 5757 1238 5811 illius
1273 5758 1362 5826 qui
1420 5758 1471 5810 in
1522 5757 1689 5810 altum

352 5856 628 5914 Ρηιιοι..
660 5852 837 5916 CLII.

1784 4598 1914 4637 voce
1942 4589 1996 4634 et
2040 4578 2364 4647 cogitatione
2394 4594 2407 4626 :
2444 4574 2715 4639 Quomodo
2746 4573 2838 4624 scit
2876 4571 3032 4636 Deus,
3066 4571 3117 4625 id
3146 4581 3227 4626 est
3258 4588 3363 4641 qua

1786 4673 1994 4728 ratione
2049 4677 2224 4739 potest
2268 4665 2605 4733 comprobari
2673 4663 2812 4731 quod
2869 4663 3006 4716 Dcus
3061 4662 3131 4716 sit
3188 4654 3367 4715 sciens

1785 4764 1987 4826 omnia,
2037 4773 2083 4814 et
2125 4761 2169 4813 si
2213 4769 2287 4812 est
2330 4756 2543 4809 scientia
2596 4754 2649 4806 iu
2698 4753 2919 4817 excelso,
2968 4753 3018 4805 id
3046 4762 3129 4807 est
3169 4752 3211 4807 si
3244 4769 3365 4806 cum

1786 4851 2030 4908 excelsus
2081 4850 2171 4916 sit,
2205 4848 2381 4903 omnia
2431 4844 2555 4907 scit,
2609 4843 2839 4912 injttsltts
2883 4852 2984 4897 est.
3026 4841 3137 4897 Hoc
3185 4852 3364 4896 autem

1788 4940 2209 5008 subintelligitur
2259 4952 2353 5007 per
2387 4934 2757 5005 aposiopesin;
2812 4934 2904 4988 sed
2951 4934 3075 5001 quia
3139 4933 3368 5003 ignomi-

1786 5034 1999 5088 niosum
2026 5039 2128 5095 est,
2160 5042 2357 5097 ponere
2398 5025 2594 5088 uoluit,
2637 5024 2873 5077 ostendit
2904 5039 3119 5092 quoque
3149 5024 3286 5075 unde
3316 5023 3366 5074 in

1789 5125 1932 5177 hunc
1980 5136 2221 5177 errorem
2254 5117 2593 5182 deciderunt,
2627 5117 2702 5170 sic
2732 5132 2743 5167 :
2782 5115 3019 5169 Dicimus
3048 5113 3189 5181 quod
3231 5113 3367 5166 Deus

1792 5214 2002 5268 videtur
2022 5228 2129 5266 non
2165 5211 2304 5265 scire
2329 5209 2531 5273 omnia,
2559 5218 2651 5262 aut
2676 5209 2718 5263 si
2748 5208 2867 5269 Scit,
2902 5206 3141 5281 injustus
3160 5204 3369 5258 videtur

1789 5317 1931 5367 esse,
1963 5310 2017 5355 et
2061 5317 2175 5353 ecce
2207 5314 2374 5369 quare
2399 5298 2716 5353 alterutrum
2747 5298 2936 5350 horum
2980 5295 3364 5363 videtur,-quia

1790 5393 1909 5461 ipsi,
1957 5392 2008 5445 id
2036 5399 2118 5445 est
2160 5390 2317 5443 iidem
2360 5389 2606 5442 homines
2635 5396 2928 5455 peccatores
2974 5385 3287 5449 existentes,
3319 5396 3365 5435 et

1791 5484 2116 5536 abundantes
2167 5482 2220 5533 in
2247 5479 2463 5545 steculo,
2506 5478 2559 5532 id
2598 5486 2682 5531 est
2714 5470 2767 5529 in
2811 5475 2967 5529 bonis
2998 5473 3362 5531 saecularibus.

1793 5577 2125 5629 obtinuerunt
2180 5572 2407 5636 divitias,
2465 5571 2516 5624 id
2560 5580 2643 5624 est
2694 5568 2783 5623 diu
2835 5568 3173 5629 habuerunt,
3224 5567 3366 5635 quod

1796 5676 2082 5734 utrumque
2136 5662 2548 5731 injustissimum
2597 5659 2829 5714 videtur.
2874 5656 2951 5713 Ac
2997 5658 3044 5712 si
3090 5658 3234 5713 dicat
3266 5676 3279 5711 :
3307 5656 3365 5711 Si

1772 5760 1972 5815 omnia
2016 5758 2200 5823 sciret,
2248 5756 2366 5809 illos
2399 5753 2583 5824 utique
2606 5754 2697 5825 qui
2738 5759 3051 5823 peccatores
3084 5758 3226 5805 sunt.
3262 5764 3367 5803 non

2817 5838 2894 5902 32

3824 146 3825 225 γ

3830 524 3833 630 1
