3846 6334
590 290 724 345 1003
912 280 917 283 ’
1152 285 1588 347 S.'BRUNONIS
1625 286 2263 350 CARTHUSIANGRUM
2304 292 2782 352 INSTITUTORIS
2816 292 2965 351 OPP.
3005 295 3226 352 PARSI
3606 314 3706 375 ιοοι

578 410 925 478 permitteret
968 406 1241 461 abundare
1290 406 1490 459 divrtus
1532 404 1895 461 saicularibus.
1927 405 2062 473 Quia
2108 405 2151 461 si
2182 434 2225 491 Α
2259 405 2354 460 Dei
2402 410 2656 477 mysteria
2706 409 3069 473 continentur,
3121 415 3257 479 quod
3282 422 3357 468 est
3378 415 3714 484 diceremur);

588 500 863 556 abundare
882 495 1239 566 permitteret,
1269 494 1455 549 saltem
1488 510 1581 549 eas
1602 496 1847 551 obtinere
1873 512 1977 550 non
2008 497 2151 552 sine-
2255 495 2357 549 hoc
2386 498 2738 567 cegnnseendi
2770 506 2951 552 tantus
2986 508 3068 551 est
3096 501 3234 567 quod
3270 518 3505 573 nunquam
3528 509 3642 565 illum
3663 518 3712 571 ad

587 599 691 650 ret,
723 589 815 642 sed
863 602 955 640 eos
1002 585 1081 639 eis
1122 585 1228 640 cito
1269 585 1523 653 privaret.
1563 585 1617 639 Si
1650 600 1778 640 vero
1808 587 1986 641 omnia
2030 587 2150 652 scit,
2253 584 2499 640 eﬁ‘ectum
2530 589 2840 656 perducam,
2878 589 3049 643 donec
3089 592 3252 658 gratia
3279 582 3437 649 divina
3463 603 3718 662 concedente

587 690 716 733 tunc
746 678 973 745 injustus
1000 677 1229 730 videtur.
1260 675 1393 730 Cum
1441 677 1585 745 ipsos
1614 678 1704 747 qui
1748 688 1871 733 sunt
1900 687 2152 747 peecato-
2253 675 2528 741 admittar,
2555 679 3025 747 utaliquantulum
3050 681 3178 735 mihi
3224 681 3354 749 justa
3380 696 3427 739 et
3446 690 3613 744 occulta
3638 695 3718 749 dis-

585 783 673 821 res
699 767 922 820 dimittit
958 766 1158 820 divitiis
1196 767 1490 820 abundare.
1527 766 1593 820 Et
1622 769 1761 835 quod
1793 767 1959 822 multo
2004 768 2151 838 pejus
2251 767 2447 834 positio
2508 768 2602 821 Dei
2635 768 3028 835 manifestetur,
3064 785 3161 839 per
3189 786 3339 839 quam
3365 775 3454 829 iSta
3495 780 3721 836 decernen-

583 857 817 921 videtur,
847 871 939 911 eas
968 856 1182 911 divitias
1200 856 1467 921 obtinere,
1492 858 1581 926 qui
1608 859 1783 927 potius
1809 858 1951 928 digni
1974 867 2155 914 essent
2254 866 2359 910 tur.
2394 856 2546 923 Quod
2568 868 2748 913 autem
2781 862 2932 929 ponit
2956 862 3166 927 inirem,
3224 877 3253 916 a
3282 864 3583 922 similitudine
3614 871 3719 925 illius

583 948 888 1003 omnimoda
914 946 1219 1002 atllictione.
1254 947 1383 1001 Dico
1404 949 1546 1017 quod
1570 947 1753 1003 ﬁdeles
1778 949 2028 1004 dixerunt
2051 951 2154 1005 hoc
2250 948 2381 1017 dicit
2406 950 2495 1018 qui
2534 950 2589 1003 in
2639 950 2874 1019 aliquam
2911 953 3128 1005 domum
3175 952 3262 1006 diu
3306 955 3486 1009 habens
3538 958 3716 1013 intrandi

583 1036 724 1105 quod
746 1036 990 1105 superius
1029 1036 1204 1104 posui,
1230 1045 1278 1088 et
1302 1049 1399 1105 ego
1430 1036 1541 1089 dixi
1578 1037 1717 1091 istud
1748 1036 1888 1092 idem
1919 1053 2150 1104 mecum,
2250 1034 2597 1101 desiderium,
2622 1039 2837 1092 tandem
2874 1037 3142 1092 admissus
3158 1039 3412 1093 intrat.Et
3432 1053 3496 1096 est
3517 1043 3597 1097 iste
3616 1044 3725 1100 labor

583 1138 637 1180 et
666 1127 804 1181 istud
853 1141 1065 1195 quoque
1113 1128 1255 1195 quod
1300 1127 1561 1195 sequitur.
1614 1126 1773 1197 Ergo,
1809 1129 1851 1182 si
1895 1130 2152 1184 Dominus
2248 1121 2387 1176 ultra
2412 1138 2517 1188 me,
2545 1124 2717 1179 donec
2744 1125 3020 1194 positusin
3050 1127 3332 1182 novissimis
3354 1145 3513 1183 eorum
3535 1134 3723 1186 conside-

582 1234 688 1272 non
711 1218 828 1281 scit,
874 1218 979 1283 vel,
1027 1218 1071 1272 si
1118 1218 1239 1281 scit,
1272 1228 1327 1272 et
1356 1218 1585 1289 injustus
1617 1228 1717 1284 est,
1745 1221 1857 1272 sine
1885 1236 2064 1281 causa,
2098 1221 2149 1275 id
2248 1212 2480 1276 Υθιίοηθς
2530 1211 2821 1281 intelligam
2846 1253 2859 1277 ν
2915 1213 2967 1265 id
3005 1222 3092 1267 εει
3115 1214 3430 1269 ἱηιθηθειυῐη
3465 1228 3632 1271 Iccium
3660 1221 3726 1274 ha-

578 1317 662 1363 est
685 1309 799 1364 sine
817 1308 1064 1373 utilitate,
1074 1308 1358 1377 justiﬁcavi
1379 1326 1469 1363 cor
1490 1326 1677 1377 meum,
1702 1311 2146 1378 benecogitando,
2246 1303 2425 1364 beam.
2445 1318 2612 1371 quare
2633 1302 2722 1357 hic
2748 1304 2885 1357 Deus
2914 1304 3083 1357 malos
3106 1308 3399 1374 prosperari
3435 1310 3644 1376 patiatur.
3668 1314 3723 1365 Ac

578 1408 625 1453 et
651 1400 767 1455 sine
791 1400 1022 1455 utilitate
1068 1400 1173 1453 lavi
1215 1416 1402 1454 manus
1442 1417 1605 1464 meas,
1634 1401 1683 1454 id
1709 1410 1793 1456 est
1822 1404 2017 1456 munda
2048 1402 2147 1457 ieci
2248 1390 2294 1444 si
2318 1390 2491 1444 dicat:
2524 1389 2803 1459 Nunquam
2831 1405 3356 1461 cognoscamquare
3380 1395 3457 1449 hic
3490 1400 3726 1464 prosper-iri

576 1503 738 1559 Opera
769 1506 906 1553 mea,
934 1491 1069 1543 inter
1095 1500 1331 1543 nocentes
1353 1490 1612 1553 existens,
1648 1506 1877 1558 quorum
1904 1492 2149 1560 exemplo
2246 1480 2652 1549 Ρθτηῖίιιθηωτν
2702 1480 2803 1533 ηίδί
2853 1482 2919 1535 ad
2976 1482 3266 1536 "OViSSima
3295 1498 3466 1537 90mm
3504 1500 3727 1553 Γθεβθιθνυ

570 1580 825 1635 devocari
860 1593 1071 1648 possem
1116 1588 1170 1633 ct
1217 1595 1323 1633 non
1375 1594 1491 1633 sum
1537 1582 1852 1643 devocatus,
1885 1580 2027 1648 quod
2066 1590 2151 1634 est
2247 1577 2536 1634 ῑοηηθηῑὶιν
2575 1584 2693 1637 (μιθὲ
2720 1584 2818 1638 υτο
2855 1570 3215 1639 Ρτοδβθΐίιθῑε
3268 1579 3384 1625 sum
3418 1572 3490 1626 θίε
3514 1572 3728 1626 adfuim-

574 1672 755 1726 dicere
797 1688 810 1723 :
850 1669 1116 1724 lnutiliter
1145 1670 1280 1724 bene
1318 1670 1573 1738 cogitavi,
1620 1678 1674 1723 et
1718 1685 1879 1739 opera
1918 1672 2055 1725 bona
2094 1680 2149 1724 et
2248 1659 2343 1715 Vel
2368 1659 2445 1714 sic
2479 1668 2655 1728 potest
2680 1658 2780 1730 legi
2816 1677 2830 1714 :
2885 1660 2998 1714 Hoc
3042 1660 3192 1713 labor
3239 1671 3311 1715 est
3360 1672 3468 1715 ante
3494 1678 3580 1725 me,
3620 1662 3725 1723 dicti.

572 1761 773 1814 munda
827 1759 953 1824 feci,
999 1759 1081 1813 vel
1132 1760 1175 1813 si
1231 1758 1373 1814 Deus
1426 1774 1533 1813 non
1580 1760 1760 1813 omnia
1792 1760 1952 1826 sciat,
1981 1761 2065 1815 vel

2213 1778 2222 1830 ε
2250 1751 2377 1818 quia
2404 1749 2709 1819 cogitabam
2736 1759 2790 1802 ut
2820 1766 3200 1819 cognoscerem,
3255 1760 3307 1804 et
3350 1752 3438 1804 hoc
3477 1766 3732 1816 cognoscere

572 1847 750 1902 sc‘iens
775 1845 1003 1916 iujustus
1024 1847 1112 1901 sit.
1136 1847 1201 1901 Et
1225 1847 1346 1902 inde
1369 1856 1593 1916 apparet
1612 1848 1752 1918 quod
1779 1849 1895 1904 sine
1917 1850 2145 1904 utilitate
2247 1838 2397 1891 ιαθοι·
2422 1850 2495 1892 εει
2521 1848 2643 1892 “me
2667 1854 2766 1903 me.
2797 1840 2848 1894 id
2878 1850 2959 1894 εει
2982 1839 3134 1895 labor
3159 1850 3243 1895 εει
3279 1855 3591 1910 εοεηοεεθνθι
3635 1856 3731 1893 εοι¹⁶

572 1936 695 2002 feci,
729 1938 850 2006 quia
877 1949 930 1991 et
956 1936 1033 2006 fui
1053 1938 1347 2007 ﬂagellatus
1369 1952 1397 1991 a
1424 1937 1532 1992 Deo
1558 1947 1665 1991 tota
1689 1940 1791 2003 die,
1822 1939 1873 1993 id
1896 1948 1977 1993 est
2000 1938 2145 2009 jugi-
2245 1928 2533 1984 Siderando
2561 1946 2623 1985 ea
2646 1947 2766 2000 quae
2816 1940 2940 1985 sum
2971 1940 3096 1983 ante
3122 1947 3227 1997 me,
3254 1933 3454 1986 scilicet
3503 1941 3734 2001 praesentes

572 2029 1134 2083 tcrtribulationibus.
1166 2027 1233 2081 Et
1262 2029 1535 2098 castigatio
1573 2030 1671 2081 mei
1706 2029 1808 2084 fuit
1852 2030 1905 2082 in
1932 2033 2145 2084 matuti-
2244 2036 2433 2077 eorum
2467 2025 2879 2094 prosperitates,
2909 2032 2964 2077 et
3018 2023 3280 2077 bonorum
3320 2022 3617 2087 alllictiones,
3648 2036 3735 2089 qua

570 2121 674 2184 nis,
701 2120 763 2197 id
791 2129 873 2173 est
901 2120 954 2173 in
985 2119 1275 2174 celeritate.
1302 2118 1453 2185 Quod
1487 2128 1569 2174 est
1604 2120 1787 2174 dicere
1822 2138 1834 2175 :
1866 2120 1922 2175 Si
1947 2121 2145 2190 aliquid
2246 2120 2369 2165 ευηί
2398 2112 2452 2165 in
2477 2122 2768 2182 0011513901"
2792 2128 2930 2166 ῐηεο·
2955 2112 3108 2179 Ωιιοά
3137 2123 3222 2168 εει
3252 2115 3425 2168 dicere
3454 2130 3467 2166 ε
3506 2114 3555 2167 Si
3595 2127 3734 2167 θοηιπδ

570 2211 871 2275 committo,
920 2210 1047 2264 inde
1097 2225 1183 2264 tne
1241 2210 1491 2264 celeriter
1532 2210 1809 2281 castigavi.
1854 2211 1919 2264 Et
1966 2222 2089 2265 tamt

2246 2199 2500 2269 aspiciam
2548 2202 2959 2270 prosperitates,
3008 2212 3061 2255 et
3101 2203 3362 2257 bonorum
3421 2204 3733 2264 adversitates;

570 2300 686 2367 ipse
704 2314 785 2352 me
803 2297 1113 2368 ﬁagellavit,
1137 2306 1191 2352 et
1212 2296 1331 2351 ideo
1353 2299 1537 2351 videor
1561 2299 1823 2353 inutiliter
1853 2301 2143 2369 cogitasse,
2244 2304 2363 2361 quae,
2391 2298 2513 2345 θηιθ
2539 2306 2624 2344 me
2653 2300 2803 2355 sunt.
2833 2291 2886 2344 id
2914 2298 2998 2344 est
3031 2292 3083 2345 in
3116 2293 3221 2346 mei
3252 2291 3734 2362 prteseutiaJahorio-

570 2397 624 2440 et
660 2400 825 2454 opera
871 2386 1183 2453 mundasse,
1231 2400 1352 2440 cum
1404 2396 1624 2457 propter
1672 2388 1776 2442 hoc
1815 2388 2020 2442 diceret
2060 2403 2145 2443 me
2243 2394 2360 2433 sum
2394 2388 2478 2434 est
2500 2394 2827 2450 cognoscere
2844 2396 3012 2449 quare
3052 2382 3167 2437 haec
3206 2382 3355 2435 ﬁant.
3408 2382 3566 2434 Donec
3598 2383 3738 2431 ἱηιηυι

568 2476 862 2529 immunem
899 2491 928 2528 a
967 2474 1190 2546 ﬂagellis
1214 2490 1352 2530 esse.
1380 2474 1448 2529 In
1475 2478 1750 2530 matutinis
1776 2477 1944 2546 ponit,
1970 2492 2068 2546 pro
2090 2477 2143 2531 in
2242 2471 2297 2523 in
2327 2472 2694 2525 sanctuarium
2724 2471 2844 2535 Dei,
2885 2481 2932 2524 et
2984 2472 3274 2542 intelligant
3316 2473 3370 2525 in
3395 2471 3649 2524 novissimis
3673 2486 3737 2522 so-

570 2564 871 2630 celeritate,
899 2580 928 2618 a
976 2564 1325 2619 similitudine
1362 2564 1574 2620 illorum
1610 2566 1698 2635 qui
1731 2581 1890 2621 mane
1918 2577 2146 2636 surgunt
2244 2577 2379 2614 rum.
2401 2563 2679 2629 Expositio
2711 2560 2867 2630 hujus
2897 2579 3081 2617 versus
3105 2579 3210 2617 non
3246 2572 3491 2616 mutatur.
3515 2562 3640 2628 Quod
3676 2570 3738 2613 est

569 2655 836 2719 celeriter,
882 2655 947 2708 ad
980 2669 1143 2723 opera
1176 2669 1271 2708 sua
1309 2654 1649 2724 complenda.
2242 2650 2424 2705 dicere
2456 2668 2468 2703 :
2498 2652 2612 2705 Non
2640 2652 2742 2706 hoc
2765 2667 3110 2721 cognoscam,
3134 2653 3313 2728 donec
3344 2653 3407 2706 ad
3449 2654 3531 2707 Dei
3553 2652 3735 2721 disposi-

638 2746 867 2802 Ostenso
903 2759 1089 2800 errore
1113 2760 1233 2809 suo,
1281 2744 1516 2799 ostendit
1544 2759 1757 2814 quoque
1782 2745 2048 2815 quomodo
2074 2747 2144 2801 sit
2244 2738 2467 2806 tionem,
2533 2748 2587 2794 et
2618 2740 2685 2794 ad
2722 2755 2907 2794 eorum
2963 2742 3258 2796 novissima
3295 2757 3379 2797 me
3409 2741 3631 2796 referam.
3670 2738 3743 2789 γε.

565 2836 691 2892 inde
736 2850 1047 2899 conversus,
1107 2834 1227 2903 sic,
1283 2834 1371 2888 illa
1422 2834 1531 2889 dixi
1581 2849 1680 2904 ego
1728 2851 1848 2905 qua:
1889 2836 2141 2906 superius
2241 2839 2534 2884 rumtamen
2566 2839 2745 2900 potest
2800 2831 2903 2886 hoc
2930 2832 3098 2886 videri
3123 2849 3223 2903 per
3277 2834 3421 2903 ipsas
3447 2848 3611 2887 eorum
3654 2844 3742 2898 pro-

565 2927 796 2992 ostendi,
829 2936 884 2982 et
926 2937 1112 2981 contra
1144 2927 1249 2981 hoc
1278 2926 1534 2981 dicebam.
1571 2926 1626 2980 Si
1658 2942 1759 2998 ego
1789 2929 2012 2982 narrabo
2043 2930 2136 2994 sic,
2239 2920 2547 2989 speritates,
2571 2935 2741 2989 quare
2765 2921 2842 2975 eis
2862 2921 3205 2991 contingant,
3244 2923 3371 2977 licet
3416 2921 3618 2976 dixerim
3653 2932 3742 2972 esse

564 3020 619 3074 id
651 3028 734 3074 est
764 3018 1102 3073 aﬁirmavero
1128 3017 1209 3071 vel
1237 3018 1405 3071 Deum
1437 3017 1755 3072 inscientem
1791 3032 1912 3073 esse
1934 3018 2016 3073 vel
2050 3019 2135 3072 in-
2241 3010 2570 3064 laboriosum
2591 3012 2692 3065 hoc
2721 3026 3072 3081 cognoscere,
3102 3012 3208 3066 nisi
3244 3028 3342 3082 per
3363 3010 3625 3066 novissima
3645 3022 3744 3060 cou-

562 3108 783 3177 justum.
811 3106 948 3161 Ecce
972 3106 1061 3159 tali
1092 3107 1249 3159 modo
1289 3106 1340 3159 in
1368 3107 1614 3174 praesenti
1641 3115 1723 3161 est
1748 3108 1851 3161 hoc
1882 3108 2134 3162 inconve—
2162 3117 2205 3175 α
2237 3102 2629 3167 siderata,nam
2656 3104 2962 3171 posuistieis
2990 3104 3387 3173 prosperitates
3409 3112 3598 3170 propter
3612 3097 3742 3155 dolos.

566 3197 741 3261 niens,
773 3196 980 3250 scilicet
1009 3196 1295 3264 reprobavi,
1327 3196 1378 3250 id
1408 3204 1491 3249 est
1533 3197 1872 3266 reprobatam
1901 3198 2131 3264 ostendi,
2241 3191 2294 3245 id
2319 3199 2403 3245 est
2451 3191 2609 3260 juxta
2659 3191 2831 3256 dolos,
2877 3192 3084 3247 scilicet
3118 3195 3188 3246 ad
3224 3193 3610 3248 similitudinem
3634 3187 3747 3241 dolo-

563 3302 672 3339 non
689 3294 945 3355 quantum
969 3286 1034 3340 ad
1060 3287 1135 3341 rei
1153 3287 1451 3351 veritatem,
1478 3289 1570 3341 sed
1591 3299 1849 3357 quantum
1873 3289 1940 3343 ad
1963 3305 2133 3343 meam
2241 3305 2382 3344 rum.
2416 3290 2569 3356 Quod
2596 3298 2679 3345 est
2706 3290 2883 3345 dicere
2910 3307 2924 3344 :
2952 3290 3032 3344 lta
3068 3291 3266 3346 dedisti
3288 3291 3370 3345 eis
3395 3285 3745 3359 prosperitates.

563 3377 957 3445 reputationem
1000 3377 1257 3429 nationem
1284 3376 1517 3444 ﬁliorum
1546 3388 1777 3442 tuorum,
1813 3378 1863 3431 id
1889 3387 1971 3432 est
2002 3379 2137 3432 mul-
2237 3392 2297 3435 ut
2318 3382 2601 3436 videantur
2628 3396 2747 3436 esse
2794 3382 2921 3449 doli,
2966 3397 3089 3437 cum
3149 3391 3336 3437 tamen
3366 3397 3434 3437 ex
3466 3377 3648 3447 justitia
3691 3373 3747 3425 sic

564 3466 848 3520 titudinem
879 3465 1113 3520 ﬁdelium
1155 3467 1244 3534 qui
1273 3474 1399 3521 sunt
1444 3467 1534 3520 ﬁlii
1565 3467 1639 3520 tui
1671 3468 1963 3536 spiritales,
1993 3471 2134 3537 quod
2236 3473 2570 3543 contingant.
2600 3474 2664 3526 Et
2687 3474 2909 3543 exponit
2948 3475 3223 3542 quomodo
3253 3476 3367 3529 siut
3419 3471 3604 3527 similes
3628 3465 3749 3525 dolis,

564 3563 649 3607 est
687 3555 869 3629 dicere
898 3573 911 3607 :
940 3552 1184 3620 Ostendi,
1223 3563 1480 3624 quantum
1511 3557 1576 3610 ad
1618 3572 1725 3622 me,
1762 3567 1813 3611 te
1845 3559 2134 3627 reprobare
2234 3561 2315 3615 sic
2344 3576 2467 3615 vere
2494 3562 2646 3632 juxta
2670 3562 2818 3616 dolos
2842 3562 3088 3631 posuisti.
3120 3562 3263 3617 Nam
3300 3562 3427 3615 dum
3455 3559 3756 3613 allevamttur

565 3659 779 3698 omnem
805 3643 1199 3699 multitudinem
1230 3644 1482 3709 ﬁdelium,
1519 3662 1654 3716 quos
1679 3662 1783 3702 non
1814 3664 2133 3705 retnunera-
2235 3647 2367 3717 ipsis
2391 3649 2858 3718 prosperitatibus,
2914 3649 3149 3717 dejecisti
3211 3665 3311 3704 eos
3362 3646 3592 3707 interius,
3626 3642 3756 3696 idest

563 3736 669 3801 bis,
707 3736 753 3790 si
794 3734 992 3789 inscius
1039 3747 1130 3789 aut
1164 3735 1393 3805 injustus
1423 3735 1516 3790 sis.
1569 3736 1719 3803 Quod
1756 3748 1839 3793 est
1883 3724 2135 3794 inconve-
2237 3737 2551 3793 destruxisti
2581 3753 2770 3793 eorum
2802 3739 3065 3793 rationem
3090 3748 3146 3792 ut
3177 3740 3361 3810 magis
3390 3740 3756 3793 excaecarentur.

563 3827 719 3881 niens
746 3837 799 3881 et
836 3826 1151 3881 incredibile
1197 3835 1256 3879 ut
1299 3842 1404 3880 non
1436 3837 1872 3896 remunerentur,
1906 3829 1988 3882 vel
2016 3831 2130 3884 sic:
2236 3828 2386 3895 Quod
2416 3837 2500 3884 est
2531 3830 2750 3883 dicere:
2782 3830 2913 3883 Cum
2958 3830 3037 3885 eis
3069 3830 3290 3885 dederis
3322 3828 3676 3900 prosperitates
3709 3818 3757 3871 ad

564 3918 621 3973 Si
646 3919 745 3973 hoc
767 3931 1077 3982 narravero,
1110 3917 1315 3972 scilicet
1345 3919 1510 3971 Deum
1554 3933 1673 3973 esse
1702 3920 1928 3975 inscium
1960 3929 2012 3974 et
2061 3923 2135 3975 in-
2235 3937 2423 3977 eorum
2476 3922 2925 3987 delectationem,
2970 3924 3168 3977 videris
3225 3924 3418 3977 dolose
3451 3921 3628 3990 egisse,
3665 3926 3757 3967 cum

560 4006 781 4075 justum,
813 4017 868 4061 ct
896 4006 1032 4061 ﬁlios
1071 4022 1197 4062 suos
1240 4020 1343 4059 non
1392 4015 1882 4073 remuneraturum,
1924 4025 2051 4063 ecce
2077 4011 2130 4063 in
2237 4022 2413 4067 tamen
2435 4014 2640 4084 justum
2666 4015 2767 4079 sit,
2793 4029 2822 4066 a
2851 4014 3207 4069 similitudine
3252 4015 3467 4069 illorum
3503 4010 3588 4080 qui
3626 4005 3758 4059 simu-

562 4101 814 4170 prcescuti
862 4108 944 4154 est
974 4099 1075 4153 hoc
1112 4100 1498 4153 inconveniens
1526 4099 1732 4154 scilicet
1764 4100 2048 4168 reprobavi,
2080 4102 2132 4155 id
2232 4105 2424 4160 latoria
2462 4105 2598 4159 bona
2628 4105 2988 4174 praetendunt,
3017 4115 3076 4159 ut
3118 4120 3222 4175 per
3249 4107 3355 4160 hoc
3406 4105 3623 4171 aliquem
3650 4095 3763 4150 deci-

564 4201 646 4245 est
674 4189 967 4258 contempsi
1000 4199 1259 4243 nationem
1286 4188 1515 4257 ﬁliorum
1555 4198 1785 4255 tuorum,
1828 4191 1880 4245 id
1928 4200 2009 4245 est
2039 4207 2127 4244 au-
2231 4192 2402 4261 piant.
2432 4190 2878 4246 Ostenditautem
2910 4206 3098 4245 eorum
3131 4192 3457 4256 novissima,
3491 4191 3563 4243 sic
3596 4204 3611 4240 :
3659 4182 3757 4235 Dico

563 4287 868 4338 ctoritatem
894 4282 1248 4337 multitudinis
1270 4281 1527 4345 ﬁdelium,
1552 4282 1644 4350 qui
1671 4282 1937 4336 afﬁrmant
1964 4281 2130 4335 Deum
2233 4284 2373 4350 quod
2405 4282 2692 4352 intelligam
2727 4283 2778 4335 in
2808 4284 3121 4336 novissimis.
3155 4283 3225 4337 Et
3251 4285 3305 4336 in
3341 4283 3473 4351 ipsis
3510 4271 3766 4333 novissimis

564 4377 739 4428 omnia
771 4375 930 4438 scire,
965 4372 1169 4441 justum
1201 4387 1339 4437 esse,
1368 4382 1425 4426 et
1453 4372 1637 4428 ﬁdeles
1664 4381 2128 4428 remuneraturum
2234 4372 2493 4434 quomodo
2527 4371 2660 4440 facti
2690 4381 2807 4424 sunt
2833 4373 2887 4423 in
2918 4370 3329 4436 desolationem,
3359 4374 3411 4425 id
3454 4378 3533 4424 est
3560 4368 3607 4420 in
3633 4378 3764 4431 quat.-

564 4468 904 4536 quandoque.
934 4465 998 4519 Et
1024 4466 1274 4535 quoniam
1314 4464 1436 4519 inde
1462 4464 1565 4520 tale
1596 4465 1724 4519 mihi
1755 4464 2133 4519 inconveniens
2167 4457 2207 4511 ι)
2240 4470 2347 4514 tam
2384 4460 2514 4515 ﬁent
2549 4459 2954 4522 desolationem,
2981 4462 3289 4515 amittendo
3304 4463 3448 4516 bona
3479 4450 3766 4525 teniporala.

564 4558 903 4620 Occurrebat,
936 4558 1295 4625 existimabam
1338 4567 1391 4610 ut
1422 4544 1802 4627 cognoscerem,
1832 4557 1930 4610 hoc
1952 4557 2135 4611 existi-
2235 4553 2288 4606 in
2318 4552 2510 4621 quibus
2539 4551 2696 4606 modo
2722 4550 3149 4606 consolationem
3192 4552 3409 4605 habere
3462 4547 3700 4601 videntur,
3727 4546 3766 4588 et

567 4646 800 4709 mabam,
861 4661 964 4700 non
1000 4645 1223 4699 multum
1254 4646 1470 4715 proprie
1500 4646 1801 4715 appositum
1835 4660 1954 4700 esse
1989 4645 2137 4697 vide-
2234 4644 2300 4697 de
2320 4642 2407 4697 illa
2437 4642 2772 4697 desolatione
2794 4658 2897 4696 non
2931 4651 3185 4711 poterunt
3235 4657 3459 4696 cavere.
3492 4638 3616 4693 Nam
3636 4631 3769 4688 subito

568 4742 675 4795 tur,
723 4730 818 4784 sed
873 4747 994 4784 cum
1048 4733 1098 4785 in
1158 4732 1419 4786 Hchraica
1483 4733 1831 4788 translatione
1877 4733 2137 4787 habeatur
2234 4732 2553 4801 defecerunt,
2580 4732 2632 4786 id
2661 4740 2746 4785 est
2769 4740 2989 4801 repente
3015 4740 3069 4785 et
3103 4732 3418 4799 improvide
3460 4727 3704 4782 deﬁcient,
3730 4725 3769 4769 el

562 4820 727 4889 277
769 4820 1018 4887 cogitavi,
1046 4820 1251 4874 videtur
1281 4822 1443 4874 etiam
1475 4820 1872 4884 existimabam,
1903 4822 2133 4889 positum
2235 4824 2619 4878 desolabuntur
2647 4838 2676 4876 a
2708 4823 2862 4877 bonis
2891 4821 3310 4890 temporalibus,
3341 4820 3498 4889 juxta
3517 4816 3644 4887 quod
3658 4812 3771 4878 Apo-

564 4927 685 4965 esse
726 4925 824 4979 pro
862 4909 1184 4978 cogitabam.
1226 4910 1304 4964 Ac
1340 4912 1383 4964 si
1432 4912 1641 4965 diceret
1673 4928 1684 4964 :
1713 4909 2029 4981 Cogitabam
2077 4919 2133 4961 ut
2237 4912 2408 4965 stolus
2432 4912 2502 4964 ait
2536 4928 2548 4963 :
2578 4930 2596 4963 ι
2637 4911 2759 4964 Dies
2789 4910 3000 4963 Domini
3032 4910 3173 4963 sicut
3204 4909 3302 4961 fur
3349 4910 3401 4961 in
3433 4918 3588 4961 nocte
3633 4896 3773 4952 νεὲξίυί

573 5016 923 5072 rognoscerem
974 5000 1089 5063 hoc,
1121 5014 1288 5067 quare
1329 5000 1469 5055 Deus
1512 5018 1633 5077 cum
1677 5003 1857 5055 omnia
1912 5001 2043 5054 sciat
2081 5007 2135 5053 et
2238 5000 2288 5070 (1
2322 5000 2502 5053 Thess.
2526 5016 2578 5065 v,
2615 5000 2707 5070 2),
2744 5018 2761 5051 ι
2806 5007 2859 5053 et
2896 5014 2999 5051 non
3030 4997 3202 5052 solum
3236 4996 3505 5051 deﬁcient
3533 5009 3561 5047 a
3610 4998 3777 5052 ιειιιρο·

559 5097 738 5164 justus
786 5095 856 5148 sit
898 5094 1067 5147 bonos
1091 5091 1340 5160 deprimi,
1371 5092 1539 5146 malos
1569 5101 1745 5153 autem
1790 5093 1842 5144 in
1881 5090 2130 5160 prmsenti
2237 5092 2467 5157 ralihus,
2524 5090 2668 5162 quod
2708 5092 2893 5160 utique
2938 5090 3214 5144 tolerabile
3266 5098 3461 5151 esset;
3510 5083 3600 5139 sed
3646 5078 3775 5133 etiam

505 5188 515 5205 ‘
564 5185 830 5254 permittit
866 5182 1112 5238 exaltari.
1151 5180 1218 5234 Et
1265 5180 1410 5233 labor
1444 5183 1545 5236 iste
1584 5191 1653 5251 ut,
1678 5183 1781 5236 hoc
1811 5195 2128 5250 cognoscam
2228 5186 2518 5256 perierunt,
2544 5186 2593 5239 id
2624 5193 2708 5239 est
2731 5183 2981 5253 peribunt
3009 5183 3127 5236 sine
3174 5181 3291 5237 ﬁne
3328 5188 3544 5251 propter
3571 5168 3778 5241 iniqliia'

565 5287 637 5329 est
658 5286 775 5330 ante
798 5292 895 5339 me,
928 5273 981 5328 id
1001 5284 1086 5327 est
1106 5270 1247 5325 ultra
1287 5284 1391 5335 me,
1422 5271 1630 5326 scilicet
1651 5269 1824 5338 major
1852 5286 1956 5336 me,
1986 5270 2130 5323 utad
2233 5287 2331 5331 rem
2358 5294 2531 5341 suam,
2563 5292 2722 5345 quam
2757 5276 2843 5329 hic
2874 5275 3092 5337 habent,
3120 5272 3285 5341 juxta
3322 5271 3471 5341 quod
3515 5268 3643 5322 idem
3664 5263 3777 5326 Apo-

566 5365 726 5419 ﬁdem
748 5379 1011 5433 nequeam
1042 5361 1190 5416 illum
1220 5359 1486 5414 deducere
1516 5378 1529 5413 ε
2234 5366 2401 5421 stolus
2423 5367 2550 5420 dicit
2586 5383 2599 5419 :
2647 5383 2665 5416 ‹
2699 5364 2832 5419 Cum
2864 5364 3099 5419 dixerint
3132 5378 3240 5431 pax
3294 5371 3354 5417 et
3385 5359 3666 5418 securitas,
3711 5359 3779 5401 τε*

635 5454 811 5506 Donec
832 5453 1019 5505 intrem
1052 5451 1103 5505 in
1148 5448 1510 5504 sanctuarium
1559 5447 1674 5510 Dei,
1709 5447 1762 5503 id
1792 5456 1874 5502 est
1904 5447 2075 5503 donec
2101 5461 2131 5501 a
2234 5457 2483 5525 periimus
2512 5457 2590 5509 eis
2619 5456 2960 5524 superveniet
2980 5454 3230 5507 interitus
3259 5452 3523 5523 (Ibidis).
3557 5469 3574 5501 ι
3614 5445 3781 5499 Osten-

568 5544 744 5597 diviua
774 5542 944 5613 gratia
970 5540 1242 5606 admittar,
1272 5541 1323 5595 in
1353 5540 1759 5610 dispositionem
1807 5538 1902 5594 Dei
1940 5541 2128 5594 viden-
2232 5545 2313 5597 dit
2355 5556 2533 5600 autem
2572 5560 2670 5615 per
2722 5544 3162 5607 similitudinem,
3210 5543 3503 5611 quomodo
3540 5533 3778 5607 deﬁcient,

567 5637 712 5703 dam,
736 5650 854 5706 quae
882 5633 1244 5689 sanctuarium
1272 5633 1485 5701 dicitur,
1518 5647 1581 5689 eo
1606 5632 1748 5703 quod
1779 5632 1830 5687 in
1847 5647 1909 5687 ea
1940 5640 2128 5688 sancta
2229 5635 2327 5688 sic.
