3846 6334
175 338 279 392 I005

1002 324 1365 385 EXPOSITIO
1390 326 1456 380 IN
1495 324 1832 381 PSALMOS.
1867 324 2147 382 ——PSAL.
2186 324 2393 381 LXXIII

3188 324 3321 389 I006

222 450 329 503 Dico
350 446 478 515 quod
499 442 764 507 deficient,
790 451 842 497 et
864 443 967 498 hoc
982 444 1116 497 velut
1162 444 1420 497 somnium
1442 457 1658 511 surgen-
1688 447 1732 503 Λ
1762 442 1886 494 dum
1919 442 2080 495 zelavi
2107 458 2285 510 parem
2312 454 2639 509 peccatorum
2669 444 2865 511 videns,
2898 444 3104 500 scilicet
3149 455 3323 502 terre-

171 541 287 604 .lum,
310 538 354 591 id
379 543 454 590 est
500 535 637 589 sicut
682 533 937 589 deﬁciunt
1013 534 1237 597 divitiae,
1284 547 1404 601 qua:
1447 532 1662 600 quando

163 628 449 682 soaiuiantur
483 638 511 677 a
557 622 789 692 populis,
835 622 916 676 eis
963 621 1171 676 scilicet
1216 618 1585 689 surgentibus,
1630 633 1660 670 a

140 696 317 772 ‘somno
342 714 459 768 nihil
490 728 607 767 esse
633 720 915 782 apparent,
939 711 1010 765 ita
1043 720 1098 765 et
1131 725 1318 765 eorum
1337 708 1664 778 prosperitas

165 822 255 874 qua:
283 819 400 857 vana
426 811 523 864 est,
552 801 786 865 deficiet,
812 802 894 855 eis
921 802 973 854 in
1004 800 1187 854 futuro
1214 800 1577 867 surgentibus,
1609 806 1664 852 et

164 912 241 949 non
262 894 408 949 solum
436 902 553 946 tunc
572 893 908 960 apparebunt
931 891 1059 945 nihil
1090 904 1232 955 esse,
1257 891 1352 945 sed
1380 890 1469 945 hic
1497 889 1660 945 etiam

162 985 318 1053 rediges
365 983 426 1035 ad
452 982 665 1034 nihilum
695 982 749 1034 in
790 982 994 1035 civitate
1015 990 1128 1044 tua,
1158 980 1365 1034 scilicet
1395 980 1447 1032 in
1472 978 1664 1034 Eccle-

161 1075 235 1137 sia,
257 1073 503 1141 imaginem
526 1072 778 1140 ipsorum,
803 1070 860 1125 id
879 1079 963 1125 est
979 1070 1293 1140 imaginaria
1322 1070 1489 1139 278
1514 1070 1653 1123 bona

158 1167 367 1234 ipsorum,
395 1165 525 1217 bona
552 1162 797 1217 videlicet
818 1171 1056 1225 terrena,
1086 1176 1206 1230 qua:
1256 1162 1357 1231 ipsi
1405 1172 1660 1230 reputant

156 1267 252 1305 vera
282 1253 423 1316 bona,
446 1266 564 1305 cum
595 1264 701 1303 non
732 1249 840 1303 sint
868 1248 971 1304 nisi
1000 1249 1202 1317 imago,
1233 1258 1289 1302 et
1348 1249 1503 1318 quasi
1535 1263 1657 1301 um-

156 1342 224 1395 bra
249 1344 500 1396 bonorum.
541 1341 693 1408 Quod
716 1348 800 1396 est
844 1341 1025 1396 dicere
1057 1358 1070 1394 :
1102 1340 1355 1395 Ecclesia:
1402 1350 1507 1395 tute
1540 1355 1660 1410 spe-
1688 1342 1691 1343 ⁷

150 1431 316 1485 cialiter
342 1431 593 1486 revelabis
614 1431 730 1486 bzec
764 1430 1083 1501 imaginaria
1122 1431 1285 1495 bona,
1335 1445 1457 1499 qua:
1508 1430 1656 1499 impii

154 1533 350 1591 reputant
373 1539 605 1594 magna,
664 1523 796 1577 nihil
844 1537 1011 1588 esse,
1068 1522 1134 1577 ad
1192 1524 1655 1594 comparationem

148 1625 414 1668 memorum
444 1616 726 1669 bonorum.
760 1613 946 1668 Posset
968 1613 1136 1682 qumri
1191 1614 1334 1667 unde
1369 1612 1475 1667 scis
1514 1613 1656 1681 quod

151 1701 241 1753 mali
264 1701 515 1755 desolandi
540 1709 685 1755 sunt.
716 1702 778 1754 Et
806 1702 947 1770 quod
978 1703 1093 1755 haec
1123 1702 1262 1755 bona
1277 1700 1502 1754 nihilum
1535 1715 1656 1755 esse

1762 545 1828 583 na
1854 531 1991 585 bona
2014 531 2152 585 volui
2174 532 2302 585 mihi
2327 532 2468 597 dari,
2490 548 2610 602 qua:
2623 534 2877 590 vilissima
2930 546 3075 592 sunt.
3106 537 3188 593 Ob
3217 540 3321 597 hoc

1763 629 1939 676 autem
1969 621 2045 677 sic
2067 636 2125 677 se
2150 623 2427 694 redarguit
2451 632 2509 677 ut
2563 625 2698 679 alios
2727 626 2949 682 devocet
2970 629 3038 682 ab
3086 632 3325 700 appetitu

1764 720 2117 767 terrenorum.
2146 713 2356 768 Diceret
2376 714 2610 783 aliquis:
2638 715 2791 771 Unde
2818 717 2925 771 scis
2950 725 3008 771 te
3037 720 3331 788 suscipien-

1768 800 1895 854 dum
1917 815 2039 855 esse
2067 817 2183 854 cum
2206 800 2396 871 gloria,
2426 818 2546 858 eum
2578 813 2794 859 terrena
2824 806 2973 874 prius
2997 809 3329 875 appetieris?

1762 891 1842 946 Ad
1868 892 2011 961 quod
2039 893 2119 946 sic
2157 893 2438 962 adiungit:
2489 895 2616 951 Inde
2670 898 2880 951 conlido
2908 912 2996 951 me
3018 914 3138 951 eum
3164 898 3331 967 gloria

1761 994 1883 1036 esse
1913 981 2334 1050 suscipiendum,
2366 984 2490 1053 quia
2538 985 2653 1055 jam
2692 987 2879 1055 defecit
2912 1004 3040 1041 caro
3088 1005 3227 1053 mea,
3274 990 3326 1043 id

1760 1077 1846 1124 est
1890 1071 2184 1125 secundum
2231 1073 2375 1139 quod
2420 1086 2561 1138 mea,
2613 1082 2662 1126 et
2716 1091 2808 1127 cor
2854 1076 3146 1129 secundum
3188 1076 3330 1144 quod

1759 1176 1929 1213 meum
1957 1170 2093 1214 erat.
2122 1160 2272 1227 Quod
2300 1170 2384 1215 est
2410 1163 2628 1218 dicere:
2659 1163 2861 1219 Defecit
2882 1165 2934 1218 in
2977 1180 3062 1219 me
3094 1167 3329 1221 carnalis

1760 1249 2046 1318 appetitus,
2071 1258 2125 1304 et
2146 1251 2851 1321 co;ilatioterrena,etquia
2882 1253 3017 1306 Deus
3044 1263 3127 1308 est
3156 1255 3328 1310 cordis

1758 1340 1861 1392 mei
1890 1340 2217 1396 inhabitator
2256 1342 2591 1412 spiritaliter,
2625 1353 2680 1396 ut
2706 1344 2772 1398 de
2815 1342 2903 1395 illo
2927 1343 3040 1398 solo
3073 1345 3325 1414 cogitem,

1757 1436 1813 1482 et
1836 1446 1958 1499 pars
1988 1446 2125 1494 mea,
2152 1438 2212 1484 ut
2231 1448 2299 1487 ex
2324 1432 2574 1487 oninibus
2617 1433 2780 1486 rebus
2823 1447 2944 1485 eum
2993 1432 3166 1486 solum
3198 1447 3329 1503 par-

1760 1525 1868 1572 tem
1893 1518 2085 1590 eligam
2113 1529 2169 1574 et
2200 1529 2470 1590 appetam.
2506 1521 2571 1574 Et
2623 1522 2728 1575 hoc
2770 1522 2823 1574 in
2855 1532 3127 1584 reternum,
3156 1531 3211 1575 et
3243 1523 3327 1577 hic

1758 1609 1966 1664 scilicet
1993 1618 2047 1664 et
2073 1611 2128 1664 in
2159 1611 2359 1664 futuro.
2393 1610 2543 1677 Quod
2564 1619 2649 1665 est
2674 1609 2856 1665 dicere
2880 1628 2894 1665 :
2922 1610 3051 1663 Ideo
3080 1625 3167 1664 me
3204 1628 3323 1665 cum

1759 1701 1927 1773 gloria
1972 1701 2245 1771 suscipiet.
2301 1700 2587 1767 Quoniam,
2615 1700 2864 1755 omnibus
2891 1700 3125 1766 omissis,
3178 1700 3324 1754 illum

151 1799 411 1859 reputanlttr
435 1792 486 1844 in
514 1791 779 1845 Ecclesia.
798 1791 879 1845 Ad
900 1791 1042 1860 quod
1061 1792 1142 1845 sic
1162 1790 1448 1859 respondet
1480 1808 1494 1843 :
1525 1791 1651 1845 Inde
1683 1797 1730 1857 Β
1755 1791 1925 1846 solum
1953 1790 2128 1861 Cogito
2147 1799 2200 1843 et
2240 1800 2452 1859 expeto.
2482 1788 2765 1857 Subjungit
2796 1803 2922 1842 vero
2946 1803 3165 1853 causas,
3187 1804 3324 1859 qua-

149 1881 246 1933 mihi
272 1891 437 1935 notum
476 1891 558 1936 est
589 1885 711 1936 hoc.
742 1880 880 1947 Quia
913 1898 1004 1935 cor
1044 1898 1211 1936 meum
1263 1882 1648 1950 inﬂammatum

144 1977 214 2033 est,
260 1970 304 2022 id
354 1979 431 2023 est
464 1970 821 2023 illuminatum
863 1979 917 2023 et
963 1985 1280 2025 succensum
1316 1969 1528 2022 ﬂamma
1564 1984 1653 2023 sa-

144 2057 311 2123 pientiae
338 2060 586 2128 Spiritalis
618 2076 631 2111 ε
658 2070 705 2112 et
737 2075 881 2112 renes
912 2060 1014 2111 mei
1053 2059 1359 2112 commutati
1414 2069 1558 2123 sunt,
1598 2059 1653 2112 id

142 2156 202 2200 est
222 2146 571 2203 delectationes
603 2164 758 2214 mete,
792 2165 912 2219 quae
956 2164 1056 2218 per
1097 2164 1253 2204 renes
1289 2148 1649 2217 accipiuntur,

142 2239 317 2306 ecquod
337 2240 384 2293 in
410 2240 625 2294 renibus
653 2240 942 2295 delectatio
967 2239 1203 2294 carnalis
1233 2248 1336 2301 est,
1353 2246 1653 2292 commuta-

141 2334 320 2393 tesunt,
352 2338 407 2384 ut
429 2332 519 2400 qui
547 2330 700 2400 prius
719 2331 1029 2386 delectabar
1051 2332 1104 2384 in
1134 2330 1513 2395 saecularibus,
1541 2343 1651 2382 mo-

138 2416 188 2469 do
234 2418 446 2475 delecter
482 2422 535 2475 in
587 2421 951 2490 spiritalibus.
1004 2420 1253 2475 Ostendit
1293 2429 1474 2473 autem
1506 2418 1650 2471 unde

140 2502 189 2554 sit
210 2516 555 2574 commutatus,
596 2508 679 2562 sic
725 2508 976 2563 addens:
1014 2507 1080 2561 Et
1126 2508 1442 2576 priusquam
1496 2521 1647 2559 com-

138 2603 325 2651 mutarer
356 2598 590 2651 redactus
619 2614 732 2650 sum
763 2598 831 2650 ad
854 2596 1096 2660 nihilum,
1130 2596 1184 2649 id
1206 2604 1292 2649 est
1318 2596 1383 2649 ad
1415 2594 1646 2648 nihilum

138 2680 341 2737 virtutum
369 2694 421 2739 et
451 2686 677 2740 rationis
707 2700 861 2750 mete,
885 2694 943 2739 ut
962 2697 1209 2740 carerem
1239 2699 1305 2738 ex
1342 2691 1454 2738 toto
1475 2683 1559 2737 vel
1582 2684 1648 2737 ad

136 2770 331 2839 nihilum,
354 2775 403 2829 id
432 2785 516 2831 est
543 2776 841 2846 appetitum
896 2773 1293 2845 temporalium,
1346 2788 1466 2842 qua:
1515 2772 1649 2826 nihil

137 2869 245 2913 sunt.
277 2862 337 2916 Et
361 2872 492 2919 adeo
524 2882 643 2919 sum
669 2866 911 2919 redactus
934 2864 1003 2917 ad
1039 2863 1260 2917 nihilum
1288 2863 1430 2931 quod
1457 2862 1647 2915 nescivi

135 2954 240 3019 quod
265 2958 511 3025 agendum
545 2968 693 3012 esset
718 2966 772 3010 et
799 2955 941 3026 quod
965 2954 1366 3018 dimittendum,
1413 2961 1468 3007 et
1511 2952 1647 3006 adeo

136 3048 276 3107 postea
297 3062 431 3101 rencs
452 3048 763 3101 commutati
822 3055 964 3110 sunt,
1011 3054 1067 3098 et
1115 3060 1207 3098 cor
1233 3058 1405 3097 meum
1434 3041 1647 3110 inﬂam-

1754 1895 1815 1935 re
1844 1881 2010 1934 Deum
2036 1879 2239 1950 cogitet
2265 1889 2321 1935 et
2337 1889 2551 1948 appetat
2576 1879 2803 1949 singulis
2839 1878 3052 1949 singula
3101 1880 3327 1934 redden-

1751 1972 1839 2032 do,
1869 1971 1982 2026 sic:
2016 1970 2145 2025 Dico
2194 1974 2337 2039 quod
2393 1974 2532 2024 Deus
2569 1971 2738 2024 cordis
2767 1971 2869 2023 mei
2912 1985 3190 2040 possessor
3217 1980 3320 2036 est,

1751 2066 1807 2113 et
1830 2075 1946 2112 ecce
1978 2060 2028 2113 in
2058 2052 2308 2127 praesenti
2333 2068 2617 2123 estcausa,
2671 2074 2705 2113 o
2736 2059 2898 2123 Deus,
2942 2075 3113 2128 quare
3149 2069 3200 2114 te
3229 2076 3322 2113 ve-

1752 2149 1842 2204 lim
1874 2164 1993 2204 esse
2023 2165 2121 2204 mea
2152 2150 2323 2202 cordis
2353 2162 2747 2220 possessorem,
2777 2151 2902 2220 quia
2937 2151 3015 2204 illi
3038 2152 3130 2220 qui
3170 2151 3318 2205 elon-

1751 2247 1874 2307 gant
1913 2254 1968 2291 se
2015 2238 2418 2307 cogitatione-a
2462 2247 2511 2292 te
2547 2240 2785 2307 peribunt
2835 2239 2952 2293 sine
2976 2240 3100 2295 line.
3153 2241 3218 2293 Et
3245 2256 3311 2293 ne

1752 2343 1993 2398 peream,
2052 2344 2080 2380 a
2133 2337 2185 2381 te
2233 2327 2357 2381 nolo
2409 2328 2672 2399 elongari.
2710 2329 2779 2383 Et
2809 2338 2860 2384 te
2887 2339 3094 2399 partem
3140 2347 3315 2387 meam

1751 2417 1889 2488 eligo
1930 2424 1987 2470 et
2014 2425 2229 2486 expeto.
2257 2415 2391 2482 Quia
2438 2417 2731 2486 perdidisti,
2764 2418 2813 2472 id
2860 2427 2943 2473 est
2984 2421 3175 2488 perdes
3206 2439 3319 2475 om-

1748 2527 1864 2564 nem
1888 2509 1977 2580 qui
1994 2509 2288 2578 {ornicatur
2308 2512 2398 2563 abs
2418 2520 2471 2564 te
2500 2511 2819 2576 recedendo,
2851 2520 2904 2565 et
2934 2512 3205 2566 diabolum
3230 2530 3318 2569 se-

1748 2598 2083 2667 quendo,qui
2112 2597 2440 2653 adulterinus
2462 2600 2687 2654 maritus
2708 2610 2810 2654 est.
2825 2602 2989 2671 279
3012 2604 3052 2656 Α
3067 2604 3318 2658 similitu-

1748 2688 1871 2741 dine
1885 2687 2182 2741 foruicarim
2204 2687 2462 2753 mulieris,
2478 2703 2615 2757 quat,
2633 2690 2824 2743 marito
2840 2690 3023 2743 relicto
3037 2733 3052 2755 ,
3064 2692 3312 2746 adultero

1748 2780 2005 2843 sociatur,
2035 2788 2090 2832 et
2112 2794 2177 2831 ne
2220 2794 2304 2831 me
2333 2779 2545 2846 perdas.
2564 2778 2695 2833 Nolo
2725 2780 2977 2833 fornicari
3003 2783 3305 2837 recedeudo

1748 2885 1776 2922 a
1802 2878 1882 2931 te.
1907 2868 2053 2923 velut
2082 2869 2170 2936 qui
2206 2867 2503 2922 fornicatur
2534 2870 2631 2924 abs
2662 2879 2712 2923 te
2761 2870 3087 2935 recedendo,
3138 2871 3188 2924 id
3226 2882 3311 2926 est

1747 2977 1850 3016 non
1883 2959 2138 3014 obediens
2166 2960 2283 3024 tibi,
2313 2966 2464 3014 casto
2492 2974 2674 3013 amore
2690 2960 2781 3013 sed
2804 2960 3037 3025 timore;
3090 2975 3119 3013 a
3162 2961 3315 3014 simi-

1746 3050 1970 3104 litudine
1995 3050 2220 3103 mmchze
2247 3048 2506 3112 mulieris,
2541 3063 2662 3117 qua:
2699 3048 2876 3117 potius
2911 3050 3102 3104 timore
3149 3064 3311 3119 quam

132 3142 301 3199 malum.
323 3138 457 3205 quod
486 3153 592 3209 ego
629 3138 720 3207 qui
750 3138 901 3207 prius
932 3136 1148 3192 rebellis
1163 3151 1313 3189 eram
1338 3143 1393 3189 et
1412 3134 1641 3187 imman-
1670 3148 1711 3204 (ζ
1745 3154 1929 3195 amore
1958 3140 2152 3194 marito
2176 3138 2386 3201 obedit;
2416 3154 2555 3206 quae,
2579 3139 2623 3192 si
2659 3154 2726 3192 au
2750 3139 2910 3206 lere',
2928 3138 3304 3195 forn'caretur.

130 3234 270 3278 suetus
290 3230 416 3296 apud
468 3239 522 3283 te
561 3232 824 3293 existens,
856 3230 1015 3283 idest
1041 3229 1095 3282 in
1144 3226 1531 3291 familiaritate,
1590 3235 1645 3279 et

130 3311 478 3384 beaeplacentia
512 3330 627 3384 tua,
652 3320 827 3389 factus
855 3336 971 3373 sum
1013 3309 1070 3372 ut
1122 3319 1444 3388 jumentum,
1479 3317 1530 3369 id
1561 3324 1642 3370 est

130 3401 337 3460 domitum
365 3409 591 3474 animal,
624 3419 679 3464 et
711 3420 961 3479 paratum
1012 3410 1080 3464 ad
1109 3407 1460 3463 deferendum
1506 3420 1645 3459 onus

128 3506 460 3559 Draceotorum
504 3511 756 3566 tuorum,
805 3501 871 3555 ad
936 3501 1151 3555 modum
1195 3498 1465 3569 jumenti,
1497 3498 1642 3566 quod

132 3596 415 3643 mansuetum
439 3590 645 3645 animal
692 3599 798 3653 est,
847 3598 904 3644 et
950 3589 1014 3643 ad
1050 3603 1188 3643 onus
1239 3587 1517 3642 ferendum
1548 3588 1643 3640 ha-

125 3670 217 3727 bile.
243 3676 299 3730 Et
324 3695 410 3749 ego
424 3696 634 3750 semper
669 3690 835 3733 tecum
859 3693 974 3743 ero,
1006 3693 1112 3731 non
1138 3678 1368 3731 ulterius
1386 3686 1435 3731 te
1458 3679 1643 3729 deser-

126 3768 257 3817 turus.
282 3767 521 3823 Ostendit
554 3776 736 3822 autem
763 3771 1033 3837 quomodo
1060 3766 1236 3821 factus
1277 3773 1360 3820 est
1428 3763 1644 3831 jumen-

127 3857 206 3904 "Im
222 3869 305 3922 per
328 3873 468 3926 cum,
493 3859 579 3912 sic
612 3874 627 3913 :
660 3856 800 3912 Vere
831 3859 1002 3926 [actus
1030 3872 1145 3909 sum
1170 3856 1487 3926 jumentum,
1534 3869 1639 3908 non

126 3954 197 4005 Per
218 3959 308 4009 me,
340 3949 430 4002 sed
453 3964 556 4019 per
586 3956 660 4004 te.
688 3946 823 4001 Nam
859 3956 914 4001 tu
940 3947 1174 4010 tenuisti,
1203 3947 1252 3999 id
1283 3954 1366 3999 est
1391 3960 1643 4014 perseve-

124 4039 211 4083 rare
252 4031 434 4101 fecisti,
465 4052 687 4091 manum
711 4035 978 4090 dexteram
1036 4051 1224 4097 meam,
1256 4034 1308 4087 id
1332 4042 1415 4088 est
1443 4034 1640 4088 bonam

120 4123 432 4185 operationem
466 4141 671 4190 meam,
706 4142 825 4195 quae
854 4141 948 4195 per
974 4139 1193 4179 manum
1240 4124 1518 4178 dexteram
1547 4138 1639 4178 ac-

121 4208 289 4278 θίρῖιυτ,
311 4233 403 4287 per
434 4234 602 4288 quam
644 4217 783 4272 solet
828 4232 968 4286 saepe
999 4215 1333 4286 prosperitas
1389 4213 1636 4283 intelligi,

117 4307 298 4371 ecquod
352 4310 488 4363 bona
537 4310 785 4379 operatio
815 4309 973 4363 cedat
1009 4308 1075 4362 ad
1113 4307 1555 4377 prosperitatem,
1590 4316 1638 4359 et

117 4387 327 4448 deduxisti
361 4413 442 4451 me
469 4401 525 4451 ln
552 4396 817 4451 voluntate
842 4408 954 4461 tua,
994 4396 1047 4451 id
1094 4405 1179 4449 est
1206 4395 1513 4464 promoveri
1552 4408 1637 4447 me

1751 3231 1880 3285 Dico
1925 3228 2069 3299 quod
2112 3228 2261 3281 illum
2292 3228 2484 3297 perdes
2533 3229 2624 3298 qui
2652 3227 2866 3297 elongat
2902 3243 2960 3282 se
2992 3243 3022 3281 a
3060 3237 3112 3283 te
3139 3236 3194 3282 et
3221 3230 3313 3298 qui

1749 3317 2063 3372 fornicatur.
2095 3316 2225 3371 Mihi
2256 3327 2428 3370 autem
2452 3317 2639 3370 bonum
2659 3329 2756 3382 est,
2785 3318 2834 3371 id
2861 3326 2944 3372 est
2965 3318 3116 3380 utile,
3134 3320 3316 3372 adlue-

1746 3424 1859 3462 rere
1884 3407 1980 3463 tibi
2005 3408 2112 3461 Deo
2139 3407 2483 3476 cogitatione,
2497 3415 2545 3458 et
2573 3422 2760 3475 ponere
2789 3407 2841 3461 in
2875 3416 2923 3461 te
2950 3407 3172 3462 Domino
3200 3424 3319 3463 om-

1747 3498 1896 3551 nium
1921 3505 1977 3551 et
2003 3495 2133 3560 Deo,
2171 3496 2222 3550 id
2251 3504 2336 3550 est
2364 3504 2611 3550 creatore
2635 3512 2774 3565 spem
2804 3513 2995 3557 meam,
3032 3499 3083 3551 id
3114 3508 3199 3553 est
3226 3515 3317 3569 ap-

1745 3587 1969 3657 petitum
2002 3601 2203 3641 meum.
2227 3585 2379 3653 Quod
2404 3593 2491 3640 est
2513 3585 2731 3641 dicere:
2770 3584 2877 3642 Sed
2912 3603 2996 3642 me
3046 3606 3151 3643 non
3185 3606 3310 3661 per-

1743 3680 1857 3735 des.
1883 3678 2016 3732 Nam
2040 3693 2140 3748 ego
2185 3678 2316 3732 utile
2362 3678 2614 3732 existimo
2638 3678 2704 3731 de
2738 3688 2786 3731 te
2805 3678 2919 3733 solo
2962 3681 3218 3750 cogitare,
3256 3695 3312 3737 et

1745 3775 1798 3823 te
1822 3767 1994 3821 solum
2021 3775 2297 3836 appetere,
2329 3774 2489 3820 etest
2523 3765 2653 3819 mihi
2684 3766 2975 3831 bonum,id
3019 3778 3103 3822 est
3157 3769 3307 3834 utile,

1742 3868 1798 3912 ut
1826 3859 2127 3912 annuntiem
2165 3854 2284 3911 aliis
2310 3872 2483 3910 omnes
2507 3857 2901 3925 prwdicationes
2929 3868 3068 3923 tuas,
3135 3859 3187 3913 id
3227 3870 3311 3914 est

1742 3948 1921 4001 omnia
1949 3955 2214 4027 praecepta
2267 3955 2378 4007 tua,
2429 3961 2548 4014 qua:
2588 3955 2642 4000 tu
2667 3946 2823 4014 jubes
2849 3949 3147 4016 prmdieari.
3200 3950 3309 4020 Ege

1740 4037 1861 4092 dico
1911 4036 2223 4091 existeusin
2249 4038 2408 4105 portis
2431 4035 2558 4103 ﬁlia:
2587 4034 2739 4106 Sion,
2764 4036 2816 4090 id
2853 4044 2937 4092 est
2977 4038 3029 4091 in
3088 4040 3307 4093 virtuti-

1740 4127 1862 4191 bus,
1892 4141 2010 4196 quae
2038 4134 2162 4181 sunt
2182 4133 2351 4196 portae
2365 4141 2464 4195 per
2487 4141 2621 4196 quas
2678 4126 2915 4182 Ecclesia
2968 4128 3215 4184 introibit
3237 4131 3307 4184 ad

1742 4216 1893 4281 Sion,
1922 4217 1973 4271 id
2002 4225 2085 4270 est
2124 4217 2191 4270 ad
2237 4216 2567 4271 consortium
2607 4216 2937 4286 angelorum.
2973 4217 3140 4288 Cujus
3171 4219 3299 4274 Sion

1740 4307 1936 4363 dicitur
1966 4321 2086 4362 esse
2116 4306 2245 4368 lilia,
2269 4320 2334 4360 eo
2364 4306 2507 4375 quod
2539 4308 2605 4360 ad
2634 4306 2749 4376 ejus
2771 4308 3020 4375 puritatis
3065 4318 3121 4364 et
3148 4309 3308 4365 inno-

1742 4399 1935 4453 centiae
1956 4396 2389 4460 similitudinem,
2433 4396 2693 4452 innocens
2717 4407 2773 4450 et
2822 4412 2956 4466 pura
3007 4384 3307 4463 consistat;

118 4475 248 4537 fecisti
270 4487 331 4542 de
356 4489 499 4543 bono
523 4490 580 4542 in
614 4489 807 4542 melius
840 4488 891 4542 in
931 4487 1217 4556 praeceptis
1240 4486 1368 4550 tuis,
1388 4494 1450 4540 ut
1470 4487 1641 4554 magis
1671 4482 1716 4539 D
1744 4488 1827 4544 vel
1854 4484 2196 4543 intransitive
2218 4488 2368 4551 dicit,
2398 4487 2520 4542 lilia:
2548 4486 2700 4553 Sion,
2729 4488 2849 4543 sic:
2889 4489 3001 4560 Ego
3023 4490 3143 4544 dico
3186 4491 3304 4545 exi.

116 4577 314 4645 eimagis
336 4579 446 4649 ipsa
481 4580 836 4649 complerem,
859 4589 914 4634 et
941 4579 1020 4634 sic
1076 4577 1384 4647 iumentum
1431 4577 1640 4645 ﬁerem,

114 4662 208 4717 etin
241 4667 410 4724 futuro
434 4671 738 4739 suscepisti,
765 4670 815 4723 id
845 4679 928 4723 est
952 4670 1215 4739 suscipies
1246 4683 1352 4733 me,
1383 4670 1450 4724 de
1501 4684 1645 4723 mor-

117 4750 182 4803 ‘ali
204 4761 496 4824 etpassibili
529 4759 735 4813 faciens
760 4759 1120 4814 immortalem
1150 4768 1205 4812 et
1232 4758 1640 4827 impassibilem,

114 4848 147 4886 et
166 4841 247 4897 hoc
265 4863 378 4900 cum
420 4850 621 4918 gloria,
646 4849 696 4901 id
725 4858 808 4903 est
835 4850 913 4902 sic
940 4857 998 4902 ut
1026 4864 1109 4903 me
1146 4848 1315 4903 facias
1349 4848 1640 4920 gloriosum

114 4935 151 4978 ει
168 4930 209 4984 in
233 4939 397 4993 anima
421 4951 475 4993 et
504 4942 561 4993 in
581 4954 825 5009 corpore.
856 4939 983 5009 Agit
1019 4948 1198 4993 autem
1231 4939 1297 4993 de
1325 4939 1510 5008 ’gloria
1550 4938 1640 4992 illa

114 5018 407 5095 admirative,
435 5043 495 5085 ut
527 5047 648 5085 eam
675 5045 795 5086 esse
820 5045 1068 5097 magnam
1096 5029 1371 5094 ostendat,
1396 5030 1475 5084 sic
1509 5027 1644 5081 :Ve-

114 5124 155 5163 te
179 5132 247 5171 me
273 5123 500 5192 suspicis
522 5139 645 5177 cum
677 5124 865 5193 gloria.

164 5206 280 5271 Quid
308 5216 442 5267 enim
474 5216 607 5268 mihi
639 5225 714 5267 est
745 5219 799 5268 in
832 5214 979 5278 caelo,
1003 5213 1054 5268 id
1078 5222 1162 5268 est
1194 5227 1355 5282 quam
1387 5226 1637 5281 magnum

111 5298 281 5358 quidem
310 5305 437 5358 mihi
464 5314 715 5373 paratum
748 5306 801 5358 in
832 5305 987 5371 caelo,
1038 5314 1237 5359 aeterna
1293 5303 1461 5373 gloria
1493 5303 1639 5357 scili-

110 5394 196 5449 cet,
236 5400 284 5446 et
310 5410 429 5449 eum
484 5395 615 5449 illud
647 5396 788 5465 quod
841 5406 923 5451 est
980 5396 1034 5450 in
1066 5396 1204 5451 coelo
1255 5411 1505 5465 magnum
1536 5395 1638 5454 sit,

109 5482 150 5525 et
192 5480 303 5538 illud
358 5503 580 5557 semper
632 5489 920 5557 appeliisse
970 5489 1314 5552 debuissem,
1363 5489 1501 5557 quod
1554 5504 1640 5541 vo-

109 5562 167 5618 Ῑαῖ
189 5585 276 5642 ego
332 5579 500 5632 miser
551 5578 666 5633 dari
701 5579 830 5633 mihi
867 5594 896 5632 a
949 5587 1001 5634 te
1039 5596 1193 5647 super
1222 5590 1437 5642 terram,
1472 5579 1522 5632 id
1557 5586 1640 5632 est

110 5669 235 5722 quam
258 5667 353 5722 vile
376 5670 509 5737 quid
547 5671 670 5738 petii
701 5671 815 5725 dari
844 5670 972 5724 mihi
1020 5685 1051 5722 a
1100 5680 1151 5724 te
1174 5670 1223 5724 in
1257 5671 1360 5726 hoc
1411 5671 1632 5734 mundo,

1747 4589 1898 4635 stens
1920 4580 1972 4633 in
2012 4580 2397 4649 prophetarum
2427 4578 2731 4645 sententiis,
2754 4579 2845 4647 qui
2892 4594 2990 4648 per
3012 4581 3311 4635 doctrinam

1744 4679 1913 4746 portae
1938 4678 2094 4734 sunt;
2116 4684 2214 4739 per
2241 4684 2374 4738 quas
2404 4668 2533 4724 Sion
2563 4683 2749 4724 eorum
2786 4668 2914 4735 lilia,
2945 4669 2998 4723 id
3022 4680 3106 4725 est
3130 4672 3311 4727 imita-

1748 4762 1868 4823 trix,
1883 4761 1950 4815 ad
1972 4760 2137 4813 vitam
2160 4760 2497 4815 introeat.Ac
2519 4760 2563 4813 si
2584 4760 2759 4814 dicat:
2792 4759 2883 4815 Sic
2909 4761 2988 4815 eis
3010 4762 3156 4831 praed
3180 4764 3317 4816 cabo

1743 4859 1803 4905 ut
1828 4851 1880 4903 in
1893 4849 2194 4904 vertutibus
2215 4864 2549 4918 perseverem
2580 4866 2592 4901 :
2627 4848 2733 4903 «Ne
2749 4848 2793 4903 si
2814 4848 2969 4904 aliter
2988 4851 3313 4919 praedicaveo

1744 4942 1869 5007 rim,
1902 4940 2163 5009 reprobus
2204 4937 2407 4993 elliciar
2434 4938 2484 5008 (Ι
2510 4938 2632 4992 Cor.
2658 4954 2734 5004 rx,
2757 4939 2871 5009 27).
2908 4958 2927 4991 ι
2962 4938 3055 4994 Vel
3082 4939 3181 4993 sic.
3221 4938 3314 4992 Sic

1741 5031 2137 5099 praedicabo,ut
2162 5044 2191 5082 a
2217 5030 2490 5098 prophetis
2504 5045 2607 5084 non
2629 5030 2959 5085 dissentiam.
2981 5028 3048 5083 Et
3073 5029 3197 5097 quia
3224 5030 3313 5082 bo-

1745 5136 1873 5175 num
1902 5135 2025 5175 esse
2050 5129 2241 5190 reputo
2268 5121 2347 5174 sic
2375 5121 2694 5189 praedicare,
2727 5136 2832 5174 non
2860 5121 3047 5189 perdet
3068 5135 3152 5173 me
3170 5119 3312 5173 Drus

1741 5227 1862 5266 cum
1892 5211 2281 5265 fornicantibus
2309 5210 2377 5264 ab
2413 5226 2497 5265 eo.
2522 5211 2759 5266 Per'boc
2814 5220 2906 5264 aut
2940 5223 2996 5265 ιιι
3024 5211 3166 5279 quod
3206 5211 3308 5265 hoc

1741 5302 1909 5356 dicit:
1937 5301 2056 5354 aliis
2102 5299 2406 5369 exemplum
2470 5301 2562 5354 dat
2597 5299 2703 5353 Deo
2729 5298 3034 5353 adhazrcndi
3067 5305 3123 5352 et
3150 5299 3200 5352 in
3244 5315 3307 5354 eo

1741 5410 1888 5463 spem
1928 5393 2180 5463 ponendi,
2202 5403 2256 5446 et
2282 5394 2333 5446 in
2362 5394 2532 5463 portis
2557 5392 2675 5445 ﬁliae
2718 5392 2845 5444 Sion
2890 5392 3233 5459 praelicandi.

2158 5484 2224 5539 IN
2279 5483 2606 5539 PSALMUM
2664 5482 2891 5537 LXXIII.
2968 5472 2969 5475 η

1810 5575 2007 5631 Psalmi
2068 5576 2448 5646 septuagesimi
2514 5575 2657 5628 tertii
2726 5574 2931 5629 titulus.
2993 5573 3310 5631 Intellectum

1738 5667 1935 5737 Asaph,
1982 5668 2034 5721 id
2078 5677 2161 5722 est
2224 5667 2393 5721 ﬁdelis
2424 5666 2738 5737 Synagugm,
2787 5666 2867 5719 vel
2906 5674 3031 5722 ante
3089 5674 3292 5737 tempus
