3856 6322
519 355 655 411 "1007

1094 353 1152 407 ε.
1195 351 1540 408 ΒιιυΝεΝιε
1570 345 2209 405 (ιΑιιτιιεειιιΝοιιυιι
2233 323 2714 400 ιεςετιτιιτοιιιε
2755 343 2914 400 ore.
2950 342 3126 397 rans
3157 343 3193 396 l.

3600 349 3712 410 1008

521 461 757 538 Christi,
814 464 897 520 rel
949 465 1001 518 in
1069 445 1311 533 tempore
1360 461 1752 532 persecutionis
1803 467 2101 528 martyrum
2133 460 2178 512 A
2206 455 2474 524 simplices
2512 437 2740 522 pascua:
2793 455 3052 508 doctrina:
3085 463 3209 506 tum.
3243 453 3318 506 Ac
3338 453 3379 506 si
3411 453 3540 508 dicat
3568 474 3578 509 :
3603 457 3710 514 Cum

520 558 821 614 existentis.
885 553 1034 620 Quod
1092 555 1384 608 estdicere
1438 552 1730 606 :Psalmus
1759 551 1861 603 iste
1887 549 1940 601 in
1988 561 2097 615 quo

515 647 762 704 ’oecultus
787 643 1098 698 continetur
1122 641 1446 706 intellectus,
1466 650 1548 694 est
1573 638 1746 692 ﬁdelis
1776 636 2094 707 Syuagogre,

511 749 639 805 qua:
671 733 758 788 hic
787 731 900 801 agit
946 729 1327 798 conquerendo
1381 730 1447 784 de
1488 728 1793 805 repulsione
1827 737 1882 782 et
1907 741 2095 796 perse-

511 817 737 878 cutione
787 800 1096 874 Judaeorum
1150 834 1179 872 a
1236 813 1493 871 Romanis
1536 800 1709 870 'l'acta.
1739 815 1842 870 Pro
1866 829 2096 884 quorum

526 916 900 971 Romanorum
933 911 1108 966 salute
1134 918 1188 964 et
1217 907 1571 963 conversione
1595 915 1733 972 orat,
1761 921 1881 961 cum
1910 919 2094 976 perse-

521 1007 792 1062 cutionem
830 1003 974 1059 illam
1004 1015 1109 1056 non
1137 1000 1364 1055 fecerint
1395 1013 1454 1054 ea
1479 999 1798 1064 intentione,
1837 1009 1900 1051 ut
1929 998 2095 1052 Deum

519 1097 884 1158 vindicarent,
937 1091 1064 1146 licet
1096 1091 1183 1144 illa
1233 1090 1541 1160 persecutio
1568 1089 1634 1143 ad
1673 1089 1767 1143 Dei
1799 1088 2094 1142 vindictam

522 1186 696 1251 ﬁeret,
729 1184 822 1239 sed
863 1183 1039 1252 potius
1089 1196 1151 1236 ea
1179 1170 1493 1247 intentione,
1523 1189 1580 1232 ut
1611 1193 1802 1234 nomen
1840 1177 1935 1233 Dei
1958 1177 2100 1232 dele-

519 1283 731 1341 rent,et
756 1272 857 1326 sibi
889 1270 1020 1340 ipsis
1049 1269 1382 1338 triumphum
1407 1268 1770 1337 acquirerem.
1803 1265 2096 1336 Agitetiam

522 1363 590 1417 de
615 1359 994 1431 persecutione
1027 1357 1291 1422 ﬁdelium,
1322 1371 1418 1425 pro
1447 1356 1642 1424 quibus
1667 1356 1830 1410 etiam
1875 1362 2017 1419 orat,
2045 1362 2099 1408 et

519 1453 625 1507 hoc
653 1465 715 1505 ea
747 1448 1048 1504 intentione
1081 1445 1213 1501 facit
1268 1455 1328 1500 ut
1376 1443 1510 1514 justi
1531 1443 1715 1513 judicii
1757 1443 1850 1498 Dei
1889 1442 2097 1496 intelle-

519 1551 664 1596 ctum
694 1539 747 1592 in
777 1537 932 1592 nobis
960 1543 1204 1607 generet.
1250 1533 1608 1604 Adjungendo
1654 1547 1899 1598 causam,
1930 1547 2099 1600 quare

520 1628 766 1684 inﬁdeles
788 1627 1222 1698 persecutionem
1253 1625 1533 1694 patiantur
1574 1623 1641 1677 ad
1671 1622 2095 1687 damnationem,

519 1729 574 1775 et
605 1732 772 1788 quare
830 1713 1016 1770 ﬁdeles
1070 1715 1136 1768 ad
1184 1712 1571 1775 salvationem,
1621 1710 1765 1780 quod
1810 1719 2099 1778 utrumque

2198 546 2361 598 etiam
2420 559 2517 598 nos
2566 543 2721 614 allligi
2749 546 2897 599 sinas
2922 544 3060 598 sicut
3090 542 3355 606 inﬁdeles,
3386 543 3509 598 l'acis
3546 547 3648 602 ideo
3669 561 3714 604 ut

2199 637 2274 690 sis
2303 636 2455 689 nobis
2517 636 2703 689 iratus.
2749 635 2898 690 Hanc
2938 637 3279 704 questionem
3311 632 3530 698 facit,ut
3567 648 3722 705 postea

2199 726 2390 781 solvat.
2429 725 2560 782 Orat
2587 737 2770 782 autem
2799 742 2896 796 pro
2919 742 2976 782 se
3005 727 3122 780 sic:
3157 726 3288 779 Dico
3338 727 3474 796 quod
3513 730 3719 797 populum

2197 816 2478 871 Judaicum
2506 817 2741 886 repellis,
2779 825 2834 872 et
2863 815 3126 885 quidquid
3152 816 3220 869 de
3243 814 3348 869 illis
3386 815 3453 868 sit
3481 817 3561 884 qui
3589 829 3718 873 teter-

2198 923 2322 962 nam
2374 909 2776 962 damnationem
2835 913 3275 976 prumcruerunt.
3341 904 3536 960 Saltem
3568 925 3723 962 memor

2197 1013 2304 1056 esto
2357 1001 2770 1072 congregationis
2814 979 2940 1064 (uie,
2995 1000 3162 1054 nostri
3227 998 3432 1052 scilicet
3459 999 3542 1066 qui
3578 1015 3724 1055 sumus

2197 1090 2546 1160 congregatio
2579 1099 2690 1154 tua,
2724 1104 2789 1142 ue
2824 1104 2921 1142 nos
2956 1089 3008 1141 in
3041 1098 3367 1157 perpetuum
3414 1087 3637 1155 repellas,
3680 1100 3723 1143 et

2201 1181 2353 1234 nobis
2384 1181 2553 1234 iratus
2579 1195 2917 1249 permaneas.
2951 1177 3125 1243 Quam
3170 1178 3616 1247 congregationem
3651 1195 3728 1247 per

2202 1284 2575 1328 antecessores
2603 1282 2820 1327 nastros
2851 1271 3212 1342 patriarchas,
3241 1270 3450 1324 scilicet
3475 1280 3520 1323 et
3543 1271 3727 1340 prophe-

2203 1376 2285 1419 tas
2308 1364 2581 1434 possedisti
2619 1365 2682 1417 ab
2707 1363 2857 1416 initio
2877 1363 3055 1433 gentis
3101 1369 3326 1416 nostrae.
3369 1361 3447 1414 Ac
3495 1361 3536 1412 si
3571 1360 3724 1414 dicat:

2200 1452 2332 1506 Cum
2360 1463 2438 1516 tu,
2467 1453 2630 1517 Deus,
2665 1466 2946 1520 possessor
2977 1440 3163 1504 noster
3187 1449 3285 1510 sis,
3318 1464 3347 1500 a
3397 1456 3615 1516 tempore
3641 1463 3718 1500 au-

2205 1545 2536 1597 tecessorum
2584 1551 2890 1595 nostrorum
2939 1556 3166 1610 quorum
3222 1541 3381 1593 ﬁdem
3433 1538 3733 1594 imitamurct

2201 1631 2416 1699 eisjam
2452 1631 2713 1686 benelicia
2743 1629 3300 1698 multa‘impeudcris,
3347 1637 3403 1682 et
3453 1643 3618 1682 eorum
3645 1644 3733 1682 me-

2205 1741 2325 1778 mor
2358 1723 2542 1785 l‘ueris,
2580 1739 2677 1778 oro
2698 1738 2911 1792 quoque
2941 1723 3110 1776 llOsll'l
3138 1736 3349 1776 memor
3397 1722 3473 1775 sis
3495 1763 3508 1786 ,
3539 1735 3592 1774 ne
3616 1739 3638 1774 a
3666 1729 3734 1775 tua

520 1809 813 1864 obscurum
839 1815 976 1860 erat.
1019 1803 1152 1859 Cum
1203 1811 1385 1867 autem
1432 1810 1486 1856 et
1522 1816 1620 1870 pro
1661 1799 2100 1870 persecutoribus

2217 1815 2379 1884 gratia
2410 1814 2754 1884 repellamur.
2798 1814 2911 1868 Non
2956 1814 3099 1866 enim
3146 1812 3237 1866 alii
3273 1811 3562 1882 possessori
3601 1828 3733 1881 quam

522 1907 577 1954 et
601 1913 698 1968 pro
745 1895 1044 1967 persecutis
1073 1902 1212 1960 orat,
1240 1892 1394 1947 nobis
1448 1891 1526 1946 sic
1550 1890 1742 1944 orandi
1777 1889 2090 1958 exemplum

523 1991 641 2044 dat.
680 1989 746 2043 Et
774 1987 1071 2042 notandum
1094 1987 1236 2055 quod
1265 1984 1482 2054 quando
1508 1984 1561 2036 in
1588 1982 1744 2038 titulo
1776 1982 1996 2051 ponitur
2023 1981 2107 2034 iu-

443 2075 448 2080 ’
528 2079 820 2144 tellectus,
873 2079 925 2133 in
981 2077 1195 2147 psalmo
1234 2074 1437 2145 aliquid
1465 2074 1757 2129 obscurum
1813 2073 2102 2127 intellectu

526 2174 861 2236 continetur,
896 2169 1043 2224 verbi
1073 2167 1270 2237 gratia,
1299 2167 1351 2220 in
1396 2166 1498 2220 hoc
1551 2164 1782 2234 psalmo,
1824 2179 1922 2234 per
1952 2162 2106 2231 cujus

527 2259 857 2317 evidentiam
889 2257 1228 2326 intelligitur,
1246 2268 1414 2323 quare
1435 2253 1577 2307 Deus
1597 2253 1769 2307 bonos
1791 2250 1948 2322 allligi
1966 2251 2105 2305 sicut

527 2362 586 2406 et
611 2351 779 2406 malos
801 2350 1021 2418 patitur,
1053 2349 1197 2417 quod
1233 2349 1462 2403 forsitan
1510 2345 1769 2415 injustum
1797 2358 1917 2398 esse
1955 2343 2103 2396 vide-

529 2453 639 2505 tur,
674 2450 728 2496 et
783 2437 925 2508 quod
959 2439 1020 2493 ad
1073 2439 1474 2508 intelligendum
1503 2437 1794 2490 obscurum
1849 2442 1956 2489 est.
1997 2433 2104 2487 No-

529 2530 752 2585 tandum
790 2542 1004 2597 quoque
1035 2528 1160 2596 quia
1215 2528 1260 2582 si
1309 2526 1479 2580 ﬁdelis
1508 2524 1690 2594 Asapb
1745 2531 1873 2577 ante
1902 2522 2103 2576 Christi

519 2632 744 2689 tempus
771 2619 1035 2682 existens,
1071 2627 1126 2672 et
1151 2616 1552 2671 damnationem
1583 2628 1958 2669 successorum
1987 2611 2110 2681 Spi-

527 2707 634 2767 ritu
663 2721 850 2767 sancto
877 2709 1194 2778 prtevidens,
1224 2709 1366 2778 loqui
1391 2707 1786 2761 introducatur.
1819 2705 1932 2759 Hoc
1965 2705 2108 2772 quod

528 2815 681 2856 more
701 2799 1016 2870 prophetico
1042 2799 1314 2866 praeterite
1361 2797 1533 2864 ponit,
1567 2793 1744 2849 l‘uture
1795 2793 2100 2864 intelligen-

533 2895 662 2947 dum
717 2905 858 2947 esse.
896 2887 953 2943 Si
990 2903 1112 2943 vero
1145 2887 1234 2942 illa
1263 2885 1436 2940 ﬁdelis
1463 2884 1747 2956 Synagoga
1783 2885 1849 2938 de
1888 2882 2108 2949 Juda-is,

526 2998 648 3054 quae
673 2979 1000 3050 in'tempore
1029 2987 1081 3034 et
1113 2977 1232 3048 post
1261 2976 1657 3048 persecutionis
1686 2984 1898 3044 tempus
1944 2975 2112 3028 exsti-

465 3112 468 3114 -
532 3074 600 3128 tit
641 3072 1019 3127 introducatur
1069 3069 1322 3137 loquens;
1384 3067 1488 3121 hoc
1547 3064 1822 3136 praeterite
1872 3064 2108 3133 positum

2211 1906 2307 1960 tibi
2347 1906 2455 1960 Deo
2478 1903 2669 1972 subjici
2707 1905 2971 1971 volumus,
3003 1912 3056 1957 et
3096 1903 3216 1956 ideo
3243 1918 3444 1954 memor
3470 1910 3586 1962 esto,
3625 1903 3736 1968 quod

2209 1993 2529 2048 beneﬁcium
2562 1994 2664 2048 hoc
2696 1993 2847 2047 nobis
2866 1993 2974 2062 jam
3001 1991 3300 2054 contulisti,
3325 1991 3532 2044 scilicet
3562 1990 3738 2043 redemi-

2204 2085 2272 2140 sti
2304 2085 2478 2154 pretio
2519 2083 2708 2138 mortis
2736 2092 2840 2137 ture
2867 2083 3085 2152 virgam,
3115 2081 3166 2135 id
3198 2087 3283 2135 est
3312 2095 3532 2148 regnum
3557 2079 3738 2132 luendi-

2206 2176 2327 2228 tatis
2355 2187 2480 2240 tum,
2507 2175 2558 2228 id
2591 2181 2790 2228 estnos
2821 2172 2912 2242 qui
2941 2185 3128 2225 smnus
3158 2185 3383 2240 regnum
3419 2178 3556 2222 tuum
3605 2168 3738 2220 hazre-

2208 2267 2487 2330 ditarium,
2510 2266 2560 2319 id
2593 2274 2675 2320 est
2703 2263 2950 2317 naturale
2977 2276 3202 2332 regnum
3240 2259 3372 2313 nulli
3403 2258 3489 2311 alii
3514 2258 3608 2311 Den
3623 2257 3740 2326 prius

2210 2355 2504 2420 subditum,
2541 2371 2568 2408 a
2601 2352 2955 2408 similitudine
3013 2350 3375 2420 possessionis
3415 2348 3741 2411 haereditaria,

2211 2463 2370 2517 quam
2411 2446 2646 2516 possidet
2671 2443 2868 2514 aliquis
2924 2458 3028 2496 non
3073 2441 3152 2496 sic
3181 2449 3239 2493 ut
3291 2451 3410 2492 eam
3436 2438 3520 2490 alii
3553 2438 3737 2489 Domino

2214 2537 2470 2605 rapuerit,
2493 2535 2584 2589 sed
2605 2550 2724 2605 quae
2740 2533 2839 2587 sibi
2864 2548 2930 2587 ex
2959 2531 3132 2585 atavis
3161 2529 3503 2584 hwreditario
3511 2527 3622 2596 jure
3641 2542 3744 2580 Cun-

2213 2628 2387 2696 tiugit.
2418 2628 2492 2680 Ac
2519 2626 2564 2679 si
2595 2626 2776 2679 dicat:
2814 2623 2947 2678 Cum
3005 2638 3102 2676 nos
3164 2629 3358 2690 utpote
3389 2634 3598 2689 regnum
3630 2628 3743 2669 tuum

2213 2717 2614 2772 hau-edita‘rium
2639 2717 2938 2770 existentes
2969 2711 3273 2775 redemisti,
3304 2725 3402 2767 oro
3432 2725 3631 2780 quoque
3664 2723 3740 2761 uo-

2212 2809 2308 2860 stri
2342 2822 2550 2861 memor
2576 2814 2712 2870 esto,
2745 2821 2812 2860 ne
2839 2804 3138 2872 redemptio
3163 2801 3251 2855 illa
3276 2799 3570 2854 deducatur
3622 2799 3665 2850 iu
3692 2798 3746 2850 ir-

2217 2898 2397 2951 ritum.
2432 2896 2535 2950 Per
2566 2896 2795 2966 virgam,
2820 2893 3036 2962 quidem
3060 2900 3370 2958 sceptrum;
3406 2905 3498 2959 per
3519 2897 3744 2956 sceptrum

2217 3002 2440 3056 regnum
2476 2984 2758 3058 accipitur,
2786 2998 2909 3037 cum
2942 2989 3215 3049 sceptrum
3251 2977 3404 3048 regni
3458 2977 3526 3030 sit
3551 2975 3744 3045 signum.

2215 3077 2343 3144 Qua:
2375 3077 2547 3146 virga,
2594 3077 2644 3129 id
2674 3084 2758 3129 est
2811 3073 2951 3144 quod
3008 3085 3232 3140 regnum
3267 3067 3648 3122 lnereditariutu
3686 3073 3747 3117 est

529 3161 807 3234 praeterito
856 3173 1070 3230 quoque
1123 3159 1350 3227 legetur.
1397 3157 1702 3212 Notandum
1769 3160 1932 3210 etiam
1970 3156 2107 3224 quod

2217 3185 2362 3222 mons
2386 3166 2536 3232 Sion,
2562 3165 2808 3220 sublimis
2826 3164 2879 3217 in
2909 3162 3222 3224 virtutibus,
3247 3158 3462 3214 scilicet
3483 3157 3548 3209 ad
3568 3155 3742 3207 modum

530 3269 652 3309 cum
685 3253 750 3308 de
786 3267 974 3306 eorum
1006 3249 1354 3306 damnatione
1380 3247 1760 3319 conquerendo
1789 3256 1844 3301 et
1891 3261 2111 3314 compa-

529 3345 716 3402 tiendo
743 3353 898 3414 agat;
932 3342 1280 3398 admiscendo
1315 3341 1481 3396 etiam
1513 3355 1594 3404 se,
1643 3353 1709 3394 ex
1736 3337 2113 3406 compassioue

533 3436 703 3491 nimia
747 3449 972 3488 numero
1029 3447 1214 3486 eorum
1237 3473 1250 3495 ,
1287 3431 1442 3486 nobis
1496 3429 1805 3500 exemplum
1829 3430 1940 3496 dat,
1970 3430 2115 3498 quod

531 3527 696 3582 etiam
726 3524 959 3579 inimicis
990 3531 1042 3578 et
1071 3521 1391 3578 damnandis
1416 3521 1654 3591 compati
1695 3521 2007 3575 debeamus.

612 3616 679 3670 Ut
713 3616 858 3686 quid,
908 3614 1071 3679 Deus,
1132 3612 1370 3683 repulisti
1407 3607 1461 3666 in
1499 3613 1657 3680 ﬁnem
1687 3611 2032 3680 repulsionis,
2063 3610 2115 3663 id

537 3714 624 3762 est
645 3703 953 3760 omnimuda
977 3701 1280 3771 repulsione
1306 3713 1361 3756 et
1389 3701 1442 3756 in
1467 3715 1694 3770 corpore
1719 3707 1773 3754 et
1798 3698 1851 3752 in
1902 3697 2118 3752 anima?

535 3797 872 3852 Determiuat
901 3804 1080 3848 autem
1109 3809 1243 3862 quos
1279 3794 1424 3848 dicat
1453 3793 1728 3862 repulsos;
1755 3806 1879 3846 cum
1921 3789 2072 3844 addit
2101 3807 2112 3841 :

537 3890 606 3944 Et
636 3897 694 3943 ut
725 3879 869 3956 quad
917 3894 990 3940 est
1033 3887 1220 3951 iratus,
1270 3885 1323 3938 id
1367 3893 1451 3938 est
1479 3885 1828 3937 vehementer
1859 3895 2118 3936 accensus

536 3980 688 4048 furor
714 3979 851 4042 litus,
883 3993 1040 4048 super
1058 3992 1173 4029 oves
1205 3991 1415 4045 pascua:
1454 3985 1581 4040 tute,
1630 3975 1684 4027 id
1725 3982 1806 4027 est
1837 3972 1902 4026 ad
1927 3974 2028 4026 hoc
2060 3982 2119 4024 ut

540 4069 756 4126 Jutlzeos
783 4069 1078 4138 opprimat,
1111 4067 1200 4136 qui
1225 4065 1442 4120 fuerunt
1468 4079 1596 4120 oves
1649 4079 1862 4134 pascuae
1916 4072 2040 4127 tuar,
2067 4063 2117 4116 id

536 4171 619 4215 est
669 4174 805 4229 quos
840 4168 892 4213 tu
924 4155 1114 4228 pavisti
1147 4158 1200 4211 in
1230 4158 1446 4226 pascuis
1483 4157 1633 4226 legis,
1661 4157 1725 4210 ad
1778 4155 1992 4209 modum
2026 4171 2119 4224 pa-

539 4253 703 4306 storis
727 4250 819 4320 qui
843 4251 1010 4321 280
1037 4265 1166 4304 oves
1208 4250 1260 4303 in
1299 4249 1519 4318 optimis
1543 4247 1759 4318 pascuis
1811 4247 2008 4316 pascit.
2035 4246 2116 4300 lra

537 4350 590 4394 et
621 4339 776 4394 furor
797 4339 1089 4408 aliquando
1142 4339 1283 4392 idetn
1340 4347 1443 4392 est.
1475 4337 1779 4407 Aliquando
1848 4335 1997 4390 l‘uror
2023 4351 2120 4405 pro

522 4428 705 4517 ptitnia
733 4428 811 4482 ira
836 4428 1075 4510 ponitur.
1108 4426 1242 4482 Cum
1295 4435 1478 4480 autem
1535 4427 1623 4481 hic
1654 4426 1785 4480 dicit
1830 4427 1997 4489 iratus
2045 4435 2119 4479 est

538 4519 689 4588 furor
728 4527 871 4584 tuus,
918 4506 1315 4572 vehementiam
1368 4515 1572 4571 furoris
1623 4517 1819 4571 innuit.
1855 4514 1921 4568 Ut
1969 4515 2116 4584 quid,
2155 4492 2199 4545 D

549 4611 706 4677 Deus,
743 4610 1001 4681 repulisti,
1029 4609 1270 4664 etiratus
1306 4617 1389 4663 est
1426 4607 1576 4662 furor
1610 4616 1756 4673 tuus,
1787 4607 1927 4661 idem
1955 4616 2038 4660 est
2065 4605 2118 4659 in

540 4699 827 4762 sententia,
858 4699 951 4752 sed
984 4699 1104 4753 ideo
1129 4698 1324 4767 repetit
1371 4696 1600 4752 dicendo
1624 4696 1792 4750 iratus
1839 4705 1914 4748 est
1971 4695 2120 4764 furor

541 4799 766 4857 tuus,ut
793 4791 962 4860 addat
993 4790 1061 4843 ad
1119 4787 1652 4852 determinationem,
1705 4787 1916 4842 scilicet
1962 4802 2119 4855 super

543 4897 659 4934 ores
705 4895 913 4948 pascua:
938 4889 1062 4933 tute.
1091 4879 1156 4932 Et
1185 4867 1288 4933 hoc
1331 4886 1413 4932 est
1440 4893 1503 4931 ac
1528 4878 1571 4932 si
1602 4877 1840 4931 diceret:
1869 4875 2000 4930 Cum
2029 4875 2119 4928 Ju-

543 4973 687 5026 daaos
714 4972 840 5025 olim
872 4971 1005 5026 adeo
1033 4970 1312 5033 dilexeris,
1367 4970 1564 5022 mirum
1614 4967 1864 5039 pluribus
1911 4966 2120 5021 videtur

543 5079 661 5132 quae
687 5079 849 5119 causa
885 5071 968 5118 est
999 5077 1169 5133 quare
1193 5061 1269 5116 sic
1289 5075 1382 5115 eos
1413 5060 1658 5129 repulisti
1686 5077 1700 5125 ;
1731 5069 1787 5114 et
1813 5060 1890 5113 sic
1920 5058 2117 5112 adver-

545 5173 662 5212 sum
694 5173 787 5212 eos
819 5156 968 5210 furor
998 5163 1122 5208 tuus
1146 5153 1369 5207 exarsit.
1395 5152 1625 5207 Causam
1654 5161 1832 5204 autem
1864 5148 2121 5217 repulsio-

544 5245 629 5300 nis
669 5261 858 5320 eorum
906 5252 1092 5314 postea
1145 5242 1414 5306 ostendit,
1464 5242 1894 5312 persecutionem
1951 5239 2121 5308 ipsam

544 5335 980 5406 praeostendens‘;
1023 5331 1104 5387 vel
1134 5331 1294 5386 aliter
1317 5331 1580 5387 medietas
1603 5331 1766 5401 hujus
1793 5345 1984 5385 versus
2022 5327 2121 5399 legi

544 5436 744 5496 potest,
779 5425 858 5480 sic
886 5440 899 5478 :
948 5422 1013 5477 Ut
1058 5422 1208 5492 quid,
1237 5422 1398 5487 Deus,
1422 5421 1654 5492 repulisti
1677 5423 1728 5475 in
1760 5422 1912 5490 ﬁnem
1943 5421 2126 5476 Judai-

547 5529 671 5570 cum
704 5513 980 5585 populum.
1013 5512 1138 5570 llaec
1169 5526 1296 5583 pars
1341 5527 1533 5567 versus
1578 5527 1684 5566 non
1719 5521 1978 5566 mutatur.
2028 5513 2126 5567 Est

549 5608 713 5663 etiam
745 5609 934 5670 iratus,
967 5607 1021 5664 id
1041 5615 1125 5662 est
1149 5619 1444 5662 succensus
1468 5605 1620 5673 furor
1659 5615 1779 5658 tuus
1815 5621 1970 5673 super
2009 5621 2124 5658 oves

549 5719 760 5770 pascuw
789 5713 911 5770 (cur,
946 5719 1104 5774 super
1135 5719 1250 5775 nos,
1284 5701 1512 5769 scilicet,
1536 5716 1671 5772 quos
1693 5701 1871 5770 pascis
1918 5713 1971 5756 ut
2000 5718 2127 5758 oves

2218 3259 2417 3314 tnontis
2447 3270 2499 3311 et
2553 3256 2837 3328 speculans
2862 3263 3083 3308 :eterna.
3118 3253 3174 3305 ln
3199 3266 3308 3320 quo
3336 3240 3527 3304 monte
3577 3255 3647 3310 tu,
3678 3246 3745 3313 qni

2215 3349 2397 3403 omnia
2452 3355 2629 3417 potes,
2672 3344 2975 3399 inhabitain
3007 3358 3112 3397 non
3141 3339 3389 3395 localiter
3417 3355 3431 3388 :
3455 3337 3543 3390 sed
3592 3351 3747 3390 secun-

2219 3442 2346 3495 dum
2367 3441 2736 3508 imperantem
2761 3435 3012 3506 gratiam.
3042 3433 3119 3487 Ac
3149 3432 3194 3487 si
3227 3432 3372 3486 dicat
3401 3451 3415 3486 :
3454 3433 3564 3487 Non
3592 3444 3673 3500 per
3709 3443 3751 3480 se

2231 3541 2315 3586 est
2347 3547 2501 3584 mons
2529 3529 2678 3590 Sion,
2711 3529 2802 3582 sed
2845 3542 2939 3596 per
2958 3526 3058 3580 hoc
3085 3524 3228 3593 quod
3262 3532 3317 3577 tu
3351 3525 3404 3577 in
3430 3540 3485 3578 eo
3527 3522 3752 3576 inhabitas

2224 3623 2517 3678 secundum
2544 3621 2914 3688 inoperantem
2939 3615 3188 3686 gratiam,
3222 3621 3280 3667 ut
3307 3629 3432 3668 eum
3455 3611 3520 3666 ad
3544 3626 3663 3680 opus
3683 3609 3754 3661 bo-

2227 3729 2353 3766 num
2383 3725 2717 3782 promoveas.
2737 3709 2803 3762 Et
2825 3708 2950 3777 quia
2978 3705 3427 3760 inhabitationem
3455 3713 3591 3758 tuam
3618 3703 3752 3771 ipsum

2228 3813 2462 3859 montem
2489 3803 2619 3856 Sion
2646 3787 2868 3876 effecisti
2889 3840 2902 3864 ,
2942 3815 3039 3854 oro
3062 3812 3280 3868 quoque
3314 3813 3507 3850 memor
3536 3795 3640 3865 ejus
3656 3802 3751 3845 esto.

2299 3895 2428 3947 Dico
2456 3895 2506 3944 in
2538 3908 2641 3962 qtto
2695 3889 3026 3952 inhabitasti,
3071 3889 3124 3940 in
3152 3904 3210 3941 eo
3255 3887 3465 3941 scilicet
3487 3885 3620 3956 quod
3659 3891 3752 3936 sunt

2222 3999 2367 4036 mons
2391 3991 2443 4035 ct
2477 3980 2628 4045 Sion,
2652 3979 2704 4034 id
2743 3989 2828 4033 cst
2849 3979 2900 4031 in
2932 3994 2994 4031 ea
3039 3977 3478 4031 consideratione
3508 3973 3639 4045 quod
3661 3981 3754 4024 sunt

2221 4073 2477 4128 sublimes
2509 4071 2562 4124 in
2592 4070 2880 4125 sanctitate
2902 4078 2956 4122 et
2979 4067 3322 4136 speculantes
3351 4075 3574 4120 aeterna.
3599 4062 3750 4117 Velsic

2223 4167 2401 4219 littera
2430 4163 2736 4233 adaptatur,
2760 4161 3030 4215 sententia
3059 4168 3239 4212 tamen
3295 4159 3486 4213 eadem
3536 4157 3756 4210 existente

2223 4257 2370 4324 virga
2403 4253 2489 4308 illa
2521 4261 2604 4306 est
2632 4250 2953 4314 monsSion,
2981 4250 3032 4303 in
3064 4265 3194 4320 quo,
3226 4249 3276 4302 id
3300 4259 3383 4303 est
3410 4245 3756 4302 consideratio-

2227 4362 2291 4400 ne
2319 4344 2470 4412 cujus
2495 4343 2594 4408 rei,
2622 4340 2988 4410 scilicetquod
3013 4348 3095 4394 est
3123 4354 3278 4393 mons
3302 4337 3458 4402 Sion,
3481 4332 3754 4389 inhabitasti

2229 4438 2280 4489 in
2329 4451 2392 4487 eo
2430 4442 2611 4486 monte
2639 4431 2935 4486 secundum
2968 4430 3350 4498 inoperantem
3401 4427 3642 4497 gratiam,
3681 4423 3755 4473 nisi

2225 4527 2372 4580 enim
2401 4525 2752 4589 inhabitarcs,
2780 4536 3120 4590 nequaquam
3154 4533 3310 4573 mons
3336 4533 3456 4572 esse
3494 4523 3672 4585 posset.
3709 4510 3756 4563 Et

2223 4619 2274 4671 in
2304 4631 2367 4670 eu
2397 4615 2537 4686 quod
2571 4628 2725 4667 ιιιοιιε
2755 4623 2858 4677 εει,
2922 4623 2972 4665 ιε
2997 4609 3303 4664 inhabitare
3330 4606 3651 4661 considerari
3687 4617 3759 4669 po-

2226 4717 2345 4764 test.
2381 4707 2509 4762 Orat
2537 4706 2701 4760 etiam
2731 4719 2826 4772 pro
2853 4700 3296 4773 persecutoribus
3347 4697 3562 4753 Judaici
3599 4691 3755 4765 populi,

2225 4798 2482 4853 Romanis
2512 4795 2741 4850 scilicet.
2777 4793 2877 4858 Qui
2916 4808 3037 4846 cum
3082 4789 3340 4860 populum
3387 4785 3644 4857 persecuti
3671 4791 3759 4836 sunt

2227 4908 2331 4944 non
2380 4896 2644 4957 quantum
2693 4885 2758 4938 ad
2811 4885 2904 4938 Dei
2943 4882 3262 4944 vindictam,
3297 4879 3392 4933 sed
3434 4887 3675 4946 quantum
3713 4871 3760 4922 ad

2229 4977 2601 5050 ignominiam,
2633 4976 2712 5030 sic
2739 4994 2749 5027 :
2781 4975 2898 5028 Dixi
2925 4972 3070 5042 quod
3099 4971 3340 5040 repulisti
3375 4967 3648 5022 Iudaicum
3689 4977 3758 5032 p0-

2235 5070 2419 5140 pnlum
2451 5083 2479 5121 a
2515 5077 2656 5122 terra
2683 5083 2777 5136 per
2802 5067 3099 5129 Romanos,
3125 5073 3177 5117 et
3211 5072 3285 5126 tu,
3317 5063 3482 5128 Deus,
3511 5058 3689 5123 leva,id
3703 5063 3764 5106 est

2234 5159 2433 5221 exalta,
2467 5173 2654 5210 manus
2677 5167 2818 5220 tuas,
2845 5155 2899 5209 id
2935 5162 3018 5210 est
3042 5153 3338 5223 potentiam
3368 5163 3514 5207 tuam
3536 5168 3550 5204 :
3574 5153 3622 5204 in
3645 5147 3762 5216 [iam

2230 5249 2536 5310 levationis,
2581 5247 2631 5301 id
2659 5254 2744 5300 est
2771 5245 2993 5300 omnino
3025 5245 3078 5297 in
3107 5244 3383 5314 superbius
3414 5259 3588 5297 eorum
3620 5237 3763 5305 deprl-

2231 5343 2477 5403 me‘ndas,
2501 5355 2598 5409 per
2618 5354 2754 5407 quos
2777 5336 2985 5407 plebem
3020 5335 3305 5390 Judaicam
3342 5334 3526 5403 repelli
3553 5326 3763 5401 permisi-

2230 5429 2318 5484 sti.
2376 5429 2454 5482 Ac
2477 5427 2521 5482 si
2551 5427 2695 5482 dicat
2727 5443 2740 5479 :
2774 5425 2889 5480 Non
2922 5424 3096 5479 solum
3128 5439 3227 5478 oro
3280 5431 3340 5476 ut
3393 5422 3562 5476 nostri
3604 5426 3764 5471 memor

2231 5521 2324 5586 sis,
2357 5520 2450 5574 sed
2481 5519 2643 5573 etiam
2672 5533 2770 5572 oro
2801 5527 2858 5570 ut
2894 5516 3190 5571 exaltatam
3225 5515 3487 5570 ostendas
3515 5508 3764 5584 potentiam

2232 5622 2405 5678 tuam,
2436 5609 2786 5681 deprimenth
2811 5623 2994 5663 eorum
3023 5607 3333 5675 superbias,
3365 5616 3423 5661 et
3457 5603 3674 5660 humiles
3698 5609 3764 5650 eos

2233 5700 2536 5757 etsubditos
2562 5699 2655 5755 tibi
2699 5697 2962 5764 faciendo,
2995 5696 3075 5752 vel
3109 5696 3186 5751 sic
3220 5714 3230 5749 :
3267 5695 3400 5751 Lena
3452 5710 3630 5749 manus
3657 5701 3760 5742 tuus.
