3846 6334
526 341 656 395 1011

1093 342 1159 396 S.
1195 344 1540 400 BRUNONIS
1579 341 2217 400 CAR'l’llUSlANOllUM
2261 342 2741 401 INSTITUTORIS
2777 343 2927 404 OPP.
2960 344 3139 401 PARS
3165 342 3206 399 Ι.

3596 352 3702 409 ἰσιῖ

522 455 848 512 visitationis
881 457 1035 526 (Luc.
1065 473 1182 519 nux,
1207 458 1323 525 44),
1353 472 1458 511 non
1488 467 1665 512 tamen
1697 461 1839 527 quod
1865 458 1944 512 eis
1964 472 2093 511 con-
2126 462 2167 517 Λ
2201 457 2321 511 ﬁnis
2362 467 2415 511 et
2454 474 2574 528 qure
2614 474 2862 515 mensura
2892 460 3073 515 futura
3105 462 3174 515 sit
3214 460 3264 513 in
3303 460 3575 519 irritatione
3603 466 3705 522 ﬁde.

528 546 722 602 formis
760 548 1098 617 exstitisset”!l
1117 550 1210 603 sed
1240 549 1359 603 ideo
1383 551 1460 604 sic
1485 550 1612 620 agit,
1642 551 1768 620 quia
1800 564 1921 604 cum
1954 549 2095 618 ejus-

531 637 652 692 dem
695 638 923 707 originis
963 648 1130 703 esset,
1172 647 1226 693 et
1252 640 1476 694 nimium
1504 641 1556 694 ei
1589 641 1972 709 compatiatur,
2006 654 2095 693 er-

526 741 707 780 rorem
737 742 922 781 eorum
952 744 1109 781 suum
1139 737 1354 798 reputat
1391 746 1495 783 non
1528 731 1824 784 secundum
1855 729 2095 797 ejusdem

521 817 727 870 erroris
756 818 1148 882 habitudinem,
1182 823 1275 873 sed
1308 822 1601 875 secundum
1638 823 2094 888 compassionem.

523 906 675 960 Dixi:
710 918 764 960 ut
814 910 949 978 quid
973 909 1226 978 repulisti.
1266 911 1331 964 Et
1369 912 1583 966 ostendi
1632 913 1905 981 quomodo
1947 913 2098 968 fuere

523 998 744 1066 repulsi.
772 1000 924 1066 Quod
958 1002 1147 1055 merito
1176 1003 1408 1072 contigit
1442 1019 1565 1057 nam
1596 1020 1696 1059 nos
1725 1005 1875 1073 signa
1919 1016 2096 1059 nostra

521 1101 644 1149 non,
675 1089 724 1142 id
750 1100 833 1143 est
866 1105 1065 1153 nonne,
1100 1091 1361 1145 vidimus?
1398 1094 1531 1148 Vere
1568 1093 1820 1148 vidimus.
1846 1095 1923 1148 Ac
1947 1095 1990 1148 si
2018 1095 2093 1148 di-

520 1179 609 1232 cat
643 1198 655 1234 :
691 1181 814 1235 ldeo
840 1180 961 1249 jure
983 1183 1230 1251 contigit,
1258 1184 1383 1253 quia
1410 1194 1623 1255 tempus
1644 1185 1968 1239 visitationis
1991 1202 2094 1237 non

520 1273 875 1342 cognovimus
895 1282 1156 1341 quantum
1181 1275 1246 1327 ad
1275 1282 1481 1342 partem
1514 1275 1710 1341 nostri,
1742 1275 1793 1329 id
1832 1283 1911 1329 est
1942 1275 2093 1328 multi

518 1378 585 1416 ex
625 1364 778 1418 nobis
822 1381 1150 1435 cognoscere
1192 1367 1504 1421 noluerunt.
1537 1368 1671 1423 Cum
1716 1378 1895 1423 tamen
1944 1370 2094 1438 signa

517 1452 814 1508 viderimus
844 1471 873 1508 a
911 1456 1115 1510 sanctis
1152 1457 1286 1511 viris
1326 1459 1605 1527 praedicta.
1647 1458 1743 1513 Vel
1783 1460 1860 1513 sic
1900 1460 2097 1529 legitur

518 1559 625 1597 non
654 1544 1067 1615 interrogative,
1093 1546 1216 1613 jure
1256 1550 1502 1620 contigit.
1541 1548 1674 1603 Nam
1705 1567 1808 1604 non
1848 1552 2094 1614 ridimus,

514 1636 568 1690 id
600 1646 683 1691 est
724 1638 942 1706 quidam
975 1656 1039 1695 ex
1070 1641 1225 1695 nobis
1271 1657 1377 1695 non
1403 1653 1793 1712 cognoverunt,
1825 1643 1975 1711 signa
2003 1659 2097 1695 no-

516 1737 648 1791 stra,
676 1744 703 1781 a
734 1732 1013 1799 prophetis
1046 1733 1325 1800 przedicta.
1351 1732 1481 1800 Quae
1512 1734 1698 1804 utique
1721 1735 1766 1788 si
1798 1735 1984 1789 videre
2009 1750 2098 1788 vo—

2202 544 2330 599 lium
2382 547 2788 616 persecutionis.
2836 548 3278 619 Quandoquidem
3322 549 3372 603 in
3425 552 3583 619 granis
3622 572 3704 611 non

2201 648 2395 692 cessat.
2425 639 2552 694 Post
2575 640 2985 695 admirationem
3014 640 3145 694 facit
3166 654 3372 710 quoque
3389 641 3708 711 quastionem,

2200 727 2278 781 sic
2322 744 2335 780 :
2374 728 2503 783 Dico
2530 769 2545 790 ,
2594 745 2855 799 usquequo
2901 731 3267 799 impmperabit
3313 740 3363 785 et
3391 731 3630 787 irritabit?
3660 733 3710 790 Et

2198 819 2457 888 quidquid
2488 820 2656 875 facias
2683 821 3098 886 deinﬁdelibus,
3128 822 3216 891 qui
3244 822 3382 892 juste
3401 824 3708 893 repelluntur;

2199 920 2255 963 ut
2284 913 2409 982 quid
2429 912 2641 979 saltem,
2676 916 2861 967 avertis
2888 914 2942 968 in
2963 914 3140 981 ﬁnem,
3174 915 3225 969 id
3255 925 3335 969 est
3369 933 3466 986 qua
3494 919 3552 973 de
3581 934 3712 974 causa

2201 1018 2264 1054 ex
2302 1011 2410 1057 toto
2439 1004 2636 1058 videris
2669 1013 2916 1059 avertere
2952 1005 3015 1059 de
3044 1007 3213 1058 medio
3245 1007 3361 1060 sinu
3383 1017 3484 1072 tuo,
3510 1008 3556 1062 id
3575 1011 3713 1064 estde

2199 1092 2504 1146 omnimoda
2532 1093 2867 1162 protectione
2896 1102 2984 1146 tua
3007 1134 3022 1159 ,
3057 1110 3270 1147 manum
3298 1105 3454 1150 tuam.
3485 1095 3566 1159 Et,
3589 1097 3631 1151 id
3650 1105 3715 1152 est

2200 1184 2406 1236 scilicet
2451 1183 2718 1236 dexteram
2764 1194 2930 1236 tuam.
2965 1182 3127 1250 Quod
3154 1191 3238 1237 est
3274 1184 3447 1239 dicere
3483 1184 3584 1240 :Ut
3615 1185 3714 1255 quid

2199 1279 2559 1351 permittendo
2591 1277 2747 1348 allligi
2779 1294 2997 1332 manum
3041 1280 3314 1333 dexteram
3352 1287 3486 1332 tuam
3506 1317 3522 1343 ,
3552 1278 3717 1333 scilicet

2199 1370 2384 1425 ﬁdeles
2409 1386 2502 1439 per
2518 1384 2655 1437 quos
2675 1369 2945 1423 diabolum
2969 1383 3264 1440 expugnas,
3288 1368 3479 1422 videris
3498 1382 3579 1421 eos
3596 1383 3717 1421 aver-

2202 1472 2316 1517 tere
2346 1461 2566 1514 omnino
2596 1462 2660 1515 de
2689 1460 3026 1529 protectioue
3066 1469 3151 1513 tua
3180 1458 3496 1513 omnimoda.
3534 1458 3591 1511 Et
3611 1458 3717 1511 bene

2199 1550 2367 1617 ponit,
2397 1547 2589 1601 nonde
2619 1548 2764 1611 sinu,
2799 1547 2893 1601 sed
2920 1548 2983 1600 de
3008 1547 3178 1600 medio
3200 1545 3339 1600 sinu.
3368 1545 3442 1598 Ac
3466 1544 3509 1598 si
3527 1543 3714 1598 diceret:

2201 1637 2316 1692 Non
2359 1638 2480 1691 dico
2518 1637 2735 1705 quidem
2783 1636 2928 1704 quod
2958 1651 3063 1690 non
3105 1644 3357 1706 protegas
3385 1634 3552 1704 aliquo
3575 1632 3717 1699 modo,

2203 1745 2323 1782 cum
2350 1744 2443 1782 eos
2467 1736 2779 1781 constantes
2794 1725 2959 1781 facias
2982 1743 2995 1780 :
3027 1727 3119 1781 sed
3145 1741 3249 1779 non
3273 1724 3484 1779 omnino
3509 1723 3716 1793 protegis,

517 1818 765 1882 luissent,
793 1832 848 1875 et
892 1832 1104 1892 tempus
1136 1824 1464 1881 visitationis
1495 1826 1895 1895 cognovissent,
1924 1835 1981 1881 et
2016 1827 2095 1880 sic
2130 1808 2170 1861 Β
2196 1817 2449 1887 quoniam
2478 1831 2571 1871 €05
2602 1814 2759 1885 amisi
2793 1816 3082 1883 υθτηιῖιίῖε·
3134 1816 3266 1881 QUI“3
3316 1829 3441 1885 0780
3478 1828 3621 1868 03"“
3658 1820 3722 1866 ⁸⁵⁸

514 1909 699 1977 repelli
740 1926 846 1965 non
887 1914 1335 1982 promeruissent,
1364 1924 1417 1969 et
1452 1931 1580 1970 ecce
1612 1916 1878 1983 quoddam
1910 1930 1975 1969 ex
2022 1915 2096 1968 si-

510 2000 655 2067 gnis,
687 2002 901 2057 scilicet
929 2004 1072 2072 quod
1108 2005 1225 2073 jam
1259 2022 1360 2059 non
1389 2019 1465 2060 est
1502 2009 1751 2076 prapheta
1785 2008 1960 2068 nobis,
2003 2009 2092 2075 qui

514 2091 580 2143 de
614 2089 806 2146 Messia
838 2094 1198 2162 prOpbetizet,
1233 2099 1376 2163 quod
1416 2098 1734 2164 praedictum
1774 2096 1876 2149 fuit
1906 2115 1934 2150 a
1971 2115 2094 2165 pru-

519 2180 719 2247 phetis.
750 2180 1027 2248 Quatenus
1061 2193 1180 2253 post
1212 2187 1327 2255 ejus
1358 2189 1649 2241 adventum
1680 2179 1868 2242 essent
1911 2204 2094 2243 cessa-

515 2269 647 2333 turi,
672 2270 761 2337 qui
789 2285 1003 2340 semper
1028 2289 1197 2341 usque
1223 2276 1287 2327 ad
1316 2274 1432 2342 ejus
1458 2278 1746 2331 adventum
1783 2294 2094 2348 persevera-

515 2367 657 2410 runt.
696 2359 849 2415 Unde
884 2361 1102 2432 legitur,
1138 2383 1155 2413 ι
1186 2380 1309 2418 cum
1356 2368 1565 2421 venerit
1609 2366 1846 2422 Sanctus
1872 2378 2091 2423 sancto-

513 2463 667 2514 rum,
707 2452 943 2505 cessabit
979 2454 1163 2511 unctio
1199 2464 1376 2509 vestra
1433 2457 1593 2526 (Dan.
1638 2473 1717 2525 ιι,
1762 2458 1878 2529 24).
1911 2479 1930 2511 ι
1977 2460 2092 2513 Non

513 2538 659 2592 enim
702 2540 930 2597 ulterius
954 2545 1260 2599 necessaria
1288 2545 1389 2601 fuit
1416 2549 1719 2617 prophetia,
1749 2549 1835 2603 ubi
1866 2552 2094 2621 contigit

513 2629 633 2698 ipsa
666 2632 752 2686 rei
776 2634 1135 2703 experientia.
1171 2636 1237 2703 Et
1264 2652 1384 2691 cum
1407 2639 1520 2708 jam
1550 2656 1656 2693 non
1690 2640 1761 2694 sit
1785 2640 1941 2695 nobis
1967 2657 2093 2709 pro-

507 2720 694 2789 pheta,
722 2734 949 2794 apparet
974 2728 1117 2796 quod
1144 2745 1236 2782 nos
1266 2744 1368 2781 non
1394 2740 1664 2800 cognoscet
1694 2730 1920 2801 amplius
1953 2731 2084 2785 Mes-

507 2813 639 2879 sias,
669 2815 723 2869 id
755 2825 843 2872 est
883 2818 1142 2887 quosdam
1192 2835 1262 2873 ex
1309 2821 1466 2876 nobis
1513 2823 1779 2892 repulsos,
1822 2822 1915 2892 qui
1966 2838 2088 2877 eum

512 2914 805 2960 venturum
855 2908 1063 2974 dicunt,
1092 2926 1197 2965 non
1240 2913 1315 2966 ita
1338 2912 1582 2968 visitabit
1610 2924 1671 2969 ut
1692 2914 1758 2968 ad
1778 2929 1871 2968 eos
1898 2930 2090 2985 corpo-

506 2994 699 3050 raliter
722 2996 968 3065 veniens,
1004 3000 1067 3054 de
1091 3000 1409 3070 captivitate
1435 3004 1674 3073 ipsorum
1698 3020 1792 3059 eos
1813 3006 2084 3060 extrahat.

505 3084 573 3139 Et
600 3088 704 3142 hoc
726 3090 870 3157 quod
899 3091 1129 3147 ulterius
1161 3109 1266 3148 non
1296 3096 1497 3161 veniet,
1524 3097 1738 3167 signum
1766 3107 1849 3152 est
1877 3106 2087 3167 tempus

505 3179 861 3250 plenitudinis
882 3184 994 3254 jam
1027 3187 1336 3245 advenisse.
1548 3176 1553 3179 ’

591 3269 771 3327 Causa
838 3276 1165 3346 repulsionis
1248 3278 1557 3335 Judteorum
1627 3290 1881 3350 ostensa,
1962 3285 2088 3354 quia

505 3361 795 3419 admiratio
817 3376 870 3421 et
895 3369 1120 3437 quiestio
1139 3368 1473 3440 ﬁeriposset,
1505 3388 1675 3441 quare
1694 3374 1883 3429 saltem
1909 3375 2091 3431 ﬁdeles

504 3456 939 3521 persecutionem
980 3460 1275 3528 patiantur.
1326 3462 1403 3517 De
1439 3465 1674 3530 ipsorum
1721 3466 2092 3535 persecutione

505 3541 829 3599 admirative
852 3546 992 3614 agit,
1017 3555 1072 3600 ct
1094 3549 1447 3616 quazstionem
1474 3552 1622 3618 facit,
1651 3563 1708 3608 ut
1732 3565 1852 3623 post
1875 3555 2090 3610 modum

504 3632 669 3701 283
693 3634 887 3700 solvat,
913 3637 993 3691 sic
1019 3654 1031 3691 :
1058 3637 1278 3695 Ostendi
1299 3641 1510 3699 Iudaeos
1531 3660 1651 3701 esse
1678 3646 1938 3715 repulsos,
1963 3648 2089 3715 quia

507 3723 739 3779 videndo
770 3724 946 3795 signa,
979 3727 1269 3785 noluerunt
1301 3740 1511 3803 tempus
1542 3735 1869 3791 visitationis
1898 3752 2091 3806 cogno-

504 3833 679 3875 scere.
712 3820 828 3875 Non
873 3821 1045 3880 solum
1095 3842 1226 3882 vero
1268 3839 1351 3885 est
1380 3833 1685 3901 persecutio
1717 3834 1769 3888 in
1816 3834 2004 3903 paleis,
2035 3835 2089 3890 id

503 3913 667 3968 estin
718 3913 1023 3971 inﬁdelibus
1058 3918 1150 3987 qui
1182 3934 1619 3991 promeruerunt,
1671 3925 1765 3979 sed
1815 3926 1980 3980 etiam
2033 3926 2086 3980 in

503 4006 711 4075 granis,
742 4006 794 4061 id
825 4017 909 4063 est
936 4008 987 4063 in
1018 4010 1286 4080 ﬁdelibus,
1315 4014 1407 4082 qui
1440 4015 1575 4071 nihil
1619 4018 1896 4086 promeriti
1943 4026 2086 4085 sunt,

504 4104 588 4149 est
612 4099 919 4165 persecutio
950 4107 1005 4153 et
1030 4099 1084 4153 in
1109 4100 1269 4156 dictis
1291 4112 1344 4156 et
1372 4102 1424 4156 in
1453 4101 1629 4157 lactis.
1661 4104 1723 4157 Et
1748 4106 2087 4176 quandoqui-

506 4184 629 4240 dem
660 4186 847 4243 ﬁdeles
867 4197 1284 4259 persequuntur,
1314 4207 1581 4263 usquequo
1606 4191 1747 4246 Deus
1771 4194 2091 4262 impropera-

505 4287 583 4338 bit
612 4286 718 4341 tuis
747 4302 844 4358 per
867 4288 1009 4343 dicta
1046 4288 1310 4354 inimicus,
1349 4290 1402 4345 id
1433 4299 1517 4345 est
1553 4290 1783 4347 inﬁdelis
1821 4292 2080 4363 populus!

501 4374 655 4431 lstud
683 4393 943 4448 usquequo
968 4394 1074 4433 non
1098 4388 1182 4435 est
1203 4380 1416 4451 signum
1447 4382 1724 4452 temporis,
1750 4383 1842 4437 sed
1871 4398 2088 4458 mensu-

2198 1910 2337 1980 quod
2364 1925 2457 1965 eos
2496 1909 2716 1962 avertis.
2752 1908 2818 1961 Et
2842 1918 2923 1963 est
2945 1907 3046 1961 hoc
3075 1907 3307 1977 positum
3331 1907 3465 1975 quod
3492 1905 3606 1959 dicit
3629 1921 3721 1959 ma-

2199 2016 2324 2054 num
2350 2000 2521 2054 averti
2544 1999 2611 2054 de
2634 2000 2775 2063 sinu,
2794 2014 2823 2051 a
2848 1998 3453 2053 similitudinehislorim
3474 1997 3534 2052 de
3557 1996 3719 2066 Moyse.

2195 2090 2363 2159 Cujus
2414 2106 2606 2145 manus
2662 2090 2728 2144 de
2784 2089 2904 2143 sinu
2957 2098 3204 2144 extracta
3268 2088 3473 2158 leprosa
3519 2086 3722 2156 apparuit

2197 2180 2394 2251 (Exod.
2436 2197 2512 2245 tv,
2540 2179 2615 2251 6),
2645 2179 2802 2249 quasi
2837 2179 3040 2233 diceret
3068 2195 3083 2233 :
3112 2177 3441 2247 chellendo
3466 2190 3551 2229 eos
3570 2190 3723 2229 secun-

2195 2274 2319 2329 dum
2344 2288 2540 2341 corpus
2571 2289 2600 2325 a
2632 2271 2967 2341 prolectione
2997 2280 3085 2324 tua
3115 2311 3129 2334 ,
3161 2284 3284 2338 qua:
3328 2267 3631 2339 ﬁgurabatur
3648 2280 3723 2334 per

2194 2366 2369 2421 sinum
2399 2363 2591 2433 Moysi,
2622 2362 2755 2415 facis
2793 2375 2887 2415 eos
2917 2359 3086 2414 videri
3124 2359 3277 2423 viles,
3312 2358 3533 2427 qualiter
3553 2358 3723 2425 leprosa

2194 2471 2387 2511 manus
2417 2454 2607 2508 affecta
2640 2453 2760 2508 vilis
2786 2452 3057 2521 apparuit,
3091 2464 3187 2521 per
3218 2466 3381 2521 quam
3411 2465 3607 2503 manum
3644 2446 3722 2517 ipsi

2194 2545 2588 2602 denotabantur
2617 2544 2669 2598 in
2698 2544 2949 2615 passione
2977 2544 3110 2598 viles
3141 2542 3458 2613 apparitori.

2263 2637 2427 2691 Facta
2456 2635 2772 2703 quaestione,
2800 2632 3009 2688 accedit
3031 2634 3095 2687 ad
3121 2632 3467 2697 solutionem,
3489 2630 3557 2684 sic
3580 2646 3591 2680 :
3612 2627 3723 2689 Dixi,

2191 2746 2224 2783 ο
2255 2729 2550 2791 auditores,
2602 2723 2956 2793 quaestionem
2994 2722 3267 2778 faciendo.
3302 2720 3370 2776 Ut
3401 2721 3517 2791 quid
3551 2720 3721 2781 avertis,

2191 2833 2296 2877 etc.
2331 2821 2396 2874 Et
2427 2821 2528 2874 hoc
2565 2819 2708 2887 quod
2755 2816 2978 2887 quaesivi
3028 2815 3241 2870 scilicet
3272 2830 3436 2883 quare
3464 2828 3576 2867 suos
3616 2811 3723 2864 Deus

2193 2915 2349 2986 all'ligi
2375 2915 2673 2986 permittat,
2698 2914 2911 2967 videtur
2939 2911 3167 2967 forsitan
3192 2910 3312 2964 ﬁeri
3345 2906 3545 2975 injuste,
3571 2913 3617 2959 et
3636 2903 3749 2969 sine.

2191 3008 2428 3078 qualibet
2458 3006 2709 3061 utilitate.
2744 3005 2883 3059 Deus
2913 3016 3112 3069 autem,
3161 3002 3214 3056 id
3258 3010 3342 3056 est
3388 2997 3578 3055 scilicet
3618 2996 3726 3049 Deus

2191 3108 2363 3153 noster
2384 3114 2475 3152 rea:
2502 3110 2621 3152 ante
2648 3095 2863 3161 swcula,
2882 3110 2980 3163 per
3003 3096 3142 3149 hanc
3171 3093 3413 3148 ﬁdelium
3442 3089 3723 3144 aversionem

2192 3199 2434 3258 operatus
2464 3197 2539 3243 est
2569 3186 2789 3241 salutem
2817 3194 2871 3240 et
2905 3200 3008 3241 non
3050 3199 3350 3254 paucorum
3404 3181 3627 3243 salutem,
3653 3177 3725 3231 sed

2192 3284 2245 3337 in
2275 3282 2444 3336 medio
2487 3291 2665 3345 terrae,
2695 3280 2749 3333 id
2794 3287 2878 3333 est
2909 3279 2961 3333 in
2995 3277 3389 3333 communitate
3420 3284 3725 3330 terrenarum.

2149 3370 2155 3377 ’
2191 3374 2343 3441 Quod
2381 3380 2463 3427 est
2491 3371 2672 3426 dicere
2709 3390 2721 3424 :
2756 3371 2872 3424 Non
2903 3369 3151 3424 videatur
3178 3367 3407 3423 fortuita
3454 3365 3531 3420 vel
3566 3362 3724 3429 injusta

2190 3479 2377 3519 eorum
2424 3462 2674 3527 aversio;
2709 3475 2829 3514 nam
2855 3475 2951 3529 per
2975 3475 3094 3514 eam
3127 3458 3216 3513 ille
3256 3457 3350 3527 qui
3392 3457 3523 3511 Deus
3564 3461 3652 3517 est,
3686 3451 3725 3504 id

2191 3565 2275 3610 est
2301 3564 2515 3611 creator
2529 3562 2583 3607 et
2604 3570 2694 3607 rea:
2722 3562 2896 3605 noster
2916 3561 3035 3604 ante
3056 3551 3254 3605 saecula
3291 3549 3539 3612 existens,
3556 3545 3631 3615 qui
3651 3556 3727 3596 nos

2196 3648 2336 3702 rexit
2359 3647 2428 3700 ab
2453 3654 2654 3700 aeterno
2676 3652 2800 3698 ante
2829 3642 3024 3697 saecula
3054 3640 3431 3711 dispositione,
3458 3637 3599 3692 modo
3625 3646 3726 3686 vero

2191 3739 2327 3809 regit
2358 3738 2472 3808 ipsa
2494 3736 2571 3791 rei
2587 3750 2648 3789 ex
2657 3734 2939 3801 perientia,
2954 3743 3196 3803 operatus
3210 3741 3288 3785 est
3300 3730 3514 3784 salutem
3528 3742 3728 3782 commu-

2190 3830 2333 3884 niter
2362 3827 2691 3883 omnismodi
2731 3835 3093 3881 terrenarum.
3137 3826 3237 3880 Vel
3268 3827 3348 3881 sic
3380 3843 3392 3878 :
3417 3825 3549 3878 Deus
3574 3832 3728 3890 apera-

2194 3929 2278 3974 tus
2312 3927 2396 3973 est
2434 3917 2661 3971 salutem
2708 3916 2985 3970 hominum
3033 3931 3131 3985 per
3174 3930 3369 3970 eorum
3416 3913 3726 3968 aversionem.

2189 4011 2333 4065 Deus
2370 4008 2490 4063 dico
2519 4024 2610 4062 rex
2636 4016 2810 4062 noster
2840 4008 2893 4061 in
2938 4008 3107 4060 medio
3150 4018 3309 4062 terra:
3336 4007 3583 4068 existens,
3605 4002 3648 4055 id
3666 4007 3729 4053 est

2192 4101 2245 4156 in
2271 4100 2454 4157 Judaaa
2485 4100 2841 4172 corporaliter
2862 4098 3137 4165 habitans,
3161 4116 3287 4169 quas
3319 4102 3371 4155 in
3403 4100 3570 4155 medio
3592 4107 3730 4151 terra-

2190 4208 2310 4246 rum
2334 4191 2436 4246 sita
2465 4198 2569 4264 est_.
2598 4189 2667 4244 Et
2702 4190 2951 4259 quamvis
2978 4190 3030 4242 in
3055 4190 3234 4244 medio
3264 4199 3527 4244 terrarum
3549 4186 3727 4241 habita-

2194 4281 2357 4345 verit,
2412 4279 2709 4335 secundum
2738 4280 2880 4349 quod
2938 4279 3120 4344 homo,
3176 4290 3307 4336 ante
3349 4280 3537 4335 saecula
3589 4288 3730 4330 tamen

2193 4381 2280 4427 est
2337 4371 2633 4427 secundum
2684 4370 2827 4439 quod
2884 4371 3044 4425 Deus.
3094 4370 3170 4424 Ac
3217 4372 3264 4426 si
3297 4371 3482 4425 dicat:
3515 4366 3729 4423 Dominus

504 4480 600 4521 rte.
633 4467 709 4522 Ac
739 4468 784 4522 si
830 4470 971 4524 dicat
1000 4487 1014 4525 :
1050 4469 1345 4527 Videbatur
1372 4473 1519 4529 locus
1546 4474 1937 4544 persecutionis
1967 4456 2087 4532 esse

2193 4461 2347 4517 Jesus
2393 4478 2487 4518 rex
2524 4470 2726 4527 noster,
2762 4476 2857 4529 per
2891 4474 3077 4514 eorum
3115 4460 3447 4528 passionem,
3480 4456 3641 4513 mundi
3663 4469 3730 4508 sa-

507 4564 716 4610 tantmn
732 4558 782 4611 in
806 4560 1003 4633 paleis;
1029 4563 1120 4617 sed
1142 4571 1428 4633 postquam
1454 4565 1520 4619 ad
1534 4580 1699 4636 grana
1721 4566 2084 4636 perveniendo

508 4662 618 4701 non
634 4659 1133 4723 cessat,ztsquequo,
1150 4654 1201 4709 id
1219 4664 1304 4709 est
1318 4655 1382 4709 ad
1395 4670 1555 4725 quem
1574 4657 1789 4713 modum
1808 4657 2086 4727 permittes

505 4738 784 4794 inimicum
812 4741 1010 4798 inferre
1036 4745 1281 4802 ﬁdelibus
1298 4747 1403 4802 tuis
1435 4747 1755 4818 improperia
1778 4764 1876 4818 per
1897 4750 2084 4806 dicta?

503 4831 659 4899 Quod
689 4839 774 4885 est
801 4833 981 4888 dicere
1006 4852 1018 4886 :
1039 4832 1339 4890 Putabatur
1378 4836 1761 4906 improperatio
1800 4848 2080 4894 cessatura

500 4922 867 4991 perveniendo
898 4926 965 4977 ad
993 4939 1179 4992 grana.
1219 4927 1325 4983 Sed
1352 4944 1474 4982 cuiu
1497 4928 1608 4997 jam
1648 4928 1700 4983 in
1730 4929 1861 4999 ipsis
1899 4931 2081 5001 granis

502 5014 682 5070 locum
705 5015 929 5082 habeat,
949 5017 1226 5087 ignoratur
1240 5034 1359 5089 quae
1382 5034 1634 5076 mensura
1653 5029 1707 5076 et
1728 5021 1848 5090 quis
1871 5022 1991 5077 ﬁnis
2014 5022 2086 5077 sit

501 5108 721 5162 futurus
754 5110 805 5162 in
841 5122 922 5163 ea.
949 5107 1018 5163 Et
1039 5123 1209 5176 usque
1231 5114 1298 5163 ad
1324 5126 1483 5179 quem
1515 5110 1729 5166 modum
1752 5111 2082 5168 adversarius

509 5198 745 5255 inﬁdelis
767 5200 1035 5271 populus?
1061 5200 1248 5254 Irrita!
1275 5201 1330 5254 in
1354 5202 1511 5269 ﬁnem
1553 5201 1872 5256 irritationis
1899 5220 2084 5259 nomen

510 5302 681 5345 tuum.
712 5291 898 5347 lrritat
928 5293 1308 5363 compendiose
1334 5293 1567 5363 positum
1595 5306 1696 5350 est.
1720 5296 1882 5364 Quasi
1912 5310 2080 5366 pone-

511 5391 614 5451 ret,
644 5398 907 5454 usquequo
928 5386 1259 5440 adversarius
1287 5384 1552 5440 irritando
1578 5393 1629 5441 te
1655 5388 1707 5440 iu
1726 5388 1905 5456 ﬁnem,
1935 5388 1986 5442 id
2000 5397 2084 5442 est

511 5474 740 5529 omnino
769 5489 866 5542 per
908 5475 1144 5530 ﬁdelium
1186 5476 1647 5546 persecutionem,
1689 5477 2086 5547 blasphemabit

508 5584 695 5622 nomen
716 5577 884 5633 tuum,
902 5581 1004 5621 non
1023 5583 1175 5633 voce,
1193 5569 1287 5623 sed
1304 5569 1419 5639 ipsa
1431 5567 1667 5622 ﬁdelium
1687 5568 2081 5636 persecutione.

502 5658 545 5714 F
553 5659 771 5713 idolium
819 5674 1052 5729 namque
1088 5661 1414 5729 persecutio,
1448 5659 1541 5715 Dei
1574 5659 1805 5714 nominis
1832 5668 1915 5714 est
1942 5659 2084 5715 blas-

505 5748 802 5819 pbematio.
865 5748 1029 5818 Quasi
1074 5750 1217 5806 dicat
1266 5769 1277 5803 :
1328 5750 1373 5806 A
1428 5750 1587 5807 modo
1637 5749 1914 5805 ianoratur
1961 5753 2081 5822 quis

2192 4555 2355 4610 lutem
2382 4561 2635 4622 operatus
2654 4564 2759 4607 est.
2782 4551 2933 4618 Quod
2957 4552 3172 4620 quidem
3196 4551 3382 4608 facere
3407 4552 3605 4623 potuit;
3632 4560 3727 4601 nam

2191 4658 2243 4704 et
2274 4649 2319 4703 si
2369 4648 2529 4702 homo
2570 4648 2623 4701 in
2667 4656 2808 4701 terra
2859 4644 3130 4715 apparuit,
3182 4653 3315 4699 ante
3351 4644 3542 4700 saecula
3583 4651 3729 4696 tamen

2188 4739 2333 4795 Deus
2362 4740 2567 4794 existit.
2624 4737 2741 4803 Vel,
2773 4740 2826 4792 in
2872 4739 3043 4792 medio
3079 4748 3233 4792 terrae
3286 4739 3547 4798 existens,
3590 4735 3635 4788 id
3666 4740 3730 4784 est

2189 4826 2243 4881 in
2273 4828 2449 4881 medio
2478 4826 2784 4881 Judzeorum
2807 4869 2821 4893 ,
2859 4828 2950 4896 qui
2984 4827 3211 4896 simplex
3256 4836 3406 4881 terra
3436 4824 3590 4897 284
3614 4837 3727 4881 sunt.

2186 4932 2292 4973 non
2320 4919 2614 4989 spiritales.
2662 4918 2911 4973 Ostendit
2957 4933 3084 4974 vero
3131 4919 3305 4988 ipsam
3354 4919 3595 4981 salutem,
3636 4926 3726 4968 sic:

2190 5010 2327 5066 Vere
2354 5015 2609 5077 operatus
2632 5021 2692 5062 es
2733 5007 2986 5073 salutem,
3024 5023 3058 5063 o
3091 5009 3250 5062 Deus.
3299 5007 3438 5062 Nam
3483 5017 3536 5062 tu
3578 5000 3727 5073 qutad

2187 5105 2290 5163 hoc
2338 5103 2604 5171 impotens
2658 5101 2927 5156 videbaris
2956 5143 2971 5169 ,
3040 5100 3094 5154 in
3141 5102 3332 5155 virtute
3384 5112 3476 5154 tua
3524 5096 3729 5152 ﬁdelibus

2187 5202 2334 5256 data,
2366 5192 2425 5246 id
2447 5198 2531 5246 est
2554 5203 2651 5260 per
2672 5189 3031 5244 constantiam
3059 5204 3219 5258 quam
3247 5188 3447 5243 dedisti
3468 5186 3542 5241 eis
3565 5184 3611 5238 in
3635 5194 3728 5252 per-

2184 5284 2482 5347 secutione,
2513 5282 2834 5351 confirmasti
2860 5282 2913 5336 in
2940 5281 3044 5337 ﬁde
3084 5297 3250 5345 mare,
3288 5282 3410 5337 illos
3439 5280 3631 5336 scilicet
3655 5274 3725 5341 qui

2185 5372 2349 5429 diﬁlui
2374 5379 2531 5427 erant
2566 5386 2662 5441 per
2686 5385 2924 5435 errores,
2957 5371 3025 5423 ad
3049 5369 3269 5425 modum
3309 5369 3495 5434 maris,
3524 5379 3646 5437 quos
3671 5359 3728 5413 fec

2186 5463 2303 5519 cisti
2332 5463 2384 5517 in
2410 5461 2515 5516 ﬁde
2557 5460 2798 5516 stabiles.
2852 5458 3075 5514 Multum
3118 5458 3378 5513 nimirum
3429 5464 3633 5528 operata
3666 5460 3730 5502 cs!

2184 5553 2487 5609 constantia
2518 5561 2817 5622 martyrum
2863 5553 2927 5605 ad
2976 5550 3133 5605 ﬁdem
3165 5549 3489 5603 inﬁdelium.
3525 5545 3727 5611 Quorum

2185 5644 2434 5715 profecto
2455 5642 2776 5706 constantia,
2812 5642 2859 5697 si
2908 5640 3211 5704 defecisset,
3246 5655 3357 5695 non
3393 5640 3571 5707 utique
3608 5643 3728 5687 taimi

2186 5732 2480 5789 inﬁdelium
2509 5730 2797 5788 multitudo
2822 5744 2917 5802 per
2949 5745 3136 5787 eorum
3164 5728 3482 5799 exemplum
3507 5720 3726 5781 credidis-
