3846 6334
122 357 229 416 {MS

961 350 1325 410 EXPOSITIO
1360 352 1427 407 IN
1461 350 1797 409 PSALMOS.
1824 386 1891 394 —
1916 352 2108 410 PSAL.
2137 354 2368 411 LXXIII.

3166 359 3306 415 IOII

120 472 271 527 se°.Et
298 487 394 525 non
424 469 589 524 solum
609 468 925 536 conﬁrmasti
949 485 1090 522 mare
1110 472 1164 522 in
1184 471 1371 522 virtute
1399 474 1635 531 tuorum,
1667 470 1709 526 Α
1738 479 1968 533 ηοειειιι,
2000 470 2052 524 id
2075 479 2157 524 est
2182 472 2442 539 quosdam
2470 470 2621 524 valde
2649 470 2822 525 claros
2851 472 2901 525 in
2933 472 3034 526 fide
3066 483 3119 527 et
3148 474 3308 527 intet-

118 568 193 620 sed
220 564 362 615 etiam
398 560 579 615 eadem
605 561 805 614 virtute
830 567 1154 627 cooperante
1184 574 1281 628 per
1309 558 1636 626 exemplum,

118 650 456 712 contribulasti,
488 648 537 702 id
566 658 648 702 est
674 648 985 702 destruxisti
1023 648 1075 700 in
1117 648 1271 717 aquis
1300 645 1640 714 baptismatis

117 744 255 809 capita
282 741 581 803 draconum,
607 739 656 792 id
686 748 771 794 est
797 739 1113 809 principalia
1139 738 1289 792 vitia.
1314 739 1443 804 Quae
1462 737 1638 807 capita

120 834 347 895 dicuntur,
371 846 433 885 eo
455 832 593 899 quod
622 833 763 885 inter
785 839 977 885 ctetera
1003 831 1134 884 vilia
1157 829 1473 899 principalia
1490 837 1634 892 sunt,

119 923 229 975 sicut
252 926 400 988 caput
423 919 735 988 principalis
766 934 893 989 pars
912 927 991 974 est
1014 920 1256 987 corporis
1279 935 1293 983 ;
1329 920 1499 987 capita
1521 919 1641 973 dico

120 1026 145 1062 a
171 1008 466 1063 draconibus
501 1023 596 1077 per
626 1010 1022 1080 suggestionem
1048 1009 1215 1069 illata,
1240 1009 1291 1062 id
1322 1017 1404 1063 est
1425 1023 1454 1061 a
1484 1008 1644 1078 spiri-

121 1099 233 1152 tibus
256 1097 546 1167 'malignis,
593 1098 685 1166 qui
737 1100 1002 1154 dracones
1047 1099 1333 1164 dicuntur,
1384 1113 1449 1152 eo
1501 1099 1641 1166 quod

119 1189 248 1244 astuti
273 1197 390 1243 sunt
414 1198 469 1242 et
497 1188 667 1242 nocivi
707 1197 766 1242 ut
800 1189 1085 1243 dracones.
1115 1188 1275 1255 Quod
1312 1195 1395 1242 est
1422 1188 1639 1243 dicere:

120 1278 209 1334 Non
241 1279 401 1333 solum
445 1294 539 1333 eos
567 1280 658 1349 qui
698 1295 846 1334 mare
874 1289 1029 1334 erant
1057 1279 1390 1334 confirmasti
1424 1280 1476 1333 in
1511 1279 1638 1344 fide,

118 1370 190 1425 sed
210 1371 354 1424 etiam
378 1384 475 1439 per
501 1370 823 1440 baptismum
856 1371 907 1424 in
941 1370 1020 1425 eis
1047 1370 1176 1424 vitia
1207 1369 1523 1440 principalia
1553 1358 1644 1424 de-

120 1460 275 1522 levisti,
313 1474 341 1513 a
368 1459 616 1528 malignis
644 1459 920 1529 spiritibus
943 1460 1112 1523 illata,
1142 1468 1197 1515 et
1222 1460 1325 1515 hoc
1353 1459 1523 1515 fecisti
1551 1475 1648 1529 per

120 1549 374 1618 exemplum
422 1552 739 1604 constantia:
775 1560 1022 1616 tuorum,
1063 1560 1115 1605 et
1153 1566 1259 1604 non
1305 1550 1475 1605 solum
1523 1552 1644 1612 hoc,

120 1637 188 1691 sed
214 1638 359 1693 etiam
389 1646 442 1691 tu
472 1654 570 1707 per
596 1640 953 1694 constantiam
985 1647 1199 1693 tuorum
1226 1639 1549 1709 confregisti,
1595 1639 1648 1692 id

120 1739 183 1784 est
213 1731 414 1785 omnino
463 1731 776 1786 destruxisti
828 1734 878 1786 in
921 1732 1025 1787 tuis
1064 1731 1416 1797 confirmatis,
1465 1731 1643 1801 capita

1741 559 1903 626 lectu,
1933 560 1998 615 ad
2021 560 2433 614 similitudinem
2469 561 2571 615 diei
2600 577 2614 624 ;
2660 570 2715 614 et
2739 563 2995 629 quosdam
3037 563 3308 632 simplices

1741 660 1795 705 et
1822 652 2080 706 obscuros
2111 651 2162 704 in
2197 652 2470 706 intellectu
2498 653 2563 706 ad
2595 651 2997 706 similitudinem
3023 656 3213 708 noctis.
3246 655 3313 707 Et

1742 741 1829 797 ille
1857 743 1965 796 dies
1990 752 2109 795 tuus
2131 752 2228 807 est,
2274 743 2325 798 id
2356 751 2438 797 est
2468 759 2565 813 per
2604 751 2656 798 te
2706 744 2904 797 factum
2950 753 3035 798 est
3082 745 3310 799 otiieium

1742 831 2176 900 praedicatorum,
2215 840 2262 884 et
2291 848 2394 886 nox
2421 842 2511 885 tua
2540 841 2635 886 est.
2674 832 2738 885 Et
2768 833 2870 887 hoc
2899 832 3031 885 dicit
3072 831 3207 893 ideo,
3242 849 3309 887 ne

1742 928 2021 988 putaretur
2049 921 2334 974 conversio
2370 920 2660 975 infidelium
2693 937 2789 990 per
2817 921 2959 975 solos
2982 921 3304 991 prtedicato-

1744 1022 1830 1062 res
1861 1008 2167 1078 contigisse,
2198 1019 2244 1063 et
2267 1018 2322 1062 tu
2345 1010 2697 1077 fabricaturus
2726 1026 2777 1063 es
2810 1024 2904 1077 per
2937 1008 3129 1071 fontes,
3160 1008 3209 1061 id
3234 1014 3317 1061 est

1745 1106 1799 1151 tu
1826 1096 1999 1152 fecisti
2028 1115 2273 1152 auroram
2300 1107 2349 1154 et
2377 1099 2557 1164 solem,
2589 1101 2638 1154 id
2660 1108 2743 1155 est
2767 1100 2943 1153 minus
2977 1114 3231 1154 accensos
3264 1099 3317 1151 in

1745 1187 2153 1257 dilectione,qui
2170 1203 2264 1257 per
2276 1203 2521 1243 auroram
2551 1190 2901 1258 designantur
2922 1203 3026 1257 qua
3041 1189 3316 1249 rutilante,

1744 1275 1913 1345 frigus
1940 1284 2260 1331 nocturnum
2296 1277 2458 1347 285
2495 1278 2681 1347 incipit
2710 1276 2898 1346 depelli
2924 1316 2940 1342 ,
2969 1276 3092 1330 Ιίιει
3122 1292 3225 1329 non
3252 1290 3319 1329 ex

1747 1374 1880 1431 toto,
1922 1376 1979 1421 et
2020 1383 2115 1421 aer
2162 1367 2550 1436 aliquantulum
2595 1368 2792 1422 calere.
2845 1368 2909 1420 Et
2933 1368 3101 1435 fecisti
3151 1368 3321 1437 magis

1748 1472 2005 1511 accensos
2030 1457 2239 1514 fervore
2270 1458 2568 1521 charitatis,
2593 1459 2681 1527 qui
2710 1473 2806 1527 per
2831 1458 2995 1513 solem
3026 1459 3214 1513 merito
3245 1459 3323 1511 in-

1750 1547 2076 1616 telliguntur,
2122 1563 2228 1616 quo
2278 1548 2515 1603 fervente
2558 1549 2727 1619 frigus
2772 1558 3094 1604 nocturnum
3151 1549 3325 1616 magis

1749 1636 2052 1703 expellitur,
2080 1646 2137 1691 et
2165 1653 2259 1692 aer
2283 1637 2487 1693 calidus
2516 1638 2765 1697 efﬁcitur,
2800 1648 2851 1692 et
2881 1649 2937 1691 tu
2965 1640 3125 1694 etiam
3154 1640 3321 1709 fecisti

1752 1740 1847 1793 per
1876 1726 2019 1795 ipsos
2046 1726 2217 1783 fontes
2242 1730 2485 1783 terminos
2516 1739 2686 1796 terra',
2720 1731 2771 1783 id
2804 1739 2888 1785 est
2912 1746 3101 1784 omnes
3133 1730 3323 1784 termi—

122 1819 336 1883 draconis,
395 1820 447 1873 id
497 1830 582 1873 est
612 1820 942 1890 principatus
973 1820 1252 1883 damonis,
1279 1820 1519 1873 omnium
1543 1820 1649 1872 dae-
1683 1830 1725 1883 Β
1753 1824 1940 1869 nantes
1968 1825 2023 1869 et
2062 1816 2310 1872 finientes
2339 1819 2390 1872 in
2421 1834 2485 1874 se
2521 1821 2912 1884 terrenitatem,
2946 1828 3000 1874 et
3042 1820 3201 1872 etiam
3245 1819 3322 1872 fe-

122 1908 375 1963 moniorum
402 1908 661 1979 principis
684 1950 699 1974 ,
724 1912 865 1979 quod
889 1921 971 1966 est
999 1910 1212 1966 dicere:
1253 1910 1347 1966 His
1383 1912 1649 1980 potentias

122 2015 195 2068 per
216 2001 558 2055 constantiam
594 2010 805 2056 tuorum
844 2004 898 2056 in
926 2004 1003 2057 eis
1040 2002 1373 2066 aunihilasti,
1413 2018 1545 2071 quas
1595 2003 1645 2055 in

122 2088 182 2142 eis
223 2088 479 2142 obtinebat
534 2090 846 2159 principalis
884 2091 1173 2157 diabolus,
1223 2106 1319 2159 per
1370 2101 1648 2161 peccatum

124 2178 247 2246 primi
270 2178 515 2233 hominis.
546 2179 653 2234 Illis
686 2182 830 2235 enim
857 2197 954 2251 per
984 2190 1195 2235 tuorum
1229 2182 1550 2251 martyrium
1582 2182 1651 2236 ad

124 2267 245 2321 fidem
268 2269 483 2331 vocatis,
514 2278 805 2337 potestates
852 2271 954 2326 illa:
994 2272 1183 2327 deleta
1221 2280 1366 2337 sunt,
1405 2286 1524 2340 qua:
1564 2287 1652 2326 ca-

123 2357 206 2424 pita
231 2358 561 2422 dicebantur,
583 2374 645 2414 eo
665 2362 808 2430 quod
831 2362 911 2417 eis
933 2362 1367 2426 dominabantur,
1401 2363 1542 2415 sicut
1565 2377 1655 2415 ca-

124 2453 195 2512 put
218 2446 322 2500 aliis
347 2449 608 2503 membris
636 2449 978 2515 dominatur;
1027 2458 1082 2503 et
1127 2465 1232 2505 non
1270 2449 1442 2504 solum
1479 2452 1654 2520 capita

124 2538 317 2594 draconis
336 2542 657 2611 confregisti,
690 2544 784 2598 sed
805 2544 968 2598 etiam
997 2545 1186 2598 dedisti
1215 2562 1331 2598 eum
1356 2546 1648 2599 draconem

123 2645 273 2694 escam,
301 2631 350 2685 id
382 2642 465 2687 est
492 2634 961 2700 consumptionem
990 2635 1194 2705 papulis
1240 2635 1570 2703 Ait/ziopum,
1604 2636 1654 2689 id

124 2729 186 2774 est
196 2722 389 2811 pupulis
416 2724 467 2776 in
495 2723 604 2777 ﬁde
625 2724 980 2785 confirmatis,
1013 2740 1148 2794 quos
1176 2742 1323 2781 mare
1354 2728 1540 2781 vocavi
1568 2744 1657 2782 su-

123 2815 285 2880 perius,
316 2815 400 2884 qui
430 2817 588 2883 prius
623 2815 905 2886 {Ethiopes
946 2817 1181 2883 fuerunt,
1224 2814 1279 2872 id
1302 2829 1385 2874 est
1415 2820 1553 2889 nigri
1603 2821 1656 2873 in

125 2904 330 2967 peccatis.
350 2904 503 2970 Quod
536 2915 617 2960 est
644 2906 821 2960 dicere
847 2924 859 2960 :
884 2907 999 2959 Non
1031 2908 1202 2962 solum
1232 2909 1523 2977 potentiam
1551 2910 1659 2963 ori-

124 2990 309 3057 ginalem
335 2995 381 3049 ei
423 2994 725 3058 abstulisti,
762 2995 858 3050 sed
888 2995 1050 3049 etiam
1091 2996 1231 3050 hanc
1278 2998 1567 3065 potentiam
1600 2998 1659 3051 fi-

125 3081 288 3139 delibus
309 3087 429 3151 tuis,
454 3101 560 3156 per
584 3096 878 3157 martyrum
907 3088 1267 3142 constantiam
1292 3088 1650 3152 confirmatis,

1751 1906 1870 1960 eisti
1894 1915 2126 1960 wstatcm
2156 1917 2201 1961 et
2232 1924 2337 1973 ver,
2370 1910 2421 1963 id
2446 1918 2526 1963 est
2555 1910 2791 1964 laborem
2825 1910 2910 1963 hic
2936 1919 2991 1964 et
3018 1910 3319 1963 mercedem

1752 1993 1805 2045 in
1845 1992 2044 2047 futuro.
2092 1995 2195 2049 Per
2231 2012 2323 2050 ver
2362 1998 2559 2068 quippe
2602 1999 2861 2052 bonorum
2894 2013 3117 2067 operum
3154 1997 3309 2051 labor

1754 2085 2037 2152 accipitur,
2068 2100 2132 2137 eo
2163 2087 2302 2154 quod
2334 2087 2385 2139 in
2412 2103 2537 2143 vere
2566 2103 2769 2143 messes
2791 2090 3125 2143 seminentur
3147 2097 3200 2142 et
3228 2088 3323 2140 fio-

1755 2189 1840 2227 res
1876 2185 2243 2243 procreantur.
2290 2176 2395 2232 Per
2433 2186 2672 2232 :estatem
2710 2193 2916 2233 merces
2968 2188 3203 2243 aeterna,
3260 2192 3323 2232 eo

1753 2262 1897 2330 quod
1934 2264 1984 2317 in
2015 2272 2198 2318 aestate
2222 2280 2429 2321 messes
2457 2275 2511 2321 et
2558 2266 2764 2322 fructus
2794 2267 3131 2335 colligantur.
3163 2267 3317 2333 Quod

1755 2361 2062 2423 utrumque,
2087 2371 2180 2425 per
2203 2357 2585 2426 praedicatores
2609 2358 2918 2413 hominibus
2941 2360 3186 2413 innotuit.
3216 2356 3327 2413 lloc

1755 2454 1934 2498 autem
1965 2447 2105 2514 quod
2129 2461 2225 2514 per
2262 2456 2443 2516 partes
2470 2448 2665 2515 posuit.
3128 2436 3133 2441 ’

1827 2534 2058 2589 Dicendo
2079 2544 2200 2588 tuus
2222 2546 2294 2589 est
2321 2536 2453 2599 dies,
2485 2536 2915 2603 etc.,confirmat
2952 2536 3329 2592 universaliter

1754 2623 2005 2692 ponendo
2034 2624 2111 2679 sic
2145 2642 2156 2676 :
2207 2623 2343 2678 Vere
2376 2632 2462 2678 tua
2508 2634 2633 2679 sunt
2661 2626 2776 2680 dies
2803 2634 2857 2680 et
2888 2641 3014 2689 nox,
3047 2641 3241 2680 aurora
3270 2635 3325 2680 ει

1758 2714 1837 2768 sol
1864 2732 1876 2766 :
1906 2712 2038 2767 Nam
2068 2725 2125 2767 tu
2164 2714 2440 2784 plasmasti
2473 2733 2556 2779 ea,
2598 2716 2648 2770 id
2681 2727 2762 2771 est
2791 2726 2842 2770 tu
2873 2717 3075 2771 creasti
3108 2725 3166 2768 ut
3200 2717 3328 2770 talia

1757 2813 1964 2868 essent,
2016 2819 2120 2857 non
2149 2805 2335 2873 utique
2373 2821 2401 2859 a
2444 2805 2686 2861 fontibus
2725 2815 2905 2860 creata
2940 2816 3088 2871 sunt,
3120 2816 3172 2859 et
3201 2808 3325 2874 quia

1757 2901 1813 2944 tu
1851 2892 2124 2961 plasmasti
2150 2910 2211 2947 ea
2237 2895 2381 2959 talia,
2405 2912 2605 2949 memor
2623 2908 2730 2950 esto
2751 2897 2908 2965 hujus
2935 2897 3328 2966 plasmationis,

1760 2992 1815 3035 ut
1847 2983 2014 3037 facias
2044 2999 2164 3037 eam
2188 3000 2563 3054 perseverare,
2600 3002 2667 3041 ne
2698 2988 2747 3040 in
2776 2988 2856 3042 eis
2883 2987 3123 3049 deficiat,
3152 2997 3209 3043 et
3236 3003 3331 3041 ne-

1759 3090 1909 3130 cesse
1938 3087 2021 3131 est
2050 3087 2108 3130 ut
2138 3078 2239 3131 hoc
2272 3092 2442 3131 orem.
2487 3078 2619 3131 Nam
2656 3079 2897 3133 inimicus
2937 3080 3187 3142 infidelis,
3221 3082 3327 3135 sci-

125 3174 514 3240 dedisti,uleum
539 3190 941 3244 consumerent,
976 3181 1027 3235 id
1053 3191 1134 3235 est
1181 3180 1295 3249 ejus
1342 3182 1564 3236 insidias
1603 3191 1652 3235 et

1767 3165 1893 3219 licet
1918 3166 2166 3234 populus,
2197 3167 2585 3236 imprOperavit,
2623 3167 2675 3221 id
2707 3175 2791 3222 est
2829 3169 3155 3238 improperia
3187 3171 3325 3225 infe-

129 3263 170 3314 in
195 3280 242 3318 se
264 3276 315 3321 et
341 3269 389 3321 in
420 3268 569 3334 aliis,
589 3278 642 3324 et
668 3284 792 3324 eum
818 3269 1068 3341 fugarent
1095 3272 1162 3324 ab
1196 3271 1431 3325 obsessis
1456 3285 1651 3341 corpo—

129 3353 257 3421 ribus,
279 3359 699 3429 devorarentque
721 3361 859 3414 sicut
887 3376 1010 3415 esca
1034 3362 1393 3415 consumitur.
1418 3361 1514 3417 Vel
1545 3362 1622 3417 sic
1643 3381 1655 3415 :

129 3440 291 3498 Dedisti
315 3463 432 3501 eum
456 3450 667 3519 populis
704 3449 1011 3519 zEthiopum
1044 3467 1236 3515 escam,
1268 3451 1321 3505 id
1350 3462 1434 3506 est
1478 3452 1659 3506 incor-

127 3539 449 3603 porationem,
520 3540 731 3595 scilicet
790 3549 847 3594 ιιι
911 3542 1314 3610 incorporarent
1383 3556 1504 3596 eum
1560 3541 1663 3596 sibi

130 3622 167 3673 in
190 3625 293 3687 ﬁde,
324 3644 423 3682 non
464 3630 766 3685 secundum
797 3646 941 3694 eum,
975 3632 1068 3685 sed
1092 3631 1387 3685 secundum
1420 3631 1662 3686 membra

127 3713 230 3779 eius.
257 3717 397 3785 Quod
430 3730 515 3776 est
548 3721 728 3775 dicere
757 3739 768 3773 :
799 3721 999 3776 Dedisti
1032 3722 1110 3775 eis
1134 3720 1469 3787 facultatem,
1518 3737 1666 3791 qute-

127 3807 219 3858 dam
247 3807 350 3875 ejus
376 3811 619 3864 membra
647 3812 744 3865 sibi
778 3812 1176 3880 incorporandi.

179 3893 273 3950 Non
303 3900 468 3954 solum
502 3915 636 3954 vero
677 3901 788 3955 haec
836 3902 1015 3953 omnia
1069 3900 1242 3954 fecisti
1276 3915 1370 3969 per
1403 3910 1659 3955 constan-

129 3983 227 4038 tiam
250 3997 471 4055 tuorum,
509 3991 605 4044 sed
637 4005 731 4058 per
764 3992 866 4045 hoc
883 3991 1025 4059 quod
1055 3999 1108 4045 tu
1133 3993 1373 4060 dirupisti
1396 3992 1583 4059 fontes,
1610 3993 1661 4046 id

127 4087 187 4128 est
220 4082 503 4135 exuberare
548 4080 722 4135 fecisti
774 4082 1039 4151 sapientia
1082 4083 1227 4151 ipsos
1272 4094 1555 4153 martyres,
1596 4085 1661 4139 ad

126 4166 300 4221 modum
330 4170 491 4225 fontis
522 4170 714 4235 clausi,
741 4170 893 4239 cujus
922 4171 1168 4226 clausura
1207 4187 1273 4227 ex
1306 4173 1467 4226 nimia
1497 4175 1663 4243 ipsius

128 4252 255 4310 fontis
292 4261 677 4315 exuberatione
718 4261 1059 4331 dirumpitur.
1100 4262 1252 4327 Quod
1299 4272 1381 4317 est
1432 4264 1649 4320 dicere:

127 4337 311 4399 Nimiam
350 4349 672 4417 sapientiam
703 4365 769 4405 ex
802 4350 880 4404 eis
905 4364 1159 4404 emanare
1200 4349 1396 4416 fecisti,
1440 4363 1487 4406 et
1518 4353 1662 4424 ipsos

127 4430 257 4497 {antes
279 4436 449 4493 fecisti
469 4449 748 4505 torrentes,
771 4442 821 4495 id
844 4449 927 4496 est
955 4437 1180 4496 fluentes
1211 4457 1332 4496 eum
1364 4444 1562 4511 impetu
1588 4446 1654 4498 ad

1762 3266 1842 3310 ret
1874 3257 1969 3311 tibi
2010 3257 2235 3312 Domino
2269 3260 2552 3324 omnium;
2595 3260 2844 3329 quodque
2906 3262 3079 3331 magis
3137 3261 3331 3317 nefan-

1763 3350 1887 3404 dum
1913 3357 2018 3413 est,
2049 3356 2107 3402 ut
2129 3365 2222 3404 eos
2245 3350 2470 3405 devocet
2491 3367 2519 3405 a
2552 3360 2604 3404 te
2627 3351 3026 3421 blasphemabit
3052 3362 3103 3407 te
3126 3354 3329 3408 verbis.

1764 3437 1833 3491 Et
1862 3453 1927 3491 ne
1979 3438 2085 3491 illis
2114 3438 2457 3509 improperiis
2499 3440 2856 3504 devocentur,
2900 3441 3103 3495 Memor
3130 3454 3238 3496 esto
3276 3452 3333 3495 ut

1764 3542 2117 3597 perseverare
2160 3528 2348 3595 facias,
2378 3539 2433 3584 et
2473 3545 2581 3585 non
2612 3530 2785 3585 solum
2817 3532 3208 3601 improperabit
3241 3534 3333 3586 tibi

1765 3618 1925 3673 dictis
1951 3619 2043 3672 sed
2074 3629 2122 3671 et
2149 3620 2371 3689 populus
2396 3620 2671 3689 insipiens,
2714 3622 2949 3677 infidelis
2988 3622 3217 3687 scilicet,
3249 3625 3335 3676 in-

1766 3711 1966 3771 citavit,
2010 3711 2064 3764 id
2101 3720 2185 3764 est
2225 3711 2493 3775 incitabit,
2529 3730 2713 3767 nomen
2752 3724 2919 3778 tuum,
2965 3730 3243 3785 perseque!
3268 3717 3337 3771 do

1767 3810 1903 3856 tuos.
1939 3801 2184 3855 lncitabit
2218 3804 2597 3871 compendiose
2637 3804 2871 3872 positum
2924 3813 3027 3868 est,
3078 3806 3220 3873 quod
3252 3814 3336 3857 est

1763 3908 1828 3946 ac
1867 3894 1910 3947 si
1959 3893 2147 3950 dicat:
2197 3892 2478 3949 Ineitando
2519 3903 2601 3958 te,
2647 3894 2698 3948 id
2732 3904 2816 3949 est
2857 3896 3229 3963 cxaspcrando
3263 3902 3334 3954 te,

1764 3984 2159 4053 blasphemabit
2191 4000 2385 4041 nomen
2418 3994 2593 4049 tuum,
2624 3987 2673 4039 id
2702 3995 2785 4041 est
2808 3995 3164 4055 persequetur
3191 3994 3332 4049 tuos,

1764 4091 1882 4146 quae
1907 4077 2215 4145 persecutio
2237 4077 2343 4131 erit
2370 4078 2704 4146 blasphemia
2740 4078 2974 4131 nominis
3016 4078 3115 4138 tui,
3156 4084 3210 4129 et
3237 4092 3335 4143 per

1764 4168 1868 4221 hoc
1896 4168 2142 4222 incitabtt
2171 4176 2221 4222 te
2250 4168 2314 4221 ad
2343 4169 2661 4222 vindictam.
2695 4166 2770 4220 Ne
2795 4182 2923 4220 vero
2957 4166 3029 4218 tui
3065 4166 3115 4218 in
3142 4166 3335 4218 incita-

1766 4258 1911 4313 tione
1945 4259 2032 4312 illa
2058 4258 2313 4313 deficiant
2342 4274 2451 4327 pra:
2501 4259 2718 4320 timore,
2762 4272 2969 4310 memor
2998 4265 3115 4310 esto
3160 4266 3216 4309 ut
3243 4272 3337 4310 eos

1770 4364 2121 4421 perseverare
2144 4349 2329 4404 facias.
2356 4350 2490 4416 Quia
2523 4362 2649 4403 vero
2686 4347 2908 4416 populus
2951 4348 3199 4414 insipiens
3238 4349 3336 4399 im-

1763 4439 2060 4509 properabit
2088 4439 2211 4503 tibi,
2242 4447 2295 4492 et
2322 4438 2558 4492 incitabit
2604 4454 2788 4493 nomen
2820 4447 2996 4498 tuum,
3030 4447 3087 4491 ut
3112 4452 3207 4506 per
3236 4438 3337 4490 hoc

126 4526 302 4581 modum
332 4532 627 4597 torrentis;
657 4540 916 4586 etomnes
943 4533 1376 4587 adversariorum
1399 4533 1656 4602 objectio-
1685 4533 1733 4588 D
1762 4543 1881 4587 tuos
1900 4532 1998 4588 sibi
2024 4531 2480 4593 conformet.0ro,
2512 4530 2758 4593 Domine,
2788 4544 2893 4583 non
2918 4538 2975 4582 ut
3004 4529 3185 4583 tradas
3216 4543 3336 4582 cor-

126 4626 199 4667 nes
223 4616 563 4687 impellentes,
605 4630 663 4676 ιιι
691 4621 867 4675 nullus
891 4622 1058 4689 possit
1087 4622 1344 4677 resistere
1376 4624 1656 4690 sapientiae

124 4712 165 4755 et
184 4708 367 4774 spiritui
393 4713 485 4781 qui
519 4712 840 4781 loquebatur
869 4711 1013 4783 (Act.
1043 4728 1117 4776 vr,
1147 4713 1256 4780 10).
1302 4713 1368 4766 Ει
1394 4727 1489 4782 per
1515 4715 1658 4783 ipsos

126 4800 349 4856 torrentes
373 4804 606 4867 siccasti,
641 4803 691 4857 id
722 4812 805 4857 est
834 4802 1143 4857 annihilasti
1174 4804 1239 4857 ad
1264 4804 1481 4858 modum
1506 4820 1658 4873 aqua:
1682 4810 1683 4813 “

123 4892 366 4947 exsiccatae
391 4895 576 4961 ﬂuvios
627 4892 824 4957 Ethan,
862 4894 913 4947 id
944 4903 1027 4948 est
1061 4895 1239 4948 varias
1283 4906 1340 4949 et
1367 4894 1532 4951 falsas
1563 4898 1658 4950 do-

123 4977 288 5031 ctrinas
299 4981 509 5050 gentilis
519 4981 916 5051 populi,quibus
927 4982 1060 5037 alios
1072 4982 1344 5037 imbuebat
1359 4984 1426 5037 ad
1439 4985 1654 5038 modum

126 5061 387 5124 fluviorum.
417 5072 696 5126 Habebant
716 5073 859 5127 enim
886 5073 1147 5140 quasdam
1176 5074 1447 5130 doctrinas
1472 5091 1659 5145 super-

127 5156 347 5225 stitiosas,
375 5177 513 5231 quas
539 5163 867 5233 theologicas
886 5165 1160 5228 dicebant,
1194 5164 1245 5218 id
1268 5173 1351 5220 est
1377 5179 1658 5220 sermones

126 5240 175 5297 de
194 5246 395 5304 deorum
422 5253 653 5321 origine,
681 5268 801 5321 quae
823 5269 921 5323 per
940 5254 1214 5309 doctrinas
1237 5256 1651 5323 praedicatorum

125 5334 373 5394 exinanita:
402 5350 548 5395 sunt.
577 5342 801 5396 Multum
822 5343 965 5397 enim
997 5343 1064 5397 ad
1094 5343 1503 5400 instructionem
1536 5344 1657 5400 fidei

127 5422 345 5491 obesset.
396 5432 444 5486 si
492 5431 792 5500 huiusmodi
856 5432 1062 5487 fallacia
1114 5443 1436 5503 superesset.
1486 5435 1656 5489 Ethan

129 5515 290 5585 quippe
310 5521 546 5576 robustus
574 5524 973 5592 interpretatur.
1002 5523 1152 5579 Unde
1190 5540 1284 5594 per
1329 5526 1498 5580 Ethan
1528 5540 1658 5595 gen-

130 5603 216 5660 tilis
236 5612 446 5679 pepulus
471 5616 752 5685 accipitur,
780 5617 869 5683 qui
896 5615 949 5669 iu
975 5616 1176 5671 erroris
1224 5618 1303 5671 sui
1350 5617 1451 5671 fuit
1493 5619 1647 5673 obsti-

134 5698 315 5756 natione
340 5704 601 5760 robustus.
630 5706 694 5763 Et
718 5721 813 5774 per
834 5707 976 5775 ipsos
1009 5705 1183 5762 fontes
1224 5707 1397 5764 fecisti
1437 5709 1575 5764 diem
1602 5721 1653 5763 et

1765 4638 1896 4693 pora
1924 4623 1990 4676 ad
2024 4621 2391 4691 aliiigendum.
2427 4622 2568 4689 quod
2603 4622 2682 4673 eis
2711 4618 2865 4672 valde
2899 4618 3027 4673 utile
3055 4628 3138 4673 est
3167 4636 3180 4683 ;
3215 4620 3330 4679 sed,

1766 4731 1828 4766 ne
1882 4714 2060 4765 (rmlas
2121 4714 2325 4765 animus
2369 4711 2725 4778 conﬁtentium
2785 4708 2895 4762 tibi.
2954 4709 3180 4763 Animas
3231 4709 3337 4764 sci-

1766 4788 1892 4856 licet
1945 4801 2180 4855 tidelium
2232 4810 2463 4864 tuorum,
2514 4798 2853 4852 laudantium
2914 4807 2964 4854 te
3020 4798 3335 4853 omnimoda

1766 4893 1944 4955 laude,
1991 4893 2201 4956 bestiis,
2257 4891 2308 4945 id
2360 4900 2444 4945 est
2505 4890 2849 4955 infidelibus,
2912 4890 3219 4944 bestialiter,
3265 4890 3339 4941 vi-

1763 4982 2042 5046 ventibus,
2096 4982 2147 5034 id
2194 4990 2277 5036 est
2319 4979 2762 5035 irrationabiliter
2815 4993 2965 5033 more
3017 4979 3335 5032 bestiarum.

1762 5071 1914 5138 Quod
1963 5079 2046 5125 est
2095 5071 2317 5125 dicere:
2365 5070 2431 5124 Et
2470 5070 2514 5123 si
2568 5083 2795 5140 corpora
2842 5067 3111 5135 permittis
3152 5066 3331 5135 afﬂigi,

1762 5178 1865 5218 non
1920 5162 2109 5217 saltem
2163 5163 2366 5215 animos
2414 5177 2598 5217 eorum
2638 5161 2922 5229 permittas
2971 5158 3162 5213 bestiis
3205 5173 3337 5212 con-

1762 5254 2008 5315 formari,
2043 5266 2164 5306 cum
2205 5250 2310 5305 hoc
2356 5250 2426 5304 sit
2471 5252 2610 5320 quod
2645 5259 2697 5305 te
2729 5249 2944 5303 assidue
2994 5248 3228 5302 laudent.
3274 5247 3339 5298 Et

1763 5363 1824 5399 ne
1878 5345 2196 5399 obliviscaris
2247 5346 2303 5398 in
2342 5343 2498 5411 ﬁnem
2530 5342 2837 5404 oblivionis,
2886 5340 2936 5394 id
2994 5348 3079 5394 est
3134 5354 3333 5405 usque-

1769 5450 1997 5504 quaque.
2025 5434 2161 5489 Etsi
2214 5434 2449 5488 videaris
2477 5433 2527 5485 in
2584 5429 3051 5500 persecutionibus
3087 5428 3334 5482 oblivisci

1767 5528 1975 5581 animas
2022 5541 2309 5594 pauperum
2364 5533 2611 5584 tuorum,
2666 5518 2932 5573 tradendo
2973 5533 3067 5573 eas
3121 5517 3330 5571 bestiis.

1765 5615 1916 5669 Tunc
1937 5617 2078 5670 enim
2105 5615 2329 5667 omnino
2358 5628 2452 5666 cas
2479 5610 2910 5669 oblivisceretur,
2942 5609 2984 5663 si
3018 5623 3113 5664 eas
3144 5609 3331 5663 bestiis

1762 5704 2084 5760 conformari
2112 5712 2402 5763 pateretur.
2441 5700 2519 5754 Ne
2550 5700 2870 5757 obliviscaris
2903 5701 2957 5757 in
2989 5700 3164 5759 ﬁnem.
3185 5700 3335 5760 idem
