3846 6334
540 300 675 356 1015
1106 295 1163 352 S.
1204 293 1557 352 BRUNONIS‘
1591 287 2229 349 CARTIIUSIANORUM
2267 283 2755 343 INSTITUTORIS
2788 282 2939 338 OPP.
2965 280 3143 337 PARS
3166 280 3206 335 I.
3610 284 3715 341 1016

536 425 620 467 est
650 409 791 480 quod
815 418 869 462 ct
900 425 962 462 ne
990 409 1169 462 tradas
1199 408 1396 469 bestiis,
1421 409 1514 463 sed
1543 419 1763 462 causam
1794 406 2107 473 interponit,
2138 408 2188 463 Α
2632 399 2699 453 IN
2745 396 3075 452 PSALMUM
3115 394 3342 450 LXXIV.

534 501 623 555 ubi
658 498 789 552 dicit
824 512 1120 566 pauperum
1153 507 1389 562 tuorum,
1419 513 1482 551 ac
1512 498 1555 551 si
1587 497 1766 551 dicat:
1795 493 1910 548 Non
1942 494 2109 548 debes
2283 490 2493 545 Titulus
2524 489 2906 561 septuagesimi
2932 489 3130 557 quarti.
3170 487 3231 539 ln
3258 487 3409 555 ﬁnem
3439 504 3494 539 ne
3522 505 3714 543 corrum-

531 590 802 655 0|)IiViSCi,
832 604 953 643 cum
992 603 1259 658 pauperes
1288 589 1395 642 sint
1432 588 1644 657 spiritu,
1680 584 1967 639 mundanis
1992 598 2109 638 om»
2210 600 2324 653 pas.
2363 581 2608 635 Psalmus
2634 579 2809 649 Asaplt
2855 579 3067 632 cantici.
3099 577 3278 645 Asapb
3309 577 3510 645 quidem
3539 579 3616 647 qui
3641 578 3714 650 Sy-

533 684 689 737 nibus
713 696 812 749 pro
840 690 891 734 te
918 681 1159 735 omissis.
1191 681 1318 734 Dico
1342 697 1405 732 ne
1439 678 1785 741 obliviscaris,
1806 676 1898 731 sed
1927 664 2106 746 potius
2210 691 2413 744 nagoga
2448 673 2864 742 interpretatur,
2894 671 2983 725 hic
3007 685 3105 737 pro
3145 669 3340 723 infideli
3370 671 3622 740 Synagoga
3648 686 3715 727 ac-

530 775 722 843 respice
744 774 797 825 in
823 782 1189 826 testamentum
1214 782 1385 835 tuum,
1428 770 1482 824 id
1522 777 1606 824 est
1640 769 1693 822 in
1728 769 1940 821 ﬁrmam
1975 783 2104 837 pro-
2209 764 2429 834 cipitur,
2461 779 2580 832 quae
2625 762 2825 817 Christi
2863 762 3106 816 membra
3159 760 3487 814 conformare
3523 762 3609 815 sibi
3650 762 3717 815 in-

528 865 846 919 missionem
883 871 1029 916 tuam
1063 877 1139 915 ne-
1162 862 1214 914 in
1254 862 1468 915 irritum
1507 858 1865 913 deducantur.
1898 858 2106 911 Promi-
2211 856 2401 917 tendit,
2430 863 2620 909 contra
2651 868 2815 924 quam
2861 853 3111 908 Christus
3141 852 3191 906 in
3224 851 3327 905 hoc
3352 851 3541 919 psalmo
3568 867 3715 919 agens.

527 956 644 1007 sisti
669 954 813 1007 enim
848 972 859 1005 :
894 973 911 1002 ι
948 952 1087 1007 Ecce
1111 968 1211 1023 ego
1242 953 1521 1006 vobiscum
1563 966 1681 1004 sum
1722 950 1973 1004 omnibus
1997 950 2107 1004 die-
2207 946 2494 1001 confirmat
2521 961 2650 1001 suos
2686 947 2737 1000 in
2770 946 2925 999 laude
2951 945 3070 1008 Dei,
3095 953 3151 998 et
3176 944 3230 997 in
3272 944 3560 995 narratione
3587 945 3717 996 mira-

524 1044 625 1097 bus
678 1059 848 1111 usque
897 1043 964 1095 ad
1028 1042 1546 1096 consummationem
1609 1040 1788 1094 seaculi
1862 1039 2101 1108 (Matth.
2208 1040 2399 1092 hilium
2428 1038 2566 1107 ejus.
2618 1036 2905 1106 Nunquam
2934 1036 3176 1103 ejusdem
3206 1034 3382 1101 Asaph
3412 1033 3720 1088 admonitione

527 1148 719 1195 xxvun,
744 1134 859 1201 20).
884 1152 902 1183 ι
935 1134 1338 1187 Testamentum
1371 1133 1571 1186 dicitur
1593 1133 1849 1201 scriptum
1883 1131 2101 1201 aliquod
2207 1129 2537 1192 defecturos,
2562 1143 2698 1195 quos
2750 1127 2986 1182 ostendit
3016 1128 3067 1180 in
3095 1124 3283 1193 judicii
3314 1124 3399 1176 die
3434 1138 3486 1176 se
3515 1138 3720 1177 remune-

527 1224 670 1291 quod
705 1225 804 1277 sub
843 1224 1055 1277 testium
1093 1226 1422 1280 auctoritate
1453 1228 1827 1281 conﬁrmatur.
1874 1226 2103 1291 Ideoque
2206 1232 2468 1274 ratorum.
2496 1220 2628 1275 Cum
2654 1217 2914 1286 eosjuste
2940 1218 3223 1282 exaltabit,
3252 1216 3342 1285 qui
3380 1215 3463 1268 hic
3485 1216 3721 1269 humilian-

528 1330 627 1381 pro
654 1314 805 1366 ﬁrma
837 1315 1194 1381 promissione
1220 1317 1461 1385 ponitur,
1485 1333 1547 1371 ac
1577 1318 1619 1369 si
1645 1318 1786 1371 dicat
1820 1334 1831 1367 :
1866 1314 1947 1368 Ne
1969 1314 2098 1367 obli-
2208 1324 2313 1379 tur,
2345 1320 2400 1366 et
2446 1328 2635 1367 eorum
2668 1314 3009 1368 adversarios
3037 1310 3363 1373 humiliabit,
3397 1311 3482 1380 qui
3512 1312 3588 1364 hic
3606 1314 3721 1366 exal-

528 1404 764 1469 riscaris,
813 1405 905 1457 sed
950 1404 1146 1472 adjuva
1200 1421 1293 1461 eos
1320 1408 1462 1462 sicut
1500 1408 1731 1463 firmiter
1778 1408 2096 1476 promisisti.
2206 1411 2410 1455 tantur.
2446 1402 2787 1457 Adhortatnr
2830 1418 3044 1472 quoque
3088 1400 3353 1463 inﬁdeles,
3408 1409 3464 1453 ut
3506 1402 3719 1457 desistant

525 1492 973 1547 Ostenditautem
1009 1496 1348 1552 adversarios
1365 1498 1557 1552 merito
1585 1499 1689 1553 dici
1718 1499 1941 1563 bestias,
1969 1501 2088 1553 sic:
2204 1492 2387 1561 inique
2440 1508 2601 1563 agere
2652 1502 2707 1547 et
2755 1494 2941 1561 inique
2988 1492 3159 1561 Ιοίιυὶ,
3201 1506 3271 1545 De
3313 1489 3454 1557 Ιυδῑε
3481 1506 3507 1543 ³
3542 1502 3720 1559 Ροιθηιθ

532 1583 673 1636 Vere
721 1584 910 1637 bestia:
946 1592 1090 1649 sunt,
1115 1587 1239 1655 quia
1277 1587 1455 1656 repleti
1485 1597 1605 1641 sunt
1632 1588 1967 1658 iniquitatum
1998 1590 2098 1657 ipsi
2195 1583 2377 1652 judice
2416 1584 2758 1638 damnentur.
2790 1584 2871 1638 Ad
2905 1585 3009 1638 hoe
3044 1593 3227 1636 autem
3275 1596 3486 1637 suorum
3514 1596 3721 1649 perseve-

523 1674 613 1743 qui
655 1674 921 1727 obseurati
953 1685 1097 1740 sunt,
1141 1678 1194 1731 id
1227 1688 1310 1733 est
1341 1678 1600 1732 exotecati
1638 1679 1691 1733 in
1735 1679 2010 1733 intellectu
2043 1681 2096 1733 in
2200 1676 2435 1729 rantiam
2472 1676 2527 1728 in
2579 1675 2739 1730 laude
2772 1684 2826 1728 et
2862 1675 3197 1730 mirabilium
3226 1671 3530 1726 narratione
3560 1674 3656 1739 Dei,
3678 1683 3721 1729 et

522 1763 761 1816 domibus
790 1772 965 1826 terrae,
996 1765 1049 1818 id
1070 1767 1229 1819 estin
1263 1768 1511 1821 domibus
1539 1769 1767 1823 terrenis
1788 1768 2100 1835 habitando,
2135 1767 2177 1825 Β
2208 1766 2702 1821 remunerationem
2752 1781 2973 1821 suorum
3011 1775 3065 1820 et
3104 1766 3398 1820 inﬁdelium
3437 1769 3649 1823 Ostendit
3672 1779 3718 1823 ιιι

523 1852 666 1920 quod
699 1861 781 1907 est
809 1854 995 1909 dicere
1026 1872 1039 1907 :
1066 1854 1209 1909 Solis
1234 1857 1576 1926 corporibus,
1608 1872 1728 1926 quae
1758 1867 1888 1913 sunt
1925 1867 2099 1914 terre-
2203 1856 2282 1910 sic
2320 1872 2634 1925 perversam
2674 1857 2854 1924 Asaph
2880 1870 2910 1908 a
2945 1854 3184 1909 ﬁdelium
3214 1858 3570 1923 persecutione
3595 1858 3718 1912 devo-

524 1956 608 1995 na:
655 1941 869 2007 domus,
928 1943 1122 1997 intenti
1172 1955 1319 2010 sunt,
1368 1948 1687 2020 voluptuose
1743 1963 1802 2002 se
1850 1947 2101 2003 habendo
2202 1947 2394 2013 cando,
2427 1948 2495 2002 ad
2528 1947 2874 2017 Dei,laudem
2906 1946 3157 2015 exemplo
3186 1961 3407 2000 suorum
3440 1947 3622 2002 invitet.
3648 1948 3717 2002 τι·

523 2044 678 2085 more
712 2032 1030 2097 bestiarum,
1082 2035 1310 2105 ideoque
1348 2039 1566 2105 penitus
1587 2040 1883 2102 obscurati,
1913 2048 1968 2093 et
1999 2040 2101 2093 ini-
2203 2040 2346 2093 tulus
2373 2040 2591 2109 quidem
2621 2038 2700 2093 sic
2751 2039 3043 2107 adaptatur
3073 2056 3087 2092 :
3122 2037 3234 2091 Iste
3273 2036 3496 2105 psalmus
3534 2038 3705 2101 cantici,

520 2123 786 2191 quitatutn
819 2125 1027 2195 repleti.
1048 2125 1142 2181 Vel
1169 2128 1218 2182 in
1240 2129 1489 2185 domibus
1518 2132 1750 2186 terrenis
1781 2132 2097 2197 habitando,
2201 2134 2255 2188 id
2285 2143 2369 2188 est
2416 2133 2522 2187 iste
2573 2141 2838 2187 tractatus
2870 2133 2923 2186 in
2955 2147 3063 2200 quo
3089 2132 3400 2186 continetur
3435 2129 3654 2199 psalmus,
3679 2129 3719 2183 id

523 2212 578 2303 id
611 2222 701 2267 est
727 2214 932 2269 similes
961 2216 1066 2269 illis
1097 2219 1185 2286 qui
1212 2220 1322 2287 jam
1356 2223 1553 2303 mortui
1588 2222 1639 2274 in
1673 2223 1904 2275 terrenis
1926 2222 2099 2276 domi-
2200 2234 2284 2280 est
2306 2224 2507 2279 bonum
2538 2238 2697 2292 opus,
2727 2233 2784 2278 et
2808 2224 3105 2289 canticum,
3132 2224 3188 2277 id
3217 2233 3302 2278 est
3326 2222 3547 2291 jocunda
3576 2238 3717 2275 remu-

524 2302 633 2357 bus
659 2314 804 2367 sunt,
843 2306 894 2359 id
922 2314 1005 2360 est
1029 2308 1080 2360 in
1110 2310 1393 2379 sepulcris.
1425 2310 1576 2377 Quod
1608 2324 1690 2364 est
1728 2313 1907 2367 dicere
1935 2332 1947 2365 :
1978 2313 2097 2368 Iam
2199 2315 2410 2370 ncratio
2436 2313 2561 2369 boni
2589 2315 2790 2384 operis.
2815 2313 3045 2383 Ideoque
3074 2314 3275 2369 dicitur
3304 2313 3523 2382 psalmus
3544 2312 3717 2373 cantici;

523 2393 743 2445 omnino
785 2394 839 2445 in
872 2392 1017 2449 vitiis
1050 2399 1272 2462 mortui,
1316 2410 1442 2453 sunt
1478 2400 1830 2469 iniquitatum
1884 2402 2094 2472 repleti.
2197 2405 2509 2473 propositus
2553 2412 2637 2459 est
2669 2404 2791 2467 tibi,
2820 2419 2854 2458 o
2892 2404 3068 2473 Αθαρὴ
3102 2404 3357 2467 inﬁdelis,
3389 2403 3649 2457 adhortans
3677 2409 3717 2453 te

523 2477 635 2534 Oro
663 2483 875 2550 respice,
910 2492 965 2537 et
1008 2498 1105 2551 per
1134 2485 1236 2540 hoc
1264 2488 1548 2558 contingit,
1582 2506 1644 2542 ne
1682 2500 1951 2543 avertatur
1979 2506 2007 2543 a
2040 2500 2093 2546 te
2198 2500 2281 2549 sui
2304 2494 2597 2560 evidentia,
2628 2510 2690 2547 ne
2720 2510 3030 2563 corrumpas
3059 2493 3240 2562 ipsum
3269 2501 3566 2556 tractatum,
3600 2491 3644 2543 in
3666 2489 3717 2556 ﬁ-

519 2573 735 2627 humilis
763 2573 1011 2643 populus,
1036 2576 1245 2633 scilicet
1275 2594 1573 2649 pauperum
1601 2582 1694 2635 tibi
1728 2581 1975 2637 subditus
1999 2584 2097 2636 hu-
2198 2602 2313 2639 nem
2336 2585 2656 2655 respiciens,
2682 2586 2734 2639 id
2755 2595 2837 2640 est
2854 2585 2906 2639 in
2931 2584 3232 2648 Christum,
3256 2586 3343 2640 cui
3364 2599 3478 2638 eum
3502 2583 3715 2643 ascribas,

518 2664 740 2717 militer.
767 2664 880 2721 Hoc
898 2676 1076 2721 autem
1095 2668 1235 2722 idem
1254 2680 1336 2724 cst
1358 2672 1497 2740 quod
1517 2672 1765 2742 superius
1782 2673 2096 2741 posuitani-
2195 2681 2287 2747 qui
2322 2679 2411 2734 hic
2440 2694 2601 2749 agere
2631 2679 2864 2735 videtur,
2899 2678 3031 2732 Nam
3058 2679 3103 2733 si
3146 2678 3239 2731 alii
3277 2693 3397 2732 eum
3425 2676 3719 2738 attributam,

515 2770 631 2807 mas
650 2772 935 2824 pauperum
954 2768 1163 2813 tuorum
1179 2776 1240 2814 ne
1255 2760 1575 2816 obliviscaris
1590 2802 1605 2825 ,
1621 2763 1714 2816 sed
1739 2763 1857 2817 ideo
1880 2765 2034 2832 repeti

2198 2771 2383 2841 utique
2405 2786 2805 2841 corrumperes.
2835 2770 2979 2824 Nulli
3007 2770 3152 2823 enim
3178 2769 3287 2823 nisi
3316 2767 3523 2823 Christo
3544 2778 3717 2834 compe-

515 2850 575 2893 ut
599 2842 848 2897 ostendat
870 2844 1117 2899 eerctum
1142 2848 1234 2916 qui
1281 2859 1629 2918 sequeretur,
1660 2851 1703 2905 Si
1731 2860 2088 2907 averteretur.
2198 2863 2284 2927 ιίι,
2312 2870 2371 2915 ul,
2397 2862 2540 2915 dicat
2569 2879 2581 2915 ;
2609 2861 2724 2930 Ego
2750 2861 3057 2928 conﬁrmavi
3082 2859 3354 2913 columna;
3375 2858 3500 2928 ejus,
3522 2866 3561 2909 ει
3583 2853 3719 2908 omnia

588 2934 718 2990 Dico
746 2954 808 2991 ne
837 2947 1105 2991 avertatur
1142 2939 1374 2994 humilis.
1412 2941 1642 2995 Humilis
1671 2943 1835 3014 286
1864 2945 1984 2997 dico
2010 2945 2093 3014 fa-

2194 2969 2394 3006 cornua
2419 2962 2752 3020 peccatorum
2801 2952 3155 3021 confringam,
3193 2959 3333 3014 εις..
3362 2964 3476 3018 qua:
3501 2947 3577 3001 hic
3597 2945 3713 2999 dicit.

430 3105 446 3119 '
514 3034 627 3119 οξιιδ
648 3027 922 3095 confusus,
950 3029 994 3082 Si
1024 3044 1251 3085 aversus
1270 3030 1450 3095 Γιιθτῖῑν
1475 3034 1619 3101 (ἰυοά
1640 3043 1723 3088 θδι
1745 3035 1958 3089 άίεονεε
1986 3036 2086 3101 Qui
2125 3110 2161 3119 Α
2194 3043 2328 3097 Cum
2362 3053 2544 3098 autem
2576 3044 2702 3096 talia
2734 3043 2787 3096 in
2818 3058 2876 3097 se
2907 3044 3107 3097 habeat
3137 3057 3262 3110 quae
3283 3042 3382 3096 soli
3406 3040 3600 3096 Christo
3622 3050 3720 3091 con-

514 3115 558 3167 si
592 3126 931 3172 averteretur
953 3121 1262 3174 omnimoda
1284 3122 1602 3176 confusione
1638 3124 2084 3181 confunderetur.
2118 3110 2162 3169 C
2194 3134 2439 3199 veniunt,
2466 3136 2581 3203 ipsa
2609 3134 2690 3187 sui
2716 3134 2986 3188 evidentia
3029 3143 3083 3188 te
3112 3134 3389 3189 infidelem
3417 3133 3599 3200 Asaph,
3622 3140 3716 3196 qua:

512 3205 743 3276 Ideoque
765 3224 861 3262 oro
892 3227 956 3263 ne
981 3222 1272 3265 avertatur.
1302 3213 1445 3279 Quia
1468 3216 1515 3269 si
1545 3216 1773 3285 p0pulus
1805 3217 2024 3272 humilis

2196 3227 2416 3281 sinistre
2446 3226 2755 3295 Scripturas
2804 3225 3207 3293 interpretaris,
3244 3226 3492 3279 admouet
3530 3236 3588 3275 ne
3621 3231 3715 3271 eum

517 3304 568 3349 te
591 3313 693 3351 non
727 3298 888 3355 fuerit
916 3316 1161 3367 aversus,
1194 3305 1297 3359 hoc
1338 3307 1617 3377 continget
1648 3308 1773 3377 quia
1804 3325 2005 3378 pauper
2041 3319 2090 3363 et
2192 3331 2529 3384 corrumpas,
2562 3317 2656 3371 sed
2679 3315 2896 3370 Christo
2924 3315 3210 3369 attribuas.

513 3390 661 3458 inops
692 3390 980 3446 laudabunt
1027 3411 1214 3450 nomen
1249 3406 1417 3465 tuum,
1459 3399 1510 3453 id
1551 3408 1637 3454 est
1665 3401 1861 3471 singuli
1902 3401 2092 3457 ﬁdeles
2263 3406 2642 3475 Conﬁtebimur
2667 3405 2782 3471 tibi,
2833 3406 2994 3468 Deus,
3023 3405 3290 3460 Trinitas.
3334 3406 3443 3476 Ego
3477 3411 3528 3457 et
3556 3400 3643 3455 mei
3664 3411 3715 3450 ex

514 3480 581 3579 tif?
610 3489 701 3579 "t9
728 3483 921 3579 humili
947 3485 1167 3579 populo,
1221 3490 1312 3556 qui
1344 3504 1404 3543 se
1432 3490 1764 3558 reputabunt
1796 3506 2087 3559 pauperes,
2195 3498 2360 3552 nimia
2387 3500 2604 3567 quidem
2637 3498 2950 3564 dilectione,
2984 3506 3041 3552 et
3070 3499 3198 3566 quia
3237 3514 3406 3553 unum
3444 3505 3520 3551 est
3541 3492 3716 3564 spirita-

515 3568 568 3621 id
620 3578 700 3622 est
747 3571 1135 3628 insumcientes
1175 3592 1275 3644 per
1304 3593 1363 3632 se
1407 3579 1649 3644 liberari,
1682 3590 1735 3634 et
1764 3581 1982 3649 inopes,

2193 3587 2315 3640 liter
2337 3604 2459 3641 cum
2488 3590 2590 3655 eis,
2624 3604 2682 3643 se
2725 3589 2987 3643 membris
3017 3587 3284 3659 adjungit,
3316 3604 3433 3643 cum
3464 3586 3579 3641 dicit
3604 3582 3712 3636 Con-

514 3667 599 3711 cst
632 3659 1019 3716 insuflieientes
1045 3680 1141 3732 per
1178 3665 1342 3720 alium
1388 3683 1549 3736 quam
1590 3685 1685 3738 per
1725 3680 1775 3724 te
1822 3671 2087 3740 adjuvari.
2190 3677 2474 3745 fitebimur,
2508 3693 2574 3731 ac
2620 3679 2664 3732 si
2698 3678 2843 3731 dicat
2888 3695 2901 3732 :
2938 3678 3121 3745 Asapli
3155 3678 3394 3732 inﬁdelis
3419 3692 3446 3729 a
3486 3674 3620 3729 laude
3647 3681 3714 3724 tua

514 3746 832 3840 Laudabunt
880 3768 1064 3805 nomen
1106 3764 1276 3817 tuum,
1309 3756 1361 3813 id
1405 3766 1491 3812 est
1539 3759 1808 3815 laudando
1839 3768 1889 3814 te
1936 3777 2087 3826 voce,
2193 3785 2344 3825 meos
2373 3771 2640 3824 devocare
2666 3770 2924 3835 intendit,
2964 3770 3106 3840 quod
3150 3769 3358 3825 frustra
3392 3766 3634 3823 estNam
3663 3760 3714 3813 ad

513 3838 678 3892 corde
724 3846 1435 3944 et.o|)ere.,lmagnificabunt
1462 3864 1654 3903 nomen
1682 3859 1851 3904 tuum.
1877 3851 1944 3905 Et
1970 3852 2090 3907 ideo
2192 3863 2294 3916 mei
2325 3861 2629 3929 exemplum
2662 3838 3090 3928 conﬁtebuuiur,
3128 3864 3181 3917 id
3202 3872 3291 3917 est
3319 3860 3591 3914 laudabunt
3614 3852 3712 3914 mei,

511 3943 733 4000 exsurge
761 3931 924 3996 Deus,
958 3933 1011 3987 id
1051 3944 1136 3989 est
1166 3945 1359 4005 potens
1396 3955 1596 4008 apparo
1625 3942 1933 4011 adjuvando
1963 3959 2085 4009 eos;
2191 3967 2374 4020 opere.
2404 3952 2620 4019 Repetit
2648 3960 2829 4006 autem
2855 3962 2913 4005 ut
2943 3954 3234 4020 addatsic:
3265 3950 3629 4019 Conﬁtebimur,
3654 3943 3715 3994 in.

512 4028 568 4075 et
592 4024 695 4076 hoc
722 4024 879 4078 modo
902 4025 1109 4080 scilicet
1139 4042 1404 4099 exsurge:
1437 4031 1632 4085 Judica
1663 4033 1713 4085 in
1740 4035 1846 4087 tuis
1874 4052 2089 4089 causam
2192 4018 2377 4112 quam,
2408 4018 2590 4112 opere,
2621 4052 2668 4095 ει
2697 4043 2863 4097 etiam
2900 4018 3264 4097 invocabiums
3302 4018 3479 4095 nomen
3506 4048 3650 4095 mum,
3674 4031 3713 4112 id

518 4121 699 4179 tuam,
718 4114 770 4168 id
794 4115 1045 4183 estjusto
1069 4115 1276 4184 judicio
1304 4120 1677 4188 dispositionis
1708 4133 1828 4187 tum,
1858 4126 2089 4181 defende
2190 4101 2273 4190 elsl,
2297 4101 2525 4188 interius
2550 4134 2603 4186 in
2629 4134 2808 4187 anima
2836 4134 2977 4188 bona
3010 4134 3298 4188 devotione
3328 4130 3615 4187 vocabimus
3642 4101 3714 4175 nti-

512 4203 566 4258 in
618 4205 697 4260 eis
750 4222 970 4261 causam
1017 4216 1195 4273 tuam;
1243 4225 1306 4265 ac
1344 4213 1390 4265 si
1445 4213 1639 4266 dicat:
1688 4214 1788 4283 Ipsi
1841 4231 2092 4285 suscepe-
2192 4241 2313 4279 men
2374 4235 2545 4290 tuum,
2580 4224 2723 4292 quod
2760 4235 2844 4278 est
2880 4225 3163 4288 Dominus,
3214 4224 3360 4293 quod
3412 4229 3490 4276 est
3527 4218 3711 4272 dicere:

511 4304 639 4350 runt
677 4312 893 4352 causam
932 4307 1100 4363 tuam,
1152 4300 1217 4354 ad
1253 4301 1645 4358 defendendum
1689 4316 1875 4360 contra
1905 4308 2092 4361 catho-
2191 4315 2530 4371 censuerunt
2564 4316 2752 4370 meite
2792 4316 2961 4369 Deum
3013 4332 3154 4381 esse,
3208 4326 3265 4370 ει
3304 4328 3492 4369 nomen
3523 4319 3647 4363 tuum
3672 4303 3713 4355 in

509 4389 628 4444 litxe
659 4389 781 4445 ﬁdei
805 4391 1178 4458 adversarios;
1207 4396 1300 4448 sed
1331 4397 1457 4463 quia
1491 4413 1589 4464 per
1618 4412 1678 4453 se
1703 4397 2089 4454 insuIIicientes
2124 4451 2164 4468 n
2195 4408 2441 4462 interiori
2513 4421 2610 4461 suo
2690 4410 2936 4462 vocando
2999 4408 3428 4468 venerabantur,
3499 4399 3574 4453 vel
3615 4395 3709 4449 sic:

511 4488 656 4541 sunt,
698 4477 1063 4547 justojudicio
1094 4490 1184 4537 tuo
1213 4483 1443 4539 defende
1472 4486 1523 4539 iu
1550 4488 1629 4541 eis
1651 4503 1869 4542 causam
1902 4496 2083 4543 tuam:
2123 4451 2166 4507 θ
2193 4498 2562 4551 Invocabimus
2611 4512 2705 4552 ore
2767 4513 2953 4550 nomen
3008 4507 3178 4561 tuum,
3228 4498 3371 4565 quod
3403 4451 3481 4548 est
3526 4490 3709 4543 dicere:

511 4574 567 4620 ει
597 4582 701 4620 1101]
732 4568 903 4622 solum
929 4570 1055 4634 hoc,
1080 4573 1173 4625 SCfI
1197 4573 1362 4626 etiam
1394 4591 1591 4627 memor
1615 4585 1722 4628 8810
1748 4577 2087 4645 improperio-
2198 4587 2403 4642 Nomen
2454 4596 2623 4649 “mm,
2665 4589 2807 4655 quod
2848 4597 2931 4641 ρει
2977 4588 3270 4651 Dominus,
3304 4580 3583 4639 invocanda
3616 4586 3712 4628 ora-

512 4664 660 4723 rum,
692 4668 902 4712 tuorum
944 4660 1205 4729 fidelium,
1260 4681 1441 4717 eorum
1477 4666 1686 4721 scilicet
1728 4668 2086 4738 improperio-
2191 4679 2539 4745 bunue,mci
2563 4678 2832 4747 exemplo,
2859 4687 2913 4732 ei
2936 4694 3042 4731 ηοη
3069 4677 3241 4732 solum
3259 4678 3380 4740 ιιοε,
3399 4673 3486 4728 sed
3505 4680 3551 4725 ct
3570 4680 3714 4719 narra-

512 4762 632 4838 tum
659 4757 920 4838 quwtota
971 4751 1079 4814 die.
1113 4751 1165 4806 id
1198 4763 1280 4807 est
1314 4754 1517 4824 iugiter
1564 4756 1628 4808 ab
1662 4757 1935 4824 insipiente
1969 4758 2090 4812 inﬁ-
2193 4771 2360 4823 bimus
2411 4769 2572 4838 237
2603 4768 2723 4821 aliis
2753 4767 3016 4821 mirabilia
3058 4777 3171 4832 tua,
3218 4766 3360 4835 quod
3405 4769 3482 4818 est
3524 4759 3709 4811 dicere:

513 4836 617 4929 deli
649 4836 844 4929 p0pulo
880 4847 997 4890 sunt
1040 4839 1120 4893 eis
1163 4842 1353 4895 collata
1379 4882 1392 4905 ,
1434 4842 1577 4911 quod
1608 4854 1692 4899 est
1729 4844 1912 4900 dicere
1952 4864 1966 4900 :
2004 4846 2087 4901 Ne
2196 4860 2304 4929 Ego
2330 4836 2604 4929 ρθῖιῇέος
2658 4859 2896 4913 narrabo
2933 4857 3054 4911 aliis
3087 4856 3358 4910 mirabilia
3399 4862 3505 4913 tua,
3549 4845 3715 4901 scilicet

514 4926 862 4992 obliviscaris,
897 4929 1111 4995 quando
1132 4930 1236 4997 :eos
1269 4932 1322 4985 in
1358 4932 1537 4988 futuro
1573 4950 1904 5000 remuneres,
1940 4951 2033 5005 quc

2194 4950 2624 5007 incarnationem
2664 4960 2720 5003 et
2768 4951 3105 5004 nativitatem
3150 4963 3346 5007 meam,
3378 4951 3431 4997 et
3463 4936 3622 4995 mundi
3651 4945 3713 4983 re-

511 5036 610 5112 Ρτο
636 5029 687 5112 ie
714 5019 1343 5112 ίῐηρφρθᾲνίθμευειίηθηι
1370 5026 1438 5078 ab
1483 5026 1683 5096 impiis,
1730 5029 1832 5083 θιεί
1872 5028 1959 5083 hic
2008 5030 2088 5084 Vi-
2195 5042 2582 5112 demptionem,
2612 5049 2667 5095 et
2697 5049 2891 5095 caetera
2924 5040 3193 5094 mirabilia
3220 5054 3341 5108 quae
3378 5049 3471 5105 per
3506 5043 3583 5083 me
3618 5036 3714 5092 ουδ’

512 5110 692 5164 dearis
721 5108 967 5164 oblivisci
995 5127 1007 5162 :
1042 5108 1110 5163 Et
1139 5126 1200 5163 ne
1234 5112 1554 5168 obliviscaris
1587 5133 1728 5169 voces
1758 5118 2089 5173 inimicorum
2199 5108 2365 5193 mg,
2401 5135 2473 5190 ut
2494 5135 2693 5189 auditis
2723 5134 3062 5189 mirabilibus
3090 5133 3231 5196 ἰδῇςν
3259 5129 3324 5185 ad
3373 5138 3423 5183 te
3447 5126 3715 5180 convertant.

513 5209 743 5291 ηιοζωην
794 5198 845 5291 ίξῘ
890 5208 974 5291 (ἵει
1001 5198 1525 5291 ξωρτορθνῖαϊίιυω
1575 5205 1681 5259 “lis
1719 5206 1957 5262 inferum
1995 5224 2092 5279 Per
2203 5240 2307 5291 tur,
2343 5239 2398 5283 et
2426 5229 2567 5282 bono
2590 5241 2687 5281 suo
2739 5226 2845 5281 mei
2874 5224 3294 5286 conﬁtebuntur,
3344 5227 3399 5274 et
3443 5207 3714 5269 invocabunl

514 5288 703 5386 Vf’ib‘f’
734 5288 863 5386 qui"
908 5289 961 5343 i"
994 5288 1175 5344 futuro
1203 5306 1540 5356 remunerest
1573 5303 1628 5349 εί
1655 5295 1697 5348 Si
1730 5296 1817 5349 hic
1856 5297 2089 5351 "mearis
2201 5330 2256 5377 et
2286 5288 2603 5373 narrabunt.
2638 5318 2760 5372 Ideo
2798 5332 3031 5386 namque
3061 5332 3179 5369 cum
3226 5323 3462 5383 accepero
3487 5321 3512 5362 a
3534 5308 3713 5375 paterna

515 5378 786 5478 oblivisci,
811 5389 867 5435 et
894 5382 1114 5478 dignum
1147 5391 1232 5438 est
1262 5381 1345 5436 Ne
1371 5383 1712 5440 obliviscaris.
1742 5386 1876 5441 Nam
1901 5405 2088 5457 super-
2200 5408 2549 5478 dispositione
2579 5417 2779 5477 tempus
2805 5378 3102 5477 indic-andi,
3143 5418 3241 5472 ego
3263 5378 3353 5473 qui
3399 5400 3480 5454 hic
3512 5411 3537 5449 a
3558 5383 3717 5445 Judzeis

518 5471 604 5525 bia
630 5490 815 5573 eorum
833 5474 923 5573 qui
954 5484 1000 5527 te
1029 5478 1272 5573 oderunt,
1302 5485 1422 5573 tuos
1456 5480 1857 5547 persequendo,
1887 5497 2089 5549 semper
2191 5471 2469 5573 judicatus
2500 5517 2618 5557 sum
2652 5471 2870 5568 ίέῇυείθ,
2890 5499 3126 5568 Ῐηειηία,
3160 5471 3209 5550 id
3252 5471 3332 5551 0's.
3378 5496 3513 5563 iusta
3546 5478 3711 5553 judicia

522 5565 774 5633 ascendit,
805 5566 855 5620 id
878 5577 960 5620 est
983 5566 1179 5620 crescit
1203 5575 1259 5622 et
1281 5568 1574 5624 exaltatur.
2191 5565 2470 5665 'judicabo,
2504 5565 2903 5650 remunérandu
2946 5605 3115 5655 meos,
3148 5596 3305 5658 prout
3350 5584 3540 5654 justum
3566 5567 3711 5629 ΐυετίιο
