3846 6334
131 311 243 369 Nl?

1016 305 1382 364 EXPOSITIO
1420 305 1492 359 ΙΜ
1521 302 1860 360 PSALMOS.
1881 333 1952 344 —
1975 302 2169 359 PSAL.
2206 300 2436 356 LXXIV.

3219 306 3352 362 l0l8

130 425 240 480 Dico
259 418 397 489 quod
425 419 529 474 mei
565 419 860 472 narrabant
897 416 1023 471 aliis
1050 416 1322 472 mirabilia
1353 425 1438 470 tua
1465 425 1522 469 ut
1545 430 1678 470 con-
1703 417 1753 476 Α
1781 414 1871 481 qui
1916 412 2004 466 hic
2035 427 2132 481 per
2168 411 2476 480 superbiam
2523 410 2812 476 cxaltatur,
2864 422 2911 465 et
2959 414 3116 477 Imnc,
3169 414 3222 469 id
3267 426 3352 472 est

129 518 413 573 vertantur,
461 518 515 563 et
563 523 785 562 necesse
839 517 941 562 est.
973 507 1108 561 Nam
1137 517 1278 561 terra
1329 523 1450 577 quae
1476 506 1542 560 ad
1578 506 1678 560 hoc

127 603 248 657 facta
271 601 390 665 fuit,
416 611 475 654 ut
500 598 671 654 solida
697 608 752 653 et
778 597 932 651 ﬁrma
953 599 1006 651 in
1033 598 1328 652 virtutibus
1341 606 1503 662 esset,
1519 597 1678 666 lique-

119 698 244 766 facta
285 704 379 758 est,
412 693 466 746 id
511 702 594 746 est
624 691 940 745 inconstans
967 698 1024 744 et
1066 689 1246 744 diﬁlua
1283 689 1420 744 facta
1461 696 1567 753 est,
1620 688 1672 742 in

116 787 245 840 vitiis
267 795 320 840 et
346 785 401 838 in
432 783 752 838 inﬁdelitate
788 797 906 836 sua.
953 781 1034 835 Ad
1083 781 1488 835 similitudinem
1522 780 1676 847 liqui-

115 878 185 931 (ιω
213 877 302 940 rei,
326 890 450 945 quae
473 873 652 929 diﬁlua
681 883 785 928 est.
819 872 894 926 Ne
935 887 1066 926 vero
1115 871 1536 942 intelligeremus
1584 871 1672 926 hic

114 967 188 1038 agi
211 967 273 1020 de
310 975 453 1020 terra
493 965 614 1027 hac,
648 981 812 1034 quam
874 963 1134 1020 usualiter
1181 971 1382 1017 terram
1419 961 1668 1028 dicimus,

111 1069 216 1124 qua:
243 1055 430 1124 utique
462 1053 755 1122 liquefacta
794 1068 900 1107 non
930 1061 1036 1117 est,
1065 1051 1390 1106 determinat
1418 1051 1521 1106 hoc
1546 1066 1667 1106 cum

111 1147 278 1201 addit:
307 1145 378 1199 Et
401 1162 580 1200 omnes
613 1147 704 1216 qui
729 1145 966 1198 habitant
1003 1144 1056 1197 in
1104 1159 1165 1197 ea
1199 1152 1366 1210 terra,
1395 1145 1538 1212 quod
1584 1151 1671 1200 est

110 1239 310 1295 dicere:
371 1239 598 1294 Scilicet
639 1255 815 1293 omnes
865 1237 1111 1292 homines
1157 1237 1278 1291 dico
1325 1237 1664 1305 liquefactos,

106 1339 184 1407 qui
202 1337 432 1389 habitant
460 1335 516 1387 in
544 1350 604 1387 ea
633 1343 800 1397 terra,
828 1341 936 1386 tam
959 1331 1187 1402 gentiles
1217 1346 1376 1398 quam
1411 1327 1660 1395 Judazos;

107 1428 189 1482 sed
209 1443 294 1496 ego
322 1427 417 1495 qui
451 1425 718 1494 impotens
742 1425 928 1478 videor
963 1431 1018 1476 et
1051 1421 1270 1476 humilis
1303 1434 1317 1474 :
1347 1419 1665 1488 Conﬁrmavi

105 1515 355 1570 columnas
377 1515 518 1584 ejus,
555 1515 606 1568 id
634 1524 718 1568 est
753 1514 1016 1586 mittendo
1041 1512 1302 1582 Spiritum
1335 1511 1661 1581 paracletum

105 1607 150 1661 in
183 1605 280 1660 ﬁde
333 1613 392 1660 et
440 1605 664 1670 virtute,
710 1615 766 1659 et
815 1604 1061 1658 doctrina
1121 1603 1523 1672 pradicatores,
1569 1601 1661 1670 qui

102 1713 142 1751 et
155 1704 240 1750 unt
260 1695 530 1751 columnae
551 1693 672 1764 ejus
705 1704 882 1759 terrae,
924 1695 975 1748 id
1024 1705 1110 1749 est
1139 1708 1236 1763 per
1263 1692 1662 1761 praedicationis

1779 503 1942 556 alium
1981 500 2253 569 populum,
2297 499 2505 553 scilitet
2549 498 2803 562 ﬁdelium,
2839 501 2928 568 qui
2961 502 3045 556 hic
3076 504 3185 558 Deo
3219 519 3352 560 con-

1780 593 2017 655 ﬁtentur,
2042 591 2259 652 eaaltat,
2293 589 2342 641 id
2370 597 2452 641 est
2480 588 2815 643 beatitudine
2836 599 3034 644 aeterna
3065 593 3348 662 exaltabit,

1776 684 1866 750 qui
1907 683 1992 735 hic
2020 695 2114 750 per
2142 679 2518 734 tribulationes
2554 677 2938 742 humiliantur;
2963 689 3017 734 et
3061 696 3186 737 vere
3211 684 3346 739 alios

1776 771 2099 836 bumiliabit,
2129 781 2184 824 et
2211 770 2344 823 alios
2368 769 2648 833 exaltabit,
2684 769 2807 838 quia
2852 770 2907 820 in
2949 786 3126 832 manu,
3183 772 3233 825 id
3263 783 3346 828 est

1775 863 1826 916 in
1859 872 2146 933 potestate,
2172 861 2386 915 Domini
2423 860 2548 916 Jesu
2589 862 2800 915 venturi
2831 861 2936 914 erit
2979 861 3118 915 calix
3164 863 3344 930 plenus

1772 957 1948 1020 inisto,
1981 955 2030 1009 id
2057 963 2139 1008 est
2199 953 2422 1006 mistura
2455 952 2565 1006 vini
2609 953 2767 1018 meri,
2821 953 2962 1021 quod
3007 964 3092 1007 est
3121 955 3297 1008 dicere
3327 971 3344 1009 :

1772 1047 1826 1100 ln
1858 1055 2122 1116 potestate
2161 1044 2371 1098 Domini
2414 1045 2520 1098 erit
2567 1044 2850 1112 judicium,
2899 1045 3204 1098 redundans
3245 1045 3347 1098 mi-

1767 1147 1918 1192 stura
1957 1136 2064 1191 vini
2111 1134 2268 1198 meri,
2302 1133 2352 1186 id
2383 1142 2466 1188 est
2519 1134 2571 1187 in
2626 1148 2732 1202 quo
2767 1133 3075 1187 continetur
3119 1135 3344 1190 mistura

1767 1246 1932 1300 requa:
1972 1231 2443 1300 remunerationis,
2482 1243 2601 1296 qua:
2629 1228 2808 1281 viuum
2835 1227 3051 1291 dicitur,
3101 1242 3167 1282 eo
3201 1228 3344 1297 quod

1767 1321 1869 1375 alia
1898 1334 2023 1389 pars
2049 1319 2164 1388 ejus
2202 1321 2372 1376 dulcis
2409 1320 2534 1385 erit,
2579 1326 2842 1388 quantum
2893 1319 2961 1372 ad
2999 1317 3190 1384 bonos,
3237 1319 3342 1375 alia

1766 1428 1894 1468 vero
1923 1427 2106 1466 amara
2129 1421 2390 1480 quantum
2415 1411 2481 1464 ad
2509 1409 2700 1462 malos.
2735 1406 2976 1476 Utraque
3013 1415 3190 1461 tamen
3214 1423 3344 1476 pars

1765 1519 1915 1558 mera
1950 1503 2076 1566 erit,
2109 1503 2157 1556 id
2182 1499 2456 1568 estjusta,
2496 1507 2549 1554 et
2589 1499 2656 1552 ab
2693 1498 2838 1551 omni
2874 1496 3136 1567 injustitia
3182 1511 3339 1567 pura.

1763 1592 1916 1648 Calix
1941 1601 2120 1645 autem
2161 1590 2330 1660 288
2355 1588 2618 1658 judicium
2651 1587 2868 1650 dicitur,
2901 1601 2967 1641 eo
3001 1588 3140 1656 quod
3196 1587 3343 1642 ineo

1764 1685 1968 1740 mistim
2003 1695 2230 1752 utraque
2257 1680 2622 1737 remuneratio
2665 1677 3047 1743 continebitur,
3093 1679 3231 1733 sicut
3285 1679 3340 1732 in

101 1788 315 1844 cilicium
341 1796 404 1842 et
426 1801 520 1856 per
545 1785 872 1856 exemplum,
899 1795 954 1840 et
977 1785 1280 1840 doctrinam
1302 1799 1475 1848 suam,
1503 1790 1661 1838 erunt
1690 1780 1734 1838 Β
1765 1778 1931 1834 calice
1953 1776 2225 1847 poculum,
2250 1786 2304 1830 ct
2337 1775 2441 1830 hoc
2465 1783 2548 1829 est
2575 1789 2639 1830 ac
2673 1773 2714 1828 si
2737 1773 2883 1828 dicat
2913 1788 2926 1824 :
2967 1772 3104 1827 Vcre
3151 1780 3343 1842 potens

101 1876 450 1933 sustentacula
478 1875 732 1931 Ecclesia:
753 1875 821 1929 de
851 1875 1083 1930 terrenis
1110 1874 1435 1938 constitutae,
1465 1888 1654 1942 quem-

100 1970 370 2024 admodum
403 1967 668 2023 columna;
701 1967 984 2022 domorum
1011 1964 1380 2020 sustentacula
1407 1971 1554 2019 sunt.

154 2061 216 2116 Et
239 2076 337 2130 per
357 2060 641 2114 columnas
677 2059 1051 2123 conﬁrmatas,
1077 2058 1192 2112 dixi
1238 2058 1454 2128 iniquis,
1491 2057 1544 2110 id
1575 2063 1660 2111 est

100 2151 254 2206 dicam
287 2149 622 2205 inﬁdelibus:
656 2147 835 2204 Nolite
858 2148 1034 2216 inique
1056 2164 1232 2217 agere,
1282 2147 1336 2202 id
1387 2155 1474 2202 est
1517 2146 1660 2202 desi-

98 2243 206 2297 stite
230 2256 262 2294 a
293 2255 459 2308 prava
490 2240 722 2303 actione,
752 2249 799 2293 et
820 2238 1267 2309 delinquentibus,
1296 2237 1348 2292 id
1377 2246 1461 2292 est
1490 2251 1658 2305 prave

98 2330 390 2400 agentibus,
423 2330 601 2384 dicam
633 2344 648 2383 :
689 2328 866 2384 Nolite
907 2333 1143 2383 exaltare
1162 2344 1346 2394 cornu,
1375 2327 1427 2382 id
1457 2334 1542 2381 est.
1565 2339 1661 2380 no-

99 2418 175 2474 lite
235 2419 535 2474 sublimare
593 2421 903 2490 superbiam
953 2428 1214 2486 vestram,
1273 2417 1554 2489 gloriando
1592 2416 1660 2472 de

95 2525 236 2578 prava
267 2510 497 2565 actione.
525 2509 657 2564 Cum
674 2511 818 2565 enim
844 2510 1041 2564 malum
1073 2511 1144 2566 sit
1166 2525 1331 2580 prave
1355 2524 1537 2578 agere,
1560 2523 1656 2577 pe-

91 2597 163 2666 jus
205 2606 294 2653 est
339 2613 509 2652 cornu
547 2597 810 2660 exaltare,
841 2599 896 2652 id
922 2608 1005 2654 est
1029 2600 1096 2654 de
1117 2615 1280 2667 prava
1309 2599 1522 2654 actione
1543 2599 1659 2670 glo-

96 2690 288 2754 nando,
312 2688 620 2757 superbiam
642 2704 840 2758 augere
867 2697 921 2744 et
945 2689 1258 2745 sublimare.
1288 2689 1550 2760 Superbia
1575 2692 1656 2744 ni-

94 2783 271 2834 mirum
300 2797 399 2850 per
421 2795 589 2835 cornu
621 2781 908 2850 accipitur,
955 2782 1100 2851 quod
1129 2781 1180 2834 in
1212 2782 1379 2835 altum
1409 2782 1579 2836 tendit
1603 2790 1660 2836 et

97 2868 312 2937 rigidum
345 2877 453 2933 est,
482 2883 548 2924 eo
577 2870 719 2938 quod
751 2871 865 2940 ipsa
888 2885 982 2925 cor
1003 2869 1157 2936 illud,
1190 2870 1272 2924 cui
1299 2869 1458 2934 inest,
1490 2870 1654 2924 nimis

97 2959 237 3013 altum
263 2970 322 3014 et
351 2961 585 3030 rigidum
609 2958 754 3016 facit.
786 2961 940 3016 Unde
968 2961 1152 3032 regina
1181 2961 1435 3014 vitiorum
1459 2962 1657 3016 dicitur

93 3064 220 3117 esse;
247 3061 305 3106 et
332 3051 492 3105 nolite
511 3051 758 3106 extollere
781 3069 943 3106 cornu
971 3062 1216 3117 vestrum,
1271 3053 1322 3106 id
1363 3063 1449 3108 est
1484 3053 1652 3108 subli—

95 3143 256 3198 mitate
307 3143 623 3212 superbiam
657 3152 895 3198 vestram
938 3145 992 3199 in
1035 3146 1226 3207 altum,
1254 3145 1304 3200 id
1336 3154 1420 3200 est
1464 3154 1653 3201 contra

93 3230 234 3286 Deum
259 3231 616 3286 altissimum.
640 3232 874 3303 Exponit
905 3248 1036 3288 vero
1068 3233 1299 3303 qualiter
1350 3249 1456 3288 non
1482 3233 1654 3288 extol—

92 3321 184 3375 lant
210 3331 406 3376 contra
444 3321 610 3376 Deum
636 3316 828 3388 cornu,
860 3339 984 3377 cuin
1039 3323 1210 3387 addit,
1259 3323 1450 3376 scilicet
1496 3325 1653 3376 nolite

92 3412 206 3480 loqui
228 3413 563 3482 iniquitatem
593 3412 842 3466 adversm
857 3412 1046 3478 Deum,
1077 3413 1500 3484 blasphemando
1522 3427 1645 3465 eum

92 3502 435 3570 aliquomodo.
467 3501 562 3555 llle
587 3503 788 3572 quippe
811 3519 903 3558 cor
928 3503 1090 3558 nimis
1139 3503 1192 3558 in
1246 3503 1411 3558 altum
1441 3501 1653 3559 extollit

91 3595 162 3661 qui
189 3597 237 3650 in
266 3595 368 3650 Det
395 3611 444 3646 ιιι
476 3593 868 3663 blasphemiam
901 3595 1032 3666 agit.
1065 3595 1158 3650 Vel
1187 3596 1264 3650 sic
1297 3614 1308 3649 :
1348 3595 1529 3649 Nolite
1561 3612 1651 3649 ea:-

90 3683 241 3738 tollere
266 3685 353 3748 in,
384 3683 438 3738 id
464 3695 569 3749 est,
601 3693 792 3740 contra
818 3684 985 3740 altum
1012 3684 1179 3738 Deum
1211 3701 1302 3738 cor
1323 3694 1567 3748 oestrum,
1597 3685 1652 3740 id

91 3784 150 3826 est
170 3774 478 3842 superbiam
505 3783 765 3838 vestram,
807 3775 874 3830 de
919 3790 985 3829 eo
1027 3774 1169 3828 male
1225 3775 1530 3845 cogitando.
1585 3775 1652 3829 Et

91 3861 220 3916 nolite
248 3863 398 3932 loqui
426 3878 523 3918 ore
572 3864 850 3917 adversum
896 3863 1063 3917 Deum
1087 3864 1436 3933 iniquitatem,
1467 3865 1519 3917 id
1564 3873 1650 3918 est

90 3952 482 4023 blasphemiam,
513 3954 616 4008 hoc
642 3969 747 4009 non
777 3961 1036 4008 mutatur.
1068 3954 1197 4008 Dico
1226 3971 1238 4006 :
1267 3951 1447 4008 Nolite
1474 3955 1648 4025 inique

92 4058 236 4111 agere,
267 4054 334 4100 et
360 4043 521 4097 nolite
563 4043 704 4114 loqui
756 4046 1007 4097 adversus
1057 4043 1246 4108 Deum,
1298 4044 1487 4098 ethoc
1529 4045 1650 4099 ideo

90 4135 215 4191 vobis
258 4145 352 4192 est
400 4137 820 4200 observandum,
856 4136 980 4205 quia
1017 4136 1192 4205 judex
1241 4149 1503 4190 venturus
1545 4146 1646 4201 est,

91 4223 270 4280 scilicet
295 4225 575 4293 Christus,
603 4225 692 4295 qui
719 4225 982 4295 judicabit
1007 4226 1255 4280 districte
1272 4235 1494 4296 agentes
1542 4227 1646 4281 ini-

91 4325 191 4382 ςιιε.

143 4403 306 4459 ludes:
329 4388 457 4460 dico
486 4420 646 4474 neque
675 4405 738 4458 ab
788 4405 1004 4471 oriente,
1037 4392 1198 4472 neque
1243 4407 1307 4458 ab
1360 4407 1642 4475 occidente,

1764 1870 1868 1926 erit
1902 1869 1967 1925 ad
1998 1867 2385 1923 humiliandum
2415 1875 2471 1920 et
2505 1865 2570 1918 ad
2624 1862 2989 1918 exaltandum.
3041 1860 3175 1914 Nam
3227 1862 3340 1929 ipse

1761 1961 1814 2015 in
1847 1957 2396 2030 potestatejudicium
2428 1955 2669 2022 habebit,
2693 1955 2745 2008 in
2777 1969 2884 2025 quo
2915 1939 3118 2008 mistim
3139 1953 3337 2020 duplex

1762 2049 2128 2105 remuneratio
2151 2047 2550 2112 continebitur;
2601 2054 2659 2099 et
2685 2046 2829 2099 hunc
2855 2044 3080 2098 calicem
3111 2041 3340 2095 inclina-

1759 2143 1851 2209 uit,
1885 2142 1934 2197 id
1959 2151 2044 2198 est
2082 2141 2360 2206 extendet,
2391 2155 2455 2194 ea:
2503 2138 2599 2192 hoc
2639 2143 2823 2208 potato
2873 2135 2928 2189 in
2960 2134 3096 2188 Itum:
3144 2141 3342 2204 potana

1759 2237 1904 2290 dum.
1937 2235 1980 2288 A
2010 2233 2362 2288 similitudine
2390 2231 2662 2301 pincernae
2709 2228 2799 2298 qui
2839 2241 2947 2282 uno
2993 2233 3198 2297 potato,
3253 2224 3338 2278 in-

1757 2325 1923 2380 clinat
1945 2324 2168 2378 calicem
2190 2323 2258 2377 ad
2283 2321 2468 2376 alium.
2499 2321 2658 2397 Elea:
2693 2321 2787 2372 hoc
2812 2319 2867 2372 in
2915 2318 3032 2380 hoc,
3073 2315 3339 2369 neutrali-

1759 2426 1840 2472 ter
1865 2415 2094 2486 positum
2114 2423 2214 2477 εει,
2248 2428 2314 2468 ac
2348 2412 2394 2467 si
2416 2410 2560 2465 dicat
2591 2428 2604 2464 :
2634 2409 2732 2464 Vix
2763 2409 2866 2462 hoc
2891 2415 3078 2476 potato
3108 2403 3338 2458 inclina-

1757 2509 1850 2572 bit,
1878 2508 1930 2562 id
1960 2515 2044 2560 est
2071 2513 2376 2574 promptum
2403 2502 2565 2556 faciet
2597 2497 2857 2568 judicium
2883 2512 3058 2558 suum,
3091 2495 3144 2548 in
3170 2493 3334 2546 alium

1757 2596 2069 2665 potandum,
2104 2594 2247 2662 quod
2273 2601 2356 2647 est
2380 2593 2560 2646 dicere
2589 2604 2603 2642 :
2641 2588 2936 2658 Postquam
2966 2600 3091 2640 suos
3119 2582 3336 2638 salvan-

1756 2691 1825 2742 do
1855 2685 2305 2750 remuneraverit,
2356 2683 2528 2738 malos
2557 2680 2864 2737 damnando
2897 2677 3043 2748 juste
3084 2689 3336 2732 remune-

1755 2793 1881 2830 rare
1923 2776 2188 2830 intendet.

1825 2867 1962 2934 Quia
2013 2881 2139 2920 vero
2169 2874 2455 2933 utramque
2489 2862 2975 2926 remunerationem
3009 2861 3190 2913 vinum
3221 2871 3336 2912 me-

1756 2975 1871 3013 rum
1898 2966 2204 3023 vocaverat,
2237 2972 2304 3012 ne
2329 2957 2408 3011 sic
2429 2972 2497 3011 ex
2525 2963 2634 3010 toto
2661 2968 2809 3008 mera
2840 2951 3248 3022 intelligeretur,
3276 2959 3335 3002 ut

1759 3049 1809 3100 in
1839 3047 1984 3100 nulla
2026 3055 2181 3115 parte
2210 3059 2394 3098 amara
2437 3045 2733 3108 videretur,
2792 3058 2910 3097 eam
2962 3049 3230 3094 austeram
3281 3045 3336 3091 et

1683 3123 1726 3182 C
1758 3152 2004 3207 asperam
2026 3149 2148 3190 esse
2175 3135 2434 3201 ostendit,
2464 3145 2724 3204 quantum
2748 3133 2814 3187 ad
2839 3123 3196 3192 damnandos,
3215 3128 3326 3182 sic:

1755 3231 1884 3284 Dico
1908 3229 2012 3282 vini
2044 3229 2194 3282 uteri.
2226 3227 2608 3282 Verumtamen
2651 3225 2777 3279 licet
2803 3239 2949 3278 mera
2981 3223 3051 3277 sit
3094 3221 3332 3275 retribu-

1755 3321 1847 3384 tio,
1877 3320 1983 3390 [rex
2011 3319 2122 3389 ejus
2151 3319 2339 3374 calicis
2371 3335 2471 3371 non
2495 3327 2568 3371 est
2592 3317 2880 3382 exinanita,
2907 3316 2960 3370 id
2981 3326 3061 3370 est
3083 3314 3331 3382 quamvis

1755 3415 1842 3467 illa
1869 3413 2156 3468 retributio
2179 3429 2325 3468 mera
2352 3413 2442 3478 sit,
2475 3421 2655 3467 tamen
2683 3399 2810 3466 τίεις
2863 3422 2948 3466 est
2979 3420 3234 3481 quantum
3261 3410 3330 3464 ad

1752 3505 1944 3576 impios
1963 3514 2204 3579 austera,
2231 3504 2437 3559 scilicet
2469 3513 2523 3557 ct
2550 3502 2760 3555 turbida
2789 3502 2854 3555 ad
2881 3502 3098 3576 modum
3131 3500 3276 3554 faecis
3310 3512 3326 3550 :

1749 3605 1806 3650 et
1828 3595 1948 3650 talis
1996 3597 2118 3660 faex,
2175 3610 2293 3664 qua:
2327 3579 2606 3663 nunquam
2656 3592 2762 3646 erit
2815 3591 3109 3654 exinanita,
3150 3591 3200 3644 id
3247 3598 3330 3644 est

1751 3701 1870 3756 qua:
1900 3701 2174 3755 nunquam
2211 3685 2582 3748 evacuabitur,
2613 3683 2708 3737 sed
2757 3692 2962 3738 aeterna
2989 3683 3112 3736 erit.
3168 3681 3237 3736 Et
3264 3695 3331 3734 ex

1751 3794 1813 3835 ea
1834 3779 1964 3833 faece
1989 3779 2156 3832 bibent
2180 3794 2355 3831 omnes
2385 3785 2678 3846 peccatores
2701 3785 2875 3841 teme,
2900 3775 2989 3844 qui
3015 3783 3155 3829 terra
3182 3781 3331 3836 sunt,

1751 3871 1800 3926 id
1832 3879 1918 3927 est
1944 3869 2283 3925 solummodo
2318 3868 2550 3923 terrenis
2596 3867 2890 3922 inhiantes.
2930 3866 3065 3919 Nam
3097 3865 3140 3919 si
3171 3863 3330 3918 abso-

1751 3958 1861 4014 lute
1886 3973 2076 4013 omnes
2107 3965 2420 4027 peccatores
2458 3966 2705 4026 poneret,
2759 3964 2886 4010 tunc
2933 3968 3120 4008 omnes
3160 3953 3331 4006 bonos

1749 4048 1882 4104 faece
1919 4047 2182 4117 potandos
2226 4062 2347 4101 esse
2379 4046 2710 4116 perhiberet.
2761 4033 2950 4098 Nullus
2997 4042 3140 4096 enim
3194 4040 3329 4092 adeo
3373 4092 3394 4110 _

1743 4139 1942 4208 justus,
1973 4137 2062 4206 qui
2095 4136 2285 4191 saltem
2309 4135 2593 4190 venialiter
2628 4150 2733 4188 non
2761 4141 2966 4202 peccet.
3011 4129 3104 4183 Vel
3135 4144 3329 4184 omnes

1750 4235 2066 4298 peccatores
2090 4213 2271 4288 terrae,
2305 4227 2358 4280 id
2389 4235 2472 4280 est
2495 4226 2588 4295 qui
2640 4225 2838 4293 ubique
2876 4233 3141 4277 terrarum
3175 4227 3323 4282 sunt,

1753 4327 1858 4370 tam
1887 4315 2116 4387 gentiles
2167 4331 2328 4384 quam
2355 4313 2544 4380 Judaei,
2575 4321 2860 4383 peccantes
2892 4310 3098 4364 scilicet
3140 4309 3326 4363 crimi-

1751 4407 1964 4462 naliter.
1994 4405 2105 4460 Hoc
2131 4415 2309 4460 autem
2331 4414 2498 4460 totum
2525 4405 2675 4468 dicit,
2705 4411 2763 4458 ut
2784 4401 2954 4456 malos
2978 4401 3322 4467 cxterreudo,

93 4514 273 4568 nequea
300 4500 526 4552 desertis
553 4499 834 4561 montibus,
867 4497 1072 4552 scilicet
1111 4510 1282 4565 neque
1325 4497 1393 4550 ab
1440 4474 1640 4560 austro,
1680 4474 1724 4530 θ
1751 4511 1780 4549 a
1813 4496 2050 4566 peccatis
2072 4509 2164 4549 eos
2215 4495 2472 4549 retrahat.
2506 4493 2796 4562 Postquam
2834 4501 3012 4546 autem
3065 4506 3192 4546 suos
3247 4491 3326 4545 lo-

91 4589 160 4642 ubi
185 4601 306 4646 sunt
336 4599 551 4645 montes
599 4606 695 4660 pro
725 4587 891 4644 nimio
925 4599 1060 4643 testu
1115 4588 1339 4643 calentis
1363 4605 1512 4643 zonae
1549 4594 1644 4643 de-

89 4677 216 4741 serti,
245 4691 424 4746 ncqne
447 4693 480 4730 a
509 4677 893 4744 septentrione,
917 4693 1023 4746 qua
1060 4686 1271 4732 montes
1321 4693 1418 4746 pro
1451 4678 1641 4745 frigida

90 4778 199 4819 zona
221 4765 421 4820 deserti
447 4774 593 4828 sunt,
619 4781 683 4820 ac
708 4767 752 4819 si
787 4766 930 4820 dicat
965 4786 976 4820 :
1019 4767 1315 4821 'l‘imendus
1350 4776 1434 4821 est
1479 4766 1645 4835 judcx

88 4853 348 4926 ille,cujus
381 4859 724 4926 pnesentiam
783 4875 940 4914 nemo
975 4859 1172 4928 poterit
1221 4857 1476 4928 eli'ngere.
1528 4858 1642 4913 Non

88 4950 205 5002 enim
231 4949 420 5006 localis
458 4958 541 5002 est
590 4959 846 5004 venturus
875 4951 1199 5020 abzoriente,
1258 4951 1339 5004 vel
1389 4951 1457 5006 ab
1495 4952 1642 5005 occi—

88 5035 241 5105 dente,
265 5041 346 5095 vel
375 5039 442 5093 ab
469 5048 679 5104 austro,
704 5040 786 5094 vel
816 5055 845 5093 a
881 5042 1268 5108 septentrione,
1302 5042 1397 5096 sed
1450 5040 1644 5110 ubique

87 5137 166 5192 cst,
188 5140 239 5184 et
267 5145 394 5184 vere
435 5145 542 5185 non
573 5139 656 5186 est
682 5131 866 5186 localis
912 5133 980 5186 ab
1030 5133 1208 5202 aliqua
1256 5133 1437 5189 mundi
1487 5135 1642 5205 plaga

89 5229 336 5278 venturus.
383 5222 522 5276 Deus
553 5223 694 5277 enim
716 5225 888 5293 judea:
911 5224 998 5279 ille
1023 5236 1118 5279 est.
1167 5227 1232 5282 Et
1279 5228 1399 5282 inde
1426 5237 1644 5282 constat

87 5306 286 5367 localern
326 5328 452 5368 eum
483 5330 589 5368 non
612 5330 756 5378 esse,
782 5315 1074 5371 secundum
1107 5319 1342 5372 divinam
1368 5329 1638 5384 naturam,

87 5416 392 5461 cumtamen
424 5408 717 5462 secundum
739 5400 1035 5463 humanam
1067 5410 1136 5463 sit
1171 5409 1390 5474 Iocalis;
1423 5421 1477 5464 ct
1519 5407 1640 5466 inde

88 5493 331 5549 constabit
363 5509 484 5549 eum
507 5510 630 5550 esse
652 5498 911 5572 judicem,
956 5499 1044 5566 qui
1101 5499 1238 5552 Deus
1294 5508 1396 5565 cst,
1445 5501 1532 5565 qui
1571 5501 1638 5554 ad

90 5584 174 5639 hoc
197 5598 384 5657 potens
407 5601 513 5657 est,
545 5593 688 5661 quod
720 5594 856 5646 hunc
878 5594 1148 5659 Itumiliat,
1197 5595 1246 5646 id
1275 5603 1356 5648 est
1383 5592 1636 5663 pepulum

89 5674 246 5747 inique
290 5685 558 5751 agentium
607 5681 913 5740 humili-abit
960 5685 1303 5741 damnatione
1353 5667 1660 5754 perpetua,

1748 4597 1977 4657 quentes
2005 4586 2320 4651 introduxit,
2357 4585 2422 4640 ab
2442 4600 2506 4640 co
2537 4585 2656 4640 loco
2691 4584 2778 4639 ubi
2828 4584 3061 4653 positum
3089 4592 3173 4638 est
3199 4583 3323 4636 Diri

1747 4677 1960 4746 iniquis,
1995 4693 2161 4746 usque
2193 4677 2257 4730 ad
2289 4693 2381 4745 ego
2407 4691 2544 4730 sum.
2576 4675 2694 4744 Ipse
2717 4674 2880 4726 etiam
2910 4675 2960 4726 in
2987 4688 3080 4726 sua
3131 4688 3323 4743 perso-

1749 4783 1816 4821 na
1850 4767 2290 4838 agens,ostendit
2323 4767 2442 4822 aliis
2465 4767 2644 4822 verbis
2673 4780 2894 4821 suorum
2939 4764 2990 4817 in
3037 4763 3177 4818 bono
3209 4778 3329 4832 per-

1749 4859 2134 4924 severantiam,
2161 4869 2215 4912 et
2239 4874 2289 4911 ιιι
2313 4856 2494 4912 futuro
2531 4873 2738 4924 eorum,
2764 4864 2818 4912 et
2847 4857 3009 4911 etiam
3059 4857 3323 4910 malorum

1751 4949 2185 5013 retributionem,
2219 4949 2358 5003 sicut
2387 4949 2440 5002 in
2473 4964 2704 5017 persona
2741 4964 2965 5004 suorum
3027 4959 3326 5015 utramque

1751 5041 2242 5097 remunerationem
2282 5042 2610 5106 ostenderat,
2643 5050 2698 5095 ct
2731 5039 2788 5095 id.
2835 5041 2900 5094 ad
2933 5040 3035 5094 hoc
3087 5037 3236 5102 facit,
3269 5045 3326 5089 ut

1750 5143 2039 5203 utramque
2094 5133 2586 5187 remunerationem
2635 5132 2970 5189 ostendendo
3011 5143 3325 5204 perversam

1751 5226 1957 5296 Asaph,
2004 5233 2190 5279 contra
2237 5239 2397 5294 quam
2448 5225 2535 5279 hic
2573 5225 2703 5292 agit,
2763 5224 2934 5293 magis
2988 5222 3322 5292 magisquca

1750 5319 1953 5373 malitia
1989 5326 2228 5383 revocet,
2252 5326 2308 5373 et
2335 5318 2436 5372 hoc
2465 5319 2545 5371 sic
2567 5317 2697 5371 dicit
2723 5333 2734 5369 :
2761 5304 2903 5369 Dico
2932 5314 3073 5384 quod
3099 5315 3162 5367 de
3193 5314 3324 5380 [ατε

1746 5415 1912 5468 bibent
1936 5422 2250 5481 peccatores.
2281 5410 2391 5480 Ego
2420 5419 2592 5464 autent
2615 5407 2934 5462 annunliubo
2957 5407 3010 5459 in
3043 5406 3319 5467 socculum,

1742 5505 1794 5558 id
1826 5513 1906 5558 est
1929 5503 2021 5558 sed
2045 5502 2146 5555 mei
2183 5501 2310 5554 fmce
2333 5515 2434 5554 non
2455 5499 2694 5569 potandi,
2715 5497 3131 5562 annuntiabuut,
3161 5493 3210 5550 id
3233 5503 3317 5574 est

1740 5595 2038 5650 narrabant
2066 5594 2333 5650 mirabilia
2375 5602 2460 5647 tua
2489 5591 2724 5652 aliis,'dc
2766 5591 3107 5660 generatione
3129 5592 3188 5659 in
3219 5607 3313 5660 ge—

1741 5687 2098 5753 nerationem,
2129 5701 2296 5754 usque
2329 5685 2380 5737 iu
2412 5680 2664 5738 sacculum
2698 5665 2960 5748 futurum,
3011 5663 3314 5734 eti-cantabo
