3846 6334
14 5852 23 5959 Ξ

18 5976 23 6041 ξ

14 6050 25 6095 η

551 323 694 380 1019
1138 319 1197 373 S.
1238 317 1587 377 BRUNONIS
1622 315 2269 375 CARTHUSIANORUM
2302 318 2785 380 INSTITUTOBIS
2825 320 2973 381 OPP.
3005 322 3240 382 PARS!
3645 343 3752 403 ιοξυ

549 436 659 493 Deo
682 434 869 499 Iacob,
896 433 950 489 id
978 442 1060 488 est
1086 418 1209 487 cum
1247 433 1610 489 delectatione
1642 432 1938 488 laudabunt
1964 432 2129 485 Deum
2164 439 2209 495 Α

547 523 895 589 luctatorum,
921 534 979 578 ut
1005 539 1097 579 eos
1111 524 1338 579 viriliter
1369 525 1559 580 luctari
1580 524 1739 580 faciat
1761 534 1948 579 contra
1976 524 2126 577 vitia.

548 614 619 668 Et
655 631 754 686 ego
783 615 836 669 in
861 614 1042 669 futuro
1072 614 1407 684 confringam
1441 631 1639 669 cornua
1688 624 2038 683 peccatorum,
2074 612 2131 667 id

548 717 634 760 est
663 720 729 759 ex
758 714 872 760 toto
900 704 1175 758 destruant
1207 717 1525 774 peccatores
1564 715 1786 775 propter
1821 719 2049 768 cornua,
2076 704 2128 757 id

547 803 632 850 est
653 796 878 864 propter
902 794 1261 849 sublimitates
1290 794 1556 864 superbia:
1586 810 1713 857 suae,
1748 803 1793 847 et
1818 792 2129 846 exultaban-

547 899 637 940 tur
672 904 870 941 cornua
896 888 1055 957 justi,
1086 885 1135 940 id
1174 900 1254 943 est
1290 887 1423 958 justi
1471 886 1857 942 exaltabuntur
1906 895 2128 955 propter

547 978 910 1034 sublimitates
947 980 1205 1034 virtutum
1252 989 1306 1035 et
1333 981 1595 1034 bonorum
1626 994 1848 1047 operum
1879 994 2125 1043 suorum,

546 1087 667 1140 quae
688 1072 738 1124 in
763 1071 928 1125 altum
956 1072 1180 1125 tendunt
1202 1081 1259 1126 ut
1285 1086 1509 1125 cornua.
1550 1069 1642 1125 Vel
1668 1070 1827 1124 aliter
1846 1083 2127 1138 exponun-

548 1170 655 1223 tur,
682 1159 835 1228 juxta
864 1159 1225 1229 Augustinum
1269 1160 1322 1213 hi
1354 1160 1458 1214 duo
1500 1175 1715 1223 versus,
1760 1158 2125 1225 scilicet/tunc

542 1253 806 1317 humiliat,
833 1261 967 1316 etc.,
1001 1261 1055 1305 et
1076 1250 1518 1319 inclinavit,fetc.,
1543 1253 1587 1306 si
1619 1252 1722 1306 hoc
1752 1252 1893 1320 quod
1921 1252 2123 1306 dictum

544 1354 627 1399 est
654 1360 668 1397 :
702 1345 826 1398 Dixi
852 1334 1072 1415 iniquis,
1101 1356 1156 1399 et
1184 1344 1344 1399 nolite
1366 1346 1547 1416 inique,
1562 1362 1734 1415 agere,
1767 1355 1820 1399 et
1868 1347 2025 1400 nolite
2047 1346 2126 1400 lo-

542 1436 629 1504 qui
656 1435 904 1489 adversus
933 1436 1099 1489 Deum
1128 1438 1477 1508 iniquitatem,
1502 1438 1568 1492 de
1596 1437 1726 1495 solis
1755 1437 1952 1493 Judwis
1980 1438 2123 1494 dica-

545 1535 658 1591 tur;
693 1528 783 1595 qui
816 1530 1247 1584 antonomastice
1276 1530 1447 1600 iniqui
1473 1538 1619 1585 sunt.

610 1617 679 1671 Et
715 1618 818 1672 hoc
845 1619 924 1673 sic
950 1618 1167 1673 dicitur:
1200 1619 1323 1674 Dia‘i
1350 1636 1445 1688 per
1468 1636 1617 1675 meos
1646 1621 1845 1691 iniquis
1874 1620 2073 1677 Judaeis
2105 1637 2120 1676 :

541 1706 721 1763 Nolite
745 1710 920 1779 inique
941 1725 1110 1778 agere,
1131 1718 1177 1763 et
1198 1710 1434 1764 exaltare
1456 1728 1639 1776 cornu,
1656 1722 1762 1766 etc.
1791 1712 1856 1765 Et
1878 1713 1979 1766 hoc
2003 1712 2122 1767 ideo

2674 436 2743 490 IN
2781 436 3114 493 PSALMUM
3153 440 3361 499 LXXV.

2307 523 2517 580 Titulus
2553 530 2937 597 septuagesimi
2971 532 3163 599 quinti.
3193 532 3260 588 In
3293 535 3449 602 linem
3478 539 3528 592 in
3551 540 3750 603 laudibus

2236 613 2503 670 Psalmus.
2538 617 2714 687 Asaph
2739 622 3004 676 canticum
3035 624 3103 676 ad
3134 624 3394 695 Assyrios,
3418 632 3549 698 quod
3586 635 3653 690 sic
3672 654 3751 693 ex-

2230 708 2468 776 ponitur.
2500 707 2747 764 Psalmus
2778 712 2880 767 iste
2906 724 2989 768 est
3015 713 3211 782 Asaph,
3240 718 3292 772 id
3318 729 3401 774 est
3427 720 3584 777 ﬁdelis
3608 723 3749 797 Syna-

2230 813 2378 868 gogaa
2404 799 2683 869 dirigentis
2718 818 2777 856 se
2804 802 2859 856 in
2902 803 3083 872 ﬁnem,
3119 805 3170 860 id
3210 816 3293 861 est
3336 809 3388 863 in
3426 810 3685 879 Christum.
3710 828 3752 875 et

2231 902 2334 941 non
2365 886 2417 939 in
2451 888 2862 956 vituperatione,
2895 894 2989 947 sed
3032 893 3083 947 in
3129 894 3396 952 laudibus.
3427 898 3616 956 Laudat
3636 907 3749 961 enim

2227 992 2348 1029 cum
2377 977 2506 1031 dicit
2536 977 2613 1031 Tu
2641 980 2908 1047 terribilis,
2943 992 3071 1049 etc.,
3111 994 3165 1039 et
3186 996 3269 1039 est
3297 988 3525 1055 psalmus
3547 990 3634 1046 iste
3653 1010 3751 1048 can-

2227 1068 2408 1133 ticum,
2434 1068 2485 1122 id
2517 1077 2599 1123 est
2624 1085 2745 1124 cum
2771 1086 2984 1126 summa
3012 1074 3371 1132 delectatione
3395 1088 3448 1133 et
3464 1080 3751 1149 jucundilate

2226 1156 2468 1224 prolatus
2503 1158 2572 1211 ad
2610 1160 2856 1229 Assyrias
2886 1164 3288 1221 convincendos
3311 1177 3366 1222 et
3393 1177 3747 1231 convertendos.

2224 1248 2306 1300 Ad
2342 1246 2556 1304 Judwos
2583 1251 2793 1306 scilicet
2820 1254 2911 1321 qui
2952 1269 3136 1309 revera
3166 1257 3371 1329 Assyrii
3403 1270 3551 1327 sunt,
3576 1277 3749 1335 propter

2225 1339 2632 1396 similitudinem
2661 1358 2841 1411 prava:
2868 1346 3101 1401 actionis
3130 1349 3492 1418 Assyriorum,
3521 1369 3660 1423 quam
3686 1374 3750 1411 re-

2226 1430 2486 1485 tinebant.
2523 1431 2676 1488 Sicut
2722 1434 2866 1488 enim
2910 1436 3120 1507 Assyrii
3173 1454 3202 1492 a
3256 1440 3371 1509 lege
3405 1441 3560 1512 Moysi
3603 1446 3747 1515 alieni,

2221 1519 2437 1576 Judzeos
2486 1526 2757 1592 persecuti
2808 1536 2955 1593 sunt,
2990 1529 3061 1581 ita
3111 1539 3167 1584 et
3211 1530 3512 1587 Judaeorum
3541 1550 3748 1602 perversa

2223 1627 2385 1682 pars,
2439 1630 2597 1671 veros
2652 1617 2868 1674 Judaaos
2917 1621 2984 1674 ad
3046 1622 3206 1676 ﬁdem
3257 1621 3456 1680 Christi
3510 1643 3748 1686 conversos

2225 1720 2611 1776 usquequaque
2638 1709 2907 1777 persecuti
2932 1721 3077 1765 sunt.
3108 1712 3418 1768 Secundum
3443 1726 3604 1771 autem
3626 1719 3749 1786 hujus

539 1800 665 1868 quia
687 1798 828 1853 Deus
857 1799 1026 1869 judea:
1053 1809 1151 1864 est,
1183 1802 1274 1870 qui
1304 1818 1410 1855 non
1435 1803 1616 1856 veniet
1654 1803 1716 1855 ab
1749 1803 1965 1869 oriente,
1990 1814 2116 1869 etc.,

2222 1795 2373 1848 vocis
2423 1795 2955 1866 interpretationem,
3011 1800 3155 1868 quod
3201 1811 3289 1856 est
3337 1804 3598 1875 Assyrius,
3645 1807 3747 1863 falso

539 1892 631 1961 qui
654 1891 899 1947 dislricte
944 1893 1208 1963 judicabit
1240 1909 1333 1949 vos
1370 1894 1667 1949 secundum
1717 1910 1877 1964 opera
1920 1905 2121 1963 vestra,

538 1996 594 2039 et
630 1985 683 2040 in
714 1985 815 2040 hoc
848 1995 1081 2051 constat,
1110 1988 1252 2057 quod
1278 1986 1332 2041 in
1358 1987 1537 2041 futuro
1565 1988 1811 2044 districte
1833 1986 2118 2055 judicabit,

538 2075 664 2144 quia
687 2076 775 2130 hic
794 2075 906 2144 jam
927 2075 1132 2144 judicio
1160 2093 1258 2133 suo
1288 2078 1425 2132 hunc
1444 2079 1710 2145 Itumiliat,
1742 2091 1789 2133 et
1819 2081 1956 2135 hunc
1978 2082 2125 2136 exal-

538 2174 638 2221 tat.
670 2165 977 2235 Judaicum,
1028 2169 1237 2224 scilicet
1284 2170 1563 2240 populum,
1601 2172 1693 2241 qui
1721 2173 1967 2227 sublimis
2006 2184 2123 2230 erat

538 2258 594 2311 in
625 2260 814 2314 notitia
863 2261 1014 2331 legis,
1055 2262 1120 2315 ad
1168 2263 1409 2331 gentium
1462 2263 1943 2332 comparationem,
2000 2280 2122 2334 quae

537 2342 710 2415 legem
746 2349 959 2416 penitus
996 2349 1338 2418 ignorabant,
1393 2352 1642 2405 humiliat
1671 2353 2013 2419 exczecando,
2067 2362 2121 2408 et

536 2432 683 2491 hunc
708 2438 913 2493 scilicet
966 2440 1215 2510 gentilem
1272 2441 1545 2510 populum,
1599 2442 1690 2510 qui
1740 2441 1956 2496 humilis
2004 2453 2122 2498 erat

537 2539 699 2600 atque
727 2533 1305 2602 repudiatus,'exaltat,
1344 2534 1692 2590 illuminanda
1719 2550 1841 2589 eum
1894 2536 2120 2605 spiritali

536 2622 671 2693 legis
700 2623 994 2679 intellectu.
1036 2626 1266 2695 Exponit
1292 2638 1471 2681 autem
1501 2627 1736 2696 qualiter
1766 2626 1908 2681 hunc
1946 2629 2120 2682 humi-

534 2706 650 2779 liet,
679 2722 733 2768 et
755 2714 898 2769 hunc
933 2715 1152 2781 exaltet,
1184 2733 1307 2772 cum
1331 2717 1518 2773 addit:
1554 2719 1693 2774 Vere
1714 2721 1853 2774 hunc
1874 2721 2119 2775 humiliat

535 2802 751 2857 ethunc
779 2805 996 2871 exultat,
1019 2806 1144 2876 quia
1194 2806 1249 2858 in
1288 2824 1471 2873 manu,
1522 2809 1572 2862 id
1611 2819 1695 2864 est
1738 2810 1791 2864 in
1849 2818 2118 2880 potestate

534 2891 747 2947 Domini
774 2903 855 2949 est
876 2895 1040 2961 calix,
1062 2897 1345 2964 vetuslex,
1372 2898 1577 2954 scilicet
1604 2914 1722 2963 qua:
1735 2900 1875 2955 calix
1901 2901 2116 2966 dicitur,

533 3000 599 3041 eo
625 2988 765 3056 quod
789 2987 841 3040 in
870 3002 933 3041 ea
963 2988 1268 3043 intellectus
1308 2991 1633 3057 continetur,
1669 3001 1727 3065 ut
1774 2992 2023 3062 poculum
2062 2994 2117 3047 in

534 3076 725 3131 calice.
774 3077 925 3132 Calix
996 3079 1118 3133 dico
1174 3080 1356 3146 plenus
1412 3083 1542 3136 meri
1614 3085 1756 3149 vini,
1825 3096 1881 3139 et
1936 3084 2118 3154 plenus

2223 1882 2434 1954 Assyrii
2466 1883 2634 1939 Judwi
2669 1886 2942 1941 dicuntur.
2974 1889 3231 1952 Assyrius
3261 1892 3404 1946 enim
3447 1894 3626 1948 dicitur
3648 1896 3750 1949 diri-

2223 1989 2377 2044 gens.
2420 1975 2630 2045 Assyrii
2675 1976 2841 2046 igitur
2882 1977 3051 2031 Judaei
3082 1979 3361 2046 dicuntur,
3393 1998 3493 2036 non
3519 1986 3641 2052 quod
3665 1986 3747 2042 sint

2222 2064 2274 2117 in
2321 2065 2515 2119 divinis
2560 2070 2845 2137 prmceptis
2890 2070 3182 2141 dirigentes
3230 2088 3320 2139 se,
3367 2074 3461 2127 sed
3504 2076 3613 2143 quia
3654 2091 3746 2131 sese

2222 2155 2366 2210 solos
2416 2156 2717 2226 dirigentes
2766 2174 2889 2215 esse
2949 2164 3303 2219 mentiantur.
3356 2164 3511 2220 Juxta
3552 2168 3745 2235 quodin

2222 2245 2515 2316 Evangelio
2564 2249 2760 2317 legitur
2808 2268 2821 2303 :
2881 2268 2900 2301 ‹
2954 2250 3062 2307 Nos
3108 2251 3282 2324 Moysi
3324 2255 3559 2324 discipuli
3602 2273 3747 2312 sumus

2223 2335 2408 2409 (Joan.
2438 2353 2512 2402 Ix,
2543 2338 2656 2407 28).
2692 2360 2710 2392 ι
2739 2340 2882 2395 Alibi
2915 2357 3044 2398 vero
3076 2345 3143 2398 de
3168 2345 3547 2413 ipsislegitur:
3572 2365 3589 2398 ι
3616 2346 3747 2417 Ρορυο

2221 2429 2307 2483 lus
2335 2429 2422 2483 hic
2442 2429 2601 2485 labiis
2622 2446 2709 2485 me
2728 2433 2979 2500 honorat,
3003 2450 3099 2491 cor
3121 2445 3307 2492 autem
3333 2453 3514 2493 eorum
3536 2440 3666 2508 longe
3683 2449 3747 2495 est

2224 2536 2254 2574 a.
2285 2535 2370 2574 me
2391 2520 2527 2587 (Isa.
2580 2540 2730 2589 XXIX,
2758 2525 2858 2590 13;
2886 2526 3059 2582 Marc.
3082 2545 3182 2596 vu,
3204 2529 3286 2598 6).
3317 2549 3336 2582 ι
3364 2531 3551 2585 Contra
3578 2531 3747 2588 Judaeos

2221 2614 2438 2682 quidem
2472 2615 2711 2684 psalmus
2746 2617 2847 2672 iste
2875 2618 3013 2674 bene
3046 2635 3209 2691 agere
3241 2622 3455 2677 dicitur.
3489 2623 3607 2677 Nam
3648 2625 3745 2693 quia

2219 2703 2529 2759 Judaeorum
2568 2722 2696 2777 pars
2738 2724 2991 2777 perversa
3033 2710 3099 2765 de
3138 2712 3224 2766 his
3255 2714 3540 2777 vocabulis,
3567 2729 3666 2781 quae
3690 2714 3746 2766 in-

2214 2794 2360 2863 juste
2399 2798 2501 2852 sibi
2541 2798 2866 2865 ascribebat,
2910 2799 3267 2868 gloriabatur,
3294 2802 3514 2857 dicendo
3547 2803 3745 2858 videlicet

2220 2899 2279 2941 se
2319 2885 2529 2941 Judaaos
2568 2886 2697 2951 dici,
2731 2898 2786 2942 et
2826 2887 3185 2955 Hierusalem,
3232 2899 3291 2946 et
3330 2892 3507 2955 Israel,
3545 2902 3594 2947 et
3626 2891 3741 2946 Sion.

2219 2979 2398 3047 Asaph
2448 2978 2619 3033 ﬁdelis
2666 2994 2760 3034 eos
2805 2980 3094 3036 humiliare
3136 2984 3400 3047 intendit,
3446 2985 3743 3053 comprobans

2221 3083 2326 3123 non
2358 3069 2503 3137 juste
2537 3070 2620 3125 his
2656 3086 2751 3126 eos
2784 3073 3063 3128 vocabulis
3103 3076 3200 3129 uti.
3247 3075 3541 3131 Ostendens
3576 3090 3743 3145 quoque

537 3167 715 3233 misto,
765 3167 817 3222 id
879 3178 963 3222 est
1023 3169 1332 3243 redundans
1393 3187 1526 3241 puro
1572 3182 1629 3227 et
1673 3174 1904 3243 spiritali
1960 3174 2117 3230 intel-

2222 3159 2312 3230 qui
2342 3160 2489 3229 juste
2511 3159 2763 3215 dicantur
2784 3159 2953 3217 Judaei
2987 3172 3043 3217 et
3076 3164 3419 3222 Hierusalem
3448 3177 3497 3221 et
3522 3167 3650 3221 Sion.
3671 3166 3745 3219 De-

532 3253 698 3323 lectu,
771 3258 914 3327 quod
995 3274 1202 3314 merum
1283 3262 1466 3316 vinum
1540 3264 1757 3330 dicitur,
1832 3281 1897 3321 eo
1971 3268 2115 3337 quod

536 3360 732 3414 purum
785 3357 870 3402 est
930 3357 987 3403 et
1037 3349 1433 3417 dulcissimum,
1506 3362 1562 3408 et
1618 3355 1896 3431 laetiﬁcans
1952 3360 2115 3413 corda

535 3436 703 3506 289
748 3438 1016 3506 ﬁdelium,
1070 3440 1138 3494 ad
1183 3442 1399 3497 modum
1452 3443 1564 3499 vini
1597 3446 1769 3512 meri,
1822 3456 1877 3502 et
1920 3449 2117 3504 redun-

534 3527 669 3582 dans
698 3528 857 3583 misto
885 3530 1011 3585 vino
1032 3569 1047 3593 ,
1081 3530 1134 3605 id
1164 3540 1247 3585 est
1300 3534 1517 3589 turbido
1562 3542 1617 3588 et
1671 3546 1919 3603 austero,
1972 3540 2116 3609 quod

532 3619 700 3672 etiam
746 3619 847 3673 faex
883 3621 1103 3681 dicitur.
1138 3622 1351 3678 scilicet
1378 3625 1583 3679 carnali
1630 3627 1902 3683 intellectu
1933 3631 1998 3684 ad
2030 3630 2120 3685 lit-

535 3714 705 3761 teram
736 3709 826 3778 qui
873 3711 1010 3765 bene
1059 3711 1278 3767 mistum
1326 3713 1509 3767 vinum
1556 3724 1610 3769 et
1646 3714 1747 3770 l‘:ex
1789 3717 2006 3784 dicitur,
2051 3734 2116 3775 eo

534 3800 677 3868 quod
722 3801 991 3856 turbidum
1032 3812 1115 3858 est
1152 3812 1207 3858 et
1245 3815 1539 3860 austerum.
1588 3806 1669 3861 Ad
1708 3808 2114 3864 similitudinem

533 3889 683 3945 misti
709 3890 817 3944 vini
845 3892 987 3960 quod
1024 3892 1125 3947 faex
1169 3894 1389 3961 dicitur,
1428 3904 1482 3950 et
1530 3897 1671 3951 hunc
1713 3885 1934 3952 calicem
1965 3898 2119 3952 incli-

534 3981 676 4035 navit
704 3997 769 4035 ea:
791 3982 887 4035 hoc
930 3982 984 4035 in
1013 3983 1131 4048 hoc,
1163 3982 1213 4037 id
1244 3994 1328 4039 est
1356 3999 1419 4038 ex
1453 3983 1677 4040 Judaico
1709 3986 1904 4056 populo
1933 3995 2116 4056 potato

492 4071 805 4125 -convertit
835 4070 887 4125 in
919 4071 1177 4143 gentilem
1223 4073 1501 4143 populum,
1531 4090 1689 4144 quem
1722 4076 1846 4131 inde
1886 4077 2110 4146 potavit.

542 4158 930 4229 Verumtamen,
980 4162 1107 4219 licet
1153 4163 1377 4219 inclinet
1408 4166 1642 4234 potando
1673 4167 1815 4221 hunc
1856 4176 1911 4223 et
1951 4169 2111 4235 hunc,

532 4268 643 4309 non
671 4255 860 4310 eodem
890 4255 1048 4310 modo
1073 4265 1225 4326 potat
1253 4265 1563 4327 utrumque,
1595 4272 1717 4311 nam
1747 4259 1853 4327 faex
1878 4259 1994 4326 ejus
2022 4275 2114 4314 ca-

531 4347 653 4403 licis
687 4366 790 4404 non
842 4358 917 4404 est
965 4350 1261 4415 exinanita,
1311 4350 1365 4405 id
1414 4359 1499 4405 est
1539 4349 1771 4405 carnalis
1814 4350 2114 4406 intellectus

530 4440 648 4511 ejus
679 4441 815 4511 legis
842 4457 948 4496 non
984 4442 1327 4497 exinanietur
1356 4459 1386 4497 a
1415 4442 1637 4507 Judaeis,
1672 4443 1768 4498 sed
1804 4443 1855 4497 in
1882 4442 1962 4500 eis
1988 4456 2112 4512 per-

2220 3258 2527 3304 monstrans
2568 3251 2789 3321 insuper
2829 3261 2883 3307 et
2930 3253 3187 3310 falsorum
3239 3256 3540 3312 Judmorum
3586 3258 3631 3311 in
3666 3257 3741 3309 hoc

2218 3340 2415 3394 sacculo
2436 3343 2882 3410 excaecatiouem,
2905 3354 2959 3398 et
2992 3345 3045 3399 in
3071 3345 3258 3403 futuro
3291 3349 3570 3403 maximum
3596 3363 3740 3402 eorum

2220 3439 2534 3486 tremorem.
2587 3432 2902 3505 Adjungens
2952 3446 3140 3506 postea
3188 3453 3444 3494 verorum
3490 3438 3740 3494 Judaaorum

2221 3522 2610 3589 salvationem;
2654 3535 2875 3596 propter
2922 3529 3091 3583 bonas
3138 3532 3492 3602 cogitationes
3530 3540 3579 3585 et
3611 3544 3739 3599 Opera

2217 3615 2383 3682 bona,
2414 3633 2645 3688 quorum
2694 3619 2964 3689 exemplo,
3000 3620 3144 3690 ipsos
3187 3637 3472 3691 perversos
3509 3623 3742 3675 adversum

2217 3718 2353 3773 quos
2380 3708 2492 3778 agit
2537 3708 2813 3773 admonet,
2849 3709 2914 3762 ad
2962 3711 3264 3765 vovendum
3300 3712 3410 3766 Deo
3454 3712 3579 3767 bona
3615 3723 3740 3777 opera

2217 3798 2523 3867 cogitando,
2572 3808 2627 3852 et
2666 3798 2734 3853 ad
2783 3799 3116 3854 reddendum
3151 3801 3449 3870 operando,
3498 3800 3743 3870 adjungens

2216 3905 2433 3945 causam
2464 3906 2632 3959 quare
2656 3890 2761 3945 hoc
2792 3890 3096 3945 faciendum
3122 3892 3214 3947 sit.

2292 3982 2463 4037 Notus
2487 3985 2541 4036 in
2562 3983 2755 4037 Judwa
2785 3983 2944 4048 Deus,
2972 4000 3036 4039 ac
3061 3984 3105 4039 si
3134 3984 3281 4039 dicat
3313 4004 3325 4038 :
3352 3983 3521 4039 Nolite
3549 3980 3740 4037 inﬁdeles

2214 4069 2383 4125 Judmi
2411 4072 2632 4141 gloriari
2658 4073 2722 4126 de
2748 4072 2847 4127 hoc
2877 4073 3114 4136 nomine,
3144 4075 3287 4142 quod
3319 4084 3401 4129 est
3427 4073 3609 4135 Judcea,
3632 4067 3738 4141 quod

2216 4161 2411 4230 injuste
2439 4162 2590 4216 vobis
2621 4161 2913 4216 ascribitis.
2948 4162 3005 4216 In
3035 4162 3217 4218 Judaaa
3262 4179 3492 4234 namque
3524 4164 3640 4217 Deus
3662 4174 3736 4212 uo-

2216 4261 2302 4305 tus
2328 4260 2432 4320 est,
2482 4251 2534 4305 id
2579 4261 2663 4307 est
2707 4252 2783 4306 illi
2825 4253 2917 4323 qui
2960 4269 3149 4309 revera
3194 4253 3380 4309 Judaea
3427 4263 3562 4318 sunt,
3603 4252 3643 4306 id
3678 4258 3739 4303 est

2213 4344 2384 4398 Deum
2416 4359 2548 4413 pure
2574 4343 2915 4413 conﬁtentes,
2942 4346 3035 4400 Dei
3067 4346 3270 4401 Christi
3302 4348 3537 4402 notitiam
3563 4344 3735 4400 habent.

2214 4434 2328 4502 Qua
2379 4451 2500 4490 cum
2542 4437 2797 4502 careatis,
2850 4452 2957 4492 non
2991 4438 3177 4507 utique
3221 4437 3406 4494 Judma
3447 4438 3582 4501 estis,
3619 4444 3665 4489 ct
3697 4433 3735 4485 in

529 4530 813 4594 several)“,
865 4532 1008 4601 quod
1053 4541 1137 4587 est
1182 4533 1365 4588 dicere
1393 4552 1404 4587 ε
1438 4535 1577 4590 Ecce
1609 4533 1821 4590 Judmos
1856 4550 2108 4605 perseve-
2144 4527 2187 4581 D
2214 4525 2386 4579 Israel
2407 4541 2651 4596 magnum
2679 4535 2763 4581 est
2793 4543 2976 4581 nomen
3001 4528 3139 4598 ejus,
3167 4531 3313 4599 quod
3338 4538 3420 4584 est
3443 4543 3503 4582 ac
3528 4528 3565 4580 si
3592 4526 3733 4578 dicat:

530 4625 718 4671 rauter
744 4621 968 4687 potabit.
1002 4619 1105 4675 Per
1137 4623 1239 4678 hoc
1267 4632 1445 4678 autem
1477 4624 1653 4677 innuit
1684 4625 1826 4693 quod
1854 4625 2107 4695 populum

529 4705 783 4774 gentilem
833 4723 982 4764 mero
1027 4711 1152 4765 vino
1199 4712 1427 4781 potabit,
1460 4721 1515 4766 et
1562 4714 1811 4781 quamvis
1845 4713 1974 4768 {arce
2023 4715 2111 4769 hic

528 4793 698 4850 Judaei
746 4807 1021 4867 potentur,
1054 4809 1243 4871 gentes
1273 4817 1402 4857 vero
1449 4817 1601 4857 mero
1645 4802 1790 4871 vino,
1838 4811 2014 4857 tamen
2054 4804 2107 4857 in

527 4884 713 4941 futuro
759 4887 828 4942 de
863 4902 1014 4941 mero
1061 4890 1251 4945 bibent
1298 4905 1506 4958 omnes,
1558 4892 1609 4945 id
1654 4901 1738 4947 est
1783 4892 2107 4948 omnismodi

528 4987 843 5048 peccatores
879 4986 1039 5033 terrae
1069 4994 1176 5034 non
1223 4981 1396 5037 solum
1427 4982 1675 5054 gentiles,
1710 4984 1803 5039 sed
1833 4991 1887 5039 et
1916 4982 2106 5039 Judaei.

528 5068 684 5137 Quod
719 5080 803 5127 est
831 5070 1053 5126 dicere:
1086 5070 1244 5126 Dabit
1275 5072 1328 5125 in
1356 5072 1537 5129 futuro
1575 5074 1908 5130 intellectum
1948 5074 2109 5145 spiri-

528 5161 691 5217 talem
736 5161 979 5233 reliquiis
1020 5159 1348 5229 Judaeorum,
1377 5179 1497 5233 quae
1521 5164 1680 5219 salvae
1709 5165 1862 5230 ﬁent,
1893 5173 1947 5219 et
1978 5166 2057 5220 sic
2091 5184 2103 5219 :

526 5256 853 5312 omnismodi
884 5266 1200 5326 peccatores
1229 5269 1380 5312 mero
1421 5259 1770 5327 putabuntur.
1805 5258 1936 5313 Dico
1963 5261 2105 5329 quod

527 5344 697 5401 Judaei
735 5356 943 5403 tantum
994 5348 1048 5403 in
1105 5348 1214 5402 ﬁne
1260 5348 1442 5404 mundi
1499 5348 1683 5404 bibent
1721 5364 1951 5405 merum.
1990 5348 2103 5419 Ego

529 5447 726 5503 autem,
759 5438 809 5493 id
830 5446 914 5494 est
938 5440 1063 5506 mei,
1097 5441 1206 5510 jam
1245 5440 1370 5495 inde
1404 5440 1591 5510 potati,
1626 5441 2022 5496 annuntiabunt
2051 5441 2105 5495 in

527 5527 806 5593 smculum,
855 5536 911 5584 et
967 5540 1162 5585 caetera
1212 5546 1332 5604 qua:
1381 5546 1552 5602 usque
1599 5532 1651 5585 iu
1702 5531 1863 5586 ﬁnem
1913 5531 2104 5602 psalmi

525 5626 673 5685 sunt,
707 5634 812 5675 non
845 5627 1138 5675 mutantur.

2215 4612 2400 4683 Neque
2432 4614 2497 4668 de
2529 4616 2631 4669 hoc
2665 4616 2883 4671 nomine
2931 4618 3074 4686 quod
3119 4625 3201 4672 est
3250 4617 3434 4681 Israel,
3465 4611 3732 4687 gloriemini.

2215 4702 2281 4757 In
2312 4702 2484 4757 Israel
2507 4703 2652 4758 enim
2683 4722 2953 4775 magnum,
2979 4706 3031 4760 id
3059 4716 3145 4761 est
3174 4706 3462 4777 gloriosum
3491 4714 3566 4760 est
3592 4714 3734 4754 nomw

2213 4793 2347 4864 ejus,
2377 4794 2428 4848 id
2472 4803 2557 4849 est
2598 4794 2690 4864 qui
2733 4810 2923 4850 revera
2972 4795 3137 4851 Israel
3180 4806 3329 4859 sunt,
3361 4810 3541 4851 nomen
3576 4785 3734 4846 Christi

2214 4884 2515 4956 gloriﬁcant
2564 4894 2620 4940 et
2669 4886 3036 4958 magniﬁcam.
3071 4887 3223 4954 Quod
3274 4889 3434 4957 igitur
3477 4901 3585 4940 cum
3626 4877 3733 4948 apud

2212 4991 2310 5031 vos
2339 4991 2443 5031 non
2483 4992 2759 5044 magnum,
2797 4978 2890 5032 sed
2927 4977 3246 5032 vilissimum
3288 4978 3495 5038 existat,
3527 4988 3619 5026 non
3652 4966 3734 5021 uti'

2213 5084 2319 5138 que
2338 5067 2501 5123 Israel
2525 5069 2677 5131 estis,
2713 5069 2763 5123 id
2788 5079 2870 5123 est
2894 5070 3060 5123 Deum
3087 5069 3349 5135 videntes,
3372 5078 3419 5122 et
3440 5068 3594 5137 factus
3615 5070 3674 5115 cst
3692 5057 3731 5108 is

2211 5176 2338 5229 pace
2359 5160 2503 5213 locus
2527 5159 2658 5228 ejus.
2676 5160 2730 5213 ln
2755 5159 2856 5213 alia
2885 5159 3235 5239 translatione
3260 5160 3484 5215 habetur
3502 5157 3550 5209 in
3573 5150 3729 5239 Solent.

2214 5249 2319 5303 Sed
2357 5249 2479 5317 quia
2515 5247 2692 5303 Salen:
2714 5264 2820 5319 paa:
2848 5234 3268 5319 interpretatur,
3292 5262 3388 5319 pro
3421 5245 3583 5301 Salcm
3613 5234 3732 5308 panil

2212 5356 2412 5409 pacein,
2438 5355 2499 5394 ac
2533 5340 2580 5394 si
2611 5340 2850 5395 diceret:
2879 5339 2952 5395 De
2985 5341 3090 5395 hoc
3117 5355 3329 5409 quoque
3358 5334 3599 5393 vocabulo
3622 5323 3730 5399 quod

2216 5441 2299 5487 est
2327 5430 2532 5497 Salem,
2564 5431 2847 5502 superbire
2879 5431 3139 5486 desistite.
3174 5429 3241 5483 In
3276 5428 3448 5484 Salem
3475 5424 3643 5495 quippe
3668 5417 3731 5485 [α-

2214 5540 2325 5583 ctus
2357 5539 2431 5584 est
2468 5529 2613 5581 locus
2642 5526 2757 5595 ejus
2787 5525 3010 5591 Christi,
3046 5525 3100 5579 id
3139 5533 3224 5579 est
3253 5524 3304 5579 in
3328 5521 3431 5577 illis
3467 5517 3547 5587 qui
3581 5518 3729 5568 revera

2218 5622 2541 5693 Solytnitaui
2575 5628 2721 5686 sunt,
2750 5619 2953 5675 scilicet
2973 5617 3138 5689 290
3159 5630 3343 5689 pacem
3376 5610 3610 5668 habentes
3635 5608 3727 5656 cum
