3856 6322
99 331 209 391 1021

1006 317 1377 377 EXPOSITIO
1421 317 1489 373 IN
1513 317 1847 377 PSALMOS.
1878 351 1947 362 -—
1972 317 2167 374 PSAL.
2210 317 2419 372 LXXV.

3189 330 3325 388 I022

99 444 192 498 Deo
217 444 266 493 et
287 442 413 492 cum
446 435 722 505 proximo;
754 441 935 487 manet
961 430 1103 487 Deus
1125 446 1231 486 non
1261 430 1521 493 localiter,
1552 430 1647 483 sed
1674 435 1723 493 Α
1753 433 1991 497 mientis,
2032 432 2125 501 qui
2160 432 2331 488 donec
2359 446 2608 490 somnum
2649 438 2935 507 compleat,
2979 456 3084 497 non
3123 446 3327 499 excita-

99 525 405 599 spiritaliter,
429 525 567 580 sicut
591 523 782 592 aliquis
828 523 879 576 in
908 522 1022 577 loco
1051 521 1233 591 aliquo
1262 534 1459 576 nutriet.
1481 519 1642 574 Juxta

98 618 218 691 quod
237 616 469 672 Joannes
505 614 834 683 evangelista
874 622 1141 669 testatur:
1179 633 1200 665 ι
1236 613 1337 679 Qui
1377 623 1558 667 manet
1588 612 1641 666 in

98 708 332 766 rharitate
357 707 499 775 (qua:
529 720 719 760 revera
746 714 801 760 et
839 706 1033 760 merito
1064 720 1171 775 pax
1197 704 1415 774 dicitur)
1449 704 1502 758 iu
1534 704 1644 758 Deo

98 807 254 857 manet
277 808 328 853 et
347 797 487 851 Deus
514 796 568 851 in
592 811 656 850 eo
678 794 726 865 (ι
751 795 913 849 Joan.
941 810 1017 859 tv,
1041 795 1151 864 1-6).
1182 814 1200 846 ι
1229 794 1494 851 Caeterum
1517 795 1644 863 quia

98 895 175 950 Dei
201 893 344 946 locus
376 903 495 943 esse
528 887 773 951 renuitis,
812 901 912 941 nec
951 885 1130 941 Salem
1170 886 1314 956 juste
1345 885 1641 949 voeamini;

94 997 133 1038 et
167 980 406 1037 habitatio
446 980 563 1049 ejus
600 987 685 1034 est
727 979 782 1032 in
818 976 982 1041 Sion,
1026 993 1089 1031 ac
1125 978 1170 1033 si
1206 986 1432 1047 poneret
1462 994 1476 1030 :
1509 975 1640 1032 Sion

94 1074 232 1131 etiam
262 1073 363 1126 hoc
388 1068 729 1135 vocabulum,
761 1068 925 1124 nolite
950 1068 1105 1123 vobis
1139 1078 1456 1138 arroganter
1482 1069 1641 1122 attri-

94 1166 253 1219 buere.
283 1158 350 1213 In
389 1157 519 1213 Sion
547 1159 747 1229 quippe
780 1158 1036 1212 habitatio
1076 1161 1189 1227 ejus
1215 1157 1414 1212 Christi
1444 1165 1547 1220 est,
1588 1157 1641 1212 id

93 1267 162 1314 est
187 1258 234 1312 in
266 1255 369 1310 illis
394 1256 483 1325 qui
512 1254 644 1310 Sion
672 1264 798 1311 sunt
830 1257 967 1321 veri,
1000 1256 1251 1311 videlicet
1278 1255 1642 1324 speculatores

92 1359 407 1411 aeternorum,
452 1347 703 1403 Christus
745 1347 1043 1403 secundum
1093 1348 1465 1417 inoperantem
1512 1364 1639 1419 gra-

94 1441 199 1494 tiam
235 1437 454 1492 babitat.
492 1435 877 1492 Verumtamen
909 1438 1035 1507 quia
1064 1439 1253 1508 procul
1285 1453 1315 1492 a
1346 1438 1499 1493 vobis
1532 1447 1637 1505 est,

91 1527 285 1583 :ninime
307 1526 525 1595 quidem
553 1525 686 1580 Sion
715 1527 868 1581 estis.
893 1526 1017 1582 lude
1042 1541 1171 1581 vero
1196 1535 1407 1582 constat
1434 1542 1557 1581 eum
1586 1527 1638 1582 in

92 1620 200 1673 Sion
229 1617 492 1683 habitare,
523 1618 649 1687 quia
678 1619 772 1682 ibi,
803 1618 855 1673 id
883 1627 967 1673 est
997 1619 1053 1673 in
1082 1618 1210 1673 Sion
1239 1628 1289 1674 et
1321 1620 1488 1676 Israel
1516 1637 1640 1674 con-

89 1709 237 1778 fregit,
268 1705 318 1760 id
346 1715 431 1762 est
458 1706 682 1761 omnino
715 1708 985 1763 destruxit
1010 1709 1270 1778 potentias
1306 1725 1545 1774 arcuum,
1586 1710 1638 1765 id

1748 532 1853 577 tur.
1881 523 2174 578 Inlidelitas
2203 532 2384 579 autem
2423 539 2645 580 somnus
2674 527 2896 593 dicitur,
2924 546 2990 585 eo
3016 534 3159 601 quod
3200 551 3327 605 gra-

1744 621 1838 667 vat
1862 612 2093 677 animas,
2117 613 2256 667 sicut
2286 627 2510 671 somnus
2535 630 2785 684 corpora.
2817 617 2969 673 Unde
2994 622 3281 690 Apostolus
3305 643 3323 682 :

1750 722 1770 756 ‹
1805 703 1906 770 Qui
1934 704 2240 772 dormiunt,
2283 715 2439 762 nocte
2481 709 2760 763 dormiunt
2790 709 2842 777 (Ι
2883 709 3061 766 Thess.
3102 731 3155 782 v,
3184 717 3258 786 7).
3301 736 3322 770 ι

1743 794 1811 848 Et
1841 792 2007 847 alibi:
2060 812 2079 845 ι
2136 793 2279 849 Hora
2319 805 2400 849 est
2444 795 2557 865 jam
2604 813 2703 853 nos
2752 798 2818 853 de
2866 814 3057 855 somno
3102 818 3327 873 surgere

1745 884 1927 955 (Rom.
1956 901 2076 951 xm,
2112 885 2219 956 II).
2260 906 2277 938 ι
2323 887 2391 942 Ει
2431 889 2557 958 quia
2597 889 2889 955 dormient,
2932 890 3036 961 ipsi
3068 892 3164 946 viri
3197 895 3331 948 divi-

1743 975 1935 1029 tiarum
1958 975 2121 1030 futuri
2153 992 2250 1045 pro
2282 979 2620 1048 reputatione
2649 996 2767 1045 sua,
2792 996 2898 1035 non
2929 984 3220 1037 secundum
3251 985 3327 1038 rei

1742 1066 2045 1131 veritatem,
2077 1065 2207 1119 nihil
2234 1066 2537 1121 invenerunt
2561 1069 2617 1122 in
2639 1070 2878 1123 ntanibus
2910 1070 3043 1135 suis,
3073 1071 3214 1139 quod
3244 1081 3330 1127 est

1742 1155 1963 1211 dicere:
2002 1156 2119 1226 Ipse
2147 1158 2238 1227 qui
2269 1171 2328 1213 se
2373 1158 2516 1214 solos
2553 1160 2841 1228 Opinanlttr
2885 1159 3092 1216 futuros
3130 1161 3328 1217 divites

1740 1256 1942 1304 aeterna
1983 1249 2190 1320 gloria,
2241 1250 2295 1304 in
2343 1250 2432 1305 die
2468 1250 2657 1321 judieii
2703 1251 2839 1305 nihil
2883 1252 3231 1306 beatitudinis
3271 1253 3327 1308 in

1740 1341 2026 1410 praesentia
2069 1342 2149 1396 sui
2181 1341 2479 1408 invenient,
2512 1358 2541 1396 a
2588 1342 2944 1397 similitudine
2982 1341 3327 1411 dormientis,

1740 1433 1830 1502 qui
1862 1432 2079 1486 divitias
2111 1432 2253 1487 inter
2288 1449 2479 1489 manus
2512 1434 2713 1488 habere
2754 1435 3011 1499 somniat,
3057 1444 3111 1488 et
3154 1434 3326 1504 evigi-

1739 1522 1858 1579 lans
1912 1523 2047 1577 nihil
2102 1523 2157 1577 in
2210 1524 2462 1579 manibus
2513 1525 2736 1579 invenit.
2795 1524 3141 1580 Demonstrat
3197 1542 3326 1583 vero

1726 1616 1882 1681 unde
1910 1614 2225 1671 dormitatio
2256 1615 2342 1669 illa
2373 1618 2619 1687 contigit,
2649 1626 2705 1672 et
2738 1626 2960 1687 propter
2999 1634 3160 1687 quam
3197 1634 3326 1674 cau-

1738 1718 1884 1769 sam;
1923 1719 1990 1759 ne
2026 1704 2226 1773 injuste
2255 1721 2285 1759 a
2318 1707 2427 1761 Deo
2457 1708 2717 1775 permissa
2749 1722 2870 1761 esse
2902 1708 3167 1774 videatur,
3196 1710 3275 1764 sic
3305 1728 3320 1765 :

88 1807 157 1852 est
182 1797 528 1851 instrumenta
561 1796 646 1850 illa
686 1811 782 1865 per
817 1813 938 1868 qua:
968 1812 1129 1853 arcus
1159 1799 1355 1854 laedere
1388 1809 1634 1869 possunt,
1666 1783 1711 1840 Β
1743 1795 2186 1862 Dormitaverunt,
2216 1798 2457 1867 inquam,
2490 1799 2541 1854 id
2577 1807 2661 1853 est
2695 1800 2989 1864 dormiem;
3029 1809 3084 1854 et
3126 1801 3228 1856 hoc
3256 1801 3321 1855 ab

87 1904 187 1958 quae
208 1888 322 1943 ideo
346 1887 600 1957 potentia:
624 1888 900 1953 dicuntur,
923 1891 1149 1959 sagittas
1173 1892 1398 1947 scilicet.
1424 1891 1527 1947 Per
1552 1907 1638 1946 sa—

86 1982 225 2051 gittas
243 1980 496 2034 nimirum
524 1995 645 2049 quae
672 1981 828 2051 quasi
854 1980 1040 2037 furtim
1072 1990 1128 2038 et
1160 1984 1456 2054 improvide
1483 1999 1639 2040 acce-

85 2072 246 2127 dentes
270 2070 494 2137 laedunt,
520 2070 628 2126 doli
658 2071 751 2140 qui
784 2071 1017 2127 latenter
1045 2082 1244 2128 nocent
1271 2074 1636 2145 accipiuntur,

84 2173 128 2219 et
162 2162 404 2232 confregit
445 2162 518 2217 ibi
560 2173 789 2217 scutum.
818 2162 926 2218 Per
951 2172 1163 2219 scutum
1190 2180 1298 2234 quo
1340 2166 1640 2235 protegitur

84 2252 273 2321 aliquis,
315 2252 617 2320 pertinacia
664 2253 972 2320 peccatoris
1001 2254 1215 2323 culpam
1258 2269 1413 2309 suam
1449 2254 1636 2310 defen-

83 2343 235 2398 dentis
255 2342 592 2414 intelligitur,
619 2342 826 2399 scilicet
848 2359 1062 2398 omnem
1095 2345 1447 2413 pertinaciam
1479 2346 1532 2399 in
1559 2346 1639 2401 eis

84 2434 340 2501 destruxit,
372 2450 443 2490 ne
488 2449 549 2491 se
590 2435 817 2491 ulterius
852 2436 920 2491 de
954 2438 1190 2506 peccatis
1232 2448 1511 2505 excusent,
1545 2439 1638 2493 sed

84 2526 236 2595 potius
261 2526 453 2580 humili
478 2526 819 2582 confessione
836 2538 1113 2593 accusent,
1138 2537 1184 2583 et
1200 2530 1456 2599 gladium,
1478 2530 1529 2585 id
1556 2539 1640 2585 est

84 2616 395 2672 manifestam
447 2619 905 2687 persecutionem,
936 2635 1057 2689 qua:
1095 2634 1192 2689 per
1228 2620 1463 2691 gladium
1510 2637 1638 2676 can-

83 2723 192 2777 grue
215 2709 524 2765 denotatur.
564 2710 683 2777 Quo
719 2711 1004 2767 manifesta
1036 2712 1096 2766 fit
1132 2715 1458 2783 persecutio,
1494 2715 1640 2769 scili-

83 2810 152 2854 cet
176 2800 269 2855 hoc
300 2801 355 2854 in
384 2803 469 2855 eis
498 2802 789 2874 confregit,
819 2819 885 2860 ne
909 2805 1095 2861 fideles
1130 2805 1358 2861 ulterius
1386 2809 1635 2877 persequi

84 2888 339 2944 manifeste
368 2902 731 2960 praesumant;
761 2903 816 2949 et
837 2894 965 2965 quid
992 2896 1125 2950 irem
1156 2908 1253 2965 per
1276 2896 1505 2967 singula,
1535 2897 1642 2951 bel-

82 2978 170 3031 lum
198 2994 350 3035 omne
376 2981 452 3035 ibi
483 2981 772 3054 confregit,
804 2994 864 3039 ut
889 2985 943 3039 in
975 2984 1126 3038 nullo
1152 2985 1262 3039 Deo
1287 2984 1370 3039 vel
1394 2986 1639 3054 proximo

83 3069 282 3127 rebelles
302 3072 564 3140 existant,
609 3088 729 3145 quae
754 3089 875 3129 cum
908 3076 961 3130 in
987 3075 1163 3141 vobis,
1197 3091 1229 3130 o
1260 3076 1500 3131 infideles
1540 3076 1638 3131 Ju-

82 3159 181 3225 daei,
212 3163 451 3218 nondum
477 3162 755 3221 confracta
786 3167 914 3233 sint,
948 3177 1163 3223 consmt
1197 3169 1385 3238 utique
1416 3183 1510 3224 vos
1540 3187 1635 3224 ne-

80 3252 311 3320 queSion
337 3269 465 3310 esse
494 3271 669 3327 neque
697 3257 879 3314 Israel.
906 3258 1153 3315 Ostendit
1177 3268 1356 3314 autem
1387 3275 1483 3330 per
1508 3262 1635 3331 quid

80 3341 125 3396 il
169 3344 242 3399 eis
293 3346 593 3417 confringit
642 3349 803 3414 talia,
860 3349 1071 3405 faciens
1124 3352 1509 3421 apostropham
1570 3353 1637 3405 ad

80 3434 242 3502 Deum,
282 3452 408 3492 cum
450 3440 746 3510 gratiarum
781 3443 1018 3509 actione,
1051 3443 1169 3500 sic:
1202 3443 1269 3498 Et
1307 3458 1403 3514 per
1442 3444 1546 3499 hoc
1582 3444 1635 3498 in

79 3526 141 3579 eis
167 3527 462 3601 confringis
490 3531 759 3601 hocquod
788 3541 843 3587 tu
871 3548 929 3589 es
957 3533 1262 3588 illuminans
1286 3549 1381 3590 eos
1419 3549 1452 3590 0
1493 3535 1635 3591 Deus

78 3620 164 3675 ﬁde
182 3630 234 3675 et
253 3623 569 3694 cognitione
595 3624 695 3692 tui,
737 3634 794 3681 et
826 3627 930 3681 hoc
963 3626 1295 3693 mirabiliter,
1333 3626 1387 3682 id
1422 3637 1507 3682 est
1542 3645 1639 3699 per

76 3711 334 3768 manifesta
368 3713 664 3783 mirabilia,
710 3732 809 3786 per
852 3725 975 3771 tuos
1003 3725 1246 3787 operata,
1279 3734 1398 3789 qua:
1439 3719 1637 3774 illumi-

76 3802 201 3858 natio
226 3819 321 3874 per
348 3804 614 3862 miracula
660 3808 926 3877 processit
971 3825 1005 3862 a
1051 3809 1333 3874 montibus,
1367 3818 1424 3865 et
1464 3826 1567 3864 non
1605 3826 1636 3865 a

76 3893 208 3948 malis
233 3894 528 3957 montibus,
559 3898 653 3952 sed
682 3912 712 3951 a
756 3898 1029 3954 montibus
1058 3900 1289 3963 internis,
1327 3900 1532 3955 scilicet
1568 3901 1637 3955 ab

75 3983 325 4050 apostolis,
362 3985 461 4053 qui
512 3995 721 4043 montes
746 3995 872 4042 sunt
912 3988 965 4042 in
993 3988 1300 4053 virtutibus,
1329 3998 1384 4043 et
1424 3991 1634 4056 teterni,

74 4071 118 4126 id
139 4083 212 4127 est
236 4076 300 4130 ad
327 4078 714 4146 aeternitatem,
738 4078 871 4133 alios
899 4080 1283 4149 praedicatione
1312 4097 1407 4136 sua
1438 4084 1638 4139 ducen-

74 4172 157 4218 tes.
188 4166 259 4223 De
285 4172 654 4226 excmcatione
682 4175 898 4243 quidem
928 4190 1300 4245 perversorum
1328 4177 1632 4236 Judaeorum

72 4256 320 4315 socialiter
360 4262 682 4332 interponit,
718 4275 774 4319 ut
799 4280 895 4321 eos
927 4267 1255 4338 increpando
1294 4271 1361 4326 ab
1404 4271 1636 4329 infideli-

72 4353 165 4404 tate
189 4351 469 4408 retrahere
495 4355 716 4408 nitatur.

1740 1888 2113 1957 increpatione,
2147 1889 2197 1943 id
2233 1899 2318 1944 est
2348 1891 2415 1945 ab
2445 1891 2785 1945 induratione
2816 1900 2907 1944 tua
2952 1894 3253 1964 continget.
3291 1910 3323 1947 ο

1740 1979 1881 2033 Deus
1903 1979 2090 2043 Jacob,
2121 1980 2171 2033 id
2196 1991 2280 2035 est
2306 1982 2541 2036 ﬁdelium
2565 1983 2796 2038 viriliter
2823 1985 3162 2040 luctantium.
3185 1985 3325 2039 Dor—

1739 2073 2048 2127 mitaverunt
2096 2074 2238 2129 ident
2287 2082 2372 2129 est
2419 2075 2561 2143 quod
2607 2084 2660 2129 et
2704 2076 3042 2131 dormierunt
3082 2094 3094 2130 :
3136 2086 3188 2131 et
3237 2086 3325 2133 est

1740 2174 2029 2233 utrumque
2053 2180 2151 2235 pro
2183 2164 2366 2218 futuro
2398 2166 2652 2235 positum.
2684 2165 2959 2220 Induratio
2985 2167 3199 2236 quidem
3231 2183 3326 2221 eo-

1739 2268 1883 2317 rum,
1905 2254 2065 2324 digne
2093 2255 2392 2323 increpatio
2422 2255 2579 2325 291
2609 2257 2822 2320 dicitur,
2852 2272 2916 2311 eo
2939 2259 3080 2326 quod
3108 2259 3324 2325 signum

1738 2352 1841 2408 est,
1882 2359 1977 2399 eos
2015 2344 2247 2415 maligne
2274 2356 2466 2401 contra
2503 2347 2672 2400 Deum
2719 2347 2913 2417 egisse,
2959 2348 3190 2418 ideoque
3228 2365 3328 2418 pu-

1740 2434 1969 2493 niendos.
1987 2449 2136 2502 esse;
2167 2437 2309 2491 sicut
2353 2437 2689 2506 increpantia
2719 2438 2884 2492 verba
2913 2438 3066 2507 signa
3095 2448 3240 2504 sunt,
3269 2446 3328 2493 et

1739 2528 2024 2596 praeteritae
2068 2542 2249 2595 pravae
2281 2528 2538 2592 actionis,
2571 2536 2626 2582 et
2655 2528 2849 2582 futurae
2890 2530 3128 2593 ultionis,
3161 2537 3214 2581 et
3242 2538 3328 2584 est

1740 2631 1804 2670 ac
1837 2618 1883 2671 si
1919 2617 2064 2671 dicat
2100 2632 2115 2670 :
2147 2618 2272 2672 Ideo
2303 2619 2595 2683 dormient,
2632 2619 2758 2687 quia
2790 2626 2845 2671 tu
2881 2632 2975 2672 eos
3003 2619 3326 2674 exctecando

1740 2707 2025 2763 indurasti.
2041 2709 2274 2779 Apponit
2292 2725 2507 2779 quoque
2529 2726 2746 2765 causam
2770 2710 3187 2774 dormitationis,
3211 2710 3321 2765 sic:

1742 2798 1934 2853 Omnes
1970 2801 2077 2855 illic
2107 2801 2313 2856 scilicet
2345 2802 2712 2856 dormitabunt
2747 2802 2837 2870 qui
2873 2803 3239 2867 ascenderunt,
3270 2810 3327 2857 et

1738 2892 1827 2960 qui
1855 2902 2269 2961 perseveranter
2298 2892 2594 2947 ascenderit
2617 2909 2795 2963 equos,
2826 2893 2877 2948 id
2908 2901 2993 2947 est
3017 2894 3324 2963 superbias,

1740 2997 1861 3051 quae
1901 2999 1998 3053 per
2025 2999 2195 3054 equos
2235 2985 2585 3049 denotamur,
2629 2999 2694 3038 eo
2736 2985 2879 3053 quod
2927 2984 3156 3053 superba
3200 2986 3321 3039 ani-

1744 3074 1903 3128 malia
1930 3075 2073 3138 sint,
2104 3076 2245 3145 quod
2280 3085 2363 3131 est
2394 3076 2595 3140 dicere,
2636 3076 2756 3130 ideo
2790 3076 3077 3142 indurasti,
3111 3077 3234 3145 quia
3262 3092 3325 3131 se

1692 3170 1709 3189 ’
1743 3165 1903 3221 nimis
1926 3167 1977 3221 in
2000 3164 2249 3236 superbia
2273 3167 2714 3225 sublimaveruut,
2732 3175 2786 3219 et
2809 3166 2984 3219 adhuc
3006 3165 3321 3231 sublimaut,‘

1740 3256 2012 3311 Christum
2060 3257 2407 3327 negligendo,
2456 3272 2485 3311 a
2530 3256 2884 3311 similitudine
2932 3256 3179 3321 illorum,
3229 3257 3321 3323 qui

1739 3363 1907 3418 equos
1949 3348 2311 3412 ascendendo,
2348 3363 2406 3403 se
2442 3348 2699 3403 sublimes
2739 3347 2965 3403 faciunt.
3003 3346 3261 3415 Sequitur
3302 3365 3317 3401 :

1813 3439 1892 3493 Tu
1919 3439 2162 3493 terribilis
2191 3456 2264 3493 es.
2299 3439 2452 3506 Quod
2485 3440 2563 3494 sic
2593 3439 2977 3493 continuatur:
3014 3437 3142 3492 Dico
3173 3438 3318 3507 quod

1743 3537 1794 3584 tu
1824 3530 2168 3599 omnipotens
2196 3544 2275 3593 es,
2304 3529 2434 3583 Sion
2466 3529 2792 3584 illuminans.
2830 3529 2929 3592 Tu,
2962 3529 3197 3599 inquam,
3229 3530 3324 3599 qui

1739 3612 1984 3675 terribilis
2018 3636 2106 3687 es,
2155 3620 2206 3674 id
2243 3629 2326 3675 est
2367 3621 2624 3675 terribilis
2662 3620 2772 3676 eris
2810 3620 3034 3675 veniens
3079 3622 3146 3675 ad
3180 3619 3327 3688 judi-

1739 3710 1911 3774 cium,
1951 3709 2213 3779 Gregorio
2259 3711 2340 3765 sic
2385 3719 2678 3766 attestante
2705 3752 2719 3775 ,
2767 3719 2821 3765 et
2853 3709 3081 3764 blandus
3118 3709 3281 3777 iustis
3306 3750 3321 3772 ,

1738 3811 1791 3857 et
1831 3801 2085 3856 terribilis
2130 3803 2411 3871 apparebit
2458 3802 2688 3872 iujustis.
2724 3800 2792 3856 Et
2836 3803 2951 3871 quis
2986 3802 3185 3856 resistet
3231 3800 3325 3853 tibi

1741 3894 1901 3949 tunc?
1931 3907 2112 3957 nemo,
2152 3909 2216 3949 ac
2246 3895 2291 3948 si
2333 3895 2539 3951 diceret
2572 3913 2587 3949 :
2626 3893 2778 3949 Nunc
2816 3894 3193 3963 quoquomodo
3228 3893 3322 3946 tibi

1738 3986 2027 4051 resistunt,
2068 3986 2311 4041 dicentes
2352 3995 2403 4041 te
2440 3987 2614 4042 solum
2647 3987 2921 4041 hominem
2960 3994 3014 4039 et
3054 3986 3320 4054 impoten-

1738 4087 1845 4133 tem
1871 4119 1885 4144 ,
1918 4079 2011 4133 sed
2052 4086 2181 4133 tunc
2210 4094 2555 4148 nequaquam
2596 4079 2850 4134 resistere
2879 4086 3151 4147 poterunt.
3186 4076 3320 4130 Nam

1735 4182 1947 4236 extunc,
1981 4173 2034 4229 id
2061 4182 2143 4229 est
2173 4187 2240 4227 ex
2271 4172 2362 4226 illo
2393 4181 2634 4241 tempore
2663 4186 2833 4239 usque
2865 4171 2917 4224 in
2948 4179 3208 4224 aeternum
3240 4169 3322 4221 ira

1737 4273 1849 4327 tua,
1884 4263 1935 4317 id
1963 4274 2044 4319 est
2070 4263 2303 4318 vindicta
2334 4272 2443 4327 tua,
2479 4261 2763 4316 manifesta
2800 4262 2937 4325 erit,
2969 4263 3128 4315 modo
3167 4260 3318 4314 latet.

1738 4350 1895 4406 quta
1941 4355 2083 4422 quod
2121 4352 2248 4406 alibi
2299 4351 2587 4407 Psalmista
2639 4368 2653 4405 :
2714 4369 2732 4402 ι
2769 4350 2903 4405 Cum
2951 4350 3221 4406 exarserit
3264 4351 3320 4404 in

129 4439 249 4497 Dico
277 4444 428 4512 quod
463 4454 517 4499 tu
544 4460 603 4501 es
631 4445 758 4502 Sion
790 4455 845 4501 et
888 4445 1090 4514 salem,
1124 4457 1179 4504 et
1220 4450 1404 4518 Israel,
1447 4462 1503 4509 οι
1543 4454 1637 4508 Ju-
1668 4471 1713 4530 D
1740 4445 1887 4501 brevi
1928 4445 2005 4498 ira
2044 4445 2159 4514 ejus
2191 4442 2364 4513 (Psal.
2404 4459 2470 4504 ll,
2510 4443 2619 4513 12),
2661 4462 2679 4494 ι
2719 4450 2775 4497 et
2814 4451 2942 4497 tunc
2979 4442 3042 4495 de
3071 4442 3195 4496 caelo
3232 4455 3322 4495 ve-

71 4529 217 4587 dicam
246 4534 583 4602 illuminans,
610 4538 862 4608 gentilem
894 4540 1148 4609 populum
1176 4543 1403 4609 scilicet,
1436 4548 1502 4601 de
1531 4562 1636 4616 qua

69 4620 443 4681 illuminatione
480 4627 675 4683 turbati
717 4639 838 4684 sunt
884 4630 1080 4686 invidia
1124 4650 1299 4688 omnes
1338 4636 1638 4706 insipientes

68 4714 225 4782 corde,
269 4718 516 4786 perversi
561 4718 765 4775 scilicet
791 4719 984 4788 Judaei,
1022 4722 1114 4792 qui
1163 4738 1267 4779 non
1299 4724 1469 4780 solum
1500 4727 1634 4783 insi-

68 4799 254 4867 pientes
299 4817 431 4861 sunt
476 4807 529 4861 in
564 4823 750 4879 opere,
778 4810 873 4865 sed
920 4810 1086 4866 etiam
1133 4812 1187 4866 in
1219 4815 1399 4869 cordis
1429 4817 1635 4887 cogita-

70 4889 212 4962 tione,
240 4911 366 4950 cum
412 4907 631 4968 pmpter
672 4900 810 4955 mala
858 4902 1050 4957 merita
1081 4917 1175 4957 sua
1205 4907 1460 4961 exctecati
1501 4909 1627 4963 sint.

68 4977 186 5034 Sunt
230 4985 438 5039 etenim
483 4986 665 5057 plures
706 4990 798 5059 qui
838 4990 1048 5046 tametsi
1097 4991 1414 5061 insipienter
1445 5009 1629 5068 agant,

67 5084 391 5143 nequaquam
425 5084 602 5132 tamen
632 5094 692 5135 se
722 5080 861 5135 male
884 5095 1046 5151 agere
1086 5081 1355 5153 ignorant.
1402 5086 1632 5159 Ideoque

68 5162 268 5220 minime
321 5177 452 5223 sunt
506 5169 822 5241 insipientes
871 5174 1053 5228 corde.
1107 5173 1261 5230 Unde
1311 5176 1632 5235 in‘Actibns

68 5259 417 5321 apostolorum
445 5259 661 5330 legitur,
691 5264 970 5319 audientes
993 5263 1187 5332 Judaei,
1219 5268 1345 5337 quia
1382 5269 1630 5327 Samaria

68 5347 253 5413 recepit
292 5347 522 5402 verbum
565 5349 797 5417 Domini,
839 5361 894 5407 et
934 5352 1119 5424 repleti
1166 5364 1293 5409 sunt
1331 5356 1448 5411 zelo
1490 5358 1627 5429 (Act.

66 5443 168 5493 vm,
205 5434 315 5505 M).
352 5454 372 5486 ι
409 5435 474 5491 Ει
505 5437 703 5493 turbati
730 5440 1052 5497 dormierunt
1091 5459 1330 5498 somnum
1365 5460 1539 5505 suum.
1577 5448 1629 5503 id

65 5531 137 5575 est
178 5524 278 5579 sibi
328 5528 833 5595 nocivum,scilicet
878 5532 1224 5601 complebunt
1257 5534 1627 5592 infidelitatem

66 5623 225 5674 suam,
258 5625 316 5669 ut
346 5631 624 5685 nunquam
654 5618 722 5672 ab
765 5634 826 5673 ea
857 5621 1143 5687 desistant,
1178 5622 1350 5677 donec
1395 5624 1447 5678 in
1495 5634 1628 5681 tem-

65 5715 181 5767 pore
220 5703 600 5775 reliquiarum,
636 5708 688 5763 in
718 5707 821 5766 tiue
851 5712 1032 5768 mundi
1059 5728 1086 5767 a
1118 5711 1469 5771 similitudine
1498 5717 1626 5775 dor-

1744 4537 1898 4590 nieus
1934 4535 2173 4607 localiter
2205 4534 2498 4589 secundum
2528 4536 2670 4603 quod
2714 4534 2873 4588 homo
2909 4532 3117 4601 fecisti,
3150 4531 3203 4586 id
3237 4541 3322 4587 est

1741 4628 1906 4682 facies
1926 4626 2211 4695 judicium,
2238 4636 2291 4681 et
2317 4641 2422 4680 non
2446 4626 2717 4681 occultum
2746 4626 2839 4681 sed
2866 4626 3130 4691 auditum,
3155 4627 3208 4681 id
3236 4635 3321 4680 est

1741 4716 1973 4772 audibile
1999 4717 2250 4772 omnibus
2269 4726 2323 4771 et
2345 4716 2710 4771 manifestum.
2732 4717 2892 4773 Juxta
2911 4718 3052 4788 quod
3076 4718 3272 4789 legitur
3303 4735 3318 4773 :

1746 4826 1763 4859 ε
1782 4806 2263 4875 Congregabuntur
2285 4815 2409 4861 ante
2439 4821 2561 4860 eum
2590 4822 2781 4862 omnes
2802 4816 3007 4878 gentes,
3027 4816 3079 4863 et
3099 4822 3321 4877 separa-

1740 4898 1817 4953 bit
1839 4912 1985 4962 eas,»
2004 4906 2110 4951 etc.
2130 4896 2343 4967 (Matth.
2368 4896 2631 4968 xxv,_52.)
2652 4897 2779 4952 Dico
2800 4899 3076 4953 auditores
3090 4898 3217 4968 quia
3235 4896 3318 4951 fa-

1740 4989 1844 5043 ciet
1876 4987 2111 5041 audibile
2132 4986 2417 5057 judicium.
2452 4985 2617 5041 Terra
2652 4999 2833 5043 autem
2863 4992 3155 5054 tremuit,et
3178 5005 3321 5057 quie-

1740 5080 1840 5143 rit,
1887 5079 1939 5133 id
1966 5087 2049 5133 est
2083 5076 2281 5133 terreni
2316 5087 2647 5149 peccatores,
2678 5080 2887 5136 scilicet
2917 5080 3047 5134 solis
3086 5078 3319 5133 terrenis

1742 5172 1830 5227 hic
1852 5171 2043 5226 intenti
2068 5172 2361 5238 timebunt,
2388 5171 2443 5227 id
2465 5179 2548 5227 est
2576 5172 2840 5227 timebunt
2866 5170 3039 5234 valde,
3076 5177 3137 5223 et
3163 5169 3318 5237 quie-

1742 5272 1899 5320 scent
1923 5306 1938 5330 ,
1968 5264 2135 5320 velint
2167 5264 2377 5330 nolint,
2410 5265 2463 5319 id
2489 5274 2573 5320 est
2610 5264 2902 5320 cessabunt
2930 5262 2999 5316 ab
3042 5260 3319 5330 impietate

1740 5370 1836 5410 sua
1862 5395 1875 5417 ,
1910 5370 2015 5410 non
2055 5363 2232 5411 tamen
2259 5356 2325 5410 ad
2354 5356 2438 5410 sui
2482 5353 2822 5409 commodum
2854 5354 2946 5423 qui
2978 5355 3065 5409 hic
3101 5367 3317 5408 cessare

1739 5443 2043 5515 negligunt,
2077 5461 2193 5499 cum
2224 5452 2520 5515 exsurgeret
2558 5443 2613 5497 in
2632 5442 2896 5512 judicium
2932 5442 3104 5507 Deus,
3152 5442 3202 5496 id
3234 5451 3318 5497 est

1739 5543 1864 5589 tunc
1893 5534 2199 5589 tremebant
2220 5545 2272 5589 et
2296 5535 2606 5602 quiescent,
2637 5547 2760 5587 cum
2786 5532 2927 5587 Deus
2948 5532 3197 5587 Christus
3219 5532 3315 5601 qui

1737 5626 1825 5681 hic
1863 5626 2127 5697 impotens
2164 5626 2397 5688 videtur,
2434 5632 2690 5695 exsurget
2723 5623 2774 5677 in
2792 5624 3056 5691 judicium
3080 5663 3095 5689 ,
3137 5621 3192 5677 id
3230 5633 3314 5678 est

1738 5727 1926 5783 potens
1956 5718 2232 5784 apparebit
2263 5717 2319 5774 in
2348 5715 2602 5777 iudicium
2637 5717 2877 5781 veniens,
2910 5726 2963 5772 ut
3002 5716 3231 5779 faceret.
3253 5716 3313 5773 id
