3846 6334
514 284 537 337 1
550 284 654 339 025

1106 280 1162 336 S.
1205 280 1553 349 BRUNONIS
1588 280 2228 339 CARTHUSIANORUM
2268 282 2753 345 lNSTlTUTORlS
2780 289 2929 346 OPP.
2963 292 3144 351 PARS
3167 294 3209 351 l.

3647 308 3769 363 ιοῑι

513 410 598 455 est
629 408 688 455 ut
728 399 891 453 faciat
940 402 1110 457 snlros
1140 414 1342 460 aeterna
1379 406 1707 469 salvatione,
1741 421 1912 461 omnes
1943 422 2091 458 man-
2123 408 2173 466 Α
2202 407 2300 459 bus
2345 409 2584 476 spiritum
2628 420 2823 465 rectum
2867 414 3039 483 aufert
3080 415 3305 469 terribili
3348 414 3603 474 existenti
3631 462 3645 487 ,
3693 426 3771 482 hic

511 502 685 545 suetos
713 500 867 546 terra:
891 535 905 560 ,
943 494 994 547 id
1023 504 1106 548 est
1137 496 1341 563 fideles,
1372 499 1461 566 qui
1492 514 1555 552 ex
1601 508 1742 551 terra
1777 499 1917 565 quod
1952 496 2127 577 prius,

512 591 667 637 erant
698 582 827 637 facti
867 596 995 639 sunt
1033 590 1297 649 mansueti
1337 606 1364 643 a
1398 590 1540 653 Deo,
1582 590 1633 643 id
1676 599 1759 643 est
1796 589 1956 642 mites
1983 628 1997 653 ,
2046 588 2097 642 in

511 674 684 737 nullo,
717 675 829 729 Deo
860 690 1245 747 repugnantes,
1277 681 1358 734 vel
1390 697 1564 734 omnes
1598 690 1896 734 mansuetos
1923 690 2096 745 terrm,

513 762 567 817 id
603 772 688 818 est
717 765 809 834 qui
840 776 967 820 sunt
998 768 1048 820 in
1078 768 1178 822 hac
1203 778 1369 835 terra,
1406 778 1510 823 tam
1539 768 1751 824 Judceos
1779 784 1939 838 quam
1971 784 2099 838 gen-

514 851 659 907 tiles.
704 853 855 908 lianc
892 858 1279 925 apostmpham
1311 858 1376 910 ad
1414 858 1691 911 auditores
1731 857 1911 921 facit,
1946 868 2004 911 ιιι
2045 866 2099 912 ει

520 942 717 999 timore
746 960 921 1015 ptenze
956 962 985 999 a
1021 948 1223 1001 malitia
1254 949 1622 1013 retrahantur,
1655 958 1709 1002 et
1753 965 1937 1004 amore
1966 966 2099 1018 pra:-

511 1035 607 1089 mii
632 1035 696 1090 ad
721 1050 853 1105 opus
874 1037 1073 1091 bonum
1100 1038 1463 1107 impellantur.
1492 1040 1555 1092 Et
1577 1040 1770 1094 merito
1790 1050 2099 1095 mansuetos

510 1126 692 1182 salvos
706 1126 893 1194 facies,
914 1143 946 1182 ο
965 1127 1123 1195 Deus,
1149 1132 1397 1199 quoniam
1420 1131 1662 1200 cogitatio
1684 1132 1908 1185 hominis
1930 1132 2098 1200 conﬁ-

510 1219 701 1271 tebitur
734 1219 863 1281 tibi,
894 1218 944 1271 id
977 1230 1060 1274 est
1108 1223 1480 1292 unusquisque
1510 1232 1824 1283 mansuetus
1858 1224 2097 1278 rationa—

509 1308 836 1377 bilitersese
867 1310 1106 1374 habens,
1138 1321 1198 1365 ιιι
1229 1313 1389 1366 homo
1418 1312 1657 1368 laudabit
1688 1324 1758 1376 te,
1793 1316 1929 1367 bona
1957 1316 2100 1384 cogi.

511 1400 717 1453 talione
765 1415 896 1468 sua,
949 1410 998 1454 et
1038 1402 1272 1472 reliquiae
1316 1404 1645 1472 cogitationis
1672 1444 1686 1467 ,
1736 1405 1787 1457 id
1833 1413 1917 1458 est
1958 1405 2094 1459 bona

506 1506 672 1560 opera
710 1508 830 1562 quae
879 1493 1261 1562 relinquuntur
1297 1505 1421 1564 post
1460 1495 1883 1565 cogitationem,
1931 1496 1979 1549 id
2017 1507 2098 1551 est

508 1593 718 1638 restant
748 1585 814 1637 ad
847 1586 1260 1656 complendum,
1293 1597 1445 1657 agent
1484 1588 1597 1652 tibi,
1638 1588 1689 1642 id
1716 1596 1800 1642 est
1833 1590 1899 1642 ad
1931 1589 2100 1642 hono-

508 1690 624 1743 rem
655 1674 769 1739 tui,
809 1675 998 1743 festum
1026 1678 1191 1743 diem,
1233 1678 1284 1732 id
1331 1687 1416 1733 est
1455 1679 1722 1734 celebrem
1767 1689 1820 1732 et
1857 1690 2096 1734 sanctam

2201 499 2342 565 apud
2366 515 2504 569 reges
2528 511 2680 555 terrm
2698 543 2712 566 ,
2744 504 2995 560 timentes
3020 523 3087 563 ne
3112 508 3157 562 si
3186 508 3507 577 ceciderint,
3538 513 3773 571 similiter

2203 591 2282 643 eis
2312 590 2558 659 spiritum
2608 605 2809 648 rectum
2841 596 3073 652 auferat.
3114 598 3330 665 Quanto
3356 616 3487 655 vero
3513 617 3633 657 eum
3677 614 3773 659 ter-

2203 680 2499 736 ribiliorem
2549 683 2789 749 indicat,
2836 694 2985 742 tanto
3033 689 3206 757 magis
3251 691 3529 748 auditores
3563 694 3630 747 ad
3670 694 3773 762 ejus

2204 768 2568 824 obedientiam
2611 774 2821 825 invitat.

2638 859 2707 913 IN
2745 860 3075 918 PSALMUM
3114 863 3348 920 LXXVI.

2272 949 2468 1003 Psalmi
2497 953 2874 1022 septuagesimi
2898 956 3035 1008 sexti
3062 956 3266 1012 titulus.
3295 957 3361 1011 In
3386 959 3543 1026 ﬁnem
3566 976 3657 1027 pro
3678 960 3771 1015 Ιᾱιο

2203 1041 2351 1095 ιΙιιιη.
2385 1041 2632 1097 Psalmus
2661 1044 2857 1113 Asapli,
2890 1048 3033 1114 quod
3086 1048 3165 1102 sic
3192 1049 3504 1118 exponitur.
3538 1050 3769 1105 Psalmns

2203 1130 2307 1184 iste
2334 1140 2413 1185 est
2446 1131 2642 1198 Asaplt,
2682 1133 2733 1187 id
2777 1143 2858 1187 est
2904 1135 3076 1191 lidelis
3105 1135 3405 1208 Synagoga:
3440 1139 3658 1194 habitus
3689 1158 3770 1209 pro

2201 1223 2421 1276 ldithun
2450 1225 2503 1277 in
2532 1224 2716 1291 ﬁnem,
2750 1226 2803 1280 id
2833 1236 2916 1281 est
2942 1242 3040 1296 pro
3073 1244 3134 1283 ea
3165 1230 3454 1284 occasione
3501 1232 3642 1300 quod
3673 1233 3768 1301 ipsa

2199 1311 2382 1380 Asaph
2413 1321 2494 1367 est
2524 1313 2757 1374 ldithun.
2792 1316 2843 1370 id
2871 1328 2955 1371 est
2985 1319 3294 1375 transiliens
3321 1336 3416 1375 eos
3440 1360 3454 1384 ,
3497 1321 3569 1376 de
3592 1324 3768 1392 quich

2202 1400 2254 1454 in
2298 1402 2651 1469 sequentibus
2677 1405 2814 1474 agit,
2845 1406 2933 1461 ubi
2966 1407 3119 1475 ponit
3146 1409 3279 1461 sicut
3309 1425 3447 1473 oves,
3480 1418 3613 1472 etc.,
3643 1413 3769 1465 scili-

2200 1498 2284 1543 cet
2319 1489 2562 1544 inlideles
2590 1490 2837 1556 Judmos,
2872 1501 2955 1548 est
2988 1495 3300 1549 transiliens
3326 1513 3500 1565 usque
3527 1499 3582 1551 in
3624 1499 3767 1555 ﬁnem

2200 1578 2393 1638 eundo,
2428 1578 2478 1631 id
2502 1589 2587 1632 est
2609 1580 2661 1633 in
2690 1580 2964 1636 Christum
2995 1584 3268 1638 transilire
3298 1599 3356 1639 se
3380 1601 3474 1641 eos
3499 1591 3769 1644 ostendens

2204 1666 2327 1731 fide,
2354 1666 2489 1721 bona
2515 1670 2832 1736 operatione
2854 1680 2908 1725 et
2936 1672 3356 1744 investigatione
3376 1686 3435 1730 et
3459 1679 3765 1748 cognitione.

507 1766 679 1819 vitam
717 1766 769 1819 ίη
814 1781 918 1836 qua
960 1782 988 1820 ε
1029 1768 1210 1837 pravis
1255 1769 1562 1824 actionibus
1593 1772 1912 1837 cessabunt,
1955 1773 2094 1826 sic.”
2130 1754 2170 1812 Β
2201 1756 2275 1809 Ea
2304 1757 2465 1826 igitur
2494 1760 2781 1815 occasione
2809 1763 2933 1830 quia
2965 1765 3278 1821 transiliens
3298 1776 3382 1821 est
3414 1768 3765 1824 infidelitatem

509 1855 563 1909 in
607 1856 695 1910 die
740 1855 878 1910 festo
915 1874 943 1909 a
991 1859 1172 1912 servili
1215 1874 1378 1928 opere
1423 1870 1687 1915 cessatur.
1733 1862 1964 1930 Ideoque
2000 1878 2094 1932 per

510 1946 921 2001 similitudinem
954 1948 1155 2003 dicitur
1184 1950 1298 2005 dies
1326 1950 1526 2018 festus,
1559 1954 1700 2020 quod
1736 1961 1820 2008 est
1849 1968 1912 2007 ac
1942 1954 1986 2007 si
2019 1955 2095 2009 die

510 2042 659 2087 ceret
686 2052 698 2088 :
729 2034 873 2088 Bona
898 2050 1059 2106 opera
1085 2053 1203 2107 quae
1227 2038 1326 2108 ipsi
1352 2047 1535 2110 agent,
1560 2054 1720 2095 causa
1746 2051 1901 2096 erunt
1926 2058 2095 2111 quare

510 2126 579 2179 ad
619 2126 691 2180 tui
742 2126 952 2182 laudem
996 2130 1266 2185 celebrem
1298 2132 1463 2186 vitam
1502 2132 1792 2187 deducant.
1837 2134 2096 2204 Apostro-

511 2215 677 2282 pham
708 2224 888 2270 autem
922 2218 988 2272 ad
1035 2218 1278 2275 infideles
1312 2220 1527 2277 Judaaos
1556 2219 1705 2285 facit,
1740 2234 1928 2278 contra
1961 2241 2097 2294 quos

510 2305 566 2359 in
599 2307 703 2363 hoc
735 2308 944 2378 psalmo
974 2311 1105 2381 agit,
1144 2320 1203 2365 ut
1229 2313 1297 2366 ad
1328 2313 1494 2368 Deum
1538 2316 1864 2371 laudandum
1895 2319 2098 2386 cogita-

511 2396 658 2475 tione
686 2408 742 2454 et
765 2415 928 2478 opere
957 2402 1173 2469 invitet;
1206 2416 1300 2459 aut
1330 2406 1374 2459 si
1404 2406 1585 2462 facere
1608 2409 1711 2463 hoc
1739 2410 2094 2480 neglexerint,

510 2486 703 2543 saltem
749 2491 1143 2553 inexcusabiles
1187 2496 1337 2562 sint,
1388 2498 1465 2552 ita
1513 2500 1740 2555 dicens:
1786 2502 1927 2571 Ergo
1972 2502 2097 2571 quia

510 2582 776 2639 mansueti
807 2592 1029 2652 propter
1064 2585 1233 2640 bonas
1261 2589 1615 2657 cogitationes
1643 2599 1698 2646 et
1726 2606 1889 2661 opera
1922 2592 2099 2647 salva-

508 2672 734 2737 buntur,
768 2680 825 2725 ut
850 2680 903 2726 et
925 2689 1023 2729 vos
1050 2676 1240 2731 eodem
1270 2679 1431 2734 modo
1457 2680 1764 2736 salvcmini.

594 2758 782 2817 Vovete
812 2762 1037 2819 Domino
1070 2765 1179 2820 Deo
1208 2778 1376 2823 vestro
1402 2810 1417 2836 ,
1448 2770 1499 2825 id
1533 2781 1616 2826 est
1646 2772 1782 2828 bene
1812 2772 2100 2842 cogitando

509 2850 809 2919 promittite
837 2851 1054 2908 Christo
1080 2854 1222 2910 bona
1252 2871 1414 2926 opera
1437 2899 1452 2924 ,
1485 2860 1610 2928 quia
1639 2871 1694 2915 et
1722 2861 1983 2918 Dominus
2016 2871 2102 2919 est

510 2942 567 2997 in
593 2946 755 3000 rebus
794 2954 849 3000 et
878 2947 1039 3015 Deus,
1078 2949 1130 3003 id
1153 2960 1236 3005 est
1260 2960 1476 3008 creator
1501 2963 1702 3020 vester,
1745 2956 1931 3027 velitis
1965 2958 2099 3013 noli-

511 3036 602 3091 tis.
637 3034 706 3089 Et
737 3048 1041 3109 postquam,
1064 3044 1321 3099 voveritis
1350 3046 1677 3117 cogitatione
1698 3091 1713 3118 ,
1745 3050 1944 3113 reddite
1981 3050 2096 3119 ipsa

512 3125 740 3201 actione.
791 3145 809 3178 ι
839 3127 1028 3183 Melius
1068 3139 1152 3185 est
1195 3132 1338 3187 enim
1370 3150 1478 3189 non
1516 3150 1745 3204 vovere,
1784 3154 1943 3208 quam
1980 3148 2101 3208 post
2128 3108 2172 3170 (ἶ

509 3225 636 3269 vota
669 3231 775 3272 non
804 3217 1070 3286 perlicere
1096 3219 1296 3289 (Eccle.
1328 3239 1380 3288 v,
1414 3223 1492 3294 4).
1525 3244 1543 3277 ι
1578 3226 1645 3280 Ει
1674 3244 1871 3283 vovere
1898 3237 1951 3283 et
1974 3229 2099 3283 red-

512 3307 644 3362 dere
670 3307 898 3363 dcbetis.
930 3310 1066 3363 Nam
1090 3328 1267 3366 omnes
1290 3315 1379 3384 qui
1402 3326 1521 3370 sunt
1554 3317 1608 3370 in
1643 3319 1867 3372 circuitu
1893 3360 1908 3384 ,
1939 3320 1991 3374 id
2018 3329 2104 3375 est

511 3396 569 3449 in
612 3396 1018 3465 beneplacentia
1064 3403 1216 3470 ejus,
1261 3403 1481 3471 afferent
1520 3404 1626 3458 Deo
1668 3423 1885 3460 munera
1931 3408 2101 3462 bona—

514 3498 637 3536 rum
670 3485 1055 3554 cogitationum
1101 3498 1156 3542 et
1185 3503 1409 3557 operum
1434 3531 1449 3556 ,
1484 3493 1638 3562 quasi
1681 3502 1903 3563 poneret
1935 3513 1947 3548 :
1978 3495 2102 3551 Ideo

511 3588 713 3628 vovere
755 3585 810 3629 et
846 3576 1073 3631 reddere
1109 3578 1346 3646 debetis,
1391 3582 1517 3650 quia
1552 3583 1742 3639 .nullus
1777 3585 1829 3639 in
1874 3586 2101 3641 circuitu

515 3663 632 3732 ejus
663 3665 802 3728 erit,
851 3667 952 3721 nisi
999 3668 1089 3737 qui
1132 3669 1218 3724 hic
1259 3671 1305 3726 ei
1344 3671 1532 3729 afferet
1577 3691 1799 3731 munera
1838 3678 2102 3733 bonarum

515 3754 924 3826 cogitationum,
953 3768 1007 3812 et
1033 3774 1277 3829 operum.
1307 3761 1531 3818 Domino
1562 3765 1670 3820 Deo
1702 3768 1840 3834 dico,
1877 3769 2104 3825 terribili

516 3845 702 3900 futuro
745 3855 802 3901 ut
831 3850 1076 3915 ostendi,
1118 3866 1183 3907 ac
1221 3854 1265 3907 si
1300 3853 1445 3908 dicat
1483 3874 1495 3909 :
1538 3856 1634 3912 Cui
1672 3859 1979 3914 vovendum
2021 3869 2106 3915 est

516 3946 573 3992 et
608 3939 939 3994 reddendum
974 3958 1093 3997 cum
1128 3946 1375 4000 terribilis
1405 3950 1470 4001 sit
1498 3988 1513 4015 ,
1545 3959 1600 4004 et
1635 3950 1685 4005 ei
1722 3952 1951 4006 Domino
1985 3952 2104 4007 dico

515 4030 606 4098 qui
635 4029 807 4097 aufert
848 4032 1089 4099 spiritum
1121 4034 1416 4104 principum
1442 4078 1454 4099 ,
1492 4039 1543 4092 id
1580 4048 1662 4095 est
1692 4041 1780 4110 qui
1813 4043 2103 4110 potentiam

516 4120 679 4177 habet
710 4121 989 4176 auferendi
1037 4124 1248 4179 animas
1277 4126 1612 4197 principum,
1650 4129 1857 4185 scilicet
1901 4146 1995 4185 eos
2027 4133 2105 4185 in-

517 4211 817 4266 terficiendi
850 4230 862 4265 :
896 4211 1058 4282 292
1087 4222 1143 4268 et
1172 4229 1277 4269 non
1312 4215 1486 4291 solum
1521 4218 1701 4291 futuro
1731 4220 1977 4283 terribili,
2010 4222 2105 4277 sed

516 4310 565 4354 et
603 4302 821 4355 terribili
846 4304 984 4373 apud
1015 4320 1156 4374 reges
1200 4315 1381 4370 terrm,
1410 4290 1466 4361 id
1497 4317 1579 4363 est
1607 4325 1769 4378 quem
1799 4312 1963 4365 etiam
1992 4312 2103 4380 jam

520 4392 710 4446 timent
735 4391 915 4462 plures
938 4410 1093 4465 reges
1116 4403 1293 4465 terrm,
1319 4414 1425 4453 non
1454 4399 1790 4457 solummodo
1813 4403 2101 4473 principes.

520 4479 616 4535 Vel
648 4482 736 4549 qui
781 4482 956 4551 aufert
998 4486 1240 4554 spiritum
1278 4489 1604 4558 principum,
1653 4490 1703 4543 id
1736 4501 1822 4544 est
1856 4492 1943 4560 qui
1975 4492 2107 4545 adeo

517 4569 759 4639 pius_est,
784 4573 928 4641 quod
949 4574 1126 4630 aufert
1147 4579 1439 4646 superbum
1465 4581 1711 4649 spiritum
1726 4585 2105 4651 quorumdam,

521 4673 658 4728 quos
694 4660 963 4731 principes
1010 4664 1138 4721 facit
1178 4669 1523 4737 suiipsorum.
1555 4658 1707 4738 Quod
1754 4682 1837 4728 est
1887 4674 2104 4730 dicere:

520 4747 718 4803 Aufert
749 4765 778 4804 a
810 4754 1003 4821 Spiritu
1040 4773 1226 4812 eorum
1258 4761 1567 4830 superbiam
1589 4806 1603 4827 ,
1633 4773 1688 4817 ει
1716 4764 1805 4818 dat
1833 4766 1911 4819 eis
1942 4766 2113 4821 humi-

520 4838 768 4908 litatem;
807 4852 860 4896 et
899 4848 1118 4902 terribili
1153 4854 1293 4921 apud
1343 4872 1483 4924 reges
1520 4866 1671 4911 terra:
1695 4900 1707 4923 ,
1758 4858 1807 4910 id
1853 4867 1937 4912 est
1972 4859 2111 4928 apud

522 4930 708 4987 fideles
747 4934 884 4988 bene
915 4948 1162 5007 regentes
1193 4951 1392 4998 terram
1439 4964 1591 5002 suam
1619 4988 1631 5011 ,
1663 4950 1911 5004 videlicet
1941 4958 2110 5003 terre-

520 5040 646 5080 nam
693 5042 913 5083 earnem
959 5042 1143 5092 suam,
1183 5046 1251 5086 ne
1290 5050 1383 5101 per
1414 5036 1599 5091 illicita
1645 5037 1862 5094 defluat.
1899 5038 1991 5094 Vel
2020 5040 2111 5109 qui

521 5119 696 5188 aufert
734 5119 975 5190 spiritum
1023 5119 1349 5190 principum,
1394 5127 1447 5180 id
1485 5138 1568 5183 est
1603 5129 1850 5199 spiritum
1902 5139 2108 5185 rectum

523 5210 701 5266 aufert
729 5226 760 5265 a
794 5199 1114 5282 quibusdam
1156 5202 1525 5285 principibus,
1556 5229 1776 5288 propter
1802 5220 1982 5288 aliqua
2019 5235 2109 5275 eo-

526 5319 645 5358 rum
673 5302 811 5357 mala
842 5307 1037 5360 merita
1058 5349 1072 5374 ,
1105 5322 1133 5362 a
1169 5307 1416 5364 fidelibus
1440 5312 1649 5366 scilicet
1670 5312 1988 5381 quibusdam
2018 5314 2110 5382 qui

526 5397 677 5464 prius
716 5394 1042 5461 suiipsoruin
1085 5400 1357 5471 principes
1402 5410 1595 5463 crant;
1654 5403 1792 5456 sicut
1838 5402 2031 5473 legitur
2081 5418 2112 5457 ιι

527 5488 816 5546 Salomone
838 5493 1150 5560 abstulisse,
1172 5492 1427 5562 quoniam
1452 5492 1609 5548 idolis
1633 5503 1791 5563 caput
1814 5494 2109 5558 inclinavit,

528 5592 585 5638 et
609 5600 639 5637 a
666 5584 802 5639 Juda
830 5587 1083 5657 quoniam
1118 5568 1249 5641 eum
1270 5586 1520 5653 tradidit,
1546 5587 1635 5655 qui
1676 5586 1827 5654 prius
1857 5586 2111 5639 miracula

524 5660 729 5755 fecisse
760 5675 970 5749 legitur,
1007 5687 1059 5735 et
1100 5677 1402 5757 a‘pluribus
1437 5679 1576 5753 aliis.
1611 5679 1671 5733 Et
1702 5678 1824 5748 quia
1854 5677 2113 5759 principi-

2196 1855 2253 1899 et
2278 1848 2457 1900 omnia
2495 1857 2708 1904 terrena
2741 1870 2752 1904 :
2784 1862 2838 1907 et
2867 1854 2920 1907 in
2954 1855 3113 1909 finem
3147 1870 3334 1911 verum
3381 1859 3434 1911 in
3474 1858 3765 1925 Christum,

2198 1938 2407 1993 scilicet
2438 1940 2663 1994 tendens
2683 1981 2697 2003 ,
2729 1950 2787 1995 ut
2814 1944 2895 1996 sui
2925 1946 3175 2014 exemplo
3209 1946 3479 2002 infidelem
3504 1948 3681 2018 Asaph
3708 1952 3766 2003 ad

2202 2030 2616 2086 transiliendum
2646 2031 2700 2085 in
2730 2033 2893 2087 linem
2926 2034 3135 2089 invitet.
3181 2035 3364 2091 Saltus
3400 2052 3528 2091 suos
3553 2040 3768 2096 ostendit

2198 2123 2491 2189 quomodo,
2521 2123 2728 2178 scilicet
2754 2139 2876 2178 cum
2898 2123 3010 2192 jam
3053 2126 3121 2180 ad
3145 2141 3269 2181 eum
3303 2127 3406 2181 llde
3432 2130 3764 2197 pervenisset,

2198 2212 2615 2281 investigatione
2643 2224 2829 2281 postea
2860 2226 2913 2269 et
2954 2231 3177 2285 operum
3209 2218 3302 2271 Dei
3348 2220 3762 2275 consideratione

2201 2302 2267 2355 ad
2307 2302 2477 2370 ipsius
2505 2304 2868 2373 cognitionem
2910 2314 2964 2357 et
3007 2305 3349 2361 dilectionem
3375 2308 3490 2379 jam
3528 2323 3591 2361 ex
3630 2318 3765 2378 parte

2198 2392 2527 2460 pervenerit,
2562 2391 2614 2445 in
2648 2391 2827 2461 futuro
2866 2393 3083 2463 quidem
3112 2393 3405 2463 perfectius
3430 2396 3497 2449 ad
3525 2397 3622 2451 hoc
3658 2412 3767 2466 per-

2199 2490 2447 2534 ventura.
2479 2481 2729 2537 Ostendit
2766 2497 2980 2553 quoque
3011 2493 3068 2538 ut
3096 2485 3268 2554 magis
3300 2484 3570 2540 infidelem
3605 2486 3763 2555 Asaph

2197 2569 2441 2633 Judzeos,
2474 2572 2683 2627 scilicet
2714 2574 2780 2626 ad
2813 2572 3221 2627 transiliendum
3251 2574 3305 2627 in
3332 2574 3501 2628 linem
3526 2575 3760 2644 impellat,

2200 2673 2392 2733 gentes
2424 2664 2624 2718 multas
2654 2665 2707 2719 in
2738 2664 3010 2719 Christum
3042 2665 3364 2721 transiliisse
3394 2666 3499 2720 [ide
3523 2676 3578 2722 et
3601 2668 3761 2737 cogni-

2202 2753 2347 2809 tione
2384 2769 2483 2823 per
2519 2754 2820 2809 doctrinam
2855 2765 2908 2809 et
2939 2755 3200 2829 miracula
3239 2757 3680 2825 praedicatorum;
3716 2767 3762 2810 et

2200 2845 2512 2898 eorumdem
2534 2843 2842 2898 Judmorum
2868 2846 3299 2901 incredulitatem
3324 2849 3634 2909 detestatur,
3654 2863 3760 2927 cum

2201 2938 2255 2992 hi
2294 2937 2360 2991 ad
2393 2953 2515 2992 eum
2548 2939 2637 3007 qui
2678 2953 2773 2993 eos
2801 2938 3027 2995 deduxit
3052 2940 3105 2993 in
3137 2955 3299 2994 manu
3331 2939 3501 3010 Moysi
3531 2951 3584 2994 et
3607 2942 3760 2993 Aaron

2206 3028 2517 3097 cognitione
2544 3029 2720 3083 nolint
2750 3030 3042 3085 transilire.
3284 3095 3289 3100 ,

2285 3117 2419 3173 Voce
2444 3136 2557 3173 mea
2586 3120 2655 3173 ad
2686 3120 2967 3174 Dominum
2993 3120 3243 3185 clamavi,
3278 3136 3340 3175 ac
3373 3122 3417 3176 si
3446 3122 3584 3176 dicat
3608 3140 3620 3176 :
3650 3123 3759 3185 Vos.

2201 3206 2434 3261 infidelis
2467 3208 2647 3277 Asaph
2668 3248 2681 3273 ,
2714 3208 2946 3262 clamate
2981 3209 3049 3262 ad
3082 3209 3389 3275 Dominum,
3426 3219 3483 3263 ut
3512 3226 3603 3264 vos
3634 3211 3679 3263 in
3705 3212 3757 3263 li-

2203 3311 2326 3350 nem
2356 3296 2631 3350 transilire
2654 3295 2839 3359 faciat,
2868 3296 3115 3365 exemplo
3141 3296 3269 3359 mei,
3294 3307 3349 3351 et
3372 3298 3489 3367 ipse
3511 3314 3601 3352 vos
3617 3313 3759 3351 exau-

2203 3386 2331 3440 diet.
2364 3385 2496 3440 Nam
2532 3401 2635 3457 ego
2662 3403 2783 3441 voce
2816 3404 2930 3442 mea
2962 3402 3159 3458 agens,
3201 3388 3253 3442 id
3295 3398 3380 3442 est
3420 3406 3524 3445 non
3560 3405 3680 3443 rana
3712 3400 3757 3444 et

2204 3478 2378 3532 inutili
2410 3493 2557 3541 voce,
2592 3479 2688 3533 sed
2721 3479 2874 3533 ﬁrma
2905 3488 2960 3535 et
2990 3489 3218 3547 attenta,
3254 3491 3309 3535 et
3349 3482 3481 3535 mihi
3516 3498 3635 3537 voce
3660 3484 3757 3537 utili

2203 3585 2392 3639 agens,
2425 3570 2668 3635 clamavi,
2698 3570 2750 3623 id
2781 3578 2865 3625 est
2890 3570 3129 3625 clamore
3169 3572 3411 3625 interiori
3445 3574 3755 3626 intensmde-

2204 3664 2438 3717 votionis
2463 3662 2544 3731 egi
2569 3662 2637 3715 ad
2666 3659 2950 3717 Dominum
2979 3662 3218 3727 Patrem,
3247 3681 3366 3717 voce
3388 3682 3522 3727 mea,
3546 3666 3753 3734 inquam,

2206 3755 2273 3808 ad
2310 3756 2475 3809 Deum
2500 3754 2715 3808 Patrem
2749 3755 2854 3824 egi.
2887 3754 3019 3809 Cum
3052 3755 3133 3809 bis
3161 3756 3313 3826 ponit
3338 3773 3459 3829 pace
3482 3774 3609 3823 mea,
3638 3756 3753 3809 idem

2205 3855 2310 3911 est,
2353 3846 2445 3901 sed
2472 3860 2594 3899 cum
2625 3845 2779 3914 ponit
2806 3846 2875 3899 ad
2906 3845 3073 3899 Deum
3098 3855 3152 3901 et
3176 3848 3243 3900 ad
3266 3846 3571 3911 Dominum,
3601 3847 3755 3900 diver-

2209 3950 2297 3990 sas
2334 3951 2526 3991 causas
2556 3944 2730 4003 notat,
2770 3950 2833 3991 ac
2862 3937 2909 3992 si
2939 3937 3086 3991 dicat
3113 3956 3124 3990 :
3156 3937 3294 3992 Vere
3323 3938 3555 3992 clamare
3581 3938 3753 4000 debui,

2206 4041 2327 4080 cum
2357 4026 2471 4095 ipse
2502 4026 2759 4081 Dominus
2791 4026 2883 4088 sit,
2922 4026 2974 4081 id
2997 4036 3079 4081 est
3107 4028 3437 4096 gubernator
3464 4037 3515 4080 et
3540 4026 3681 4087 Deus,
3709 4026 3752 4077 id

2206 4128 2289 4172 est
2329 4126 2561 4172 creator.
2596 4115 2663 4170 Et
2694 4119 2819 4186 quia
2845 4117 3074 4172 clamavi
3103 4158 3117 4183 ,
3160 4119 3379 4171 intendit
3416 4119 3537 4171 mihi
3564 4158 3578 4179 ,
3605 4118 3651 4171 id
3684 4126 3753 4170 est

2208 4210 2565 4267 intentionem
2608 4212 2780 4281 magis
2819 4211 3088 4266 clamandi
3128 4212 3278 4267 dedit
3303 4212 3453 4273 mihi,
3496 4211 3570 4263 vel
3608 4224 3658 4264 se
3684 4207 3753 4262 in-

2212 4312 2423 4357 tensum
2460 4302 2588 4359 fecit
2618 4303 2773 4369 mihi,
2806 4312 2864 4356 ut
2896 4304 3037 4373 quod
3069 4303 3280 4359 intense
3308 4303 3584 4357 clamando
3608 4299 3750 4361 oravi,

2211 4396 2421 4451 intcnse
2454 4395 2583 4449 mihi
2630 4395 2805 4449 daret.
2847 4394 2999 4461 Quod
3027 4405 3110 4449 est
3142 4396 3324 4451 dicere
3353 4415 3365 4448 :
3400 4394 3661 4448 Exaudivit
3684 4406 3751 4442 me

2213 4489 2278 4541 de
2317 4490 2417 4543 hoc
2447 4488 2588 4557 quod
2620 4488 2828 4543 intense
2875 4488 3159 4542 clamando
3189 4488 3357 4541 oravi.
3402 4484 3621 4555 Exponit
3649 4496 3750 4535 vero

2211 4581 2340 4649 quid
2373 4579 2656 4634 clamando
2698 4578 2905 4642 oravit,
2941 4588 2995 4631 et
3040 4578 3181 4632 unde
3221 4578 3474 4631 exaudita
3516 4584 3623 4635 est,
3652 4572 3748 4624 sic:

2212 4670 2358 4733 inde,
2383 4669 2587 4724 scilicet
2607 4667 2932 4722 clamantem
2955 4667 3233 4722 exaudivit
3257 4680 3344 4719 me
3368 4664 3631 4737 Dominus,
3652 4659 3749 4728 quia

2211 4767 2267 4815 in
2307 4762 2391 4815 die
2428 4759 2780 4813 tribulationis
2823 4759 2911 4813 ubi
2961 4758 3112 4812 locus
3155 4756 3440 4827 deficiendi
3486 4754 3749 4808 videretur.

2213 4856 2465 4925 exquisivi
2503 4854 2781 4908 Dominum
2831 4853 3115 4908 affectione
3162 4860 3215 4907 et
3253 4866 3383 4906 voce
3424 4869 3437 4904 :
3484 4849 3563 4903 vel
3603 4848 3649 4899 in
3686 4845 3751 4897 die

2216 4945 2597 5006 tribulationis.
2624 4942 2676 4996 id
2698 4952 2779 4998 est
2798 4943 2849 4997 in
2876 4951 2985 4996 toto
3016 4952 3256 5012 tempore
3286 4942 3409 4994 vitae
3430 4955 3577 5001 mete,
3605 4938 3650 4989 in
3671 4946 3750 5001 qua

2217 5053 2322 5091 non
2354 5046 2479 5092 sunt
2507 5036 2608 5089 nisi
2633 5035 2749 5089 dies
2779 5034 3161 5103 tribulationis.
3190 5032 3408 5086 «Militia
3434 5024 3750 5085 enimestviu

2219 5127 2450 5181 hominis
2468 5130 2781 5192 superterra
2792 5139 2860 5175 m.
2879 5122 3000 5191 (Job
3015 5137 3115 5185 vtt,
3140 5122 3215 5189 l).
3231 5140 3247 5172 ι
3273 5120 3402 5173 Dico
3424 5119 3581 5173 Deum
3601 5110 3752 5179 exqui-

2217 5219 2336 5285 sivi,
2351 5229 2405 5273 et
2423 5216 2627 5272 hocfeci
2650 5219 2783 5272 sicut
2802 5214 3104 5268 faciendum
3120 5220 3256 5268 erat.
3273 5209 3407 5264 Nam
3428 5205 3658 5279 exquisivi
3672 5217 3753 5297 me

2219 5310 2368 5363 nibus
2398 5310 2521 5362 meis
2552 5317 2732 5361 contra
2766 5322 2884 5358 eum
2906 5304 3167 5366 extensis,
3190 5302 3242 5355 id
3267 5310 3350 5354 est
3379 5298 3620 5369 operibus
3647 5303 3751 5346 mets

2219 5415 2400 5455 coram
2429 5413 2493 5453 eo
2510 5396 2811 5451 sublimatis
2840 5410 2935 5465 per
2955 5392 3478 5462 multiplicationem,
3496 5406 3522 5442 a
3543 5383 3751 5440 similitu-

2221 5492 2343 5546 dine
2378 5490 2619 5551 illorum,
2646 5488 2737 5555 qui
2766 5486 3013 5540 manibus
3039 5484 3280 5557 extensis
3308 5491 3486 5536 orant.
3524 5478 3638 5532 Dico
3664 5487 3751 5526 ma.

2224 5584 2392 5639 nibus.
2426 5581 2477 5634 id
2515 5588 2599 5634 est
2627 5578 2881 5648 operibus
2912 5574 3219 5631 sublimatis
3251 5583 3304 5627 et
3339 5570 3564 5627 dilatatis
3589 5565 3647 5619 ad
3674 5562 3751 5616 bo-

2225 5688 2410 5730 norcm
2444 5671 2558 5727 Dei.
2586 5670 2652 5724 Et
2680 5669 2779 5725 hoc
2804 5676 2949 5722 nocte
2979 5666 3165 5733 etiam,
3200 5664 3251 5719 id
3278 5671 3361 5721 est
3398 5663 3449 5717 in
3474 5654 3752 5715 adversitate
