3856 6322
104 281 232 336 1023

1036 268 1399 327 exeosmo
1437 267 1502 323 1N
1546 255 1878 322 PSALMOS.
1910 297 1975 305 -
2000 266 2191 320 esse
2230 266 2459 319 LXXVI.

3210 279 3353 336 1026

94 397 172 448 ubi
202 392 353 446 multi
386 406 411 445 a
446 393 591 446 bono
620 405 776 460 opere
801 392 1013 445 cessant
1045 403 1056 439 :
1086 401 1203 455 quae
1232 396 1468 451 congrue
1496 379 1655 449 293
1690 381 1731 435 Α
1765 378 1918 429 nobis
1948 376 2171 445 contigit
2206 376 2306 431 hoc
2337 382 2554 443 propter
2584 378 2792 444 culpam
2817 394 3111 447 primorum
3158 399 3354 441 nare“-

94 501 187 539 nox
225 483 459 545 dicitur,
507 496 571 535 eo
616 479 754 549 quod
801 480 851 532 in
896 494 957 533 ca
992 464 1663 530 incedentcs‘olfensacula

94 572 309 641 plurima
347 570 793 632 sentiunt,»sicut
833 569 883 622 in
927 576 1085 621 nocte
1129 565 1464 620 ambulantes
1493 559 1661 615 offen-

94 665 230 717 dunt.
267 660 368 716 Vel
413 660 653 713 manibus
684 660 812 712 meis
854 658 1093 712 extensis
1141 666 1315 720 nocte,
1353 654 1403 707 id
1434 661 1518 707 est
1555 660 1662 705 tota

94 755 191 806 vita
226 767 369 817 mea,
399 766 519 819 quae
554 750 690 803 bene
716 750 781 803 ad
812 748 1275 816 comparationem
1319 746 1441 799 vita:
1470 743 1665 797 futurae

97 857 187 896 nox
235 840 465 902 dicitur,
498 854 562 893 eo
593 838 732 907 quod
765 839 993 893 obscura
1030 839 1101 892 sit
1136 844 1192 891 ut
1232 852 1355 890 nox.
1402 834 1491 887 Illa
1536 848 1664 885 vero

96 928 234 999 quasi
262 928 381 981 dies
408 926 742 993 clarissima,
792 927 934 997 quod
979 935 1064 980 est
1100 926 1282 979 dicere
1313 943 1324 977 :
1355 924 1410 976 In
1456 923 1555 976 hoc
1579 936 1664 974 me

96 1019 376 1081 exaudivit,
406 1017 549 1086 quod
576 1032 697 1071 eum
728 1025 835 1071 tota
858 1017 968 1071 vita
998 1031 1115 1071 mea
1143 1024 1195 1070 et
1234 1015 1285 1068 in
1312 1011 1587 1083 prosperis
1609 1019 1663 1065 et

96 1109 141 1160 in
168 1107 433 1169 adversis,
461 1115 515 1159 et
544 1121 639 1160 ore
663 1116 716 1161 et
750 1106 1034 1161 devotione
1063 1115 1117 1160 et
1148 1104 1460 1175 operatione
1486 1103 1663 1173 exqui-

97 1195 208 1256 sivi,
236 1194 287 1247 id
321 1204 404 1247 e5t
429 1203 584 1248 extra
631 1196 735 1248 alia
783 1196 962 1249 omnia
1010 1196 1228 1264 qnzesivi
1252 1235 1266 1257 ,
1295 1193 1500 1248 scilicet
1539 1208 1661 1247 eum

96 1282 250 1336 solum
278 1283 502 1350 quaesivi
531 1283 781 1337 omnibus
812 1284 933 1337 aliis
960 1284 1305 1353 contemptis.

157 1371 215 1423 Et
247 1370 393 1439 quod
425 1371 644 1439 qumsivi
667 1372 778 1441 jam
806 1386 872 1426 ex
904 1381 1058 1440 parte
1082 1372 1256 1437 dedit,
1298 1382 1349 1427 et
1393 1373 1444 1426 in
1485 1372 1662 1426 futuro

96 1461 368 1531 perfectius
414 1461 563 1516 dabit
606 1481 619 1515 :
680 1471 734 1516 et
786 1464 1121 1531 exquirendo
1169 1476 1324 1527 eum,
1384 1480 1487 1516 non
1544 1479 1661 1516 sum

95 1551 311 1620 deceptus
348 1552 419 1606 ab
449 1552 629 1619 aliqua
657 1554 1000 1623 suggestione
1028 1552 1237 1606 occulta
1277 1554 1389 1607 sive
1434 1568 1659 1622 prospe-

96 1642 236 1695 ritate
263 1640 442 1710 aliqua
472 1657 502 1695 a
532 1642 778 1710 diabolo,
817 1643 895 1696 vel
932 1658 961 1697 a
996 1643 1237 1713 quolibet
1258 1644 1376 1713 ejus
1417 1644 1661 1698 membro

1768 474 1912 529 tum,
1954 472 2050 532 per
2100 479 2264 533 quam
2296 464 2465 517 etiam
2505 463 2669 518 vitam
2720 462 2976 522 aeternam
3034 473 3350 537 amisimus,

1765 571 1925 624 quam
1952 556 2123 610 donec
2153 568 2557 624 recupercmns,
2592 554 2927 609 incessanter
2952 559 3349 618 existimemus.

1765 647 1828 700 Et
1859 645 2146 715 cogitando
2185 645 2316 709 hoc,
2367 644 2651 713 meditatus
2688 660 2803 696 sum
2834 660 3048 713 quoque
3078 660 3250 714 nocte,
3294 652 3349 704 id

1764 748 1844 792 est
1877 747 1984 792 tota
2018 736 2122 791 vita
2150 751 2267 790 mea
2298 735 2381 790 vel
2406 745 2582 799 nocte,
2616 734 2667 787 id
2695 745 2781 789 est
2814 734 2981 788 etiam
3017 735 3069 787 in
3108 738 3351 793 adversi-

1768 840 1907 895 tate,
1947 830 1999 883 in
2025 845 2129 899 qua
2173 829 2361 897 plures
2388 829 2658 883 desistunt
2693 829 2763 882 ab
2812 826 3117 896 hujusmcdi
3149 832 3352 900 cogita-

1766 920 1949 983 tione,
2005 919 2286 972 nteditntus
2341 935 2456 972 sum
2508 918 2713 973 scilicet
2768 933 2839 973 an
2889 919 3158 977 defectum
3208 921 3353 974 hunc

1764 1025 1999 1079 unquam
2021 1012 2251 1065 evadere
2273 1026 2576 1081 possemus.
2622 1010 2761 1065 Cum
2802 1011 2957 1065 corde
2983 1026 3096 1065 meo
3145 1025 3345 1080 agens,

1764 1102 1916 1172 quasi
1942 1117 2061 1156 cum
2092 1102 2194 1155 alia
2216 1117 2479 1171 persona,
2539 1103 2591 1156 id
2646 1113 2726 1156 est
2773 1104 2900 1156 mihi
2955 1107 3007 1159 in
3050 1106 3207 1158 corde
3236 1120 3351 1157 mea

1766 1193 1928 1246 multa
1968 1207 2246 1262 opponens
2297 1202 2352 1247 et
2395 1192 2630 1249 solvens.
2678 1193 2744 1246 Et
2776 1195 2828 1247 in
2869 1195 2967 1248 hac
2998 1193 3352 1248 meditatione

1763 1284 2115 1347 exercitatior,
2149 1285 2202 1338 id
2230 1293 2312 1338 est
2347 1283 2602 1352 frequens
2625 1291 2677 1338 et
2707 1284 2927 1339 sedulus
2954 1299 3124 1337 eram.
3150 1284 3216 1339 Et
3244 1300 3351 1339 non

1762 1390 1951 1444 partim
1987 1375 2312 1429 exercitatior
2362 1393 2375 1429 :
2417 1376 2513 1429 sed
2554 1376 2820 1429 scobebum
2872 1375 2991 1447 [al.,
3047 1376 3342 1447 saepeiam]

1762 1465 2002 1533 spiritum
2030 1480 2197 1518 meum
2217 1508 2231 1531 ,
2264 1466 2313 1518 id
2340 1475 2423 1520 est
2454 1464 2729 1520 fodiebatur
2750 1467 3178 1521 animam'meam
3197 1506 3212 1533 ,
3241 1467 3344 1521 sci-

1762 1555 1889 1610 licet
1940 1554 2262 1624 profundam
2324 1555 2587 1610 faciebam
2639 1557 2874 1611 animam
2934 1572 3107 1611 meam
3158 1558 3345 1623 valde,

1762 1648 2176 1719 investigando:
2227 1664 2255 1701 a
2310 1649 2661 1703 similitudine
2689 1648 2889 1715 foveae,
2932 1656 3053 1718 qua:
3091 1649 3348 1704 fodiendo

95 1731 273 1797 oblata,
306 1748 429 1801 qua:
453 1748 538 1787 me
553 1734 621 1787 ab
647 1734 1009 1802 exquisitione
1037 1734 1130 1789 Dei
1160 1736 1480 1800 retraheret,
1509 1735 1652 1805 quod
1687 1724 1730 1782 Β
1760 1735 2023 1806 profunda
2058 1738 2133 1791 fit.
2189 1737 2342 1804 Quod
2381 1746 2464 1799 est
2513 1738 2695 1793 dicere
2724 1756 2737 1792 :
2771 1738 3175 1807 _ln.profundas
3202 1753 3349 1807 quaa-

98 1821 360 1876 estdicere
389 1839 404 1876 :
430 1821 616 1892 Neque
646 1823 918 1893 suggestio
940 1838 1115 1891 neque
1127 1824 1456 1893 prosperitas
1476 1823 1655 1893 aliqua

98 1927 122 1963 a
146 1912 373 1977 diabolo,
432 1914 545 1967 sive
578 1915 824 1968 membro
849 1914 965 1983 ejus
994 1914 1139 1967 illata
1179 1929 1263 1968 me
1291 1914 1536 1982 decipere
1562 1930 1657 1983 pc-

100 2003 207 2066 tuit,
245 2012 300 2057 ut
330 2004 401 2057 ab
419 2005 780 2073 exquisitione
829 2005 919 2057 Dei
967 2020 1053 2059 me
1080 2015 1386 2059 revocaret.
1424 2005 1657 2075 Exponit

97 2103 252 2147 autem
277 2094 549 2161 quomodo
578 2110 681 2147 non
728 2095 798 2149 sit
845 2094 1143 2164 deceptus:
1203 2096 1338 2150 Vere
1383 2110 1487 2150 non
1538 2113 1655 2151 sum

100 2181 360 2249 deceptus;
395 2197 520 2235 nam
554 2184 721 2236 renuit
762 2185 939 2236 anima
962 2200 1075 2236 mea
1102 2184 1363 2237 consolari
1384 2184 1452 2237 ab
1478 2183 1655 2252 aliqua

96 2287 170 2336 re,
202 2272 295 2327 nisi
319 2288 348 2326 a
382 2272 499 2327 solo
552 2273 691 2337 Deo,
744 2276 882 2343 quod
924 2283 1008 2328 est
1037 2272 1215 2328 dicere
1246 2288 1261 2327 :
1299 2275 1471 2330 Omne
1518 2277 1657 2329 Sola-

98 2363 208 2417 tium
232 2371 570 2418 terrenorum
618 2364 880 2417 bonorum
911 2365 1242 2433 contempsi,
1276 2374 1328 2419 et
1358 2382 1553 2419 memor
1581 2367 1657 2434 {ui

98 2452 180 2507 Dei
202 2453 569 2521 solummodo,
631 2454 682 2507 id
732 2462 815 2508 est
870 2455 922 2507 in
957 2456 1216 2509 memoria
1271 2471 1486 2525 semper
1534 2471 1656 2510 eum

99 2543 236 2599 habui
267 2561 360 2614 per
390 2546 581 2611 ﬁdem,
639 2555 685 2599 et
720 2547 1033 2601 exercitatus
1081 2564 1197 2600 sum
1250 2550 1300 2601 in
1350 2549 1658 2619 cognitione

99 2635 230 2702 ejus;
263 2652 324 2691 ac
363 2638 406 2691 si
457 2638 701 2693 diceret:
734 2637 867 2692 Cum
918 2640 970 2692 in
1001 2653 1122 2692 eum
1167 2639 1279 2708 jam
1317 2643 1420 2698 title
1464 2644 1651 2695 transi-

100 2724 310 2787 liisscm,
348 2725 590 2781 laboravi
617 2728 683 2780 ad
724 2729 826 2781 hoc
868 2736 927 2781 ut
952 2728 1315 2797 cognitionem
1366 2732 1655 2799 mysterio-

100 2832 198 2871 rum
224 2818 333 2887 ejus
364 2818 622 2873 haberem
653 2836 665 2870 :
700 2829 749 2872 et
780 2820 832 2872 in
863 2821 964 2874 hoc
986 2821 1249 2875 exercitio
1276 2821 1463 2889 defecit
1505 2823 1659 2889 spiri-

101 2919 167 2961 tus
189 2925 353 2980 meus,
383 2909 437 2963 id
468 2917 551 2964 est
578 2892 757 2987 anima
789 2925 939 2975 mea,
995 2911 1046 2965 id
1086 2920 1169 2965 est
1207 2910 1534 2966 iusutliciens
1558 2914 1658 2965 fuit

102 3001 456 3069 mysteriorum
507 2999 625 3069 ejus
673 3001 911 3071 perfecte
956 3003 1318 3071 cognitionem
1366 3006 1653 3073 attingere.

1758 1828 1962 1882 stiones
1981 1828 2309 1883 deducebam
2336 1828 2569 1882 animam
2610 1843 2834 1883 meam:
2888 1828 2971 1882 vel
3027 1828 3073 1882 si
3124 1828 3349 1883 scobem

1758 1917 1979 1983 ponitur
2006 1932 2101 1984 pro
2128 1932 2362 1987 purgare
2381 1960 2395 1984 ,
2424 1918 2567 1972 sicut
2596 1917 2748 1971 multi
2766 1916 3018 1980 afferunt,
3046 1915 3126 1970 sic
3153 1915 3351 1986 legitur

1760 2009 1861 2063 hoc
1889 2024 1902 2061 :
1938 2009 2002 2062 Et
2028 2018 2085 2062 ut
2110 2010 2485 2063 exercitationi
2515 2024 2647 2063 mea:
2669 2008 2812 2063 nulla
2842 2007 3098 2078 cogitatio
3131 2015 3346 2061 terrena

1760 2108 2015 2162 noceret,
2047 2099 2316 2152 scobebam
2347 2100 2586 2167 spiritum
2621 2115 2814 2159 meum,
2841 2099 2890 2150 id
2938 2106 3018 2150 est
3050 2096 3346 2166 purgabam

1760 2190 1993 2242 animam
2019 2188 2182 2259 294
2209 2203 2381 2242 meam
2408 2189 2476 2243 ab
2507 2189 2650 2243 omni
2681 2172 3040 2243 sollicitudine
3078 2185 3342 2240 smculari.

1760 2280 2010 2335 Ostendit
2061 2292 2242 2334 autem
2277 2282 2329 2334 in
2361 2295 2469 2348 quo
2518 2280 2830 2335 meditando
2876 2280 3191 2333 exercitatus
3230 2288 3347 2342 est,

1760 2386 1880 2426 cum
1906 2371 1985 2424 sic
2020 2370 2309 2439 adjnngit:
2362 2370 2494 2425 Dico
2543 2370 2822 2424 meditatus
2873 2385 2991 2423 sum
3039 2384 3155 2421 cum
3194 2368 3349 2420 corde

1760 2477 1902 2526 meo,
1925 2461 2131 2516 scilicet
2160 2462 2238 2515 sic
2260 2462 2465 2531 agendo
2490 2479 2503 2513 :
2537 2459 2792 2530 Nunquid
2845 2462 2901 2514 in
2946 2468 3197 2514 (etei-num
3224 2475 3349 2528 pro-

1754 2551 1897 2619 jiciet
1926 2566 2023 2604 nos
2048 2551 2209 2614 Deus,
2243 2567 2273 2604 a
2303 2550 2638 2619 perfectione
2663 2549 2988 2620 cognitionis
3010 2563 3142 2612 sum,
3178 2564 3205 2601 a
3237 2562 3347 2617 qua

1762 2656 1856 2710 per
1891 2653 2177 2709 peccatum
2232 2642 2359 2695 Adae
2392 2641 2494 2709 ,hic
2524 2639 2968 2709 projecti‘sumus
2998 2657 3011 2693 :
3066 2639 3220 2707 Quod
3265 2647 3350 2693 est

1760 2732 1982 2785 dicere:
2037 2731 2256 2786 Erimus
2309 2746 2523 2799 semper
2569 2730 2885 2800 imperfecte
2936 2730 3106 2784 Deum
3148 2744 3349 2798 cogno-

1760 2827 2005 2883 scentes,
2044 2820 2186 2873 sicut
2214 2822 2374 2873 modo
2397 2819 2622 2874 sumus?
2658 2820 2723 2872 Et
2752 2833 2881 2872 num
2907 2859 2922 2885 ,
2982 2816 3033 2871 id
3063 2826 3147 2871 cst
3176 2832 3348 2870 nonne

1759 2918 1979 2977 apponet
2009 2909 2174 2974 Deus,
2198 2921 2253 2963 ut
2284 2911 2457 2977 adhuc
2477 2910 2543 2963 sit
2569 2910 2727 2963 nobis
2755 2908 3115 2979 complacilior
3136 2949 3150 2972 ,
3185 2906 3235 2960 id
3262 2914 3348 2961 est

1761 3000 1931 3069 magis
1962 3001 2304 3069 complaccus
2347 3009 2402 3055 et
2456 3000 2732 3057 dilectus?
2788 2999 2942 3067 Quod
2989 3007 3074 3054 est
3120 2999 3343 3052 dicere:

100 3065 301 3158 Exponit
330 3065 550 3161 quidem
577 3065 846 3161 quomodo
879 3065 1211 3147 exercitatus
1252 3103 1331 3148 est
1359 3134 1372 3159 ,
1412 3065 1655 3149 addendo
1684 3065 1726 3123 C
1759 3065 1876 3161 Ipse
1899 3096 1988 3163 qui
2012 3065 2121 3163 jam
2152 3065 2212 3149 in
2243 3096 2399 3150 nobis
2426 3110 2488 3150 ex
2517 3078 2667 3165 parte
2708 3065 2917 3163 posuit,
2952 3104 3010 3149 ut
3050 3110 3175 3159 eum
3217 3093 3343 3161 dili-

100 3179 189 3233 sic:
221 3181 342 3235 Dico
362 3183 680 3235 exercitatus
711 3198 827 3235 sum
854 3222 869 3247 ,
916 3183 968 3235 in
1009 3183 1421 3253 investigatione
1469 3187 1657 3256 cogni-

100 3271 236 3324 tionis
259 3272 346 3325 Dei
374 3310 390 3337 ,
428 3280 481 3326 et
516 3286 622 3326 non
654 3287 847 3341 parum
877 3273 1091 3341 quidem
1120 3275 1431 3328 exercitatam
1469 3292 1486 3329 :
1529 3292 1651 3330 nam

100 3361 480 3428 anticipaverunt
507 3364 709 3432 vigilias
732 3364 960 3419 aliorum
988 3364 1221 3419 fidelium
1253 3367 1389 3419 oculi
1433 3370 1531 3419 mei
1574 3369 1650 3421 itt-

100 3450 323 3517 teriores,
365 3455 511 3522 quod
538 3465 619 3508 est
663 3456 881 3510 dicere:
920 3456 1077 3509 Ratio
1126 3471 1244 3509 mea
1301 3472 1420 3525 qua:
1467 3458 1654 3513 oculus

100 3542 400 3607 cstaniune,
441 3545 756 3616 anticipavit
786 3547 1023 3618 vigilias,
1080 3549 1130 3603 id
1175 3557 1257 3603 est
1306 3563 1651 3620 supergressa

99 3636 167 3681 est
198 3629 321 3687 alios
351 3632 540 3688 ﬁdeles
596 3635 882 3705 vigilantes
923 3647 979 3691 et
1026 3637 1239 3693 sedulos
1287 3639 1339 3692 in
1389 3640 1653 3693 exercitio

99 3722 389 3788 cognitionis
420 3730 801 3798 mysteriorum
830 3728 924 3783 Dei
957 3770 970 3794 ,
1012 3740 1071 3783 ut
1113 3746 1235 3784 cum
1265 3732 1318 3784 in
1352 3732 1453 3786 hoc
1499 3732 1652 3787 valde

104 3812 191 3866 sint
214 3816 406 3882 seduli,
447 3820 620 3890 magis
646 3821 751 3877 illis
779 3821 997 3876 sedulus
1028 3820 1241 3875 fuerim.
1270 3822 1477 3876 Etcum
1510 3825 1651 3877 anti-

102 3901 299 3970 cipando
326 3908 567 3978 vigilias,
601 3919 780 3965 tamen
804 3911 975 3965 defeci
1003 3952 1017 3976 ,
1046 3913 1281 3965 turbatus
1308 3929 1422 3965 sum
1446 3914 1497 3967 in
1528 3915 1650 3969 ani-

101 4008 169 4046 ma
221 3997 396 4055 dolore
440 4002 566 4071 quia
612 4003 945 4058 deficiebam.
1001 4002 1066 4057 Et
1122 4006 1248 4058 licet
1294 4005 1533 4060 dolerem
1583 4007 1651 4061 de

102 4084 316 4153 delectu,
368 4106 472 4143 non
513 4107 628 4143 sum
677 4100 855 4147 tamen
908 4092 1109 4149 locutus
1163 4094 1549 4163 blasphemiam
1594 4097 1647 4150 in

101 4176 259 4245 Deum,
276 4182 412 4236 sicut
436 4182 586 4241 multi
620 4184 747 4238 illud
765 4185 1136 4254 blasphemant
1156 4189 1298 4257 quod
1321 4203 1649 4258 cognoscere

102 4279 366 4337 nequeunt;
394 4273 547 4341 quasi
564 4273 804 4329 diceret:
842 4274 992 4330 Licet
1017 4276 1252 4331 dolerem
1278 4293 1362 4333 me
1383 4278 1644 4345 deficere,

104 4363 699 4434 nontmnenindignatus
722 4380 839 4419 sum
868 4365 938 4420 ob
962 4366 1085 4432 hoc,
1114 4368 1421 4438 autaliquid
1444 4369 1645 4423 locutus
1680 4400 1723 4457 1)

102 4458 258 4503 contra
287 4451 451 4507 Deum
481 4455 860 4524 blasphemim,
892 4468 947 4511 et
978 4457 1030 4512 iu
1053 4460 1156 4514 hoc
1179 4462 1649 4528 prwscribitnobis

104 4534 292 4595 fortnam
324 4560 427 4599 non
455 4561 575 4601 esse
607 4548 991 4618 indignandum
1020 4592 1033 4615 ,
1064 4551 1155 4604 sed
1192 4552 1463 4619 patienter
1493 4553 1648 4607 susti-

103 4630 333 4699 nendum,
366 4635 411 4689 si
465 4635 691 4704 quilibet
736 4639 803 4693 ad
848 4639 1072 4709 alicujus
1109 4641 1349 4710 mysterii
1388 4644 1647 4713 cognitio-

103 4730 199 4771 nem
232 4721 333 4776 cito
379 4728 688 4795 pertingere
718 4728 926 4797 nequit.

157 4809 266 4866 Inde
311 4831 439 4871 vero
488 4819 621 4871 mihi
679 4819 941 4888 patientia
995 4818 1085 4873 illa
1133 4820 1386 4889 contigit,
1438 4830 1496 4875 ut
1540 4838 1644 4876 non

102 4911 245 4953 essem
272 4902 498 4971 locutus,
528 4908 652 4975 quia
681 4910 901 4978 cogitavi
930 4911 1039 4962 dies
1070 4910 1309 4979 antiquos
1329 4950 1343 4975 ,
1368 4911 1421 4964 iu
1450 4910 1645 4979 quibus

101 4990 241 5045 Adam
264 5005 314 5048 et
335 4995 441 5051 Eva
468 4999 838 5055 inobedientes
852 5000 978 5055 facti
1002 5003 1066 5057 de
1091 5002 1327 5071 perfecta
1346 5002 1437 5056 Dei
1464 5004 1646 5072 cogni-

105 5079 247 5149 iione,
276 5102 465 5155 quam,
520 5090 565 5145 si
619 5102 1058 5159 perseverarent,
1093 5101 1248 5146 erant
1276 5092 1511 5147 habituri
1532 5135 1545 5155 ,
1578 5092 1644 5146 ad

102 5171 334 5230 defectum
357 5191 716 5249 pervenerunt
741 5222 755 5245 ,
797 5182 864 5235 ad
895 5198 1053 5250 quem
1084 5186 1289 5251 pariter
1322 5200 1419 5237 nos
1453 5199 1642 5239 omnes

102 5273 435 5337 attraxerunt,
468 5282 514 5327 et
538 5290 700 5327 annos
729 5285 948 5328 wternos
968 5317 981 5339 ,
1013 5292 1145 5343 quos
1177 5292 1273 5345 per
1302 5277 1471 5329 Adam
1510 5277 1642 5328 ami-

101 5356 271 5427 simus,
301 5363 351 5419 id
378 5375 460 5420 est
489 5365 653 5419 vitam
685 5376 945 5421 :eternam
982 5368 1035 5421 in
1074 5378 1242 5422 mente
1283 5368 1474 5434 habui,
1507 5383 1642 5436 quos

102 5445 137 5498 si
171 5447 553 5517 habuissemus,
606 5470 712 5509 non
763 5456 950 5525 utique
997 5455 1311 5511 deficientes
1354 5471 1638 5519 essemus;

102 5538 215 5600 quod
244 5552 319 5597 est
340 5546 551 5598 dicere:
580 5544 700 5598 Ideo
733 5545 1005 5613 patienter
1033 5547 1175 5601 hunc
1207 5548 1477 5602 delectum
1507 5548 1596 5599 tuli
1624 5589 1636 5609 ,

102 5641 156 5681 ne
200 5632 307 5689 inde
337 5652 755 5709 murmurarem,
810 5640 934 5711 quia
986 5641 1201 5707 rogitavi
1250 5641 1390 5710 quod
1444 5640 1635 5693 merito

1757 3200 2009 3252 geremus
2033 3228 2047 3251 ,
2083 3196 2136 3240 et
2163 3186 2316 3241 nobis
2344 3186 2705 3255 complacitus
2733 3195 2910 3252 esset,
2953 3201 3132 3241 nonne.
3167 3185 3346 3238 adhuc

1757 3274 1810 3327 in
1842 3273 2019 3328 futuro
2042 3284 2261 3343 apponet
2288 3315 2304 3340 ,
2337 3284 2391 3328 ut
2415 3276 2483 3328 sit
2511 3274 2899 3343 complacitior,
2954 3276 3007 3328 id
3053 3284 3136 3329 est
3171 3275 3343 3343 magis

1755 3371 1810 3415 et
1838 3363 2078 3431 perfecte
2112 3364 2356 3429 dilectus,
2400 3364 2558 3419 nobis
2606 3363 2842 3432 perfecte
2894 3364 2975 3420 sui
3039 3363 3344 3433 cognitione

1757 3452 2071 3508 illustratis?

1826 3545 2089 3610 Quoniam
2136 3547 2297 3616 igitur
2344 3548 2758 3602 indeterminate
2805 3549 3050 3617 dixerat,
3106 3554 3342 3621 nunquid

1752 3635 2017 3703 projiciet,
2073 3647 2121 3689 et
2146 3654 2248 3692 non
2268 3648 2493 3707 apponet
2522 3639 2968 3706 indeterminate,
3027 3649 3082 3694 et
3130 3632 3344 3699 constet

1754 3726 1877 3793 quia
1908 3726 2089 3792 multi,
2120 3742 2310 3782 omnes
2340 3728 2549 3782 scilicet
2598 3730 2650 3782 in
2686 3728 3003 3787 infidelitate
3047 3733 3338 3800 morituri,

1754 3820 1805 3872 in
1837 3829 2100 3875 aeternum
2128 3831 2253 3875 sunt
2278 3822 2594 3891 projiciendi
2618 3865 2632 3887 ,
2675 3832 2731 3877 et
2769 3840 3050 3895 nunquam
3087 3828 3167 3882 eis
3196 3828 3340 3885 Deus

1752 3909 2109 3977 complacitior
2138 3910 2352 3966 futurus
2381 3912 2484 3977 sit,
2521 3912 2882 3969 determinate
2905 3916 2971 3969 de
3001 3921 3340 3986 regeneratis

1751 4000 1945 4067 quterit
1977 4000 2187 4070 singula
2226 4002 2453 4070 singulis
2488 4003 2759 4057 reddendo
2787 4004 2867 4059 sic
2895 4023 2908 4057 :
2946 4006 3063 4059 Dixi
3095 4008 3337 4063 indeter-

1752 4090 1972 4143 minate.
2008 4089 2265 4159 Nunquid
2306 4092 2358 4144 in
2393 4102 2642 4144 wtermtm
2685 4092 2925 4161 projiciet
2978 4110 3076 4147 nos
3121 4094 3263 4149 Deus
3307 4115 3337 4152 a

1751 4182 2085 4250 perfectione
2133 4182 2458 4251 cognitionis
2499 4182 2650 4237 sum?
2703 4184 2811 4235 Aut
2861 4183 2931 4236 ita
2978 4183 3339 4243 determinate

1751 4289 1965 4345 possum
1997 4288 2277 4344 quaerere:
2330 4275 2595 4329 abscindet
2627 4274 2848 4327 Deus‘in
2884 4275 3041 4342 ﬁnem.
3074 4277 3338 4330 aliscisio-

1751 4365 1864 4425 nis.
1898 4367 1948 4419 id
1974 4376 2056 4420 est
2086 4366 2138 4419 in
2167 4374 2486 4434 perpetuum
2518 4364 2930 4417 misericordiam
2964 4381 3114 4417 suam
3142 4404 3155 4427 ,
3188 4366 3336 4418 st-ili-

1750 4465 1836 4509 ert
1857 4457 2239 4523 perl'ecdonent
2262 4456 2590 4525 cognitionis
2618 4470 2746 4519 sum,
2779 4470 2899 4524 qua:
2926 4471 3134 4509 summa
3165 4457 3333 4512 mise-
3404 4456 3409 4459 ⁸

1753 4547 1983 4600 ricordia
2010 4556 2094 4601 est
2124 4555 2180 4601 et
2207 4545 2484 4601 beatitudo
2514 4562 2545 4597 ιι
2567 4546 2897 4613 generatione
2924 4545 3099 4613 prima
3123 4560 3243 4613 quae
3266 4546 3338 4600 sit

1750 4638 2045 4693 secundum
2082 4645 2404 4691 vetustatem
2437 4635 2566 4689 Adae
2590 4675 2603 4700 ,
2652 4650 2824 4703 usque
2869 4634 2922 4687 in
2948 4635 3334 4703 generationem

1749 4728 2041 4783 secundam
2073 4728 2271 4792 eundo,
2293 4743 2413 4797 qua:
2440 4728 2500 4781 lit
2523 4727 2819 4781 secundum
2846 4724 3153 4796 Spiritum?
3180 4727 3299 4794 Quo
3321 4728 3331 4778 l

1747 4830 1831 4875 est
1855 4821 2036 4876 dicere
2064 4837 2076 4873 :
2114 4818 2266 4873 Sicut
2291 4820 2677 4888 perfectionem
2701 4832 2812 4872 suae
2838 4817 3185 4887 cognitionis,
3214 4833 3335 4886 qua:

1748 4921 1941 4977 magna
1967 4906 2335 4961 misericordia
2367 4914 2480 4969 est,
2510 4903 2795 4960 abscindet
2820 4906 2874 4958 in
2905 4904 3099 4971 tinem,
3155 4904 3207 4957 id
3243 4912 3328 4957 est

1748 4998 1800 5052 in
1839 5006 2100 5053 :rternum
2124 4997 2192 5051 ab
2222 4996 2546 5059 infidelibus,
2573 4996 2663 5065 qui
2696 4994 3034 5051 solummodo
3065 5007 3329 5063 generan-

1748 5100 1835 5142 tur
1859 5090 2031 5159 prima
2060 5088 2430 5157 generatione,
2468 5104 2586 5157 qua:
2617 5088 2677 5142 fit
2707 5103 2805 5158 per
2824 5083 3344 5170 concupiscentiam,

1745 5184 1956 5248 carnis,
2011 5182 2294 5236 abscindet
2355 5183 2516 5235 etiam
2564 5182 2809 5236 eamdem
2854 5176 3216 5249 cognitionem
3274 5174 3325 5229 in

1745 5276 1905 5329 linem
1931 5313 1945 5338 ,
1984 5282 2040 5327 et
2076 5273 2166 5327 hic
2192 5271 2400 5327 scilicet
2422 5280 2475 5325 et
2506 5272 2557 5325 in
2586 5272 2765 5325 futuro
2813 5286 2842 5324 a
2899 5267 3176 5331 ﬁdelibus,
3234 5265 3327 5334 qui

1744 5373 2074 5436 generantur
2133 5365 2370 5419 secunda
2418 5361 2765 5433 generatione
2811 5375 2912 5429 per
2957 5358 3322 5428 baptismum:

1744 5459 1845 5511 Aut
1878 5457 2206 5511 obliviscetur
2245 5454 2477 5509 misereri
2512 5451 2695 5504 Deus?
2743 5450 2889 5504 Istud
2934 5465 3063 5505 vero
3093 5449 3159 5500 ad
3192 5446 3325 5500 illud

1744 5559 1949 5619 spectat
2002 5550 2143 5618 quod
2200 5563 2356 5615 supra
2420 5545 2597 5612 posuit
2648 5559 2658 5594 :
2720 5539 2785 5592 Et
2820 5558 2922 5595 non
2950 5548 3319 5610 apponet,etc.

1744 5643 1894 5707 Quod
1924 5643 1999 5695 sic
2030 5639 2222 5709 legitur
2251 5657 2261 5691 :
2298 5636 2412 5691 Dixi
2446 5632 2861 5688 indeterminate
2898 5651 2907 5685 :
2948 5631 3133 5685 Nonne
3161 5646 3326 5697 uppe-
