3846 6334
561 331 691 384 10:17
764 374 769 377 ς

1145 326 1203 382 S.
1237 326 1578 383 BRUNONIS
1603 319 2235 381 CARTHUSIANORUM
2261 318 2744 378 INSTITUTORiS
2780 323 2930 379 OPP.
2983 322 3162 381 PARS
3189 322 3228 375 Ι.

3641 328 3754 385 1028

559 450 641 491 net
672 442 842 491 adhuc
872 445 926 490 ut
972 434 1331 505 compluritior
1376 434 1489 488 sit?
1526 434 1629 487 Aut
1666 433 1739 487 ita
1765 430 2118 487 determinate
2147 438 2191 493 Α
2224 427 2578 496 cognitionem
2639 439 2714 484 tm
2772 445 2978 486 ventre.
3030 430 3098 485 Et
3148 439 3364 498 statua,
3405 446 3437 486 ο
3484 431 3634 499 Deus,
3677 452 3758 506 per

557 542 774 596 possum
796 527 994 581 dicere.
1020 525 1364 579 Obliviscetur
1391 524 1529 577 Deus
1551 524 1805 588 misereri,
1832 522 1881 575 id
1909 531 2128 576 estcum

559 616 830 686 Deusjam
858 615 1141 684 ineteperit
1165 614 1407 668 misereri
1437 614 1699 679 ﬁdelibus,
1734 612 1909 666 dando
1942 612 2020 665 eis
2049 610 2131 663 di-

558 706 844 760 lectionem
868 706 949 760 sui
976 744 990 770 ,
1027 719 1091 759 ex
1118 713 1269 773 parte
1293 704 1619 758 obliviscetur
1653 708 1794 758 hanc
1822 703 2129 757 misericor-

558 795 701 847 diam
720 833 735 856 ,
764 808 867 846 non
889 793 1217 862 perﬁciendo
1243 806 1361 845 eam
1397 793 1450 846 in
1484 793 1613 860 ipsis
1635 833 1649 858 ,
1675 792 1817 860 quod
1840 799 1924 845 est
1945 791 2129 845 incon-

559 882 787 935 veniens
816 882 1141 946 maximum,
1179 882 1387 936 scilicet
1431 891 1488 935 ut
1522 881 1662 935 Dens
1707 880 1907 950 aliquid
1934 880 2127 934 oblivi-

558 973 786 1025 scatur?
816 972 1051 1042 Singulis
1083 987 1209 1026 vero
1236 972 1459 1042 singul's
1497 972 1717 1026 redditis
1737 1012 1753 1036 ,
1801 972 1951 1041 ponit
2005 986 2129 1025 sen-

557 1063 779 1115 tentiam
808 1064 872 1115 ad
897 1073 1187 1128 utrumque
1219 1064 1582 1133 supradictum
1616 1072 1970 1133 spectantem,
2006 1078 2125 1116 cum

558 1151 706 1203 addit
734 1168 747 1203 :
773 1150 875 1203 Aut
904 1152 981 1205 sic
1010 1152 1190 1206 dicere
1213 1168 1429 1220 possum
1460 1167 1475 1206 :
1513 1154 1791 1207 continebit
1838 1155 1890 1206 in
1929 1155 2008 1205 ira
2031 1154 2129 1206 mi-

555 1240 868 1292 sericordias
900 1257 1087 1306 suas,
1139 1242 1343 1296 scilicet
1388 1243 1710 1309 cognitionis
1768 1243 1849 1296 sui
1892 1251 1949 1295 et
1991 1240 2125 1295 dile-

554 1328 750 1382 ctionis
781 1329 1201 1398 perfectionem?
1229 1331 1380 1397 Quod
1406 1344 1491 1387 est
1517 1333 1696 1386 dicere
1722 1348 1733 1384 :
1758 1330 1889 1386 Cum
1912 1340 2129 1384 natura-

553 1417 679 1471 liter
701 1428 897 1486 praesto
925 1420 997 1474 sit
1022 1420 1088 1473 ad
1118 1421 1480 1475 miserendum
1529 1420 1774 1475 ﬁdelibus
1808 1420 1860 1473 in
1915 1419 2123 1473 futuro:

549 1521 648 1576 per
674 1506 1113 1563 illuminationem
1140 1511 1220 1564 sui
1260 1509 1513 1580 perfecta:
1539 1510 1842 1565 dilectionis
1866 1518 1921 1564 et
1947 1510 2129 1578 cogni-

553 1600 749 1666 tionis,
779 1602 1077 1657 continebit
1108 1618 1137 1655 a
1172 1602 1414 1657 ﬁdelibus
1441 1603 1537 1656 has
1561 1602 1955 1656 misericordias
1978 1615 2125 1665 suas,

549 1707 620 1747 ne
644 1694 723 1747 eis
744 1694 984 1747 conferat
1016 1703 1234 1764 propter
1260 1695 1396 1748 iram
1426 1710 1586 1762 quam
1615 1703 1801 1748 contra
1832 1709 1999 1763 genus
2029 1693 2127 1746 hu-

2230 533 2389 587 quam
2418 520 2484 573 ad
2510 520 2587 574 tui
2625 523 2991 592 cognitionem
3041 531 3098 576 et
3139 523 3480 578 dilectionem
3509 525 3758 594 perfectius

2229 609 2492 674 venimus,
2516 612 2570 664 in
2602 622 2781 665 sancto
2813 621 3125 667 sanctorum
3156 614 3373 669 Christo
3395 614 3547 669 nobis
3563 626 3639 671 est
3659 634 3759 687 pro-

2229 699 2424 767 posita,
2452 700 2503 755 id
2530 701 2685 755 estin
2711 702 3094 758 conformitate
3120 703 3257 772 ejus.
3288 703 3444 771 Quod
3474 707 3756 761 estdicere:

2229 788 2333 843 Per
2352 788 2469 857 ejus
2499 791 2935 847 conformitatem
2973 794 3039 847 ad
3072 803 3122 848 te
3172 794 3439 849 venimus.
3495 796 3625 866 Ergo
3658 798 3759 865 qlia

2229 880 2368 933 viam
2398 889 2544 934 tuam
2571 883 2623 935 in
2656 896 2721 937 eo
2747 882 3005 953 proponis
3028 883 3218 948 nobis,
3253 886 3376 953 quis
3409 883 3542 937 Deus
3579 902 3761 954 magnus

2229 976 2312 1023 est
2344 969 2477 1021 sicut
2510 978 2564 1023 tu
2599 972 2736 1024 Deus
2765 982 2940 1025 noster
2989 972 3251 1036 existens,
3284 987 3311 1025 a
3343 986 3652 1041 quocunque
3675 990 3759 1027 non

2231 1059 2497 1127 reputeris
2539 1059 2709 1113 Deus?
2758 1061 2810 1114 id
2855 1069 2939 1115 est
2972 1062 3090 1130 quis
3118 1075 3146 1113 a
3177 1060 3431 1131 gentibus
3472 1060 3603 1114 Deus
3632 1076 3760 1128 repu-

2231 1156 2369 1202 tatus
2384 1157 2465 1202 est
2494 1164 2734 1218 magnus,
2778 1150 2909 1203 sicut
2959 1158 3014 1203 tu
3042 1165 3201 1218 quem
3250 1165 3351 1205 nos
3389 1150 3551 1203 Deum
3581 1162 3759 1218 reputa-

2230 1241 2384 1295 mus?
2410 1239 2611 1295 Nullus.
2643 1241 2776 1295 Nam
2805 1252 2861 1295 tu
2887 1258 2939 1295 es
2968 1241 3108 1296 Deus
3130 1242 3218 1311 qui
3254 1242 3391 1310 facis
3420 1242 3691 1305 mirabilia,
3720 1256 3762 1296 et

2230 1334 2406 1389 nullus
2430 1336 2565 1390 alius
2588 1336 2718 1389 facit
2742 1335 3003 1389 mirabilia
3038 1352 3051 1390 :
3087 1335 3155 1389 Et
3188 1348 3316 1390 ecce
3344 1331 3621 1393 mirabilia,
3644 1334 3761 1387 scili-

2228 1432 2315 1477 cet
2344 1434 2517 1477 notam
2544 1424 2709 1492 fecisti
2745 1424 2799 1476 in
2827 1423 3032 1493 populis
3058 1424 3297 1477 virtutem
3343 1434 3509 1476 tuam.
3543 1423 3678 1490 Quod
3701 1434 3764 1475 cst

2226 1513 2405 1569 dicere
2438 1533 2450 1567 :
2484 1515 2626 1569 Istud
2676 1515 2921 1569 mirabile
2961 1515 3060 1570 fuit
3098 1516 3241 1584 quod
3280 1526 3474 1568 notum
3508 1514 3665 1569 feciin
3688 1528 3768 1584 per

2227 1604 2626 1671 praedicatores,
2660 1604 2711 1656 in
2739 1603 2950 1673 populis
2994 1607 3231 1674 gentium
3264 1612 3323 1657 et
3351 1603 3650 1658 Judmorum
3696 1605 3764 1657 Fi-

2230 1693 2355 1747 lium
2387 1703 2557 1760 tuum,
2580 1695 2668 1763 qui
2698 1696 2869 1749 virtus
2898 1704 2988 1748 tua
3016 1695 3215 1749 dicitur
3245 1712 3258 1747 :
3291 1709 3358 1749 eo
3390 1695 3531 1762 quod
3558 1711 3645 1763 per
3665 1711 3761 1748 eum

550 1797 766 1836 manum
806 1784 968 1837 habet
996 1782 1062 1836 de
1094 1793 1319 1853 peccato
1363 1783 1610 1853 originali
1636 1824 1651 1851 ,
1706 1785 1845 1854 quod
1875 1785 2127 1839 iuconve-
2159 1766 2200 1823 Β
2230 1785 2549 1839 mirabiliter
2579 1795 2628 1840 et
2661 1794 2911 1855 potenter
2942 1786 3206 1854 operaris.
3266 1786 3331 1839 Et
3355 1799 3489 1839 ecce
3515 1787 3647 1840 aliud
3685 1788 3764 1839 nii-

547 1875 705 1928 niens
745 1873 973 1928 videtur.

619 1985 1017 2050 Quaestionibus
1071 1987 1155 2040 his
1200 1985 1386 2050 factis,
1446 1986 1513 2041 ad
1562 1986 1874 2042 solvendum
1919 1987 2127 2043 accedit

548 2074 627 2128 sic
650 2088 664 2127 :
690 2074 818 2129 Dico
848 2076 987 2144 quod
1013 2078 1289 2129 meditatus
1334 2094 1450 2130 sum
1496 2093 1611 2130 cum
1640 2078 1794 2130 corde
1824 2094 1934 2130 meo
1961 2092 2127 2146 oppo-

547 2166 725 2218 nendo
747 2166 825 2220 sic
850 2180 867 2216 :
907 2164 1160 2236 Nunquid
1184 2169 1423 2237 projictet
1455 2168 1592 2220 Deus
1619 2169 1672 2221 in
1701 2178 1951 2221 teternum
1983 2183 2079 2221 nos
2104 2168 2127 2220 ?

548 2254 616 2308 Et
643 2263 828 2309 contra
856 2256 993 2310 hanc
1038 2268 1427 2326 opposmonem
1459 2259 1570 2311 dixi
1598 2259 1736 2311 hanc
1783 2257 2122 2310 solutionem.

551 2341 708 2395 Nunc
736 2345 881 2412 ctepi.
911 2345 1063 2410 Quod
1090 2356 1173 2401 est
1205 2349 1384 2401 dicere
1412 2365 1424 2400 :
1464 2347 1599 2402 Vere
1629 2362 1731 2400 non
1761 2347 2000 2415 projiciet
2027 2360 2123 2399 nos

548 2433 873 2487 interemant
898 2450 914 2489 :
943 2446 996 2491 ct
1018 2439 1121 2490 erit
1148 2439 1317 2490 adhuc
1344 2438 1721 2505 complacitior.
1765 2438 1830 2491 Et
1869 2438 1992 2490 inde
2024 2437 2124 2489 hoc

548 2524 703 2576 seio:
735 2529 858 2592 quia
902 2542 1035 2580 nunc
1079 2529 1205 2596 coepi
1258 2543 1613 2596 cognoscere;
1671 2543 1735 2583 ac
1785 2528 1829 2582 si
1876 2528 2118 2581 diceret:

548 2610 681 2666 Pars
707 2616 1032 2684 cognitionis
1057 2625 1109 2670 et
1138 2616 1443 2671 dilectionis
1468 2618 1582 2687 ejus
1608 2618 1659 2671 in
1683 2618 1946 2688 principio
1969 2615 2037 2670 ab
2058 2632 2122 2671 eo

548 2699 678 2753 mihi
708 2702 829 2754 data
873 2703 1032 2756 arrha
1067 2713 1121 2757 et
1150 2705 1343 2774 pignus
1369 2713 1481 2771 est,
1528 2707 1668 2773 quod
1714 2705 2004 2775 perfectius
2032 2721 2121 2760 co-

547 2806 799 2858 gnoscam
830 2808 951 2846 eum
993 2802 1047 2847 et
1074 2795 1310 2863 diligam.
1350 2795 1417 2849 Et
1465 2796 1590 2851 inde
1620 2798 1780 2851 etiam
1809 2798 1961 2860 scio;
1993 2799 2117 2868 quia

544 2882 836 2951 perfectius
858 2898 1178 2954 cognoscam
1202 2897 1256 2939 et
1285 2887 1501 2957 diligam
1519 2928 1532 2951 ,
1576 2891 1831 2956 quoniam
1868 2891 1977 2943 lucc
2001 2906 2119 2943 mu-

545 2970 672 3023 tatio
702 2981 784 3025 est
807 2973 1034 3028 dextera:
1063 2974 1276 3029 Επεισὶ
1302 3016 1316 3040 ,
1348 2976 1400 3029 id
1429 2986 1511 3031 est
1542 2979 1644 3033 hoc
1675 2981 1813 3048 quod
1848 2990 2119 3035 mutamnr

545 3061 610 3115 de
633 3063 930 3132 ignorantia
958 3066 1048 3118 Dei
1073 3066 1139 3119 ad
1167 3066 1285 3136 ejus
1311 3070 1674 3138 cognitionem
1701 3112 1716 3136 ,
1773 3080 1827 3125 et
1885 3072 1952 3126 de
1995 3073 2118 3127 odio
2146 3095 2186 3150 ρ

543 3152 610 3203 ad
637 3153 976 3207 dilectionem
1023 3157 1284 3226 contingit
1333 3173 1429 3227 per
1468 3161 1742 3215 dexteram
1774 3162 2016 3229 Excelsi,
2065 3164 2117 3217 id

542 3249 625 3292 est
654 3255 750 3309 per
778 3241 970 3297 Filium
1012 3244 1221 3301 Excelsi
1266 3246 1445 3302 Patris
1471 3258 1525 3302 et
1551 3251 1932 3319 omnipotentis
1963 3266 1977 3305 :
2025 3254 2116 3321 qui

542 3330 681 3384 bene
711 3332 931 3388 dextera
957 3334 1073 3402 ejus
1096 3337 1312 3391 dicitur.
1363 3337 1465 3392 Per
1493 3355 1616 3394 eum
1654 3343 1797 3395 enim
1846 3344 2115 3399 diabolum

544 3420 849 3475 debellavit.
889 3425 1041 3491 Quod
1072 3438 1151 3480 est
1184 3428 1403 3481 dicere:
1442 3430 1573 3484 Cum
1629 3431 1880 3487 Christus
1939 3434 2115 3489 Patris

490 3582 495 3591 ι
544 3508 756 3564 Excelsi
790 3512 989 3577 Filius,
1022 3516 1111 3583 qui
1147 3524 1329 3569 tantus
1356 3528 1438 3571 est
1469 3527 1524 3572 et
1558 3528 1665 3571 tam
1708 3530 1927 3588 potens,
1979 3522 2117 3577 hanc

544 3600 895 3654 mutationem
925 3603 1210 3672 incmperit
1239 3605 1289 3657 in
1320 3607 1499 3667 nobis,
1554 3609 1694 3661 haud
1717 3626 1984 3679 quaquam
2013 3612 2112 3665 dn-

543 3683 689 3737 bium
714 3696 797 3739 est
833 3690 958 3756 quin
982 3704 1101 3743 eam
1140 3694 1378 3759 perﬁciat
1423 3698 1474 3749 in
1512 3694 1722 3763 futuro,
1775 3708 1832 3751 ut
1878 3699 2114 3769 perferte

544 3789 666 3827 eum
691 3776 972 3846 diligamus
1001 3789 1054 3834 et
1080 3798 1488 3851 cognoscamus.
1516 3785 1762 3841 Ostendit
1792 3788 1955 3858 igitur
1974 3792 2113 3846 unde

543 3868 879 3933 comprobari
899 3880 1061 3936 queat
1081 3888 1201 3925 etnn
1230 3873 1443 3928 Palrem
1466 3892 1584 3931 esse
1607 3878 1887 3932 Excelsum
1910 3881 2112 3934 adden-

542 3956 611 4008 do
635 3958 732 4010 sic:
766 3958 891 4013 Dico
923 3962 1150 4015 dextera:
1179 3963 1405 4019 Excelsi.
1457 3967 1523 4020 Et
1577 3977 1632 4021 ut
1663 3984 1786 4023 eum
1829 3971 2109 4025 Excelsum

541 4047 703 4118 295
733 4059 781 4104 et
812 4050 1243 4122 Onmipmenteni
1271 4071 1390 4110 esse
1431 4048 1868 4127 cumprobarem,
1916 4079 2112 4115 memor

541 4137 620 4205 fui
654 4156 863 4206 operum
902 4141 1108 4195 Domini
1136 4143 1327 4205 Putris,
1357 4145 1408 4199 id
1433 4156 1515 4199 est
1546 4147 1597 4199 iu
1629 4148 1894 4217 frequenti
1929 4165 2109 4205 recor-

538 4230 755 4284 datione
777 4232 959 4295 habui,
984 4248 1147 4302 quam
1180 4235 1410 4305 gloriose
1434 4248 1490 4291 et
1513 4237 1829 4292 mirabiliter
1856 4250 2109 4308 operatus

538 4326 622 4374 est
658 4333 688 4371 a
719 4321 899 4374 mundi
930 4322 1223 4393 principio,
1280 4334 1333 4380 et
1382 4342 1478 4396 per
1519 4327 1621 4381 hoc
1663 4341 1787 4381 eum
1823 4327 2104 4383 Excelsum

2230 1877 2396 1932 rabile
2420 1879 2560 1945 quod
2583 1880 2636 1931 in
2659 1878 2870 1931 brachio
2891 1887 3002 1942 tuo,
3035 1878 3088 1931 id
3113 1886 3199 1932 est
3246 1876 3300 1929 in
3331 1876 3477 1931 Filio
3508 1886 3595 1930 tuo
3614 1917 3627 1941 ,
3649 1878 3766 1931 dicto

2227 1968 2478 2034 brachio,
2537 1983 2602 2023 eo
2660 1970 2802 2037 quod
2861 1983 2959 2038 per
2996 1983 3122 2022 eum
3176 1968 3457 2022 diabolum
3507 1982 3764 2038 espngnss,

2227 2059 2488 2113 redemisti
2517 2074 2582 2129 pa
2596 2060 2764 2113 :sione
2788 2059 2985 2122 crucis,
3015 2058 3263 2129 populum
3287 2070 3439 2112 tuum
3483 2058 3665 2111 factum
3691 2072 3765 2126 per

2227 2148 2410 2212 fidem,
2439 2150 2691 2218 pupulum
2716 2149 2837 2203 dico
2865 2148 3004 2216 ﬁlios
3036 2147 3313 2215 eﬂ'ectum,
3342 2151 3398 2204 id
3436 2156 3521 2205 est
3566 2148 3649 2217 qui
3688 2147 3763 2200 ﬁlii

2228 2240 2300 2294 tui
2326 2255 2421 2309 per
2447 2240 2905 2309 regenerationem
2929 2238 3104 2295 effecti
3128 2251 3273 2294 sunt.
3300 2239 3476 2294 Filios
3505 2238 3762 2294 dicolacob

2224 2332 2515 2401 et-Joseph,
2568 2332 2621 2385 id
2669 2341 2753 2386 est
2795 2330 3080 2385 Judaicum
3132 2332 3392 2401 populum
3434 2338 3491 2385 et
3527 2329 3761 2400 gentilem.

2224 2419 2471 2488 Congrue
2498 2418 2752 2472 nimirum
2782 2433 2879 2487 per
2892 2417 3059 2473 Jacob
3104 2419 3372 2489 accipitur
3400 2416 3663 2480 Iudaicus,
3689 2431 3763 2483 per

2222 2510 2420 2579 Joseph
2459 2524 2586 2563 vero
2623 2509 2839 2578 gentilis
2876 2508 3122 2578 populus.
3168 2508 3337 2563 Jacob
3389 2521 3617 2576 namque
3663 2520 3759 2560 cum

2230 2602 2421 2672 angelo
2458 2600 2740 2664 luctando,
2774 2600 2843 2653 ab
2871 2614 2935 2653 eo
2962 2613 3249 2667 percussus
3272 2614 3385 2653 uno
3414 2598 3549 2668 pede
3575 2595 3763 2651 claudus

2222 2696 2443 2747 eifectus
2463 2705 2546 2746 est
2584 2709 2598 2746 :
2630 2700 2683 2745 et
2713 2691 3144 2746 benedictionem
3173 2690 3420 2759 suscepit
3445 2688 3594 2759 (Ceu.
3616 2702 3762 2751 sun,

2222 2785 2312 2850 24,
2341 2784 2430 2847 25,
2459 2784 2573 2853 ‘29).
2614 2782 2706 2837 S'c
2745 2781 3053 2836 .luilaaornm
3106 2780 3336 2851 populus
3395 2796 3522 2835 cum
3570 2779 3763 2833 Domino

2224 2877 2466 2941 luctans;
2511 2875 2637 2928 dum
2667 2874 2833 2942 ipsius
2863 2882 3131 2941 praecepta
3177 2875 3230 2925 in
3280 2872 3504 2926 irritum
3548 2868 3702 2929 duxit,
3738 2881 3761 2917 a

2220 2963 2449 3018 Domino
2471 2964 2717 3017 cmcitatc
2741 2977 3055 3031 percussus,
3103 2976 3210 3016 uno
3261 2960 3399 3030 pede
3457 2957 3761 3014 claudicatit.

2222 3054 2427 3107 scilicet
2478 3052 2749 3107 intellectu
2793 3050 3089 3104 carnalium
3141 3049 3648 3104 observantiamm:
3678 3057 3762 3111 quo

2222 3144 2387 3198 solam
2416 3143 2648 3197 litteram
2685 3142 2986 3197 intellexit:
3033 3156 3138 3196 non
3192 3143 3356 3195 etiam
3414 3141 3487 3195 ad
3526 3138 3759 3208 spiritum.

2220 3236 2325 3290 alio
2353 3243 2529 3289 tamen
2576 3233 2853 3289 intellectu
2900 3242 3083 3289 rectus
3142 3247 3469 3297 remanens,
3524 3229 3760 3285 intellectu

2220 3328 2468 3383 videlicet
2538 3326 2821 3381 moralium
2876 3335 3290 3394 praeceptorum,
3352 3324 3407 3378 in
3441 3338 3550 3393 quo
3608 3320 3759 3374 littera

2219 3427 2421 3471 tantum
2459 3417 2758 3471 insistenda
2789 3425 2930 3471 erat.
2975 3416 3031 3470 In
3056 3426 3207 3485 parte
3260 3430 3479 3487 quoque
3512 3410 3759 3469 salvando-

2217 3525 2335 3563 rum
2382 3508 2810 3564 benedictionem
2877 3508 3143 3578 adoptiva;
3212 3506 3495 3561 ﬁliationis
3535 3501 3759 3571 suscepit.

2214 3599 2282 3652 Jo
2312 3601 2407 3669 eph
2434 3600 2648 3668 quidem
2676 3600 3029 3668 augmentatio
3057 3600 3145 3654 die
3168 3608 3189 3652 t
3230 3615 3258 3653 r
3297 3598 3453 3655 Unde
3474 3612 3567 3668 per
3594 3594 3715 3657 Ion,
3734 3594 3761 3643 Α

2215 3691 2429 3761 gentilis
2484 3690 2710 3760 papulas
2745 3691 3033 3759 accipitur,
3067 3690 3134 3745 ad
3164 3698 3515 3761 augmentum
3543 3686 3761 3743 Ecclesia

2214 3781 2499 3849 primitivaa
2527 3780 2594 3836 de
2612 3780 2812 3835 Judteis
2842 3780 3149 3848 adjunctus.
3180 3780 3248 3834 Et
3269 3793 3398 3835 ecce
3436 3778 3578 3832 aliud
3623 3776 3760 3828 mira-

2213 3870 2339 3935 bile,
2368 3872 2508 3941 quod
2533 3887 2629 3941 per
2656 3871 2902 3925 notitiam
2956 3871 3049 3925 ﬁlii
3080 3871 3319 3924 viderunt
3364 3880 3413 3924 te
3437 3869 3562 3932 fide,
3594 3882 3624 3920 ο
3643 3864 3758 3919 Dm

2213 3960 2393 4027 Pater,
2425 3980 2599 4034 aqute,
2648 3978 2769 4032 quae
2821 3962 2972 4032 prius
3024 3963 3338 4033 ignorantes
3375 3967 3533 4015 erant
3583 3957 3760 4012 scilicet

2212 4063 2418 4121 gentes,
2447 4054 2514 4107 ad
2567 4052 2974 4107 similitudinem
3021 4067 3283 4121 aquarum
3328 4051 3683 4105 inconstantes
3714 4055 3758 4099 et

2212 4142 2423 4197 (limum.
2460 4142 2523 4197 Ut
2550 4143 2715 4213 igitur
2748 4144 2933 4208 addat,
2974 4143 3170 4213 repetit
3207 4143 3325 4197 sic:

2293 4233 2564 4299 Viderunt,
2593 4234 2832 4304 inquam,
2863 4243 2911 4287 te
2934 4250 3106 4301 aqute,
3157 4242 3205 4287 et
3255 4234 3756 4295 timuerunt;ettur-

2210 4321 2343 4377 bane
2400 4332 2519 4376 sunt
2573 4323 2767 4392 abyssi.
2819 4322 3258 4392 Prmposteratio.
3305 4322 3385 4374 Ac
3428 4322 3472 4375 si
3514 4321 3649 4376 dicat
3677 4328 3753 4371 :et

536 4419 657 4461 esse
690 4410 819 4464 mihi
872 4414 1138 4481 apparuit.
1188 4414 1270 4469 Ab
1325 4417 1424 4471 hac
1475 4418 1655 4486 itaque
1709 4420 1967 4472 memoria
2004 4435 2108 4473 non
2144 4425 2184 4477 Ι)
2212 4409 2341 4478 ipsa?
2367 4425 2520 4479 πρηέειέ
2546 4425 2667 4478 (1³³³(ὲ
2703 4410 2854 4479 Prius
2885 4411 2938 4465 ίη
2975 4409 3291 4465 inﬁdelium
3339 4417 3518 4473 erant:
3566 4407 3629 4460 ad
3655 4419 3751 4458 πιθ-

539 4498 825 4566 desistam,
882 4504 975 4557 sed
1030 4506 1363 4561 inceSsanter
1413 4525 1609 4563 memor
1655 4525 1741 4563 ero
1791 4510 2108 4563 mirabilium

536 4602 981 4671 operumtuorum
1009 4599 1071 4651 ab
1095 4600 1243 4653 initio
1273 4602 1751 4658 inundifactorum.
1784 4603 1909 4658 Haec
1929 4613 2107 4658 autem

541 4680 650 4734 duo
673 4689 949 4741 commoda
982 4692 1110 4745 mihi
1164 4693 1288 4747 inde
1336 4697 1693 4763 provenient:
1745 4705 2011 4765 quatenus
2060 4706 2107 4749 et

536 4770 826 4825 meditabor
853 4776 904 4828 in
930 4781 1166 4834 omnibus
1197 4786 1437 4851 operibus
1475 4788 1606 4849 tuis,
1634 4786 2019 4856 adimplendis,
2057 4797 2106 4840 et

533 4861 812 4957 exercebar
835 4872 1104 4933 operando
1139 4873 1193 4924 in
1225 4876 1673 4931 adinrentionibus
1702 4878 1827 4944 tuis,
1855 4877 1907 4931 id
1936 4886 2019 4932 est
2051 4878 2102 4930 in

533 4950 820 5014 praeceptis
846 4950 950 5003 tuis
976 4965 1094 5019 qua:
1119 4964 1172 5007 tu
1210 4959 1554 5014 adinvenisti.
1584 4960 1735 5027 Quod
1760 4972 1844 5017 est
1870 4962 2053 5016 dicere
2084 4979 2097 5013 :

532 5028 643 5084 llas
668 5032 798 5088 duas
824 5036 1084 5093 utilitates
1111 5043 1375 5111 adipiscar
1396 5048 1459 5101 de
1481 5049 1914 5105 cunsideratione
1935 5052 2100 5104 mira—

530 5117 718 5176 bilium
742 5132 988 5191 tuorum,
1036 5131 1177 5196 quod
1221 5136 1509 5189 meditabor
1528 5141 1798 5207 quomodo
1834 5150 1921 5194 tua
1968 5156 2102 5209 pra:-

528 5220 682 5280 cepta
705 5229 869 5283 opere
893 5220 1189 5290 compleam
1211 5262 1225 5285 ,
1259 5233 1311 5276 et
1339 5239 1497 5293 prout
1525 5241 1709 5297 potero
1742 5232 2027 5299 operabor.

599 5304 761 5361 Facta
786 5309 1213 5381 interpositione,
1251 5328 1307 5368 at
1331 5321 1639 5374 ostenderet
1668 5336 1765 5390 per
1798 5323 1926 5391 quid
1952 5337 2096 5376 com-

527 5395 837 5463 probaverit
864 5400 1029 5457 Deum
1063 5404 1348 5460 Execlsutn
1376 5421 1520 5473 esse,
1555 5411 1919 5479 :equipollenti
1967 5426 2098 5467 voce

526 5485 723 5576 r_epetit
765 5490 906 5576 quod
957 5506 1115 5562 supra
1164 5496 1379 5565 posuit:
1414 5496 1544 5551 Htec
1597 5501 1818 5554 mutatio
1869 5503 2095 5555 dextertc

526 5572 756 5642 Excelsi,
785 5572 840 5631 ut
870 5595 931 5633 ea
958 5584 1242 5641 occasione
1292 5588 1343 5641 in
1406 5588 1617 5642 laudem
1662 5589 1753 5642 Dei
1783 5600 2092 5659 prorumpat

526 5669 605 5723 sic
637 5688 649 5722 :
677 5671 801 5727 Dixi
830 5676 973 5744 quod
993 5694 1127 5731 nunc
1158 5681 1305 5749 ccepi,
1333 5695 1367 5735 ο
1392 5681 1529 5737 Dens
1578 5689 1645 5738 ad
1674 5668 2015 5738 dilectionem
2041 5684 2087 5735 et

2213 4508 2336 4557 tium
2359 4505 2672 4573 abyssorum
2699 4502 2992 4572 profundae,
3049 4502 3279 4555 turbatae
3324 4510 3455 4555 sunt
3499 4500 3627 4553 bona
3656 4505 3751 4549 tur-

2212 4592 2449 4657 batione,
2479 4601 2534 4646 et
2585 4592 2886 4646 timuerunt
2925 4591 2991 4645 de
3035 4590 3194 4646 malis
3215 4590 3354 4645 actis
3396 4590 3526 4643 suis.
3567 4587 3632 4641 Et
3658 4599 3747 4638 non

2209 4699 2393 4754 pauca:
2421 4699 2572 4752 aqua:
2599 4698 2614 4737 :
2637 4684 2730 4738 sed
2772 4682 3053 4735 multitudo
3076 4683 3278 4735 sonitus
3308 4696 3581 4751 aquarum,
3606 4677 3654 4731 id
3680 4685 3750 4729 est

2208 4776 2387 4830 multa:
2408 4790 2560 4844 aquae
2580 4783 2860 4839 sonantes,
2893 4774 2945 4827 id
2981 4782 3067 4826 est
3098 4789 3220 4827 cum
3245 4773 3415 4827 nimio
3442 4771 3607 4827 sonitu
3641 4782 3747 4821 rer-

2205 4868 2415 4927 borum.
2444 4869 2531 4921 Dei
2564 4866 2844 4935 praeceptis
2876 4864 3218 4919 rebellantes.
3264 4863 3394 4918 Dico
3426 4863 3560 4933 quod
3592 4868 3745 4914 notam

2205 4957 2369 5027 Ieristi
2394 4958 2631 5011 virtutem
2654 4966 2832 5019 tuam,
2858 4963 2912 5009 et
2943 4954 3183 5008 viderunt
3211 4963 3261 5007 te
3284 4969 3459 5023 aqutr.
3495 4952 3556 5007 Et
3578 4949 3627 5003 id
3663 4961 3745 5016 per

2203 5050 2306 5104 hoc
2331 5047 2717 5117 cuntigil,quia
2746 5047 2927 5109 nubes,
2961 5046 3013 5099 id
3039 5054 3121 5100 est
3153 5045 3536 5113 prtedicatores
3578 5039 3743 5094 Eccle-

2200 5141 2293 5194 sia:
2314 5139 2638 5208 complures,
2692 5138 2945 5190 dederunt
3002 5152 3175 5189 vocem
3229 5132 3743 5205 prmdicationis,per

2200 5246 2360 5299 quam
2384 5245 2537 5298 aqua:
2558 5228 2626 5282 ad
2670 5228 2761 5282 Dei
2789 5226 2946 5281 fidem
2963 5233 3016 5279 et
3043 5225 3292 5280 notitiam
3318 5236 3583 5279 conversa:
3606 5227 3737 5273 sunt.

2198 5318 2387 5386 Posset
2407 5317 2574 5387 quteri
2604 5333 2617 5370 :
2648 5315 2827 5381 Quare
2875 5323 3095 5383 propter
3142 5327 3253 5382 prae
3276 5312 3735 5366 licatorumvoeeni

2197 5425 2347 5479 aqute
2373 5408 2593 5461 turbata:
2622 5407 2750 5471 sint,
2793 5420 2916 5460 cum
2962 5403 3064 5473 ipsi
3116 5402 3454 5457 solummodo
3480 5395 3738 5454 deludzeis

2198 5498 2429 5552 fuerint?
2457 5498 2538 5551 Ad
2569 5496 2712 5566 quod
2762 5497 2841 5550 sic
2865 5493 3155 5564 respondet
3183 5509 3196 5546 :
3241 5491 3376 5548 Vere
3428 5499 3631 5562 propter
3653 5500 3734 5536 vo-

2195 5606 2312 5645 cem
2349 5590 2762 5659 priedicatorum
2792 5602 2943 5655 aqua:
2994 5584 3301 5644 turbantur.
3332 5582 3533 5637 Etenim
3556 5575 3735 5646 sagit“!

2195 5692 2298 5737 tua:
2321 5690 2603 5749 transeunt,
2634 5679 2686 5734 id
2712 5677 2982 5752 est_iidem
3020 5675 3402 5745 pradicatores
3428 5672 3614 5743 sagitta
3641 5674 3734 5718 tua
