3856 6322
100 315 215 376 {029

986 295 1344 357 EXPOSITIO
1373 295 1440 352 IN
1464 292 1794 352 PSALMOS.
1822 323 1889 334 —-
1922 289 2114 345 PSAL.
2147 293 2385 351 LXXVII

3180 307 3202 362 I
3213 311 3321 368 930

101 422 226 485 dicit,
253 433 314 473 eo
345 414 487 487 quod
518 426 698 470 eorum
726 409 1107 481 praedicatione
1137 409 1433 465 rntidelium
1471 408 1631 463 corda
1663 408 1709 463 Α
1737 406 1945 473 agentis
1973 406 2039 460 ad
2070 422 2248 463 minus
2279 412 2572 478 perIcclatn
2606 412 2815 468 ﬁdelem
2846 417 3053 487 Asapn,
3078 429 3133 474 et
3152 436 3322 478 enar-

102 510 306 571 saucias,
354 504 634 559 transitum
692 501 897 556 faciunt
923 502 989 556 de
1022 499 1222 554 Judaeis
1271 514 1493 571 regnum
1544 497 1637 552 Dei

101 598 467 671 respuentibus,
505 595 669 665 296
716 594 783 648 ad
811 600 1018 663 gentes.
1050 590 1303 646 Ostendit
1333 604 1461 644 vero
1505 604 1641 658 quo-

100 706 244 760 usque
272 696 555 750 transeunt,
584 700 703 740 cum
730 684 880 739 addit
904 683 1114 739 scilicet
1139 696 1154 736 :
1182 699 1282 737 vos:
1320 682 1534 736 tonitrui
1561 683 1638 734 tui

101 779 290 845 transit,
316 779 552 832 existens
580 776 634 829 in
670 785 802 839 rota,
858 775 912 829 id
966 784 1050 830 est
1089 775 1141 829 in
1179 782 1290 828 toto
1322 773 1452 827 orbe
1481 789 1497 826 :
1523 772 1636 841 qui,

101 872 323 943 quoniam
365 870 431 923 ad
461 869 674 921 modum
704 875 834 921 rota:
893 867 1156 920 rotundus
1190 874 1273 920 est
1297 905 1310 927 .
1351 881 1446 935 per
1469 876 1637 919 rotam

101 964 352 1031 accipitur.
385 959 535 1026 Quod
573 968 657 1013 est
691 959 918 1013 dieere‘:
951 959 1065 1013 Vox
1101 959 1515 1027 praedicatorum
1546 960 1637 1027 qui

105 1054 367 1107 tonitruum
399 1050 671 1113 dicuntur,
703 1063 768 1102 eo
792 1049 936 1118 quod
988 1048 1273 1103 manifeste
1300 1049 1641 1118 praedicando

101 1154 301 1199 mortem
325 1151 578 1195 mternam
610 1155 715 1193 non
774 1141 1067 1195 credituris
1113 1143 1533 1203 cemminantur,
1563 1143 1640 1196 sic

103 1233 266 1289 transit
286 1240 341 1285 ut
364 1231 417 1285 in
445 1238 561 1284 rota
591 1231 873 1284 manifesta
906 1232 1014 1297 sit,
1066 1232 1117 1285 id
1149 1242 1229 1286 est
1260 1233 1311 1285 in
1346 1240 1457 1287 toto
1487 1234 1635 1287 orbe.

105 1322 391 1388 «Quoniam
432 1319 482 1373 in
528 1334 743 1373 omnem
812 1328 1009 1373 terram
1065 1320 1234 1375 exivit
1262 1336 1426 1376 sonus
1453 1336 1639 1373 corum

100 1408 245 1481 (Psal.
270 1423 426 1473 xvrn,
451 1407 527 1477 5).
560 1427 578 1458 ι
614 1407 729 1462 Νοη
775 1420 951 1462 autem
983 1424 1078 1477 per
1102 1411 1268 1464 solam
1324 1411 1640 1482 prmdicato-

100 1512 399 1554 rumvoeetn
457 1498 681 1551 turbata:
732 1508 850 1551 sunt
898 1509 945 1551 et
1001 1499 1281 1553 timuerunt
1337 1518 1515 1571 aqua’;
1546 1501 1641 1555 sed

99 1590 233 1644 etiam
256 1599 411 1653 terra,
443 1587 494 1641 id
535 1596 617 1642 est
648 1597 895 1642 terrenus
951 1592 1179 1659 populus
1235 1591 1524 1647 salvandus
1575 1610 1640 1647 ex

99 1677 266 1732 Iudaeis
293 1687 345 1731 et
366 1678 613 1748 gentibus
650 1684 958 1733 contremuit
1020 1682 1084 1733 de
1134 1684 1392 1751 peccatis,
1426 1696 1472 1737 et
1501 1702 1640 1737 conr-

1743 496 1912 551 rantis
1942 495 2170 564 pri,tina
2210 498 2469 553 beneﬁcia
2494 501 2737 569 patribus
2783 518 2967 559 eorum
3022 524 3051 561 a
3098 510 3207 565 Deo
3265 514 3321 567 in

1744 587 2071 657 temporibus
2102 588 2341 657 antiquis
2371 590 2588 644 collata.
2633 591 2700 644 Et
2750 592 2803 646 in
2850 596 3116 666 principio
3161 600 3321 670 hujus

1740 680 1929 749 psalmi
1958 680 2294 734 adhor'antis
2322 682 2564 737 eamdem
2596 683 2771 737 minus
2792 683 3090 753 perfectam
3113 692 3320 761 Asaph,

1742 780 1800 824 ut
1824 786 1943 839 qua:
1967 769 2067 824 sibi
2101 770 2151 823 in
2176 770 2449 840 parabolis
2486 780 2538 826 et
2561 772 3019 842 propositionibus
3050 776 3321 844 loquetur,

1743 871 1948 917 attente
1969 872 2024 916 et
2049 861 2333 932 diligenter
2381 864 2585 927 auliat,
2630 864 2837 919 scilicet
2881 865 3227 935 intelligendo
3262 886 3326 924 ea

1740 950 2004 1005 beneﬁcia
2030 950 2278 1022 mystice,
2304 965 2409 1005 non
2435 951 2498 1004 ad
2525 952 2755 1006 litteram
2796 961 3028 1017 tantum,
3064 954 3208 1009 sicut
3235 940 3333 1025 pa-

1745 1049 1858 1096 tres
1889 1055 2076 1096 eorum
2099 1040 2358 1095 increduli
2394 1041 2661 1107 t‘ece:unt,
2689 1043 2781 1112 qui
2825 1044 3091 1113 neglectui
3120 1060 3183 1100 ea
3236 1046 3332 1100 ha-

1745 1133 1951 1196 bentes,
2008 1133 2077 1186 ad
2118 1132 2286 1187 solam
2334 1133 2570 1187 litteram
2623 1136 2981 1206 intelligentes
3027 1138 3330 1207 perierunt.

1742 1221 1865 1277 Ideo
1888 1236 2015 1276 vero
2040 1221 2298 1277 beneﬁcia
2328 1222 2418 1277 illa
2442 1234 2678 1286 enarrat,
2705 1235 2765 1278 ut
2796 1227 3029 1281 inStruat
3054 1244 3169 1291 eos,
3201 1245 3334 1298 qua-

1747 1321 1898 1365 tenus
1918 1326 2037 1378 qua:
2061 1311 2111 1364 in
2140 1312 2304 1380 priori
2334 1313 2530 1383 populo
2549 1315 2765 1386 contige
2796 1327 2892 1368 unt
2923 1316 2989 1370 ad
3014 1316 3328 1383 historiam,

1746 1402 1795 1454 in
1825 1401 2061 1456 Ecclesia
2093 1417 2306 1470 quoque
2336 1405 2657 1476 contingunt
2688 1408 2752 1459 ad
2786 1407 3034 1476 figuram.
3055 1408 3121 1461 Et
3148 1408 3326 1463 scien-

1744 1492 1868 1546 dum
1899 1494 2062 1562 quod,
2119 1511 2240 1549 (um
2290 1496 2529 1566 pSaImus
2592 1499 2725 1561 iste,
2774 1500 3130 1555 continuatim
3173 1498 3329 1567 juxta

1745 1584 2022 1639 hisroriam
2049 1584 2330 1655 legendus,
2371 1586 2423 1639 in
2456 1602 2516 1641 se
2538 1587 2846 1659 alfegoriam
2881 1592 3156 1645 cuntimat
3186 1609 3200 1656 ;
3225 1608 3329 1646 non

1748 1686 2041 1732 tamenaut
2071 1680 2158 1731 vix
2207 1678 2405 1748 ubique
2432 1678 2587 1748 juxta
2631 1681 2941 1751 allegoriam
2971 1699 3070 1738 con
3100 1684 3115 1736 i
3142 1687 3327 1738 .uatim

96 1779 211 1821 mota
228 1776 299 1821 est
321 1747 387 1821 ad
418 1768 574 1823 ﬁdem
604 1784 702 1839 per
727 1770 829 1824 hoc
855 1770 996 1838 quod
1040 1747 1325 1826 illa-xerunt
1357 1747 1470 1827 orbi
1490 1786 1642 1829 terra:
1677 1747 1717 1803 Β
1748 1768 1961 1838 legitur.
1988 1766 2290 1822 Notandum
2319 1785 2451 1824 sane
2474 1770 2739 1838 psalmum
2770 1774 2931 1835 hunc,
2979 1774 3119 1827 sicut
3148 1786 3197 1829 et
3225 1789 3333 1829 cx-

96 1860 448 1913 coruscationes
513 1870 639 1924 tute,
684 1860 734 1914 id
766 1870 847 1914 est
891 1861 1172 1917 manifesta
1231 1863 1447 1920 fuerunt
1495 1871 1639 1923 omni

97 1949 266 2003 mundo
288 1951 629 2003 coruscantia
662 1950 927 2006 mirabilia
982 1954 1392 2021 prmdicatorum
1428 1956 1493 2009 ad
1525 1974 1641 2011 mo-

96 2038 198 2090 dum
220 2038 649 2092 coruscationum
678 2040 840 2105 aeris,
865 2057 984 2110 qua:
1032 2043 1084 2095 in
1130 2053 1371 2113 tempore
1420 2047 1640 2100 tonitrui

94 2125 265 2179 lucent.
309 2125 466 2192 Quod
510 2129 798 2183 estdicere
829 2148 842 2183 :
871 2129 975 2184 Per
1018 2131 1276 2187 miracula
1328 2135 1643 2203 praedicato-

94 2228 210 2277 rum,
239 2216 432 2269 terreni
462 2219 715 2271 commoti
749 2227 893 2273 sunt.
950 2218 1018 2273 Et
1065 2222 1144 2276 sic
1172 2231 1292 2291 post
1322 2227 1642 2281 commotio-

92 2322 193 2360 nem
220 2308 269 2359 in
298 2308 455 2371 mari,
481 2308 533 2361 id
554 2318 636 2363 est
665 2309 716 2363 in
754 2310 950 2380 popqu
977 2312 1185 2382 gentili,
1218 2315 1306 2383 qui
1339 2316 1488 2385 prius
1521 2331 1640 2371 ont-

91 2395 195 2451 IlI-l0
216 2396 299 2450 Dei
327 2398 522 2452 notitia
549 2399 771 2455 carebat
796 2419 808 2454 :
837 2403 917 2456 via
942 2413 1032 2456 tua
1061 2403 1180 2469 fuit,
1214 2405 1265 2459 id
1292 2414 1376 2461 est
1404 2407 1642 2477 cognitio

90 2488 189 2544 Filii
220 2491 288 2543 tui
311 2490 435 2557 fuit,
469 2494 560 2562 qui
612 2504 695 2548 est
745 2498 826 2549 via
882 2510 977 2565 per
1020 2512 1180 2567 quam
1212 2501 1278 2552 ad
1326 2508 1377 2579 te
1406 2501 1655 2567 venitur,

89 2577 205 2632 sicut
234 2580 340 2649 ipse
386 2589 659 2635 testatur:
691 2604 709 2634 ί
737 2583 907 2639 Nemo
955 2587 1105 2641 venit
1154 2588 1221 2642 ad
1269 2577 1486 2643 Patrem
1538 2593 1639 2647 nisi

89 2684 168 2737 per
189 2686 266 2724 me
287 2671 471 2740 (Joan.
504 2688 613 2737 xrv,
639 2674 716 2744 6).
752 2700 769 2725 ο
809 2675 874 2728 Et
901 2678 1098 2731 semita:
1120 2687 1224 2733 tute
1254 2689 1381 2734 sunt
1408 2682 1461 2735 in
1492 2687 1640 2752 aquis

90 2761 256 2826 maliis,
286 2763 337 2815 id
367 2771 457 2818 est
485 2775 753 2834 praecepta
780 2775 867 2820 tua
891 2778 1017 2822 sunt
1059 2770 1112 2823 in
1146 2771 1329 2826 multis
1370 2775 1637 2841 gentibus,

90 2866 188 2919 quae
205 2851 456 2907 dicuntur
480 2854 707 2915 semitm.
730 2872 796 2910 eo
822 2859 965 2925 quod
1004 2858 1070 2913 ad
1122 2859 1527 2916 similitudinem
1557 2879 1641 2919 se-

89 2942 313 2997 mitarum
344 2946 499 2999 carni
526 2948 828 3003 aretissima
869 2959 1012 3004 sunt.
1067 2950 1184 3008 Non
1227 2952 1358 3008 dicit
1404 2956 1540 3009 viam
1588 2966 1643 3011 et

84 3035 280 3090 semitas
310 3036 403 3091 Dei
445 3052 565 3093 esse
593 3038 646 3092 in
686 3041 969 3109 gentibus;
1019 3051 1078 3096 ut
1125 3044 1257 3098 velit
1313 3045 1483 3109 innui,
1540 3047 1640 3101 hoc
1667 3082 1708 3137 C

87 3140 175 3179 non
202 3142 313 3183 esse
339 3129 392 3183 in
433 3139 587 3199 parte
614 3131 997 3186 salvandorum
1028 3149 1090 3188 ex
1125 3133 1326 3190 Judteis
1356 3152 1371 3189 ι
1402 3139 1495 3193 sed
1520 3138 1641 3193 ideo

88 3217 141 3270 de
163 3220 400 3288 gentibus
430 3220 738 3291 specialiter
762 3224 895 3293 agit,
931 3235 986 3278 ut
1030 3241 1091 3279 ea
1118 3227 1403 3282 occasione
1448 3228 1640 3283 inﬁde-

85 3305 193 3362 lium
212 3308 516 3365 Judzeorum
544 3323 856 3367 exsecretur
879 3314 1336 3384 incredulitatem,
1366 3319 1445 3372 sic
1469 3335 1484 3373 :
1514 3317 1643 3373 Dico

88 3402 206 3469 quod
231 3402 332 3455 vita
363 3413 457 3457 tua
485 3412 540 3459 et
568 3406 766 3458 semita:
820 3415 948 3461 sunt
972 3408 1024 3460 in
1055 3408 1331 3476 gentibus,
1362 3426 1482 3480 quae
1509 3412 1642 3467 nihil

88 3492 286 3561 amplius
313 3494 379 3549 de
414 3504 466 3550 te
497 3510 594 3565 per
628 3496 917 3565 prophetas
944 3499 1253 3565 audierunt,
1284 3501 1482 3570 quibus
1535 3520 1641 3558 non

86 3587 151 3633 tot
172 3581 431 3638 beneﬁcia
484 3586 757 3640 contulisti
802 3597 860 3642 ut
898 3587 1115 3643 Judaeis.
1155 3590 1260 3646 Sed
1288 3594 1497 3663 vestigia
1528 3605 1641 3660 tua,

85 3667 129 3724 Id
153 3678 226 3726 est
254 3684 522 3745 praecepta
555 3684 642 3729 tua
669 3686 723 3732 et
752 3678 1169 3746 praedicatorum
1216 3682 1499 3748 miracula,
1525 3701 1644 3754 qua:

84 3772 188 3815 sunt
216 3766 451 3835 vestigia,
480 3781 578 3836 per
628 3783 746 3837 quae
787 3771 1100 3838 pervenitur
1147 3771 1213 3827 ad
1273 3782 1347 3839 te,
1405 3791 1506 3828 non
1557 3792 1644 3829 co-

82 3864 365 3920 gnoscentur
387 3871 418 3911 a
451 3857 645 3926 p0pulo
667 3870 776 3923 tuo,
805 3860 1013 3916 scilicet
1048 3863 1116 3916 ab
1146 3862 1347 3918 inﬁdeli
1375 3874 1527 3932 parte
1552 3864 1645 3920 Ju-

87 3943 318 4009 daeorum,
342 3948 437 4017 qui
468 3948 694 4017 populus
722 3960 843 4006 tuus
892 3967 1012 4008 esse
1034 3953 1313 4009 deberent.
1354 3954 1522 4022 Quem
1566 3965 1647 4012 ta-

84 4050 189 4090 men
219 4038 465 4108 populum
488 4050 633 4095 tuum
667 4043 929 4097 deduxisti
978 4045 1112 4098 sicut
1148 4063 1295 4112 oves,
1351 4047 1403 4101 id
1450 4056 1531 4103 est
1580 4049 1643 4104 de

82 4125 294 4199 Egypto
322 4130 377 4183 in
406 4138 605 4185 terram
642 4133 1020 4202 promissionis
1047 4135 1271 4201 duxisti,
1294 4136 1348 4190 in
1378 4154 1558 4203 manu,
1590 4140 1643 4195 id

81 4219 230 4272 estin
278 4219 477 4276 ducatu
513 4221 683 4293 Moysi
730 4233 778 4277 et
829 4226 1007 4279 Aaron
1034 4238 1054 4277 :
1085 4234 1272 4296 utpote
1314 4243 1442 4283 oves
1500 4237 1640 4296 tuas,

82 4307 265 4362 scilicet
289 4310 424 4364 adeo
450 4310 735 4380 diligenter
785 4327 882 4367 eos
926 4327 1154 4381 pascens
1198 4322 1252 4369 et
1308 4317 1641 4385 custodiens,

1747 1868 1912 1924 teros,
1956 1860 2095 1914 bene
2138 1862 2205 1914 ad
2260 1861 2879 1931 proribetiamattinere,
2911 1864 3013 1918 eisi
3056 1863 3121 1918 ad
3156 1864 3331 1918 hisro-

1746 1951 1881 2005 riam
1908 1950 2156 2021 legatur;
2204 1960 2315 2004 tum
2373 1952 2494 2006 ideo
2540 1952 2853 2021 quiaﬁdelis
2892 1953 3076 2021 Asaph
3126 1968 3244 2021 qua:
3266 1967 3332 2007 eo

1747 2048 1987 2109 tempore
2010 2040 2246 2094 nondunt
2281 2050 2420 2104 erat,
2450 2058 2478 2094 a
2511 2040 2778 2112 Propheta
2835 2042 2979 2112 loqui
3033 2043 3331 2096 introduci-

1746 2138 1852 2195 tur,
1884 2138 1995 2183 tum
2040 2129 2204 2182 etiam
2235 2130 2489 2199 quoniam
2542 2131 2595 2184 in
2647 2131 2731 2186 his
2790 2131 3069 2185 beneﬁciis
3093 2122 3211 2199 qua:
3239 2131 3325 2185 hic

1744 2222 2096 2277 historialiter
2122 2221 2261 2276 facta
2289 2221 2556 2291 Propheta
2590 2224 2791 2293 posuit,
2838 2224 2940 2277 alia
2969 2224 3233 2279 beneﬁcia
3276 2225 3331 2278 itt

1752 2312 1997 2365 Ecclesia
2027 2312 2205 2366 futura
2233 2313 2458 2383 mystice
2489 2314 2811 2384 designavit.

1814 2401 1975 2471 297
2013 2402 2291 2463 Attendite,
2321 2402 2510 2470 popula
2537 2419 2712 2468 meus,
2746 2403 2906 2473 legem
2934 2420 3124 2459 meam.
3155 2405 3335 2458 Atten-

1746 2490 1877 2554 dite,
1918 2489 2201 2559 pluraliter
2246 2490 2418 2558 ponit,
2456 2490 2581 2559 quia
2613 2491 2841 2560 pepulus
2873 2507 3067 2546 nomen
3104 2502 3188 2546 est
3222 2492 3336 2547 col-

1745 2579 2017 2635 Iectivum.
2066 2582 2144 2635 Ac
2194 2581 2237 2634 si
2276 2580 2482 2633 diceret
2514 2597 2527 2633 :
2563 2578 2671 2644 Tu,
2709 2579 2881 2634 ﬁdelis
2911 2582 3116 2647 Asaph,
3153 2580 3332 2635 minus

1741 2674 2005 2743 perfecta,
2059 2672 2300 2726 existens
2346 2671 2575 2740 populus
2620 2687 2793 2739 meus,
2827 2672 2877 2725 id
2909 2681 2992 2725 cst
3021 2671 3124 2725 mei
3168 2670 3331 2735 modi,

1743 2763 1869 2832 quia
1917 2762 2123 2817 scilicet
2164 2772 2219 2817 et
2268 2764 2510 2831 ejusdem
2551 2763 2729 2832 gentis
2758 2778 2967 2827 sumus,
3005 2772 3060 2816 et
3092 2762 3333 2832 ejusdem

1746 2854 1892 2918 ﬁdei,
1923 2855 2153 2919 attende,
2196 2854 2247 2907 id
2292 2864 2372 2908 est
2412 2854 2697 2924 diligenter
2732 2853 2895 2923 legem
2925 2863 3161 2908 veterem
3198 2869 3329 2907 con-

1743 2946 1942 3010 sidera,
1999 2962 2103 3000 non
2154 2946 2490 3016 negligenter
2533 2954 2592 2998 ut
2633 2954 2817 3023 patres
2849 2944 2924 2997 tui
2956 2952 3187 2998 veteres.
3230 2943 3331 2997 Le-

1742 3052 1855 3106 gem
1904 3037 2024 3091 dico
2057 3036 2171 3106 jam
2224 3053 2391 3090 meam
2423 3036 2622 3089 factam
2653 3050 2751 3103 per
2777 3034 3130 3099 intellectum,
3165 3035 3215 3088 id
3250 3043 3334 3089 est

1744 3142 1905 3195 quam
1940 3125 2050 3195 jam
2099 3142 2273 3180 meam
2311 3126 2435 3196 jure
2462 3140 2676 3196 possum
2710 3125 2910 3188 dicere,
2943 3139 3065 3179 cum
3098 3139 3216 3178 eam
3251 3124 3332 3177 in-

1745 3216 1999 3287 telligam,
2026 3232 2145 3286 qua:
2175 3215 2334 3271 aliter
2364 3226 2452 3270 tua
2488 3232 2593 3271 non
2627 3217 2750 3280 erit,
2783 3216 2884 3270 nisi
2908 3232 3028 3271 eam
3055 3216 3337 3270 intellexe-

1746 3307 1840 3361 ris.
1868 3306 2133 3374 Quoniam
2162 3323 2294 3377 ergo
2323 3308 2493 3379 legem
2522 3308 2937 3363 indeterminate
2959 3317 3239 3378 posuerat,
3265 3323 3334 3363 ne

1746 3399 1846 3453 hoc
1897 3400 2056 3454 modo
2089 3386 2406 3469 putaremus
2441 3400 2584 3469 quod
2623 3400 2702 3454 sic
2733 3415 2831 3455 nos
2866 3400 2933 3455 ad
2964 3409 3128 3454 totam
3155 3400 3328 3472 legem

1746 3492 2152 3563 intelligendam
2201 3493 2476 3558 mitteret,
2522 3502 2577 3547 et
2607 3492 2740 3546 nihil
2769 3492 2892 3546 inde
2921 3493 3131 3548 locutus
3158 3501 3333 3557 esset,

1745 3586 1892 3638 addit
1922 3601 1934 3636 :
1968 3584 2033 3637 Et
2066 3594 2122 3636 ut
2153 3592 2319 3638 totam
2352 3584 2524 3653 legem
2571 3593 2810 3637 veterem
2845 3582 3094 3652 exemplo
3134 3585 3331 3637 verbo-

1747 3691 1864 3728 rum
1915 3690 2159 3729 meorum
2208 3675 2495 3745 diligenter
2532 3675 2907 3736 consideretis,
2943 3673 3203 3728 Inclinate
3233 3690 3334 3727 au-

1746 3783 1850 3819 rem
1898 3778 2120 3819 vestram
2163 3766 2341 3820 eundo
2390 3767 2445 3819 in
2487 3767 2637 3819 verba
2681 3767 2787 3819 oris
2826 3767 2927 3819 mei
2965 3764 3331 3836 intelligenda.

1749 3852 1865 3907 Iloc
1911 3864 2093 3907 autem
2134 3863 2217 3908 est
2260 3871 2287 3907 a
2320 3855 2673 3908 similitudine
2701 3854 2905 3909 strenui
2936 3853 3208 3923 discipuli,
3241 3855 3335 3924 qui

1746 3955 1803 3999 ut
1852 3946 1990 4000 bene
2037 3946 2283 4000 docentis
2328 3948 2489 4001 verba
2532 3947 2818 4016 percipiat,
2856 3963 3035 4000 aurem
3082 3946 3331 4001 inclinat.

1743 4037 1824 4091 Ac
1872 4037 1918 4091 si
1964 4036 2110 4091 dicat
2148 4054 2161 4090 :
2220 4037 2517 4109 Diligenter
2544 4039 2727 4092 audite
2758 4040 2922 4094 verba
2948 4055 3069 4109 quae
3093 4040 3283 4108 loquor
3315 4058 3329 4093 :

1747 4139 1807 4185 ut
1853 4144 1914 4184 ea
1967 4134 2192 4204 mystice
2222 4130 2593 4201 intelligendo,
2632 4140 2826 4185 caetera
2865 4147 2984 4199 quae
3017 4132 3069 4185 in
3109 4132 3226 4201 lege
3257 4130 3335 4185 lc-

1745 4229 1946 4290 guntur
1976 4220 2335 4275 historialiter
2369 4220 2618 4288 exemplo
2650 4220 2842 4273 horum
2876 4221 3101 4289 mystice
3132 4220 3329 4275 intelli-

1746 4312 1909 4380 gatis.
1951 4313 2017 4364 lit
2051 4326 2272 4366 necesse
2310 4320 2395 4364 est
2437 4319 2494 4364 ut
2521 4310 2840 4375 attendatis,
2875 4319 2929 4363 et
2958 4326 3146 4364 aurem
3177 4311 3333 4365 incli-

81 4396 199 4451 sicut
231 4407 421 4468 pastor
446 4398 600 4453 valde
624 4399 912 4472 diligenter
942 4415 1071 4455 oves
1098 4404 1273 4479 pascit
1294 4414 1349 4460 et
1382 4407 1638 4461 custodit.
1669 4424 1720 4484 ι)
1747 4406 1914 4470 netis;
1949 4420 2072 4459 nam
2113 4405 2346 4473 aperiam
2388 4421 2445 4458 os
2472 4420 2643 4457 meum
2666 4403 2719 4456 in
2744 4401 3032 4472 parabolis,
3057 4400 3110 4455 iJ
3138 4409 3221 4455 est
3245 4416 3334 4471 pa-

80 4483 145 4539 Ac
167 4487 207 4540 si
232 4488 376 4542 dicat
401 4505 414 4541 :
437 4486 637 4543 Gentes
661 4505 796 4559 quas
823 4491 1103 4562 hucusque
1144 4510 1291 4550 vrsns
1339 4511 1398 4551 es
1462 4498 1641 4567 negle-

81 4573 222 4640 xisse,
247 4576 536 4646 praeceptis
566 4578 673 4633 tuis
697 4580 975 4635 obediunt.
997 4581 1166 4639 Judazi
1196 4600 1325 4639 vero
1353 4586 1640 4653 increduli,

81 4678 197 4733 quos
217 4668 348 4721 sicut
378 4686 494 4724 oves
521 4671 578 4724 in
619 4687 780 4725 manu
828 4671 1000 4744 Moysi
1027 4685 1075 4728 et
1111 4675 1290 4730 Aaron
1348 4677 1637 4744 deduxisti,

80 4766 125 4809 et
148 4760 332 4825 quibus
378 4760 481 4815 alia
515 4761 744 4833 plurima
799 4763 1061 4820 beneﬁcia
1113 4767 1406 4830 contulisti,
1441 4784 1641 4838 praece-

78 4856 272 4916 ptorum
297 4860 513 4907 tuorum
564 4862 620 4908 et
669 4855 1055 4911 miraculorum
1118 4857 1641 4930 przedicatorumque

77 4938 271 5008 vestigia
297 4952 642 4997 contemnent
669 4960 682 4996 :
716 4945 859 5013 quod
887 4946 1073 5014 utique
1104 4946 1283 5003 facere
1325 4963 1431 5003 non
1477 4949 1639 5005 debe-

79 5036 202 5079 rent.
229 5027 350 5082 Ideo
367 5043 492 5084 vero
514 5031 820 5087 Iudaeorum
851 5033 1286 5091 incredulitatem
1312 5037 1638 5105 detestatur,

77 5126 128 5170 ut
152 5133 241 5189 per
269 5122 758 5178 boesalvandorum
781 5141 910 5195 pars
931 5127 1000 5181 ab
1029 5142 1220 5183 eorum
1260 5128 1641 5187 conformitale

78 5216 383 5273 retrahatur.

471 5307 540 5362 IN
588 5307 916 5366 I’SALMUM
947 5310 1202 5366 LXXVII.

138 5394 337 5452 Titulus
361 5400 742 5469 septuagesimi
790 5402 1026 5471 septimi.
1060 5401 1310 5458 Psalmus
1349 5404 1639 5460 intellectus

75 5483 256 5556 Asaph.
281 5489 428 5556 Quod
460 5492 539 5547 sic
581 5493 890 5561 exponitur.
921 5493 1029 5550 Iste
1053 5494 1286 5564 psalmus
1320 5496 1636 5562 intellectus,

76 5574 122 5629 id
142 5580 601 5651 estintelligentize
630 5583 682 5635 in
713 5599 821 5652 quo
871 5586 1131 5655 mysticus
1181 5588 1486 5643 intellectus
1512 5603 1640 5643 con-

76 5669 281 5738 tinetur,
304 5682 381 5728 est
411 5675 600 5741 Asaph,
632 5674 681 5729 id
726 5684 807 5731 cst
850 5675 1085 5746 perfecte
1113 5678 1285 5736 ﬁdelis
1317 5679 1632 5748 Synagogat,

1746 4493 1983 4547 raholice
2025 4492 2215 4561 loquar
2248 4509 2343 4563 per
2374 4492 2779 4555 similitudines,
2817 4490 3024 4545 scilicet
3064 4490 3183 4544 ideo
3206 4491 3328 4546 dili-

1743 4591 1933 4652 genter
1984 4583 2396 4649 attendendum,
2448 4591 2507 4636 ut
2565 4582 2707 4651 quod
2760 4581 3072 4652 parabolice
3111 4582 3328 4646 dicitur,

1742 4677 1974 4746 mystice
2016 4678 2299 4733 sentiatur.
2352 4679 2419 4731 Et
2474 4692 2579 4732 non
2636 4678 2811 4732 solum
2847 4678 2899 4731 in
2953 4677 3221 4746 parabolis
3258 4678 3333 4730 lo-

1740 4782 1904 4836 quor;
1951 4769 2046 4822 sed
2086 4769 2247 4823 etiam
2295 4770 2481 4841 loquar
2501 4770 2896 4839 propositiones,
2935 4768 2987 4823 id
3015 4778 3098 4825 est
3135 4770 3331 4823 obseu-

1743 4872 1832 4911 ras
1880 4858 2265 4915 similitudines
2307 4861 2371 4915 ab
2415 4861 2567 4914 initio
2596 4860 2730 4929 legis
2761 4861 2961 4915 veteris
2995 4860 3322 4930 incipiendo.

1740 4947 1972 5019 Ideoque
2021 4952 2196 5021 magis
2242 4960 2449 5008 attente
2490 4952 2947 5008 considerandum
2985 4959 3088 5006 est.
3132 4950 3188 5005 In
3222 4950 3328 5007 Ile-

1741 5042 1887 5097 brato
1935 5041 2167 5097 habetur
2205 5044 2493 5114 mnigmata
2546 5045 2789 5114 antiqua.
2824 5043 2975 5099 Unde
3006 5041 3326 5111 propositio-

1742 5146 1841 5186 nes
1864 5133 2164 5201 accipimus
2193 5134 2576 5191 similitudines
2607 5136 2724 5191 illas
2749 5151 2868 5203 qua:
2897 5133 3169 5188 intellectu
3201 5142 3323 5187 srnt

1742 5221 2117 5287 obscuriores,
2176 5225 2465 5293 parabolas
2529 5240 2659 5280 vero
2709 5238 2828 5293 qua:
2884 5220 3321 5284 manifestiores,

1741 5327 1909 5381 quare
1961 5314 2123 5369 etiam
2176 5317 2553 5385 propositiones
2616 5316 2889 5376 dicuntur,
2938 5324 3003 5366 eo
3059 5311 3200 5379 quod
3256 5313 3323 5366 ad

1741 5406 2088 5473 quaestionem
2132 5416 2523 5477 praponantur.
2565 5404 2699 5471 Quia
2745 5417 2877 5457 vero
2914 5400 3181 5471 parabolae
3210 5400 3339 5492 cla-'l

1742 5497 1913 5552 riores
1956 5506 2082 5553 sunt
2132 5497 2403 5553 intellectu
2452 5511 2613 5567 quam
2668 5494 3096 5563 propositiones,
3146 5492 3345 5547 inuuit‘

1740 5605 1861 5642 cum
1911 5589 2061 5658 ponit
2114 5604 2128 5641 :
2177 5589 2423 5658 Aperiam
2457 5589 2509 5640 in
2550 5584 2815 5655 parabolis
2861 5602 2918 5639 os
2946 5599 3136 5647 meum,
3169 5584 3326 5649 quasi

1741 5680 1945 5735 diceret
1978 5699 1988 5733 :
2015 5680 2213 5750 Aperte
2238 5678 2421 5748 loquar
2450 5678 2501 5730 in
2523 5674 2808 5749 parabolis.
2844 5674 2915 5731 Ut
2949 5682 3125 5729 autem
3142 5679 3325 5725 atten-
