3840 6338
511 341 634 397 ΗΞ]
1106 336 1163 391 S.
1210 335 1550 392 BRL‘NONIS
1578 328 2216 389 CAR'I‘IIUSIANORUM
2246 328 2726 384 lNS'll'l'UTOlllS
2762 328 2912 385 OPP.
2951 328 3131 383 PARS
3159 326 3199 381 Ι.
3617 328 3736 386 tm

508 455 673 508 tiores
706 452 909 514 reddat,
942 449 1070 505 dicit
1099 466 1155 505 se
1182 466 1241 504 ea
1268 465 1385 518 qum
1415 450 1552 504 dicet
1578 463 1678 501 non
1712 446 1952 507 tinxisse,
1986 445 2077 498 sed
2110 455 2152 507 Α
2183 454 2228 497 et
2275 445 2483 496 virtutes
2530 455 2576 495 ct
2622 443 2887 496 mirabilia
2932 456 2949 494 :
2990 451 3043 495 ut
3075 456 3170 509 per
3201 455 3299 496 nos
3331 439 3429 495 Ista
3456 440 3633 495 eadem
3660 460 3737 495 co-

507 560 536 599 a
562 545 803 613 patribus
825 543 915 611 qui
939 542 1036 595 viri
1063 542 1276 594 fuerunt
1299 555 1500 609 magn-.e
1519 535 1851 591 auctoritatis
1872 534 2086 587 audisse

508 648 563 691 et
604 636 937 706 cognovisse.
972 634 1099 687 Dico
1140 632 1279 702 quod
1313 631 1498 700 loquar
1530 644 1648 698 quae
1684 642 1787 680 non
1816 626 2078 679 ﬁnxerim.
2106 640 2111 647 '

582 728 791 793 Quanta
849 726 1141 779 audivimus
1195 732 1241 777 et
1295 723 1621 791 cognovimus
1675 737 1756 782 ea,
1812 728 1859 790 et
1914 725 2085 787 patres

510 823 671 874 nostri
703 827 1044 870 narravarunt
1075 817 1241 869 nobis.
1274 813 1424 879 Quod
1456 820 1537 866 est
1564 811 1741 865 dicere
1772 827 1784 862 :
1816 809 1939 862 Haec
1969 823 2087 877 qua:

511 914 793 981 loquemur
822 926 940 979 qnte
967 920 1162 983 quanta
1194 916 1337 972 sunt,
1372 906 1421 957 id
1464 912 1546 959 est
1575 903 1726 956 valde
1756 918 1965 971 magna,
1993 917 2087 969 pa-

510 1013 613 1054 tres
660 1003 823 1053 nostri
868 997 1280 1053 anetorizahiles
1327 995 1425 1047 viri
1468 1003 1807 1046 uarraverunt
1839 992 2000 1054 nobis,
2034 999 2089 1044 et

512 1105 608 1143 nos
649 1090 932 1158 diligenter
968 1087 1280 1150 audivimus,
1321 1095 1373 1140 et
1402 1084 1626 1155 mystice
1654 1083 1998 1151 cognovimus,
2034 1092 2089 1133 et

510 1181 713 1234 idcirco
743 1180 896 1233 nobis
921 1179 1245 1233 credendum
1270 1184 1372 1231 est.
1398 1176 1463 1229 Et
1495 1175 1608 1229 haec
1637 1192 1737 1227 nou
1764 1184 1881 1227 sunt
1912 1172 2088 1225 occul-

510 1281 620 1324 tata
658 1289 689 1324 a
716 1271 839 1340 [iliis
876 1286 1054 1323 eorum
1083 1278 1320 1338 patrum,
1352 1283 1378 1319 a
1411 1268 1564 1321 nobis
1593 1267 1820 1330 scilicet,
1856 1267 1908 1317 in
1939 1281 2087 1333 gene—

511 1363 713 1415 ratione
760 1350 948 1425 altera,
994 1360 1045 1413 id
1094 1366 1177 1413 est
1221 1357 1430 1411 anobis
1455 1358 1689 1411 diversa.
1719 1355 1869 1420 Quod
1896 1363 1979 1407 est
2007 1354 2087 1407 di-

509 1446 632 1506 cere
681 1470 693 1504 :
745 1452 861 1504 Non
910 1466 972 1504 ea
1010 1468 1075 1505 ex
1105 1451 1303 1503 invidia
1334 1448 1744 1511 occultavimus,
1774 1447 1901 1516 quin
1928 1461 2089 1515 gene-

507 1543 704 1596 rationi
735 1543 973 1613 gentium
1004 1541 1397 1601 intimaremus,
1434 1554 1553 1606 qua:
1579 1546 1660 1592 est
1682 1537 1869 1600 altera,
1902 1536 1952 1589 id
1982 1544 2084 1599 est,

508 1649 538 1687 a
588 1630 740 1687 nobis
772 1633 1066 1687 secundum
1109 1631 1373 1701 originem
1404 1630 1639 1684 diversa.
1676 1629 1739 1682 Et
1778 1628 1829 1681 in
1866 1629 1965 1682 hoc
1995 1642 2089 1681 eos

507 1724 665 1779 valde
729 1723 907 1778 reddit
961 1732 1195 1777 attentos
1246 1739 1260 1774 :
1314 1737 1435 1776 cum
1476 1721 1638 1773 etiam
1670 1728 1855 1789 gentes
1893 1717 2088 1787 quibus

510 1816 610 1869 ista
657 1814 916 1869 beneﬁcia
967 1829 1072 1868 non
1107 1813 1323 1866 fuerunt
1355 1812 1569 1876 collata,
1599 1825 1659 1864 ea
1685 1811 1971 1865 audierunt
2003 1819 2079 1862 at-

512 1915 681 1961 tente.
731 1907 860 1961 Post
913 1907 1071 1976 hujus
1127 1920 1317 1959 versus
1367 1904 1832 1973 interpositionem
1883 1906 1948 1956 ad
1986 1904 2088 1956 hoc

510 1999 651 2065 quod
682 1996 901 2065 incmpit
930 1996 1219 2050 revertitur
1244 1996 1350 2050 sic:
1378 1995 1505 2049 Dico
1531 1994 1671 2063 quod
1699 2005 1870 2062 patres
1898 2008 2088 2060 magna

512 2096 857 2144 narraverunt
886 2089 1052 2141 nobis.
1091 2087 1282 2141 Patres
1318 2098 1591 2138 narrantes
1620 2085 1739 2138 dico
1767 2083 1949 2136 laudes
1983 2082 2088 2134 Do.

512 2179 662 2240 mini,
715 2179 766 2232 id
804 2190 888 2232 est
917 2187 1182 2248 prtecepta
1216 2178 1267 2230 in
1312 2192 1541 2246 quorum
1573 2174 1919 2229 observantia
1954 2173 2091 2225 Deus

520 2270 791 2334 laudatur,
852 2278 898 2322 et
950 2270 1160 2323 virtutes
1202 2268 1344 2337 ejus,
1387 2267 1438 2321 id
1472 2276 1553 2321 est
1591 2282 1652 2319 ea
1686 2264 1943 2319 beneﬁcia
1975 2279 2093 2331 qua:

512 2360 667 2429 quasi
720 2375 818 2429 per
856 2360 1126 2413 violentiae
1173 2360 1426 2413 virtutem
1476 2352 1733 2427 operatus
1780 2370 1897 2410 esse
1946 2356 2094 2409 visus

515 2459 620 2505 est.
671 2449 891 2503 Scilicet
930 2450 995 2503 de
1041 2449 1207 2502 maris
1252 2449 1671 2517 interruptione,
1700 2448 1765 2501 de
1796 2445 2094 2499 Pharaonis

515 2540 911 2605 submersione,
952 2548 1005 2593 et
1036 2541 1099 2593 de
1127 2540 1465 2593 inimicorum
1498 2538 1861 2607 superatione.
1894 2537 1963 2589 Et
1997 2539 2095 2589 mi—

517 2630 707 2685 rabilia
757 2631 869 2699 ejus
898 2647 1013 2700 qua:
1038 2630 1180 2698 fecit,
1213 2629 1264 2683 id
1293 2638 1395 2694 est,
1424 2630 1686 2683 beneﬁcia
1720 2628 1806 2680 illa
1841 2643 1959 2696 qua:
1990 2644 2093 2682 non

517 2721 671 2791 quasi
704 2736 801 2791 per
833 2722 1169 2787 violentiam,
1212 2720 1304 2775 sed
1332 2735 1427 2790 per
1450 2720 1618 2774 solam
1646 2719 1941 2789 potentiam
1968 2733 2097 2789 ope-

516 2823 670 2868 ratus
707 2822 791 2868 est
828 2812 1164 2875 mirabiliter,
1198 2812 1337 2865 sicut
1366 2825 1558 2865 manna
1595 2810 1737 2879 quod
1764 2809 1918 2879 pluit,
1958 2824 2095 2879 aqua

517 2924 677 2978 quam
718 2908 785 2962 de
832 2916 987 2979 petra
1025 2906 1190 2970 dedit,
1219 2914 1274 2959 et
1302 2914 1493 2958 caetera
1527 2903 1674 2958 talia.
1709 2900 1956 2958 Ostendit
1996 2902 2096 2973 igi-

516 3008 607 3052 tur
652 2996 741 3051 ubi
770 2996 885 3050 inec
912 3002 1256 3049 narraverunt
1285 2993 1362 3048 sic
1392 3008 1406 3046 :
1443 2993 1584 3048 Vere
1609 3001 1953 3047 narraverunt
1983 2993 2098 3045 lau-

516 3087 629 3151 des,
669 3096 715 3140 et
740 3087 947 3139 virtutes
973 3095 1019 3139 et
1050 3084 1311 3138 mirabilia
1342 3084 1456 3138 Dei.
1492 3082 1622 3137 Nam
1659 3083 1799 3137 Deus
1829 3096 1923 3152 per
1953 3082 2098 3151 ipsos

516 3186 701 3247 patres
752 3186 807 3231 et
846 3175 1114 3229 suscitavit
1163 3176 1217 3229 in
1246 3174 1433 3241 Iacob,
1480 3175 1532 3228 id
1576 3186 1659 3228 est
1696 3175 1747 3229 in
1782 3172 1977 3243 populo
2006 3172 2097 3227 Ju-

518 3268 675 3321 daico
719 3267 1091 3331 testimonium,
1123 3266 1177 3319 id
1212 3275 1296 3321 est
1328 3266 1529 3335 scripta
1565 3266 1824 3319 virtutum
1846 3274 1899 3319 et
1930 3266 2097 3319 inira-

516 3355 705 3411 bilinm
753 3371 994 3419 suorum,
1047 3369 1167 3423 quae
1206 3354 1413 3427 idcirco
1444 3355 1794 3408 testimonium
1824 3355 2095 3419 dicuntur,

521 3447 776 3514 quoniam
822 3459 944 3497 eum
980 3452 1254 3513 potentem
1284 3448 1404 3498 esse
1436 3452 1723 3506 testantur,
1749 3452 1795 3495 et
1825 3443 1880 3495 in
1905 3442 2095 3509 Israel,

524 3537 580 3590 id
625 3545 705 3589 cst
745 3536 797 3588 in
826 3535 1019 3604 popqu
1045 3532 1290 3595 Judaico.
1326 3536 1498 3603 posuit
1530 3534 1690 3603 legem
1721 3550 1815 3602 per
1840 3534 1987 3603 ipsos
2008 3548 2099 3603 pa-

524 3632 658 3688 tres,
702 3624 754 3677 id
794 3634 873 3677 cst
905 3623 1105 3691 scripta
1140 3633 1530 3692 praceptorum
1565 3638 1804 3687 suorum,
1836 3639 1956 3692 qua:
1982 3623 2101 3675 lau-

524 3717 616 3770 des
659 3715 775 3784 ejus
818 3723 962 3768 sunt.
1014 3714 1078 3767 Et
1110 3714 1243 3767 bene
1272 3714 1424 3783 ponit
1462 3716 1748 3780 suscitavit,
1785 3730 1813 3767 a
1844 3714 2099 3769 similitu-

522 3803 653 3859 dine
693 3805 767 3857 rei
818 3812 1041 3857 mortua:
1078 3820 1197 3874 quae
1229 3805 1553 3869 suscitatur;
1581 3820 1644 3859 ac
1674 3806 1717 3859 si
1748 3804 1894 3859 dicat
1920 3824 1932 3858 :
1963 3804 2099 3871 Quia

526 3895 784 3949 miracula
830 3903 884 3948 et
935 3897 1146 3948 virtutes
1188 3903 1241 3948 et
1280 3905 1544 3965 praecepta
1588 3894 1703 3962 ejus
1734 3896 1891 3950 aliter
1920 3909 2097 3949 more-

525 3997 735 4050 rentur,
770 3986 895 4040 fecit
921 3968 1074 4055 ipsos.
1096 3995 1278 4055 patres
1309 3986 1509 4055 scripta
1541 4001 1869 4053 conponere,
1898 3986 1949 4041 in
1984 3986 2101 4055 qui-

524 4079 627 4133 bus
650 4077 913 4130 mirabilia
942 4086 997 4130 et
1022 4076 1235 4129 virtutes
1261 4085 1315 4128 et
1337 4075 1520 4128 laudes
1541 4074 1656 4142 ejus
1683 4077 2097 4130 suscitarentur.

520 4168 693 4238 298
735 4167 801 4220 Et
839 4168 941 4221 hoc
970 4165 1351 4234 compendiose
1378 4166 1528 4220 dicit.
1562 4163 1844 4219 Suscitavit
1874 4167 2102 4218 testimo-

525 4261 671 4312 nium
718 4258 771 4309 in
811 4255 1010 4321 Jacob,
1044 4255 1095 4308 id
1129 4264 1213 4309 est
1256 4264 1313 4309 ut
1344 4255 1606 4308 mirabilia
1634 4264 1690 4309 et
1729 4255 1943 4308 virtutes
1975 4269 2101 4309 suas

522 4349 837 4412 suscitaret,
883 4347 1081 4414 scripta
1122 4360 1219 4415 per
1256 4345 1447 4399 Patres
1486 4344 1663 4415 posuit
1690 4344 1742 4398 in
1784 4343 1979 4413 populo
2005 4342 2102 4397 Ju-

528 4444 703 4507 daieo,
756 4443 837 4497 vel
889 4441 1240 4495 testimonium
1284 4441 1549 4495 suscitavit
1602 4440 1653 4493 in
1698 4438 1896 4504 Jacob,

522 4535 727 4604 scripta
756 4534 1049 4587 carnalium
1084 4532 1573 4597 observantiarum,
1605 4547 1726 4600 qua:
1752 4533 2103 4586 testimonium

532 4625 871 4685 dicebantur,
902 4640 966 4678 eo
988 4623 1129 4693 quod
1152 4624 1255 4678 alia
1288 4624 1511 4694 mystica
1542 4639 1637 4692 per
1666 4625 1747 4677 sui
1777 4625 2100 4678 evidentiam

529 4715 583 4768 in
608 4714 844 4768 Ecclesia
876 4716 1049 4768 futura
1082 4716 1449 4780 testabantur;
1470 4716 1737 4769 suscitavit
1760 4716 1813 4768 in
1834 4715 2022 4780 Jacob,
2052 4717 2103 4769 id

526 4814 613 4859 est
665 4806 845 4872 posuit
892 4805 942 4858 in
994 4806 1192 4875 populo
1230 4805 1476 4871 Judaico,
1531 4807 1597 4860 ad
1624 4806 1931 4861 suscitanda
1970 4822 2107 4875 pra:-

528 4906 685 4962 ccpta
712 4911 830 4958 sua,
857 4910 975 4963 quae
1003 4896 1055 4949 in
1081 4898 1207 4951 Adae
1230 4898 1671 4965 prtevaricatione
1692 4905 1847 4950 erant
1871 4905 2103 4951 mortua.

531 4987 597 5044 Et
633 4987 804 5057 legem
854 4986 1133 5040 moralium
1168 5000 1557 5058 praeceptorum
1596 4992 1767 5058 posuit
1812 4993 1866 5044 in
1914 4990 2102 5045 Israel.

529 5079 698 5135 lsrael
728 5089 780 5134 et
800 5078 968 5134 Jacob
996 5094 1095 5148 pro
1127 5080 1311 5134 eodem
1343 5082 1526 5135 habet.
1553 5083 1607 5135 In
1642 5098 1749 5151 quo
1773 5084 2107 5149 testimonio,

530 5180 589 5224 et
628 5171 678 5225 in
718 5186 821 5238 qua
859 5170 974 5240 lege
1009 5178 1205 5240 quanta
1234 5171 1498 5225 mirabilia
1532 5181 1580 5226 et
1618 5174 1827 5227 virtutes
1857 5186 1903 5228 et
1926 5175 2107 5229 laudes

526 5263 797 5316 mandavit
836 5261 1070 5331 patribus
1104 5261 1315 5326 nostris,
1349 5272 1468 5315 nota
1501 5264 1672 5332 facere
1699 5282 1759 5319 ea
1790 5281 1884 5334 per
1910 5269 2106 5336 scﬁpta

528 5369 628 5408 sua
679 5354 804 5421 ﬁliis
852 5354 1000 5407 suis?
1052 5353 1210 5409 nobis
1253 5352 1477 5408 scilicet.
1515 5356 1590 5410 Ac
1628 5358 1671 5409 si
1717 5358 1861 5413 dicat
1909 5378 1921 5412 :
1973 5361 2110 5417 Vere

533 5451 892 5498 narraverunt
939 5444 1093 5499 nobis
1134 5444 1315 5498 laudes
1347 5444 1475 5509 Dei,
1510 5457 1554 5498 et
1588 5448 1833 5513 virtutes,
1865 5459 1913 5503 et
1949 5452 2111 5504 mira-

534 5535 678 5589 bilia.
715 5534 850 5589 Nam
889 5534 1029 5589 Deus
1053 5536 1131 5590 eis
1161 5536 1415 5607 pra3cepit
1447 5546 1504 5591 ut
1529 5538 1726 5607 scripta
1762 5541 1916 5595 nobis
1949 5544 2111 5599 relin-

535 5637 780 5696 querent,
813 5629 864 5682 in
896 5629 1090 5697 quibus
1118 5631 1389 5685 mandavit
1421 5643 1478 5686 ut
1512 5633 1665 5688 nobis
1696 5633 1820 5688 ﬁliis
1849 5637 1959 5691 suis
1988 5651 2107 5694 nota

538 5719 773 5774 facerent
817 5736 1008 5789 magna
1053 5720 1168 5790 ejus
1210 5723 1503 5791 beneﬁcia,
1541 5726 1748 5783 scilicet
1788 5728 1970 5783 laudes
1995 5731 2108 5799 ejus

2188 545 2422 604 gnoscat,
2464 534 2515 588 id
2558 543 2639 588 est
2688 534 2913 603 mystice
2944 533 3230 601 intelligat,
3266 533 3531 600 generatio
3570 532 3737 595 altera,

2188 623 2283 678 scil
2309 633 2392 678 cet
2436 624 2672 693 gentilis.
2703 625 2767 678 Et
2797 624 3093 677 notandum
3125 622 3267 691 quod
3300 621 3443 676 istud
3470 618 3581 675 fere
3606 619 3738 674 disc-

2188 725 2273 769 rat
2315 718 2580 783 superius,
2617 717 2705 769 ubi
2740 716 2875 769 dixit
2918 725 3117 785 quanta
3147 715 3466 779 audivimus,
3501 727 3659 782 usque
3684 714 3740 767 ad

2189 818 2482 860 narrantes.

2260 918 2365 973 Sed
2393 919 2442 973 in
2479 920 2580 972 hoc
2611 927 2787 972 tamen
2816 918 3086 972 diversum
3115 927 3220 979 est,
3250 915 3378 985 quia
3406 915 3494 968 hic
3523 915 3647 969 dicit
3665 929 3743 969 eos

2192 1012 2305 1063 lucc
2339 1024 2589 1062 narrasse
2638 1010 2892 1062 mandato
2933 1007 3165 1070 Domini,
3200 1005 3343 1075 quod
3372 1005 3617 1074 superius
3654 1021 3742 1059 non

2191 1102 2415 1155 dixerat.
2449 1099 2561 1153 Non
2594 1101 2765 1153 solum
2806 1115 2932 1153 vero
2958 1098 3223 1168 generatio
3245 1098 3413 1149 altera
3443 1106 3740 1163 cognoscet:

2190 1192 2283 1245 sed
2325 1201 2370 1245 et
2406 1191 2502 1258 ﬁlii
2540 1192 2627 1260 qui
2664 1199 2938 1244 msceutur
2980 1205 3044 1242 ea:
3082 1188 3258 1250 nobis,
3291 1197 3338 1240 et
3376 1199 3666 1255 euut-gent,
3702 1186 3743 1239 id

2190 1292 2272 1335 est
2318 1284 2510 1335 attenti
2554 1293 2714 1336 erunt
2763 1283 2815 1334 in
2847 1282 2947 1336 hac
2983 1281 3292 1349 cognitione
3321 1280 3547 1350 mystice
3577 1279 3745 1332 intelli~

2192 1386 2377 1445 gentes
2411 1394 2423 1427 :
2474 1392 2579 1429 non
2605 1376 2872 1444 jacentes,
2918 1374 2968 1428 id
2995 1384 3078 1428 est
3101 1389 3206 1427 non
3244 1373 3310 1427 ad
3341 1372 3514 1426 solam
3536 1370 3743 1425 litteram

2193 1468 2306 1519 lncc
2338 1465 2664 1535 accipientes
2690 1464 3022 1518 enarrabunt
3052 1462 3105 1515 ﬁl
3131 1463 3174 1516 is
3205 1462 3339 1515 suis.
3373 1459 3480 1515 Per
3512 1461 3608 1514 hoc
3640 1476 3746 1514 vero

2191 1573 2284 1611 eos
2301 1556 2492 1626 quibus
2514 1557 2625 1625 agit
2647 1556 2752 1619 hic,
2774 1556 2925 1608 valde
2949 1553 3120 1608 reddit
3145 1562 3403 1617 attentos,
3418 1566 3540 1605 cum
3567 1566 3653 1605 eos
3671 1550 3745 1619 qui

2194 1648 2451 1701 nascituri
2480 1656 2628 1708 sunt,
2652 1647 2900 1715 praedixit
2928 1645 3042 1698 haec
3064 1661 3167 1697 non
3194 1641 3630 1713 ignoraaumsEt
3652 1640 3748 1693 ideo

2193 1737 2306 1790 Inec
2347 1739 2426 1790 cis
2472 1737 2789 1790 narrabunt.
2816 1734 2881 1788 Ut
2909 1744 3104 1805 ponant
3131 1736 3184 1787 in
3214 1733 3323 1786 Deo
3351 1749 3494 1802 spem
3526 1748 3685 1795 suam,
3707 1732 3748 1783 id

2192 1840 2275 1881 est
2313 1827 2511 1881 auditis
2556 1827 2639 1881 his
2686 1825 2962 1880 beneﬁciis
2990 1825 3232 1894 patribus
3258 1842 3285 1876 a
3318 1825 3427 1878 Dco
3449 1824 3615 1893 gratis
3639 1838 3745 1877 oon-

2191 1922 2360 1975 ecssis
2394 1935 2408 1972 :
2451 1920 2582 1973 nihil
2616 1935 2645 1972 a
2681 1934 2738 1973 se
2779 1928 3116 1987 exspectent,
3153 1918 3246 1971 sed
3271 1932 3486 1971 omnem
3518 1933 3649 1986 spem
3677 1915 3751 1967 bc-

2192 2012 2508 2066 ncﬁciorum
2565 2010 2617 2064 in
2673 2009 2782 2063 Deo
2840 2018 3060 2078 ponant.
3130 2007 3195 2060 Et
3248 2025 3349 2069 non
3409 2008 3752 2061 obliviscantur

2192 2120 2405 2172 operum
2459 2102 2575 2167 Dei,
2628 2102 2769 2156 sicut
2818 2110 2998 2170 patres
3046 2099 3194 2154 obliti
3239 2110 3386 2164 sunt,
3437 2099 3490 2154 id
3556 2109 3751 2153 estnon

2194 2193 2566 2247 obliviscantur
2607 2191 2992 2247 beneﬁciorum
3032 2206 3152 2259 qua:
3186 2191 3237 2243 in
3265 2191 3345 2244 eis
3375 2191 3516 2244 Deus
3543 2201 3620 2245 cst
3648 2203 3752 2257 ope-

2195 2292 2441 2347 ratnrus;
2500 2298 2619 2350 qua:
2660 2282 2964 2353 signiﬁcata
3010 2281 3231 2336 fuerunt
3276 2297 3371 2350 per
3419 2280 3670 2336 beneﬁcia
3710 2280 3751 2331 in

2194 2374 2438 2443 patribus
2486 2372 2722 2442 antiquis
2760 2382 3003 2441 operata,
3042 2387 3275 2441 quorum
3310 2371 3413 2440 ipsi
3441 2372 3595 2426 obliti
3626 2379 3751 2424 sunt.

2198 2466 2263 2519 Et
2309 2475 2363 2518 ut
2420 2464 2668 2517 mandata
2708 2464 2822 2532 ejus
2866 2463 2960 2518 Dei
2999 2465 3309 2535 exquirant,
3351 2463 3405 2517 id
3442 2472 3525 2518 est
3579 2471 3755 2516 attente

2198 2566 2526 2625 cognoscant
2563 2563 2618 2608 et
2659 2555 2905 2626 diligant,
2940 2571 3061 2625 quae
3089 2565 3272 2627 patres
3315 2555 3677 2626 neglexerunt.
3702 2554 3756 2609 Et

2198 2648 2320 2703 ideo
2375 2661 2589 2716 quoque
2634 2647 2936 2703 narrabunt
2977 2665 2990 2700 :
3039 2643 3121 2701 Ne
3154 2648 3245 2701 ﬁlii
3274 2648 3406 2716 ﬁant
3436 2650 3572 2702 sicut
3606 2659 3755 2718 palm

2198 2754 2374 2791 eorum
2416 2737 2640 2806 antiqui,
2680 2737 2887 2792 scilicet
2932 2752 2999 2791 ne
3044 2736 3175 2791 ﬁant
3212 2740 3477 2808 generatio
3530 2756 3681 2807 prava
3711 2740 3755 2793 in

2200 2834 2463 2893 moribus.
2510 2840 2565 2886 et
2592 2848 2908 2901 exasperans
2939 2831 3107 2886 Deum
3135 2833 3187 2885 in
3218 2832 3375 2887 malis
3404 2833 3614 2888 actibus
3637 2833 3755 2887 sicut

2199 2933 2400 2993 patres.
2434 2920 2684 2977 Ostendit
2715 2932 2896 2978 autem
2926 2923 2977 2977 in
3003 2938 3111 2992 quo
3130 2940 3290 2992 prava
3318 2923 3438 2988 fuit,
3462 2939 3583 2980 cum
3606 2924 3751 2979 dicrt:

2202 3012 2477 3067 Generatio
2504 3013 2711 3069 scilicet
2736 3030 2853 3083 quw
2880 3030 2984 3067 non
3014 3014 3205 3067 direxit
3236 3030 3329 3069 cor
3356 3030 3529 3080 suum,
3557 3025 3614 3070 ut
3641 3016 3756 3069 bene

2125 3123 2170 3182 ς
2204 3104 2269 3159 de
2314 3106 2421 3158 Deo
2483 3104 2745 3173 cogitaret
2807 3120 2820 3156 :
2881 3104 2965 3168 et",
3011 3103 3064 3157 id
3124 3112 3208 3159 est
3253 3104 3496 3169 scilicet,
3545 3105 3754 3173 spiritus,

2201 3195 2253 3248 id
2300 3202 2383 3247 est
2418 3194 2553 3247 ratio
2580 3193 2696 3262 ejus
2746 3208 2851 3247 non
2878 3201 2964 3247 est
2985 3192 3221 3248 creditus
3268 3208 3393 3248 cum
3427 3195 3564 3259 Deo,
3609 3186 3758 3249 id'est

2201 3301 2321 3340 cum
2357 3285 2446 3338 Dei
2480 3284 2679 3338 auxilio
2707 3285 2841 3337 bene
2867 3286 3124 3354 cogitare,
3159 3285 3252 3338 sed
3285 3300 3383 3354 per
3412 3301 3490 3341 sc.
3520 3285 3668 3352 Quod
3688 3296 3757 3341 est

2200 3377 2379 3431 dicere
2411 3393 2423 3428 :
2462 3375 2819 3429 Crediderunt
2848 3390 2944 3445 per
2970 3389 3031 3429 se
3058 3374 3385 3431 snﬁicientcs
3409 3392 3526 3433 esse
3554 3377 3620 3432 ad
3640 3380 3757 3431 bene

2201 3468 2544 3535 cogitandum
2595 3467 2712 3520 sine
2756 3466 2957 3521 auxilio
3008 3467 3132 3533 Dei,
3170 3476 3224 3523 et
3269 3468 3323 3522 in
3356 3470 3455 3523 hoc
3489 3470 3631 3539 pravi
3659 3468 3757 3523 iue-

2202 3568 2356 3624 runt;
2411 3557 2492 3610 vel
2521 3556 2598 3611 sic
2628 3576 2639 3610 :
2680 3541 2959 3610 Generatio
3003 3572 3121 3626 qua:
3154 3573 3255 3611 non
3285 3558 3475 3616 direxit
3508 3576 3596 3613 cor
3623 3574 3755 3613 suum

2202 3649 2266 3703 ad
2294 3650 2429 3703 bene
2458 3646 2825 3717 cogitandum,
2858 3647 2962 3703 hoc
2988 3663 3097 3702 non
3123 3658 3385 3705 mutatur.
3409 3648 3475 3704 Et
3499 3650 3541 3705 si
3568 3650 3756 3719 quando

2202 3740 2339 3794 bene
2383 3739 2639 3809 cogitavit
2682 3739 2921 3794 humano
2952 3754 3123 3807 more,
3150 3741 3365 3810 spiritus
3395 3744 3507 3813 ejus
3533 3759 3641 3797 cum
3663 3741 3755 3796 Dee

2202 3832 2461 3896 existens,
2506 3847 2611 3885 non
2652 3840 2726 3885 est
2765 3832 3017 3896 creditus,
3067 3832 3119 3886 id
3168 3842 3252 3887 est
3288 3848 3395 3888 non
3442 3835 3755 3890 crediderunt

2202 3921 2401 3975 rationi
2440 3935 2571 3987 suae,
2604 3936 2724 3990 quae
2764 3921 2902 3976 bene
2931 3915 3226 3991 cogitando
3261 3937 3386 3977 cum
3420 3924 3525 3979 Deo
3552 3934 3677 3990 erat,
3713 3925 3755 3979 id

2202 4020 2286 4065 est
2336 4027 2457 4080 quae
2496 4010 2691 4082 placita
2733 4011 2844 4065 Deo
2890 4010 3187 4081 cogitabat,
3218 4023 3277 4066 ut
3302 4028 3424 4083 qua:
3455 4014 3756 4070 rationabili-

2208 4109 2288 4155 ter
2316 4100 2645 4170 cogitabant,
2670 4114 2833 4170 opere
2861 4098 3214 4169 complerent.
3253 4099 3348 4157 Vel
3378 4103 3458 4157 sic
3486 4103 3582 4175 legi
3606 4113 3757 4172 potest

2204 4192 2270 4246 de
2320 4192 2564 4260 patribus
2607 4192 2701 4261 qui
2749 4191 2968 4249 fuerunt
3012 4194 3068 4249 in
3116 4204 3357 4264 tempore
3398 4196 3610 4253 Christi.
3647 4197 3755 4252 Dico

2204 4282 2347 4352 quod
2394 4282 2493 4350 ﬁlii
2537 4282 2709 4337 nostri
2752 4285 2840 4352 qui
2890 4293 3170 4339 nascentur
3201 4286 3491 4341 narrabant
3513 4288 3629 4356 ﬁliis
3660 4290 3753 4342 suis

2206 4373 2503 4437 salvandis,
2537 4388 2603 4427 ne
2632 4374 2764 4427 ﬁant
2790 4374 2933 4428 sicut
2962 4384 3147 4444 patres
3167 4390 3356 4431 eorum
3385 4378 3751 4448 increduli,qui

1930 4439 1982 4494 id
2002 4448 2103 4540 fis‘
2135 4458 2181 4516 D
2208 4463 2427 4521 fuerunt
2462 4465 2514 4518 in
2550 4478 2791 4534 tempore
2819 4439 3046 4532 Christi,
3080 4468 3284 4523 scilicet
3315 4486 3383 4524 ne
3414 4471 3545 4525 ﬁant
3571 4439 3752 4540 gentia-

2207 4556 2278 4607 tio
2312 4572 2474 4624 prava
2504 4555 2557 4609 in
2588 4556 2849 4621 moribus,
2880 4565 2934 4610 ct
2959 4574 3275 4626 exasperans
3313 4559 3484 4614 Deum
3515 4563 3620 4615 suis
3648 4576 3750 4629 pra-

2207 4645 2287 4699 vis
2335 4646 2562 4710 actibus,
2595 4648 2661 4699 de
2690 4648 2885 4714 quibus
2918 4648 2969 4699 in
3007 4646 3298 4718 Evangelio
3330 4648 3586 4705 Do.ninus
3619 4660 3750 4705 testa.

2210 4746 2317 4790 tur.
2378 4754 2396 4787 ι
2456 4735 2745 4790 Generatio
2797 4752 2961 4806 prava
3008 4747 3063 4792 et
3106 4738 3345 4795 adultera
3390 4742 3595 4813 signum
3630 4758 3750 4813 quae-

2213 4828 2334 4893 rit,»
2366 4837 2472 4882 etc.
2506 4826 2970 4899 (Matth.xn,53.)
3003 4827 3279 4885 Ceueratio
3311 4833 3517 4889 scilicet
3536 4849 3643 4902 quc
3666 4848 3749 4885 non

2210 4919 2397 4971 direxit
2449 4933 2537 4971 cor
2574 4934 2748 4984 suum,
2782 4927 2840 4972 ut
2866 4920 2930 4972 de
2955 4919 3064 4973 Deo
3096 4919 3232 4974 bene
3258 4922 3550 4992 cogitaret,
3579 4932 3747 4976 etcum

2212 5010 2320 5063 Deo
2352 5009 2493 5064 Filio
2520 5026 2621 5062 non
2650 5019 2722 5063 est
2753 5010 2979 5063 creditus
3008 5010 3224 5077 spiritus
3253 5012 3392 5080 ejus.
3422 5014 3568 5080 Quod
3594 5023 3665 5068 est
3687 5013 3750 5065 di-

2212 5113 2335 5153 cere
2363 5116 2373 5149 :
2404 5097 2516 5153 Non
2548 5100 2721 5152 credit
2754 5098 2891 5153 Filio
2918 5109 2972 5153 ct
3010 5111 3199 5155 sancto
3220 5100 3464 5170 Spiritui.
3502 5103 3566 5157 Et
3598 5104 3644 5157 in
3668 5102 3748 5155 hoc

2211 5187 2387 5242 innuit
2423 5188 2564 5256 quod
2597 5202 2694 5241 nec
2722 5188 2889 5242 Patri.
2922 5187 2992 5242 Pa
3022 5204 3083 5244 er
3112 5190 3252 5243 enim
3282 5193 3401 5246 sine
3432 5193 3562 5247 Filio
3584 5204 3630 5246 et
3653 5190 3749 5260 Spi-

2213 5278 2319 5332 ritu
2352 5286 2539 5332 sancto
2570 5294 2675 5332 non
2707 5279 3068 5347 cognoscitur,
3100 5297 3219 5336 cum
3246 5297 3414 5336 unum
3445 5284 3566 5337 sint.

2284 5368 2666 5423 Verumtamen
2716 5369 2883 5438 priori
2930 5370 3215 5424 sententia:
3262 5371 3329 5424 de
3366 5373 3598 5440 patribus
3638 5369 3750 5423 anti-

2213 5460 2333 5530 quis
2363 5460 2452 5529 qui
2485 5459 2702 5513 fuerunt
2736 5462 2785 5512 in
2825 5469 3064 5530 tempore
3095 5461 3289 5532 Moysi,
3324 5463 3511 5519 nzclius
3539 5463 3751 5520 videntur

2214 5555 2494 5622 sequentia
2538 5569 2856 5610 consonare.
2893 5557 3022 5611 Dico
3054 5558 3195 5626 quod
3230 5568 3414 5627 patres
3457 5559 3654 5613 fuerunt
3680 5571 3750 5623 ge—

2214 5646 2413 5698 neratio
2462 5662 2578 5712 qua:
2627 5662 2727 5698 non
2772 5647 2960 5700 direxit
3009 5664 3098 5700 cor
3145 5664 3317 5700 suum.
3372 5648 3434 5701 Et
3478 5665 3577 5702 non
3606 5646 3749 5699 solum

2215 5734 2289 5788 illi
2336 5735 2425 5805 qui
2454 5734 2671 5789 fuerunt
2701 5726 2984 5797 inferiore!
3017 5737 3067 5791 in
3096 5738 3363 5806 patrihus,
3396 5739 3486 5793 scd
3512 5748 3560 5794 cl
3587 5735 3651 5791 ili
3675 5732 3746 5802 qui
