3856 6322
115 332 223 392 1053

982 324 1427 381 ΕΧΡΟΒΙΤΙΟΙΝ
1462 324 1889 385 PSALMOS..—-
1914 324 2109 380 PSAL.
2143 326 2398 383 LXXVII.

3175 337 3316 409 ίυῆι

112 428 329 487 deberent
348 434 464 477 esse
482 419 581 490 ﬁlii
609 419 856 490 Ephrem,
881 416 934 471 id
956 418 1374 480 est,imilat0tes
1387 418 1640 487 Ephrem,
1672 425 1718 476 Α
1746 419 1968 471 ostendit
1997 419 2094 472 eis.
2127 419 2195 472 Et
2218 433 2345 475 ecce
2377 417 2644 475 mirabilia
2678 436 2694 475 :
2730 424 2952 490 Quando
2980 443 3076 485 eos
3104 428 3319 485 Pharao

109 523 181 581 ﬁlii
213 517 418 587 Ioseph,
458 513 541 570 cui
579 511 853 567 benedixit
880 509 1066 576 Iacob,
1100 511 1413 565 sacerdotes
1439 510 1644 565 scilicet

108 625 151 672 et
190 610 409 671 Levitae,
450 604 539 676 qui
567 645 582 671 ,
638 619 761 659 cum
809 604 1045 673 potiores
1091 611 1272 658 essent
1314 602 1366 656 in
1409 601 1640 672 populo,

107 701 238 775 299
262 707 313 754 et
348 697 451 752 hoc
478 697 613 749 bona
643 695 750 748 vita
796 709 889 748 sua
919 702 1175 757 expetere
1205 692 1515 747 debuissent
1540 707 1556 745 :
1587 700 1643 745 ut

106 812 130 851 a
170 793 259 847 Deo
291 804 437 843 more
484 787 718 857 Ephrem
752 786 1180 841 benedictionem
1214 785 1422 856 (Cenes.
1471 801 1544 849 1v,
1585 785 1641 857 8)

107 880 418 949 susciperent,
448 877 773 930 intendentes
801 892 980 939 arcum
1000 916 1013 939 ,
1046 885 1091 928 et
1122 878 1380 929 mittentes
1419 877 1643 946 sagittas

105 969 297 1029 conversi
332 978 450 1021 sunt
476 968 529 1020 in
559 967 643 1021 die
673 965 812 1019 belli.
854 964 967 1019 Iloc
1003 974 1184 1019 autem
1211 980 1306 1034 per
1330 964 1642 1019 similitudi-

106 1078 202 1120 nem
226 1058 384 1131 ponit.
436 1057 657 1112 Scilicet
702 1056 827 1112 facti
876 1064 1002 1111 sunt
1046 1054 1248 1111 similes
1283 1055 1519 1125 ignavis,
1549 1055 1643 1125 qui

107 1162 206 1209 ante
230 1150 417 1205 bellum
446 1147 764 1218 praeludium
799 1146 1058 1201 facientes
1081 1185 1096 1211 ,
1131 1145 1416 1200 intendunt
1455 1160 1642 1200 arcum

102 1254 145 1300 et
168 1243 363 1298 mittunt
388 1239 636 1310 sagittas,
664 1238 934 1293 minantes
958 1252 1016 1293 se
1045 1237 1183 1293 bene
1208 1247 1561 1309 pugnaturos,
1588 1247 1644 1293 et

101 1334 144 1389 in
170 1332 242 1386 die
265 1328 384 1384 belli
418 1339 704 1399 postquam
740 1328 806 1383 ad
840 1342 953 1382 rem
983 1326 1222 1393 venitur,
1251 1335 1644 1382 convertuntur

101 1432 144 1477 et
164 1420 374 1490 fugiunt.
400 1417 551 1473 Tunc
577 1419 722 1472 enim
760 1433 945 1473 arcum
969 1417 1315 1472 intenderunt
1340 1427 1393 1473 et
1416 1416 1642 1488 sagittas

101 1511 356 1574 miserunt,
394 1524 516 1563 cum
549 1523 609 1563 se
636 1508 747 1563 Deo
774 1508 913 1563 bene
937 1507 1250 1570 obediluros
1279 1509 1642 1579 promiserunt

100 1603 347 1657 dicentes:
375 1599 647 1670 Quidquid
687 1598 1005 1670 praeceperit
1049 1599 1307 1654 Dominus
1349 1609 1403 1654 et
1432 1599 1642 1669 Moyses

97 1706 254 1749 servus
298 1691 412 1762 ejus
438 1692 721 1747 audiemus
769 1700 825 1746 et
869 1692 1129 1747 faciemus
1176 1691 1370 1762 (Exod.
1411 1707 1524 1757 xxx,
1572 1692 1637 1758 8;

97 1802 169 1850 xx,
193 1784 273 1856 I9)
304 1802 317 1837 :
345 1793 397 1839 at
434 1783 595 1840 simul
629 1799 692 1840 ac
722 1784 789 1839 ad
818 1784 1215 1841 observantiam
1234 1785 1605 1840 mandatorum
1624 1825 1639 1851 ,
1674 1762 1716 1815 Β

96 1886 137 1930 et
157 1876 215 1931 ad
239 1874 487 1930 vitiorum
517 1875 717 1931 bellum
745 1886 1042 1941 venerunt,
1078 1876 1222 1931 illico
1247 1878 1480 1931 conversi
1519 1888 1639 1931 sunt

94 1970 147 2024 ad
188 1968 379 2024 scelera
429 1983 545 2023 sua.
599 1968 702 2022 Per
757 1968 991 2039 Ephrem
1032 1972 1250 2045 quippe,
1313 1970 1457 2040 quod
1511 1970 1641 2025 dici-

96 2068 163 2113 tur
206 2057 553 2128 fructiﬁcatio.
612 2061 921 2115 sacerdotes
981 2068 1036 2115 et
1093 2060 1296 2115 Levitae
1346 2060 1631 2131 designan-

97 2163 185 2215 tur,
211 2151 295 2221 qui
324 2166 444 2205 cum
481 2150 536 2205 in
568 2151 765 2222 populo
805 2168 966 2222 Opera
995 2152 1136 2208 bona
1170 2152 1500 2209 fructificare
1538 2152 1638 2206 de-

92 2243 322 2306 buissent,
338 2250 399 2295 ut
423 2242 503 2297 sic
529 2252 712 2297 essent
738 2243 853 2309 ﬁlii,
872 2244 924 2299 id
945 2252 1030 2299 est
1055 2244 1353 2300 imitatores
1377 2244 1637 2314 Ephrem,

91 2334 272 2390 steriles
298 2334 530 2391 fuerunt.
558 2335 705 2391 Istud
724 2337 888 2391 etiam
913 2337 965 2390 in
995 2337 1234 2392 Ecclesia
1263 2338 1480 2393 accidit.
1506 2336 1638 2393 Nam

91 2424 361 2493 complures
404 2424 460 2478 in
506 2424 746 2479 Ecclesia
797 2425 1043 2495 praelati,
1085 2427 1175 2497 qui
1217 2426 1540 2497 promittunt
1581 2442 1641 2483 se

92 2515 290 2570 viriliter
314 2523 529 2570 acturos
559 2516 946 2587 praedicatione
982 2527 1036 2574 et
1062 2518 1311 2588 exemplo
1337 2518 1490 2574 bonae
1520 2519 1641 2574 vitae

89 2620 180 2660 suae
206 2606 255 2659 in
283 2606 475 2677 populo
499 2648 514 2672 ,
551 2617 841 2677 postquam
882 2614 948 2663 ad
986 2624 1098 2664 rem
1141 2610 1367 2665 veniunt
1414 2626 1641 2665 conver-

90 2704 267 2750 tuntur.
299 2697 400 2766 Ipsi
428 2711 560 2753 vero
591 2696 686 2751 ﬁlii
717 2698 949 2767 Ephrem
980 2712 1099 2754 esse
1126 2698 1405 2763 deberent,
1437 2698 1643 2753 scilicet

90 2787 323 2842 bonorum
384 2803 610 2857 operum
670 2788 1106 2845 fructiﬁcatores.
1161 2788 1413 2843 Ostendit
1460 2798 1640 2843 autem

90 2881 333 2947 quomodo
357 2880 608 2936 conversi
643 2890 771 2935 sunt
812 2881 865 2935 in
911 2881 996 2934 die
1039 2880 1189 2945 belli,
1221 2894 1343 2933 cum
1390 2881 1639 2949 apponit,

90 2969 274 3024 scilicet
300 2986 401 3023 non
425 2971 784 3025 custodierunt
809 2981 1171 3025 testamentum
1199 2969 1319 3029 Dei.
1345 2967 1398 3023 id
1424 2978 1506 3023 est
1536 2984 1641 3023 non

1746 508 2171 579 persequebatur
2198 509 2474 579 interrupit
2497 527 2638 565 mare
2660 527 2758 581 pro
2786 514 2916 584 ipsis
2941 535 2955 572 :
2982 528 3029 574 et
3057 537 3149 589 per
3169 535 3321 577 mare

1746 598 2110 671 interruptum
2156 602 2309 657 duxit
2358 619 2466 657 eos.
2517 601 2587 655 Et
2634 617 2702 658 ne
2740 618 2893 673 aquae
2934 619 3193 666 nocerent
3236 612 3321 667 eis

1745 693 2103 765 aliquatenus,
2132 695 2315 750 statuit
2336 712 2500 767 aquas
2525 695 2713 763 maris,
2747 696 2799 751 id
2818 706 2900 751 est
2930 710 3077 755 stare
3104 702 3230 757 fecit
3255 717 3323 758 ne

1742 785 2003 853 ﬂuerent,
2050 788 2202 857 quasi
2249 787 2303 841 in
2346 798 2463 841 utre
2512 796 2659 843 stant
2702 802 2855 857 aquae
2901 791 3208 845 constrictae
3254 808 3321 847 ne

1743 878 1941 933 ﬂuendi
1971 878 2286 933 facultatem
2315 879 2568 934 habeant.
2612 878 2703 934 Sic
2730 880 2893 950 igitur
2920 889 3122 936 caetera
3161 881 3229 935 be
3267 897 3325 935 e-

1744 968 1865 1024 ﬁcia
1900 985 2072 1040 usque
2104 970 2156 1024 in
2204 968 2366 1024 ﬁnem
2407 970 2601 1041 psalmi
2646 971 2712 1025 ad
2749 970 2986 1027 litteram
3032 970 3320 1039 leguntur:

1744 1076 1863 1130 quae
1891 1062 2073 1117 omnia
2102 1060 2155 1116 in
2186 1076 2284 1115 suo
2309 1059 2429 1116 loco
2458 1062 2524 1116 ad
2554 1060 2791 1116 litteram
2822 1071 3167 1131 exponuntur
3193 1077 3324 1115 con-

1744 1152 1914 1208 tinue.
1969 1152 2075 1208 Sed
2117 1152 2374 1221 quoniam
2425 1153 2479 1207 in
2526 1152 2753 1221 singulis
2806 1152 3022 1208 videtur
3068 1152 3324 1223 allegoria

1742 1243 2031 1309 contineri,
2065 1258 2163 1313 pro
2193 1243 2545 1313 longitudinis
2570 1244 2746 1311 taedio,
2775 1258 2874 1313 per
2894 1244 3103 1314 singula
3125 1244 3327 1315 allego-

1745 1334 1858 1390 rica
1890 1334 2142 1388 videntur
2166 1333 2487 1403 exponenda
2524 1350 2645 1389 esse
2673 1335 2952 1407 mysteria,
2987 1350 3110 1391 cum
3140 1351 3328 1389 secun-

1743 1426 1868 1480 dum
1899 1423 2212 1492 allegoriam
2237 1423 2449 1479 dillicile
2474 1424 2565 1491 sit,
2590 1435 2683 1480 aut
2709 1425 3038 1495 impossibile
3059 1426 3324 1495 psalmum

1743 1515 1923 1587 legere
1968 1516 2349 1570 continuatim.
2391 1516 2736 1586 Quapropter
2761 1517 2828 1572 ad
2853 1532 3042 1571 eorum
3067 1533 3188 1588 quae
3210 1518 3323 1588 jam

1745 1608 1970 1679 legimus
1997 1608 2064 1661 ad
2094 1606 2334 1662 litteram
2363 1608 2675 1679 allegoriam
2710 1611 3061 1672 accedamus,
3090 1619 3146 1665 et
3175 1612 3242 1664 ab
3261 1626 3326 1665 eo

1743 1698 1866 1753 loco
1891 1698 1982 1753 ubi
2015 1698 2217 1753 dictum
2242 1707 2357 1763 est,
2396 1699 2497 1767 ﬁlii
2529 1698 2755 1770 Ephrem
2796 1700 3145 1770 incipientes,
3176 1701 3326 1769 prius

1742 1787 1901 1843 aliter
1948 1802 2108 1856 quam
2156 1787 2405 1858 superius
2453 1787 2520 1842 ad
2574 1788 2858 1843 historiam
2912 1788 3057 1844 hunc
3109 1804 3323 1844 versum

1743 1894 2105 1950 exponamus,
2134 1879 2478 1948 postmodum
2507 1889 2685 1933 autem
2732 1879 3048 1949 allegoriam
3090 1880 3315 1951 attinga-

1742 1988 1884 2028 mus.

1814 2063 2087 2132 Quoniam
2116 2064 2300 2133 itaque
2333 2061 2581 2131 superius
2606 2062 2962 2132 promiserat,
2996 2061 3241 2128 Aperiunt
3272 2066 3326 2118 in

1740 2154 2010 2225 parabolis
2041 2172 2100 2209 os
2127 2170 2299 2207 meum
2321 2195 2337 2220 ,
2369 2153 2511 2208 facta
2553 2153 2967 2225 interpositione
3003 2155 3117 2223 sui,
3149 2164 3202 2209 ut
3232 2172 3328 2211 eos

1742 2247 1940 2316 quibus
1969 2247 2081 2317 agit
2103 2245 2169 2299 ad
2203 2246 2526 2301 intendenda
2554 2246 2717 2303 verba
2747 2261 2842 2302 sua
2880 2248 3129 2303 redderet
3152 2257 3328 2304 atten-

1745 2349 1847 2403 tos,
1872 2341 1937 2393 ad
1968 2338 2266 2407 loquendas
2294 2336 2581 2405 parabolas
2608 2345 2660 2390 et
2690 2338 3093 2407 propositiones
3119 2340 3330 2394 accedit

1743 2432 1867 2489 sic:
1909 2429 2027 2483 Dixi
2068 2444 2153 2484 me
2185 2437 2502 2496 aperturum
2551 2443 2608 2481 os
2646 2428 2700 2482 in
2746 2429 3035 2497 parabolis.
3089 2429 3155 2483 Et
3200 2444 3330 2485 ecce

1745 2537 1885 2592 pono
1926 2520 2242 2590 parabolas,
2273 2519 2341 2572 ab
2377 2518 2468 2572 illo
2506 2518 2625 2573 loco
2669 2519 2760 2573 ubi
2803 2519 2926 2574 dico
2968 2520 3058 2574 ﬁlii
3096 2520 3327 2589 Ephrem

1744 2628 1913 2682 usque
1936 2612 1989 2666 in
2014 2612 2173 2666 ﬁnem
2203 2609 2418 2681 psalmi.
2443 2610 2683 2677 Quarum
2716 2611 2891 2681 prima
2917 2621 3000 2666 est
3024 2612 3136 2668 haec
3162 2632 3175 2667 :
3201 2611 3331 2667 Filii

1745 2704 1995 2774 Ephrem,
2022 2701 2073 2757 id
2096 2709 2179 2756 est
2204 2701 2507 2755 imitatores
2529 2709 2584 2755 ct
2624 2715 2885 2769 sequaces
2905 2700 3214 2767 Jeroboam,
3239 2703 3331 2770 qui

1743 2794 1844 2849 fuit
1868 2796 1934 2850 de
1966 2796 2107 2848 tribu
2138 2791 2299 2862 300
2327 2790 2582 2859 Ephrem.
2611 2790 2843 2859 Ideoque
2868 2792 3071 2845 dicitur
3097 2792 3329 2861 Ephrem

1747 2901 1852 2940 non
1901 2893 2165 2956 quantum
2207 2884 2273 2937 ad
2308 2880 2545 2936 nominis
2586 2881 3120 2950 interpretationem,
3164 2884 3329 2935 inten-

1747 2978 1925 3031 dentes
1954 2992 2136 3029 arcum
2161 3016 2176 3041 ,
2204 2973 2257 3028 id
2285 2982 2371 3027 est
2398 2972 2663 3028 intensam
2702 2971 2963 3028 facientes
2988 2973 3329 3028 dolositatem

86 3062 467 3132 compleverunt
517 3063 691 3135 legem
726 3063 855 3127 Dei,
894 3071 949 3117 et
989 3062 1033 3116 si
1084 3061 1137 3115 in
1185 3060 1454 3128 aliquibus
1482 3061 1639 3131 pauci
1671 3101 1716 3159 Ο
1748 3081 1920 3128 suam,
1955 3074 2010 3119 et
2035 3064 2289 3117 mittentes
2316 3062 2385 3117 ab
2412 3078 2540 3118 arcu
2579 3063 2827 3133 sagittas,
2860 3063 2911 3117 id
2942 3076 3028 3118 est
3055 3064 3331 3121 mittentes

86 3154 450 3220 custodierunt,
475 3154 531 3209 in
558 3155 666 3225 lege
701 3155 815 3225 ejus
847 3154 1120 3209 noluerunt
1150 3151 1445 3215 ambulare,
1475 3151 1527 3206 id
1561 3164 1644 3207 est

86 3245 129 3299 in
156 3248 506 3317 completione
558 3247 691 3315 legis
737 3261 842 3300 non
895 3246 1114 3302 fuerunt
1155 3245 1459 3305 voluntarie
1498 3252 1639 3303 Ince-

86 3339 266 3394 dentes.
301 3338 454 3407 Quod
484 3348 569 3394 est
598 3340 779 3394 dicere
809 3356 823 3393 :
856 3338 930 3393 Ea
956 3354 1075 3408 quae
1100 3339 1509 3410 compleverunt
1534 3356 1640 3396 non

85 3436 138 3481 ex
165 3429 453 3495 voluntate,
481 3430 576 3486 sed
610 3428 766 3483 inviti
807 3444 875 3483 ex
908 3430 1103 3483 timore
1130 3430 1553 3500 compleverunt.
1578 3429 1646 3484 Et

87 3532 190 3571 cum
220 3520 315 3590 ipsi
347 3520 543 3575 saltem
581 3519 824 3575 contuitu
856 3519 1266 3576 benefactorum
1297 3519 1443 3588 ejus,
1478 3530 1646 3577 testa-

84 3620 302 3665 mentum
348 3611 444 3667 Dei
475 3611 701 3683 diligere
728 3612 1077 3678 debuissent,
1103 3612 1250 3667 obliti
1281 3624 1398 3668 sunt
1435 3612 1645 3681 benefa-

84 3709 262 3754 clarum
288 3702 427 3772 ejus,
454 3717 572 3772 quae
603 3702 757 3772 quasi
785 3719 881 3774 per
906 3704 1223 3759 violentiam
1255 3712 1510 3775 operatus
1539 3714 1642 3768 est,

85 3790 269 3848 scilicet
302 3795 369 3848 de
404 3793 711 3849 Pharaonis
752 3794 1167 3859 submersione,
1205 3801 1261 3849 et
1300 3793 1512 3849 caeteris
1546 3793 1647 3848 hu-

79 3882 314 3953 iusmodi.
350 3884 419 3941 Et
461 3887 624 3941 etiam
652 3886 799 3941 obliti
842 3895 961 3940 sunt
995 3885 1318 3940 mirabilium
1357 3884 1493 3954 ejus,
1529 3901 1646 3955 quae

83 3978 283 4031 ostendit
308 3978 404 4042 eis,
454 3977 507 4033 id
550 3985 634 4032 est
674 3991 794 4047 quae
839 3976 968 4032 fecit
1013 3975 1191 4048 palam
1230 3975 1332 4029 eis.
1379 3974 1647 4029 Mirabilia

81 4066 196 4122 dicit
223 4068 311 4123 illa
336 4068 595 4125 beneﬁcia
620 4083 741 4139 quae
764 4083 868 4123 non
897 4068 1049 4138 quasi
1072 4083 1169 4139 per
1195 4065 1530 4129 violentiam,
1552 4064 1647 4119 sed

84 4169 167 4223 per
211 4168 537 4227 potestatem
586 4158 910 4215 mirabiliter
955 4167 1212 4227 operatus
1263 4168 1346 4212 est
1400 4173 1413 4210 :
1467 4164 1526 4210 ut
1581 4157 1647 4209 de

81 4262 263 4304 manna
312 4260 369 4305 et
415 4250 483 4305 de
523 4252 737 4306 caeteris
778 4248 1105 4318 huiusmodi.
1142 4249 1271 4304 Dico
1315 4250 1457 4320 quod
1501 4247 1648 4302 obliti

79 4348 185 4391 sunt
207 4340 529 4394 mirabilium
554 4356 673 4409 quae
697 4341 955 4405 ostendit,
993 4340 1200 4397 scilicet
1226 4356 1346 4410 quae
1379 4338 1646 4396 mirabilia

1702 3140 1716 3161 ⁸
1746 3172 1813 3210 ex
1841 3156 1955 3225 ipsa
1988 3153 2306 3222 deceptione
2342 3166 2436 3206 sua
2466 3153 2807 3221 deceptorias
2852 3154 2903 3207 in
2935 3154 3215 3224 proximos
3241 3153 3318 3207 lae

1744 3245 1953 3309 siones,
1983 3241 2216 3295 conversi
2257 3250 2377 3294 sunt
2404 3255 2435 3294 a
2466 3240 2803 3297 Hierusalem
2852 3251 2906 3297 et
2940 3258 2970 3296 a
3018 3242 3159 3298 tribu
3189 3240 3327 3297 Juda

1745 3345 1939 3390 euntes
1963 3334 2015 3388 in
2045 3332 2353 3387 Samariam
2383 3342 2504 3402 post
2526 3330 2837 3398 Jeroboam,
2863 3332 3105 3389 volentes
3126 3347 3247 3389 esse
3275 3334 3330 3388 in

1745 3427 1829 3479 die
1855 3424 1976 3479 belli
2007 3423 2186 3494 potius
2224 3436 2384 3491 quam
2424 3422 2476 3475 in
2517 3422 2837 3487 concordia,
2870 3423 2921 3477 id
2947 3432 3030 3478 est
3062 3423 3113 3477 in
3156 3423 3331 3479 rebel-

1745 3516 1906 3572 lionis
1949 3516 2160 3571 fervore
2186 3522 2377 3570 contra
2412 3514 2611 3568 tribum
2640 3512 2798 3578 Iuda,
2831 3523 2884 3568 et
2915 3524 3102 3570 contra
3129 3515 3331 3571 tribum

1747 3606 2027 3678 Benjamin
2048 3646 2062 3670 ,
2090 3614 2144 3662 et
2175 3619 2379 3674 paucos
2407 3617 2472 3658 ex
2505 3604 2647 3659 tribu
2675 3603 2802 3659 Levi
2827 3604 2917 3674 qui
2953 3616 3330 3662 remanserunt

1748 3698 2083 3755 Hierusalem
2102 3714 2223 3753 cum
2247 3698 2488 3752 Roboam
2513 3711 2637 3768 rege
2663 3697 2770 3751 ﬁlio
2784 3697 3090 3754 Salomonis
3105 3698 3173 3757 de
3190 3702 3330 3755 tribu

1746 3792 1905 3848 Juda.
1936 3792 2002 3846 Et
2030 3790 2355 3845 intendendo
2377 3803 2565 3843 arcum
2590 3796 2647 3844 et
2667 3787 2933 3845 mittendo
2954 3790 3201 3860 sagittas,
3227 3808 3331 3845 non

1747 3884 2103 3939 custodierunt
2141 3889 2515 3935 testamentum
2546 3880 2662 3947 Dei,
2691 3889 2820 3945 etc.,
2854 3896 3025 3952 usque
3060 3882 3125 3936 ad
3153 3897 3329 3935 coram

1747 3976 2007 4047 patribus,
2054 3989 2175 4045 quae
2213 3981 2274 4027 ut
2307 3972 2420 4044 jam
2464 3973 2714 4044 superius
2743 3974 2987 4045 exposita
3037 3982 3193 4038 sunt,
3241 3973 3330 4029 hic

1749 4068 1912 4122 etiam
1952 4073 2317 4136 exponuntur.
2370 4063 2470 4119 IIic
2507 4064 2734 4121 historia
2780 4062 3018 4137 tangitur
3059 4080 3178 4135 quae
3208 4063 3331 4121 talis

1750 4168 1833 4216 est
1878 4158 1999 4225 (III
2044 4158 2172 4228 Reg.
2217 4156 2330 4228 xw)
2366 4176 2378 4211 :
2409 4156 2463 4211 In
2494 4168 2735 4228 tempore
2776 4159 3014 4213 Roboam
3051 4158 3145 4212 ﬁlii
3178 4157 3331 4215 Salo-

1750 4256 1926 4308 monis
1957 4253 2097 4321 regis
2124 4250 2291 4306 Israel
2328 4250 2550 4320 quidam
2598 4250 2736 4304 alius
2780 4264 2845 4305 ex
2888 4251 3027 4305 tribu
3072 4250 3329 4319 Ephraim

1751 4342 1845 4397 ﬁlii
1872 4341 2068 4412 Ioseph
2091 4338 2379 4395 Jeroboam
2401 4339 2617 4393 nomine
2638 4340 2899 4406 surrexit,
2925 4340 3014 4409 qui
3048 4340 3236 4395 abiens
3275 4339 3326 4394 in

77 4439 124 4482 cl
157 4431 420 4488 beneﬁcia
455 4432 584 4489 fecit
622 4434 674 4487 in
713 4433 971 4505 Egypto.
1014 4433 1083 4487 Et
1120 4435 1409 4503 exponitur
1448 4432 1502 4487 in
1539 4446 1643 4501 qua
1678 4444 1725 4504 ι)
1752 4436 2055 4491 Samariam
2112 4433 2215 4488 sibi
2259 4447 2484 4502 regnum
2531 4431 2602 4486 ibi
2651 4432 2877 4502 paravit.
2931 4431 3100 4498 Quem
3156 4433 3331 4487 tribus

77 4528 215 4587 parte
259 4523 481 4596 Egypti
506 4565 520 4590 ,
553 4539 675 4580 cum
715 4524 865 4580 addit
890 4526 945 4579 in
986 4542 1169 4596 campo
1213 4525 1485 4594 Top/meos
1524 4521 1644 4593 (aL,

81 4609 319 4686 Taneos),
362 4616 571 4672 scilicet
616 4616 747 4672 fecit
788 4617 869 4671 eis
914 4616 1194 4672 benefacta
1242 4627 1299 4670 et
1350 4613 1640 4669 mirabilia.

77 4702 308 4775 Taphnis
330 4709 478 4764 enim
508 4710 700 4765 civitas
724 4720 806 4765 est
834 4710 887 4764 in
914 4708 1172 4780 Egypto,
1195 4708 1286 4763 ubi
1313 4707 1453 4763 Deus
1479 4705 1647 4759 multa

77 4811 166 4865 pro
194 4800 275 4857 eis
308 4800 583 4857 mirabilia
615 4812 870 4868 operatus
898 4812 979 4856 est
1016 4812 1071 4857 et
1100 4800 1399 4856 benefacta.
1437 4800 1504 4854 Et
1533 4799 1649 4853 haec

75 4892 336 4950 mirabilia
384 4895 439 4950 in
482 4893 718 4966 Egypto
765 4896 945 4961 facta,
1001 4893 1130 4950 fecit
1170 4910 1347 4947 coram
1387 4892 1646 4961 patribus,

74 4982 245 5057 Moyse
267 4988 527 5044 videlicet
546 4997 602 5045 et
626 4988 828 5051 Aaron,
862 4995 915 5042 et
948 4987 1163 5043 caeteris
1202 4986 1428 5041 ducibus
1460 4983 1645 5050 Israel,

73 5077 153 5143 QUI
190 5089 378 5148 patres
407 5080 727 5135 dicebantur
756 5095 861 5135 non
894 5079 1187 5134 secundum
1219 5077 1648 5149 generationem,

73 5169 155 5222 sed
182 5173 486 5226 secundum
517 5181 797 5240 paternam
826 5186 987 5241 quam
1029 5171 1295 5225 habebant
1325 5170 1378 5223 in
1406 5169 1650 5223 subditos

72 5258 407 5319 aﬂ‘ectionem
436 5305 451 5330 ,
491 5279 556 5319 ac
585 5263 630 5319 si
663 5265 867 5319 diceret
899 5282 911 5317 :
940 5263 1091 5318 Licet
1125 5262 1212 5317 illa
1252 5260 1519 5315 mirabilia
1556 5274 1651 5329 po-

69 5352 218 5421 pulus
244 5357 550 5427 ignoraret,
579 5365 755 5411 tamen
784 5356 862 5411 sic
894 5356 1019 5411 fecit
1044 5371 1107 5410 ea
1131 5363 1191 5408 ut
1215 5370 1392 5409 coram
1415 5352 1650 5423 patribus

68 5460 275 5515 essent,
304 5452 359 5505 id
405 5462 491 5505 est
522 5449 868 5505 manifestum
910 5457 1053 5504 esset
1097 5447 1175 5502 eis
1206 5447 1347 5517 quod
1383 5443 1652 5515 signiﬁca-

66 5551 201 5597 rent.
222 5542 419 5599 Postea
445 5542 610 5614 igitur
630 5551 911 5597 enumerat
930 5556 991 5595 ea
1014 5557 1135 5613 qua:
1159 5540 1285 5596 fecit
1305 5540 1357 5594 in
1384 5537 1647 5610 [Egyptoa

65 5649 180 5689 cum
217 5637 376 5706 prius
399 5643 688 5689 enumeret
710 5649 770 5689 ea
800 5649 923 5704 quae
951 5633 1079 5688 fecit
1105 5643 1227 5703 post
1252 5632 1551 5687 discessum
1582 5629 1651 5684 ab

65 5724 299 5802 Egypto
343 5730 425 5784 sic
451 5742 465 5779 :
496 5725 629 5780 Dico
658 5728 796 5797 quod
842 5726 984 5780 obliti
1025 5735 1146 5782 sunt
1189 5724 1506 5781 mirubilium
1535 5739 1652 5793 qua:

559 5818 826 5879 I’u‘aoc.
872 5819 1055 5879 CLII.

1752 4528 1937 4582 decem
1972 4534 2170 4580 secutae
2198 4530 2359 4578 sunt:
2388 4522 2727 4577 solummodo
2756 4537 2884 4577 vero
2911 4523 3083 4578 tribus
3110 4520 3175 4577 Ju
3201 4526 3245 4577 la
3276 4536 3331 4579 et

1750 4618 2030 4689 Beniamin
2054 4658 2070 4683 ,
2112 4633 2234 4673 cum
2262 4616 2585 4687 quibusdam
2614 4616 2845 4671 ﬁliorum
2876 4615 3005 4672 Levi
3045 4617 3099 4671 in
3138 4616 3331 4671 Ilioru-

1752 4709 1919 4766 salem
1952 4719 2329 4765 remanserunt
2359 4724 2479 4762 cum
2510 4707 2747 4762 Roboam
2788 4722 2931 4777 rege.
2972 4707 3050 4763 llli
3086 4723 3211 4763 vero
3237 4709 3327 4778 qui

1752 4819 1875 4858 cum
1912 4801 2198 4857 Jeroboam
2228 4800 2477 4855 abierunt
2516 4799 2698 4855 dolose
2742 4814 2802 4855 se
2836 4800 3097 4856 habentes
3139 4811 3329 4856 contra

1751 4894 2049 4965 proximos,
2079 4890 2360 4945 benefacta
2388 4899 2442 4944 et
2470 4890 2736 4945 mirabilia
2766 4891 2861 4945 Dei
2893 4891 2946 4946 in
2969 4899 3209 4963 tempore
3231 4907 3331 4949 suo

1751 4993 1807 5039 et
1852 4982 1904 5038 in
1956 4990 2200 5052 tempore
2239 4989 2456 5050 patrum
2488 4995 2517 5033 a
2566 4980 2675 5035 Deo
2711 4991 2933 5051 operata
2977 4982 3127 5036 obliti
3180 4992 3327 5048 sunt,

1753 5091 1982 5147 quorum
2011 5072 2249 5128 contuitu
2298 5086 2328 5125 a
2374 5070 2661 5127 dolositate
2706 5074 2799 5127 Sua
2843 5074 3085 5127 revocari
3116 5072 3333 5127 debuis-

1753 5179 1891 5233 sent,
1921 5177 1977 5223 ct
2008 5167 2061 5221 in
2092 5164 2428 5220 Hierusalem
2460 5180 2581 5218 cum
2608 5165 2747 5220 tribu
2775 5164 2909 5220 Juda
2941 5165 3202 5219 habitare.
3229 5164 3335 5220 Per

1752 5260 1993 5315 Roboam
2023 5256 2275 5311 nimirum
2302 5254 2355 5309 in
2382 5253 2715 5309 Hierusalem
2747 5262 3081 5324 regnantem,
3114 5254 3205 5324 qui
3231 5253 3333 5309 fuit

1753 5356 1819 5409 de
1857 5351 2001 5407 tribu
2032 5350 2197 5414 Juda,
2243 5348 2495 5403 Christus
2538 5348 2606 5401 de
2650 5346 2792 5401 tribu
2824 5346 2958 5401 Iuda
2993 5362 3089 5402 rex
3117 5346 3335 5401 aeternae

1755 5442 2095 5501 Hierusalem
2122 5452 2177 5497 et
2218 5449 2450 5497 terrenae
2488 5439 2742 5494 Ecclesiae
2773 5439 3047 5505 videlicet,
3079 5454 3197 5508 quae
3220 5437 3332 5505 jam

1754 5550 1942 5607 pacem
1971 5542 2229 5589 aeternam
2261 5532 2314 5585 in
2349 5529 2803 5600 contemplatione
2835 5530 3005 5592 videt,
3047 5529 3332 5598 accipitur.

1755 5630 1858 5682 l’er
1881 5625 2081 5680 tribum
2111 5630 2291 5677 autem
2318 5620 2453 5674 Iuda
2483 5628 2538 5674 et
2568 5628 2795 5674 caeteros
2824 5619 2914 5689 qui
2945 5634 3065 5674 cum
3095 5617 3333 5673 Roboam

1757 5720 1811 5773 in
1837 5714 2172 5773 Hierusalem
2205 5720 2605 5782 remanserunt,
2636 5710 2842 5778 ﬁdeles,
2871 5710 3071 5766 Christi
3097 5710 3337 5767 membra

2854 5802 2932 5865 33
