3840 6338
534 362 670 419 I035

1116 360 1171 415 S.
1206 356 1554 417 BRUNONIS
1594 352 2235 416 CARTIIUSIANORUM
2276 351 2759 412 INSTITUTOliIS
2794 354 2946 413 OPP.
2978 354 3158 411 PARS
3186 355 3225 413 I.

3634 361 3743 420 1036

534 477 845 541 existentes,
877 489 965 544 qtn
994 490 1041 529 et
1071 473 1262 543 subjici
1292 470 1520 539 malunt,
1555 483 1610 529 et
1633 474 1686 528 in
1708 472 1955 528 Ecclesia
1988 487 2111 541 pcr-
2142 482 2184 537 Α
2214 477 2296 524 cst
2321 484 2340 520 .·
2369 478 2422 524 et
2461 486 2558 539 per
2580 472 2910 528 ablutionem
2947 480 3002 526 et
3030 471 3187 527 ﬁdem
3226 471 3471 541 baptismi
3496 473 3745 537 tltiCllSttns

534 581 751 621 manere
781 566 1267 636 prtesignabantur.
1299 564 1403 620 Per
1429 563 1713 620 Jeroboam
1738 580 1870 620 sane
1894 564 2008 633 qui,
2036 578 2113 617 re-

533 661 658 713 licta
690 656 1067 720 ‘IIierusalem,
1109 655 1163 710 in
1210 657 1431 726 regione
1482 667 1667 711 extera
1722 655 1824 710 sibi
1888 670 2109 724 regnum

534 748 763 818 paravit,
791 746 1036 802 diabolus
1065 761 1299 816 congrue
1326 746 1586 815 ﬁguratus
1613 753 1696 799 est
1726 762 1739 798 :
1773 742 1884 814 qni,
1916 743 2110 798 Hieru-

534 840 700 893 salem
733 837 973 894 caelestis
1013 836 1287 892 consortio
1320 851 1416 906 per
1451 836 1755 905 superbiam
1806 834 2021 898 relicto,
2059 834 2110 887 in

537 929 842 985 inﬁdelibus
878 929 945 984 ab
974 929 1159 982 eadem
1209 927 1543 981 Ilierusalem
1591 926 1805 997 penitus
1841 926 2115 980 extraneis

537 1036 759 1091 regnum
808 1035 903 1089 per
946 1017 1311 1073 inﬁdelitatem
1350 1018 1450 1071 sibi
1503 1017 1731 1086 paravit.
1783 1016 1885 1071 Per
1928 1018 2111 1070 decem

538 1128 663 1167 vero
694 1113 880 1176 tribus,
915 1126 1035 1180 qua:
1066 1107 1248 1161 relicta
1281 1108 1611 1162 Ilierusalem
1636 1116 1689 1161 et
1719 1106 1957 1161 Roboam
1994 1120 2115 1174 rego

535 1222 632 1260 suo
660 1205 939 1259 Jeroboam
966 1205 1075 1274 regi
1110 1202 1313 1273 perﬁdo
1342 1200 1703 1263 adhmserunt,
1733 1198 1967 1253 lucretici
1995 1211 2117 1265 por-

538 1294 909 1358 tendebantur,
961 1295 1049 1363 qui
1102 1295 1317 1348 (Jhristo
1366 1304 1491 1359 rege
1541 1304 1667 1344 vero
1715 1297 1768 1342 et
1808 1296 2016 1350 sancto,
2062 1295 2115 1340 et

535 1384 788 1440 Eet'lesia:
823 1384 1096 1439 consortio
1124 1391 1461 1450 contempto,
1493 1378 1703 1433 diabolo
1733 1376 2114 1447 subjiciuntur.

535 1475 795 1544 Sequitur
820 1474 922 1528 alia
966 1472 1219 1545 parabola
1266 1488 1387 1527 cum
1438 1470 1586 1524 dicit.
1641 1468 1832 1522 Coram
1879 1467 2115 1535 patribus

533 1582 711 1620 eorum
743 1566 863 1635 fecit
888 1565 1152 1618 mirabilia
1193 1565 1245 1617 in
1285 1574 1425 1618 terra
1460 1561 1679 1630 ngypli
1711 1561 1763 1613 in
1803 1574 1985 1626 campo
2017 1557 2117 1611 Ta-

532 1674 678 1717 neos,
725 1658 789 1710 ad
840 1656 1073 1711 litteram
1124 1664 1182 1709 ut
1230 1655 1477 1724 superius
1520 1653 1875 1707 ostendimus.
1927 1650 2019 1704 Sic
2063 1659 2119 1705 et

536 1751 676 1806 Deus
722 1748 850 1803 facit
881 1748 933 1802 in
964 1746 1202 1802 Ecclesia
1240 1746 1538 1810 mirabilia,
1585 1747 1709 1800 dum
1761 1747 2005 1802 inﬁdeles
2050 1745 2116 1797 ad

2215 561 2279 613 ad
2313 568 2512 615 terram
2545 561 2857 617 viventium.
2885 561 2961 616 Ne
2990 576 3122 615 vero
3146 562 3225 616 sui
3251 571 3371 631 post
3396 562 3624 634 baptismi
3648 585 3746 638 gra-

2216 650 2343 704 tiam
2388 652 2455 704 ab
2483 650 2637 720 aquis
2666 653 3108 721 submergantur,
3151 651 3204 705 id
3251 660 3334 707 est
3382 667 3447 708 ne
3479 669 3506 706 a
3539 653 3746 713 ﬂuctibus

2216 740 2478 795 malarum
2522 744 3090 811 concupiscentiarnm
3136 741 3202 795 ad
3258 745 3574 812 Operationis
3603 761 3747 816 prava:

2217 842 2443 888 mortem
2478 834 2764 899 ducantur,
2800 835 2981 888 statuit
3017 852 3184 905 aquas
3209 835 3360 905 quasi
3389 838 3440 888 in
3468 847 3589 907 utre,
3615 840 3659 894 id
3683 852 3748 895 est

2216 927 2454 982 refrenat
2488 927 2630 996 ipsos
2670 928 3237 997 concupiscentiarnm
3268 926 3460 984 ﬂuctus
3487 947 3574 999 per
3604 936 3749 989 eamis

2218 1018 2716 1081 mortificationem,
2773 1034 2840 1072 ne
2883 1020 3232 1089 praevaleant.
3274 1019 3403 1087 Qua:
3457 1008 3752 1079 niortilieatio

2220 1124 2316 1177 per
2336 1119 2509 1162 utrem
2540 1124 2776 1178 congrue
2820 1110 3106 1179 figuratur,
3136 1125 3204 1165 eo
3233 1110 3376 1178 quod
3410 1120 3523 1166 uter
3550 1128 3608 1167 ex
3634 1117 3753 1183 pell-

2218 1203 2318 1255 bus
2366 1217 2702 1256 mortuorum
2767 1203 3081 1256 animalium
3127 1203 3206 1257 ﬁt.
3250 1202 3406 1268 Quod
3453 1212 3530 1257 est
3565 1205 3749 1259 dicere:

2219 1291 2369 1347 Facit
2399 1307 2526 1347 suos
2557 1308 2777 1347 carnem
2812 1308 2999 1347 eorum
3027 1293 3252 1363 jejuniis
3274 1301 3329 1346 et
3358 1293 3475 1347 aliis
3501 1294 3751 1349 aﬁlictioni-

2217 1381 2319 1436 bus
2348 1381 2610 1436 mortiﬁca
2624 1397 2679 1437 re
2714 1402 2725 1435 :
2758 1393 2811 1436 et
2850 1399 2947 1451 per
2980 1383 3081 1438 hoc
3123 1382 3580 1451 concupiscentias
3602 1399 3750 1439 earum

2220 1471 2482 1536 refrenat,
2541 1488 2608 1527 ne
2654 1473 2869 1526 valeant
2922 1473 3001 1525 eis
3050 1473 3365 1541 praevalere.
3401 1473 3673 1542 Sequitur:
3703 1474 3751 1526 Et

2218 1564 2397 1617 eduxit
2421 1580 2507 1617 eos
2539 1564 2592 1617 in
2638 1565 2770 1618 nube
2808 1564 2933 1618 diei.
2968 1563 3185 1619 Scilicet
3219 1574 3500 1634 postquam
3529 1581 3658 1620 mare
3682 1567 3753 1619 lilii

2219 1656 2382 1711 Israel
2415 1657 2772 1721 transierunt,
2809 1670 2840 1710 e
2871 1656 3006 1710 mari
3034 1671 3288 1725 egressos
3318 1657 3469 1711 duxit
3499 1672 3587 1725 per
3612 1659 3755 1713 descr-

2222 1756 2335 1799 tum
2369 1748 2421 1799 in
2446 1745 2587 1800 nube
2608 1761 2705 1816 per
2729 1746 2894 1811 diem,
2926 1746 2977 1800 id
3006 1755 3097 1801 est
3122 1748 3223 1802 sub
3258 1748 3397 1801 nube
3424 1764 3535 1817 qua:
3558 1749 3628 1801 eis
3645 1760 3756 1802 esset

532 1842 673 1895 viam
708 1840 827 1894 fidei
880 1839 1115 1903 reducit,
1149 1846 1203 1892 et
1251 1837 1353 1891 alia
1403 1838 1811 1893 innumerabilia
1841 1846 2112 1907 operatur.
2149 1827 2192 1885 B
2226 1837 2564 1905 refrigerium
2607 1839 2675 1890 ab
2729 1844 2862 1891 testu
2911 1837 3015 1892 diei
3052 1836 3253 1906 (and.
3286 1854 3409 1904 xui,
3436 1839 3541 1910 2t).
3582 1837 3642 1891 Et
3673 1850 3755 1893 tota

534 1935 596 1987 Et
630 1934 744 1987 hrcc
774 1932 1040 1987 mirabilia
1086 1931 1212 1986 licet
1250 1933 1319 1986 ab
1359 1931 1540 1986 idiotis
1571 1931 1905 2001 ignorentur,
1940 1946 2115 1984 coram

534 2025 769 2093 patribus
815 2033 993 2079 tamen
1046 2034 1201 2087 sunt,
1251 2025 1303 2079 id
1335 2035 1416 2078 est
1449 2024 1734 2078 manifesta
1789 2024 2035 2079 ﬁdelibus
2065 2023 2116 2078 in

537 2117 775 2171 Ecclesia
808 2117 1059 2187 pra'latis,
1094 2118 1182 2187 qui
1215 2126 1436 2187 paterna
1462 2116 1742 2171 affectione
1767 2116 1961 2186 populo
1984 2131 2116 2185 prte-

444 2269 458 2281 .
535 2210 733 2263 sident.
760 2209 825 2263 Et
857 2209 971 2263 lucc
1000 2209 1268 2263 mirabilia
1304 2208 1431 2263 facit
1457 2209 1507 2262 in
1538 2208 1639 2263 hac
1670 2218 1811 2264 terra
1846 2208 2117 2280 praesenti,

534 2318 656 2371 qum
682 2309 765 2355 est
800 2309 940 2354 terra
970 2300 1301 2355 alllictionis.
1353 2299 1619 2371 Aigyptus
1666 2302 1860 2370 quippe
1903 2299 2119 2353 afflictio

536 2392 941 2460 interpretatur.
988 2392 1053 2445 Et
1086 2393 1140 2445 in
1171 2408 1353 2461 eampo
1399 2391 1601 2444 Taneos
1650 2390 1811 2454 facit,
1845 2391 1895 2443 id
1936 2400 2019 2444 est
2066 2390 2117 2443 in

536 2482 760 2552 planitie
787 2483 1005 2537 Iunnilis
1058 2482 1332 2547 mandati,
1383 2482 1625 2546 scilicet,
1659 2481 1771 2535 haec
1819 2480 2116 2535 miracula:

538 2572 679 2642 quod
727 2573 970 2629 inﬁdeles
999 2573 1066 2627 ad
1108 2573 1265 2631 ﬁdem
1310 2582 1499 2637 vocat,
1531 2573 1661 2628 facit
1701 2589 1794 2643 per
1824 2574 2037 2644 planam
2068 2584 2122 2628 et

538 2663 927 2736 intelligibilcm
964 2664 1264 2731 doctrinam
1296 2664 1709 2735 prazdicatorum
1744 2664 1794 2718 in
1820 2665 2121 2721 humilitate

540 2757 764 2825 factam,
792 2773 912 2828 qua:
943 2773 1046 2814 non
1083 2759 1263 2828 gravis
1292 2766 1376 2813 est
1402 2767 1456 2813 et
1487 2759 1717 2813 obscura
1750 2769 1809 2813 ut
1833 2759 1915 2814 lex
1944 2771 2117 2814 vetns.

542 2846 693 2901 Unde
750 2863 987 2918 congrue
1049 2864 1144 2918 per
1196 2863 1445 2918 campum
1505 2847 1718 2904 Taneos
1784 2850 2118 2921 intelligitur.

524 2938 771 3007 llaman
801 2939 942 2993 enim
972 2939 1129 3009 plana
1155 2950 1294 2993 terra
1326 2950 1426 2995 est.
1448 2939 1686 3012 Taphnis
1718 2940 1963 3016 [Titanis]
1994 2960 2121 3000 vero

536 3026 731 3081 humile
756 3028 1062 3081 mandatum
1092 3028 1501 3097 interpretatur.

611 3118 872 3188 Sequitur
898 3118 1001 3173 alia
1031 3118 1305 3189 parabola.
1346 3120 1637 3191 Postquam
1666 3124 1869 3195 egressi
1902 3132 2023 3179 sunt
2057 3124 2123 3180 de

536 3208 791 3278 ngyp'n,
819 3209 1094 3278 interrupit
1123 3210 1264 3263 Deus
1292 3226 1437 3265 mare
1460 3227 1557 3281 pro
1584 3212 1685 3280 eis,
1716 3223 1771 3268 et
1801 3230 1897 3285 per
1918 3215 2122 3270 siccum

538 3302 687 3353 duxit
720 3316 805 3353 eos
832 3312 848 3352 .'
880 3310 935 3355 et
978 3316 1045 3355 ne
1086 3302 1166 3357 eis
1204 3318 1357 3373 aqure
1401 3312 1691 3371 nocerent,
1723 3307 1909 3359 statuit
1960 3322 2125 3377 aquas

538 3391 689 3459 quasi
722 3392 772 3444 in
802 3401 940 3455 utre,
969 3407 1033 3446 ne
1059 3389 1307 3447 fluerent.
1341 3393 1407 3447 Et
1430 3395 1532 3448 hoc
1566 3402 1735 3447 totum
1766 3394 2031 3465 contingit
2059 3396 2125 3449 ad

541 3481 857 3547 historiam,
883 3481 1038 3551 juxta
1080 3483 1222 3552 quod
1264 3483 1460 3555 legitur
1492 3502 1504 3537 :
1544 3502 1560 3535 ε
1599 3484 1719 3539 Filii
1752 3485 1913 3540 Israel
1941 3487 2129 3541 ambu-

542 3572 790 3625 laverunt
815 3587 911 3640 per
935 3573 1170 3627 medium
1194 3572 1322 3629 sicci
1353 3574 1518 3629 maris
1548 3592 1560 3628 :
1588 3590 1740 3644 aqua:
1771 3585 1949 3631 autem
1973 3585 2130 3632 erant

532 3661 622 3714 eis
665 3676 761 3731 pro
809 3676 964 3715 muro
999 3665 1065 3717 ad
1096 3664 1372 3718 dexteram
1399 3673 1454 3718 et
1481 3665 1754 3721 sinistram
1786 3665 1984 3738 (Exod.
2015 3684 2124 3734 xiv,

544 3751 659 3821 2‘2).
698 3773 716 3804 ι
750 3752 903 3820 Quod
944 3755 1106 3808 etiam
1142 3755 1427 3824 allegorice
1461 3758 1726 3827 contingit
1769 3759 1822 3813 in
1863 3758 2124 3815 Ecclesia.

548 3843 903 3913 Inter-rumpit
931 3860 1166 3915 namque
1194 3846 1337 3902 Deus
1365 3862 1544 3913 mare,
1585 3848 1637 3903 id
1665 3857 1746 3904 est
1782 3849 1972 3904 dividit
2001 3865 2128 3922 gen-

548 3935 695 3990 tilem
745 3936 1000 4007 p0pulum
1047 3953 1144 4006 per
1190 3937 1495 3993 doctrinam
1539 3942 1956 4007 przedicatorum
2006 3960 2019 3996 :
2073 3952 2129 3996 ut

544 4039 752 4098 partem
782 4040 1019 4083 assumat
1047 4030 1113 4083 ad
1136 4028 1508 4095 saltationem,
1538 4040 1746 4101 partem
1769 4033 2127 4087 damnandam

544 4129 786 4191 Spernat.
823 4120 888 4174 Et
918 4134 1015 4189 per
1042 4119 1199 4175 ﬁdem
1227 4130 1282 4175 ct
1307 4135 1471 4191 opera
1502 4122 1640 4177 bona
1671 4122 1816 4177 ducit
1845 4123 2129 4178 salvandos

545 4215 614 4270 ad
661 4223 861 4270 terram
922 4214 1331 4283 promissionis,
1382 4214 1590 4271 scilicet
1636 4216 1701 4270 ad
1755 4216 1985 4286 patriam
2022 4230 2130 4270 coe-

545 4307 757 4363 lestem.
802 4305 867 4360 Et
903 4320 969 4361 ne
1007 4321 1182 4376 aqum,
1226 4306 1277 4361 id
1334 4315 1411 4362 est
1465 4306 1708 4363 inﬁdeles
1762 4306 1926 4363 dilllui
1968 4307 2127 4379 301

545 4400 689 4456 velut
765 4414 903 4469 aqua
974 4398 1183 4470 possint
1244 4399 1415 4454 bonos
1484 4400 1805 4471 perturbare
1865 4419 1879 4455 :
1944 4402 2129 4455 statuit

2223 1938 2370 1981 nocte
2396 1927 2548 1981 duxit
2566 1927 2616 1980 in
2644 1927 3029 1983 illuminatione
3052 1930 3211 2000 ignis,
3237 1929 3447 1985 scilicet
3468 1947 3531 1986 ne
3553 1930 3598 1984 in
3620 1933 3755 1985 noctis

2220 2020 2550 2073 obscuritate
2574 2018 2892 2075 offendicula
2909 2030 3249 2089 paterentur,
3266 2023 3347 2077 eis
3369 2023 3755 2079 illuminationcui

2223 2109 2391 2179 ignea:
2414 2110 2679 2165 columna:
2721 2112 3073 2181 praecedentis
3104 2114 3273 2170 dedit.
3310 2115 3564 2169 Similiter
3588 2131 3756 2185 quoque

2222 2218 2347 2257 suos
2393 2203 2531 2257 Deus
2568 2218 2661 2272 per
2694 2205 2831 2259 hanc
2857 2205 3045 2271 vitam,
3079 2222 3199 2275 qua:
3235 2207 3304 2260 ad
3353 2209 3756 2277 comparationem

2225 2296 2345 2349 vitae
2370 2306 2588 2349 (eterna:
2614 2296 2887 2351 desertum
2914 2296 3128 2363 dicitur,
3161 2298 3473 2353 incedentes
3498 2299 3623 2352 nube
3650 2313 3673 2351 a
3694 2298 3756 2351 die

2225 2385 2529 2456 refrigerat,
2577 2386 2629 2440 id
2668 2396 2751 2440 est
2779 2387 3115 2455 protectione
3149 2388 3504 2442 lmmanitatis
3532 2402 3646 2453 suae,
3668 2403 3756 2456 qua:

2223 2478 2411 2532 salutis
2456 2486 2654 2532 nostra:
2697 2493 2857 2533 causa
2891 2486 2974 2532 est
3003 2494 3033 2531 a
3079 2480 3335 2533 vitiorum
3383 2487 3512 2533 cestu
3541 2488 3591 2533 et
3620 2493 3643 2530 a
3665 2493 3755 2547 pro.

2224 2570 2500 2641 speritatis
2574 2569 2778 2623 fervida
2833 2569 3067 2625 elatione
3141 2570 3449 2637 refrigerat.
3504 2568 3758 2639 lnterpelht

2224 2664 2371 2718 enim
2414 2661 2616 2733 jngiter
2652 2678 2749 2732 pro
2782 2662 3027 2717 ﬁdelibus
3052 2663 3190 2732 apud
3245 2661 3461 2717 Patrem
3487 2660 3662 2717 Christi
3685 2661 3758 2713 hu-

2225 2753 2477 2817 manitas,
2533 2766 2600 2806 ne
2650 2750 2831 2820 aliquo
2874 2760 3009 2806 testu
3045 2754 3235 2806 nocivo
3287 2757 3595 2806 exarstuent.
3635 2746 3757 2803 Juxta

2226 2845 2353 2899 illud
2376 2843 2618 2914 Apostoli
2655 2861 2667 2897 :
2707 2859 2726 2895 ι
2764 2844 3015 2899 Christus
3045 2840 3200 2899 Jesus
3228 2844 3327 2913 qui
3367 2844 3525 2898 etiam
3557 2838 3757 2907 interpelo

2225 2937 2299 2992 lat
2327 2952 2424 3007 pro
2456 2936 2611 2991 nobis
2633 2934 2806 3006 (Rom.
2839 2952 2899 3000 ιι,
2924 2936 3037 3006 54).
3061 2956 3079 2987 ι
3107 2936 3362 3006 Congrue
3385 2934 3621 2990 nimirum
3641 2930 3759 2985 Chri-

2226 3029 2296 3085 sti
2332 3028 2641 3084 humanitas
2692 3029 2862 3083 nubes
2897 3028 3116 3093 dicitur,
3159 3029 3286 3097 quia
3336 3044 3463 3083 suos
3490 3042 3518 3080 a
3556 3025 3755 3080 vitionnn

2225 3128 2360 3175 testu
2393 3119 2701 3190 refrigerat,
2726 3118 2867 3173 sicut
2890 3119 3032 3173 nube
3061 3118 3423 3173 obumbratur
3444 3116 3540 3171 diei
3567 3113 3756 3171 claritas.

2229 3212 2296 3265 Et
2326 3221 2433 3265 tota
2465 3222 2611 3266 nocte
2636 3210 2789 3265 duxit
2815 3224 2907 3265 eos
2934 3210 2985 3263 iu
3010 3209 3399 3263 illuminatione
3427 3209 3573 3278 ignis,
3597 3204 3755 3260 scilicet

2231 3311 2342 3358 tota
2370 3304 2476 3356 vita
2527 3303 2647 3367 ista,
2681 3317 2802 3372 quae
2830 3302 3062 3355 obscura
3108 3309 3207 3361 est,
3253 3311 3318 3354 ut
3344 3314 3446 3354 nox
3480 3308 3531 3353 et
3570 3295 3755 3368 perlecta

2231 3395 2322 3448 Dei
2360 3394 2668 3461 cognitione
2715 3407 2926 3455 carens,
2959 3392 3105 3445 ducit
3132 3405 3228 3446 eos
3252 3391 3323 3445 de
3358 3391 3493 3445 bono
3517 3389 3565 3443 in
3593 3385 3755 3441 melius,

2229 3487 2283 3542 in
2344 3485 2734 3541 illuminatione
2768 3485 2956 3556 gratia:
2992 3485 3223 3555 Spiritus
3255 3485 3454 3547 sancti,
3497 3481 3577 3551 qui
3608 3477 3755 3533 dicitur

2230 3578 2369 3650 ignis
2407 3594 2473 3633 eo
2519 3579 2662 3648 quod
2712 3578 2883 3632 bonos
2924 3578 3044 3647 igne
3078 3575 3370 3631 charitatis
3397 3574 3650 3627 accendat.

2229 3669 2455 3737 quitur:
2499 3667 2810 3738 Interrupit.
2853 3668 3006 3735 Quod
3055 3668 3135 3723 sic
3183 3668 3248 3720 ad
3291 3667 3521 3721 litteram
3546 3660 3755 3734 jungitur.

2231 3762 2347 3816 Non
2377 3762 2549 3816 solum
2593 3771 2773 3815 autem
2803 3762 2946 3815 ﬁlios
2973 3760 3137 3816 Israel
3163 3760 3317 3814 duxit
3354 3760 3407 3813 in
3454 3758 3576 3811 nube
3606 3754 3704 3813 diei,
3723 3762 3756 3803 et

2230 3864 2339 3907 tota
2387 3864 2533 3907 nocte
2578 3853 2630 3906 in
2672 3853 3057 3907 illuminatione
3098 3852 3263 3921 ignis;
3304 3852 3399 3905 sed
3434 3851 3683 3915 ctiampro
3701 3844 3758 3895 eis

2231 3945 2505 4013 in:errupit
2532 3954 2729 4013 petram
2755 3946 2807 3998 in
2835 3961 3004 3998 eremo
3027 3958 3122 4014 per
3150 3942 3401 4012 Moysen:
3428 3951 3483 3995 ut
3504 3940 3613 3995 inde
3630 3950 3757 4005 aquas

2230 4037 2514 4103 educeret;
2555 4037 2696 4092 unde
2739 4036 2935 4105 legitur
2968 4053 2980 4088 :
3018 4056 3035 4087 ι
3087 4034 3367 4090 Percussit
3406 4035 3545 4104 virga
3581 4030 3650 4084 bis
3677 4026 3756 4080 sili-

2233 4144 2372 4193 cem,
2417 4137 2472 4183 et
2511 4144 2745 4198 egressa:
2807 4138 2931 4183 sunt.
2962 4142 3116 4197 aqua:
3161 4126 3475 4197 Iargissima:
3506 4119 3755 4193 (Νυιιωι.

2235 4222 2346 4289 Il).
2387 4240 2405 4271 ι
2443 4220 2509 4275 Et
2536 4229 2820 4292 postquam
2865 4230 3072 4289 petram
3112 4218 3405 4289 interrupit
3432 4212 3755 4285 adaquarittos

2236 4312 2373 4366 ﬁlios
2400 4312 2559 4367 Israel
2586 4312 2842 4382 plenarie,
2878 4312 3013 4365 velut
3044 4313 3098 4364 in
3134 4310 3303 4365 multa
3339 4306 3610 4380 abysso.id
3634 4311 3697 4357 est
3719 4300 3754 4350 iu

2236 4407 2651 4478 profundissima
2684 4425 2821 4479 aqua
2844 4417 3025 4479 potest
3057 4409 3255 4479 aliquis
3280 4408 3509 4479 plenitcr
3532 4394 3753 4466 adaquari.

548 4493 695 4563 ipsos
717 4492 769 4548 id
801 4501 884 4548 est
911 4493 1234 4563 constringit
1264 4493 1406 4548 sicut
1438 4509 1591 4564 aquae
1626 4496 1679 4550 in
1713 4507 1829 4551 utre
1855 4497 2124 4553 constrin-
2161 4518 2206 4576 ι)
2236 4498 2370 4565 Quia
2412 4514 2539 4555 vero
2579 4499 2791 4554 dixerat
2835 4515 2928 4554 eos
2950 4499 3263 4568 -adaqnatos
3312 4511 3457 4561 esse,
3491 4503 3543 4548 et
3570 4486 3755 4546 nomium

548 4593 770 4655 gnntur,
802 4602 869 4640 ne
898 4583 1063 4642 ﬁuere
1088 4586 1323 4650 valeant,
1361 4586 1458 4641 nisi
1490 4587 1556 4641 ad
1589 4588 1861 4657 pincernaa
1899 4587 2127 4643 libitum.

548 4672 663 4729 Non
688 4676 767 4730 sic
797 4676 1011 4745 quidem
1057 4676 1375 4746 constringit
1404 4677 1615 4747 impios,
1647 4687 1706 4733 ut
1748 4678 1800 4733 in
1834 4679 2003 4733 bonos

548 4766 729 4822 viendi
761 4767 958 4822 nullam
986 4769 1218 4823 habeant
1244 4768 1584 4835 facultatem;
1641 4771 1734 4825 sed
1763 4770 1841 4825 sic
1873 4786 1968 4826 eos
1991 4771 2133 4826 Deus

549 4856 816 4928 permittit
865 4857 933 4911 ad
984 4873 1292 4914 mensuram
1349 4860 1618 4915 saeviendo
1672 4858 1860 4925 fluere,
1902 4870 1961 4914 ut
2008 4876 2130 4914 cum

550 4952 720 5005 bonos
767 4949 1052 5004 tormentis
1106 4950 1158 5004 in
1213 4950 1528 5020 corporibus
1574 4952 1845 5007 interdum
1876 4950 2132 5015 alliciant,

549 5042 857 5098 nullatenus
896 5040 998 5097 sibi
1041 5039 1386 5097 conformare
1408 5053 1641 5113 queant;
1669 5044 1753 5099 vel
1787 5045 2133 5115 interrumpit

551 5136 692 5190 Deus
743 5134 984 5191 Rubrum
1030 5149 1198 5199 mare,
1240 5133 1293 5189 id
1326 5143 1411 5189 est
1433 5136 1621 5192 dividit
1649 5136 1790 5192 Deus
1834 5138 2131 5208 baptisma,

551 5236 611 5283 ut
636 5228 754 5284 aliis
789 5228 859 5284 sit
886 5228 953 5283 ad
989 5226 1239 5291 salutem,
1265 5224 1426 5296 justis
1456 5228 1684 5296 scilicet,
1713 5230 1854 5296 aliis,
1885 5231 1975 5301 qui
2002 5229 2133 5300 justi

552 5332 659 5372 non
690 5327 838 5386 sunt,
884 5319 950 5372 ad
992 5316 1415 5373 damnationem.
1459 5335 1479 5368 ι
1512 5316 1662 5374 Multi
1693 5320 1837 5374 enim
1876 5328 2005 5374 sunt
2043 5334 2134 5372 vo-

554 5410 683 5474 cati,
726 5411 880 5480 pauci
917 5426 1046 5465 vcro
1090 5409 1246 5466 electi
1281 5408 1497 5482 (Matth.
1531 5426 1621 5477 xx,
1652 5410 1761 5479 I6).
1796 5431 1813 5462 ι
1861 5411 2133 5483 Baptisma

554 5517 684 5558 vero
717 5519 813 5574 per
837 5517 986 5557 mare
1016 5503 1349 5574 designatur,
1377 5518 1441 5561 eo
1462 5503 1604 5576 quod
1628 5519 1695 5559 ex
1719 5518 1858 5573 aqua
1897 5504 1970 5568 ﬁt,
1998 5512 2053 5559 et
2082 5504 2133 5557 in

554 5607 620 5648 eo
677 5594 806 5647 vitia
858 5590 1125 5658 delentur,
1182 5594 1323 5649 sicut
1373 5593 1428 5650 in
1492 5592 1628 5650 mari
1671 5594 1855 5649 hostes
1902 5593 2132 5647 ﬁliorum

555 5681 716 5735 Israel
766 5681 1025 5736 destructi
1073 5692 1216 5737 sunt.
1269 5683 1511 5739 Rubrum
1560 5684 1777 5755 quidem
1809 5684 2025 5746 dicitur,
2070 5697 2135 5738 eo

558 5773 699 5843 quod
741 5788 838 5841 per
864 5771 1063 5826 Christi
1096 5775 1372 5843 sanguinis
1403 5775 1720 5833 effusionem
1752 5782 2133 5832 consecratum

2235 4603 2489 4662 posuerat
2508 4606 2675 4661 aquas
2706 4593 2771 4646 de
2787 4601 2938 4662 petra
2964 4606 3265 4655 emanasse,
3294 4590 3471 4644 addit-
3502 4585 3616 4639 Dico
3638 4582 3752 4631 inter-

2237 4685 2378 4754 rupit
2407 4696 2630 4754 petram,
2679 4696 2731 4737 et
2760 4684 2823 4737 de
2852 4694 2999 4753 petra
3029 4684 3210 4737 eduxit
3237 4698 3452 4753 aquam.
3482 4679 3543 4732 Et
3561 4688 3617 4729 ne
3642 4676 3757 4740 μηδ’

2236 4791 2417 4831 remus
2450 4776 2590 4846 quod
2621 4776 2781 4829 talem
2795 4790 2990 4845 aquam
3022 4775 3146 4829 bule
3174 4774 3467 4837 eduxisset,
3492 4782 3599 4838 qua:
3618 4765 3659 4816 in
3679 4770 3756 4811 ιιηο

2236 4866 2352 4920 solo
2392 4865 2509 4919 loco
2539 4866 2934 4929 den‘ioraretur,
2989 4866 3141 4919 addit
3186 4882 3199 4918 :
3259 4864 3321 4916 Et
3352 4862 3524 4917 eduxit
3554 4865 3691 4925 aquas
3711 4848 3755 4897 de

2237 4955 2351 5024 ipsa
2400 4966 2545 5025 petra
2594 4965 2841 5026 tauquam
2886 4957 3109 5026 [lumina
3154 4954 3382 5009 ﬂuentes
3417 4971 3429 5006 :
3463 4961 3514 5007 et
3546 4962 3627 5003 cos
3666 4952 3753 4994 Cum

2236 5056 2416 5102 castra
2455 5056 2735 5101 moverent
2782 5062 2879 5115 per
2908 5050 3180 5102 desertum
3216 5055 3519 5116 sequentes,
3556 5028 3754 5107 Δροειο¹⁰

2240 5148 2467 5193 testante
2510 5154 2631 5192 eum
2662 5139 2794 5193 dicit
2819 5157 2830 5193 :
2861 5156 2880 5189 ‹
2913 5139 3293 5210 Consequente
3321 5152 3414 5194 cos
3438 5146 3574 5207 petra
3599 5129 3639 5201 (ι
3662 5124 3752 5178 (ἑοῖο

2239 5248 2292 5295 x,
2321 5231 2397 5301 4).
2447 5251 2465 5283 ι
2516 5230 2668 5297 Quod
2716 5239 2800 5284 est
2842 5231 3022 5285 dicere
3064 5247 3077 5284 :
3120 5227 3481 5299 Consequenti
3526 5235 3607 5278 eos
3651 5226 3753 5283 aqua

2238 5323 2562 5393 procedente
2614 5337 2678 5376 ex
2712 5331 2885 5392 petra.
2932 5322 3035 5377 Per
3081 5330 3292 5391 petram
3329 5317 3578 5388 siquidem
3610 5324 3637 5362 a
3661 5305 3753 5359 ban

2237 5413 2401 5485 virgae
2446 5414 2795 5481 percussione
2834 5414 3217 5482 interruptam,
3268 5410 3406 5465 unde
3448 5418 3573 5473 aqua
3610 5394 3753 5485 largis-

2237 5482 2372 5560 sima
2418 5517 2514 5571 per
2573 5503 2843 5556 desertum
2884 5515 2979 5556 eos
3024 5500 3289 5556 comitans
3341 5492 3609 5553 emanavit.
3649 5482 3751 5571 uti}!C

2238 5570 2465 5647 saturati
2498 5598 2641 5656 sunt,
2666 5588 2940 5654 Christus,
2971 5590 3062 5659 qui
3091 5599 3241 5659 petra
3271 5586 3419 5641 ﬁrma
3448 5592 3524 5637 est
3543 5570 3751 5633 etsolida,

2236 5683 2571 5755 signabatur.
2600 5682 2673 5736 De
2695 5696 2801 5750 quo
2827 5681 3028 5736 clamat
3056 5680 3340 5752 Apostolus
3366 5696 3376 5730 :
3414 5695 3430 5726 ι
3464 5674 3750 5758 Petraautcm

2238 5783 2355 5831 erat
2398 5774 2648 5831 Christus
2675 5772 2889 5845 .(ibid.).
2932 5790 2950 5825 ι
2980 5772 3084 5829 Per
3115 5773 3296 5829 binam
3326 5768 3477 5839 virge
3507 5764 3751 5833 percussio-
