3856 6322
27 348 138 405 I057

914 335 1275 395 Ελιτοειτιο
1321 335 1383 390 IN
1415 331 1751 389 I‘SALMOS.
1776 361 1844 371 —
1868 329 2062 385 PSAL.
2105 328 2357 384 LXXVII

3108 334 3129 387 VI
3141 333 3243 390 055

26 480 125 519 nem
168 464 267 515 duo
294 456 480 513 crucis
537 454 675 526 ligna
711 453 1209 523 prieiigurabantur,
1256 465 1419 504 unum
1447 447 1562 517 qui-
1604 459 1642 511 Α
1677 445 1845 514 magis
1882 443 2171 497 vindictam
2224 457 2374 497 suam
2427 446 2807 514 augmentavit.
2841 446 2906 502 Et
2951 448 3075 505 licet
3122 467 3245 507 eum

25 554 125 608 dem
145 536 439 618 in'longum
466 545 717 616 positum,
742 542 965 597 alterum
991 550 1169 595 autem
1193 543 1243 595 in
1271 539 1565 611 obliquum.

24 640 160 712 302
210 636 262 690 In
313 650 423 704 qua
462 648 620 689 cruce
654 632 990 686 Dominicum
1040 646 1256 700 corpus,
1303 632 1443 700 quod
1482 630 1567 684 fir-

27 750 146 789 mam
173 738 380 801 petram
403 743 525 783 esse
548 726 802 790 diximus,
834 723 1001 780 clavis
1027 734 1110 778 est
1136 724 1488 793 perforatum,
1517 729 1572 776 et

25 830 142 879 tatus
164 824 274 892 ejus
311 819 421 874 ictu
453 818 649 871 lancea:
680 815 1058 883 interruptum.
1093 813 1168 866 De
1199 828 1304 882 qua
1338 812 1572 865 interru-

29 915 185 986 ptione
214 910 363 966 nobis
393 909 565 980 gratia
606 905 948 961 remissionis
978 904 1269 969 emanavit,
1315 916 1433 972 qua:
1473 916 1572 957 nos

27 1022 106 1077 per
139 1012 296 1058 totam
342 999 504 1069 hujus
561 1000 683 1052 vita:
729 1010 971 1051 cremum
1021 995 1331 1049 incedentes
1370 993 1574 1065 jugiter

30 1094 321 1157 comitanda,
373 1090 727 1163 spiritualiter
765 1089 947 1154 satiat,
985 1097 1041 1143 et
1083 1102 1253 1156 usque
1284 1086 1349 1140 ad
1390 1084 1573 1140 mundi

28 1192 164 1244 tinem
214 1184 597 1240 indesinenter.
640 1181 757 1249 Qua
809 1180 874 1234 de
926 1194 983 1234 re
1030 1179 1415 1233 convenienter
1463 1176 1575 1230 trace

31 1280 173 1348 gratia
214 1290 306 1347 per
333 1290 529 1345 aquam
561 1273 885 1345 pnesignata
915 1279 1018 1336 est,
1046 1284 1164 1339 qua:
1204 1269 1269 1323 de
1310 1276 1464 1337 petra
1495 1266 1575 1320 in-

31 1378 240 1440 terrupta
288 1366 578 1437 processit,
620 1374 675 1420 et
709 1379 805 1435 per
836 1378 1079 1419 ercmum
1115 1361 1253 1416 filios
1284 1358 1446 1415 Israel
1486 1374 1574 1414 se-

32 1476 171 1531 quens
198 1458 551 1530 corporaliter
572 1472 666 1513 eos
696 1465 752 1512 et
776 1455 994 1511 assidue
1023 1454 1265 1510 satiavit.

86 1554 339 1625 Sequitur.
397 1553 467 1607 Et
509 1560 880 1623 apposueram.
916 1549 1068 1618 Quod
1106 1549 1183 1605 sic
1229 1547 1296 1603 ad
1342 1547 1576 1602 litteram

32 1645 362 1699 continuatur.
398 1642 528 1698 Dico
566 1642 709 1713 quod
750 1642 890 1697 Deus
920 1657 1017 1712 pro
1058 1642 1138 1697 eis
1175 1640 1449 1709 interrupit
1485 1655 1575 1709 pe-

32 1750 160 1801 trum,
192 1746 243 1792 et
276 1746 472 1791 caetera
501 1735 761 1791 beneficia
787 1734 1034 1790 contulit.
1065 1734 1131 1790 Et
1163 1734 1260 1804 ipsi
1289 1732 1380 1788 (iiii
1416 1732 1576 1788 Israel

1674 544 1994 599 tentasscnt,
2026 534 2173 589 etde
2211 548 2276 589 co
2314 532 2451 587 tnale
2496 532 2656 588 locuti
2694 536 2943 603 fuissent,
2981 547 3156 596 tamen
3192 552 3246 597 ιιι

1672 632 2117 701 omnipotentiam
2166 643 2316 683 suam
2366 626 2693 691 ostenderet,
2734 628 2996 681 mandavit
3030 630 3252 702 desuper

1674 722 1894 774 nubibus
1922 719 2300 783 existentibus,
2343 716 2548 771 scilicet
2586 714 2818 769 nubibus
2856 716 2977 770 cteli
3018 727 3075 772 ut
3101 722 3253 789 plue-

1677 818 1793 863 rent
1823 810 1902 865 eis
1948 824 2165 863 manna.
2194 806 2263 861 Et
2312 806 2514 876 aperuit
2546 804 2743 875 januas
2774 805 2908 872 creti,
2941 807 2992 860 id
3021 819 3102 863 est
3127 809 3251 865 fecit

1675 907 1979 955 cataractas
2004 913 2211 962 cereas,
2251 912 2347 967 per
2378 913 2514 969 quas
2551 911 2747 950 manna
2783 897 3156 953 descenderet.
3186 898 3254 951 Et

1675 991 1803 1060 pluit
1850 989 1953 1043 illis
2002 1005 2198 1043 manna
2238 988 2308 1041 ad
2352 986 2803 1047 manducandum,
2852 997 2899 1041 et
2932 1003 3119 1057 panem
3144 988 3256 1042 caeli

1675 1081 1813 1134 dedit
1837 1083 1931 1146 eis,
1973 1080 2025 1135 id
2053 1087 2139 1135 est
2174 1079 2355 1135 cibum
2392 1077 2481 1147 qui
2521 1078 2637 1132 sine
2676 1076 2860 1132 labore
2892 1079 3171 1134 hominum
3204 1081 3256 1133 in

1677 1172 1836 1238 cmlo,
1864 1172 1918 1226 id
1955 1180 2037 1226 est
2081 1174 2133 1226 in
2164 1185 2292 1225 aere
2315 1177 2531 1225 creatus
2567 1178 2669 1236 est,
2706 1183 2898 1223 manna
2934 1170 3161 1227 scilicet.
3193 1171 3261 1226 Et

1677 1263 1828 1317 homo
1855 1264 2187 1317 manducavit
2220 1277 2407 1332 panem
2439 1260 2765 1331 angelorum,
2800 1261 2851 1316 id
2888 1272 2974 1317 est
3006 1262 3261 1319 Jndaicus

1678 1370 1711 1425 p
1736 1354 1903 1425 ‘pulus
1934 1355 2093 1409 homo
2130 1350 2452 1422 simpliciter
2480 1366 2585 1405 non
2609 1351 2929 1421 Spiritualis,
2961 1353 3260 1409 manduca-

1678 1447 1755 1501 vit
1784 1446 1909 1501 illud
1932 1460 2149 1510 manna,
2176 1444 2321 1514 quod
2347 1442 2684 1515 signiﬁcabat
2708 1457 2900 1512 panem
2924 1443 3260 1511 angelorum,

1679 1538 1951 1593 Christum
1981 1538 2249 1602 videlicet,
2276 1551 2383 1606 quo
2412 1534 2769 1606 spiritualiter
2797 1534 2971 1606 angeli
3009 1537 3263 1591 retlciun-

1683 1640 1785 1685 tur.
1818 1630 1947 1685 Dico
1980 1630 2125 1700 quod
2162 1644 2355 1700 panem
2398 1628 2519 1683 coeli
2551 1626 2698 1699 dedit
2729 1626 2808 1681 eis
2834 1636 2887 1682 et
2916 1642 3023 1683 non
3052 1643 3214 1699 parce
3244 1646 3259 1684 :

1682 1724 1777 1777 sed
1823 1723 1878 1776 in
1907 1723 2231 1777 abundantia
2278 1720 2415 1774 misit
2453 1721 2525 1774 eis
2565 1720 2785 1785 cibaria,
2828 1720 3036 1775 scilicet
3070 1736 3261 1790 panem

31 1799 278 1883 ρυωνςιηιε
323 1825 442 1880 haec
472 1824 731 1880 beneﬁcia
772 1832 1105 1893 peccassent,
1142 1799 1263 1879 cum
1293 1824 1582 1880 beneﬁcio-
1615 1799 1654 1857 Β
1683 1813 1806 1871 caeli
1838 1815 1927 1883 qui
1952 1814 2105 1869 cibus
2132 1814 2212 1868 eis
2241 1822 2405 1867 esset.
2437 1810 2493 1865 In
2523 1810 2626 1865 alia
2652 1809 3004 1866 translatione
3033 1811 3265 1867 habetur

34 1937 131 1975 rum
155 1917 390 1973 contuitu
416 1917 727 1973 debuissent
756 1932 786 1971 a
814 1926 1034 1987 peccato
1058 1932 1295 1983 cessare,
1324 1933 1579 1988 apposue-

34 2025 129 2065 runt
171 2011 336 2064 adhuc
380 2026 597 2079 peccare
630 2010 697 2063 ei.
746 2008 811 2063 Et
854 2009 988 2064 adeo
1036 2018 1410 2079 peccaverunt,
1438 2009 1581 2079 quod

33 2104 388 2157 concitaverunt
439 2116 556 2153 eunt
599 2099 651 2152 in
684 2099 842 2165 iram,
879 2099 929 2154 id
958 2108 1042 2154 est
1080 2098 1133 2154 in
1161 2099 1450 2169 vindictam
1484 2112 1498 2152 :
1528 2101 1583 2153 in

34 2209 221 2261 aquoso,
260 2192 310 2245 id
349 2200 437 2246 est
475 2191 527 2244 in
553 2190 788 2244 deserto.
818 2188 1065 2243 Ostendit
1108 2199 1287 2243 autem
1317 2189 1584 2259 quomodo

36 2291 357 2352 peceiverunt
411 2296 535 2335 cum
600 2278 788 2333 addit:
821 2279 957 2334 Vere
1009 2278 1292 2334 Dominum
1350 2279 1403 2333 in
1450 2272 1584 2331 iram

36 2373 438 2436 concitaverunt,
469 2370 716 2441 quoniam
752 2377 804 2424 et
843 2378 1166 2424 tentaverunt
1196 2368 1360 2422 Deum
1390 2370 1443 2422 in
1466 2385 1585 2422 cor-

37 2465 160 2517 dibus
183 2464 304 2525 suis,
352 2462 409 2518 id
437 2472 522 2517 est
572 2461 960 2517 hazsitavcrunt
998 2459 1054 2514 in
1080 2460 1495 2530 cogitationibus
1522 2460 1587 2516 de

38 2555 394 2624 omnipotentia
443 2553 677 2618 Domini,
701 2553 779 2608 sic
822 2562 877 2605 ut
912 2551 1165 2607 tentando
1197 2562 1422 2622 peterent
1444 2567 1588 2606 escas

39 2646 275 2699 animabus
316 2646 454 2709 suis,
485 2645 535 2699 id
569 2655 648 2700 est
682 2644 804 2697 vitae
836 2658 945 2698 suae
969 2644 1320 2698 necessarias.
1357 2642 1424 2696 Et
1454 2642 1590 2697 male

38 2736 164 2789 locuti
196 2748 308 2790 sunt
354 2738 424 2790 de
454 2737 583 2790 Deo.
626 2735 879 2789 Dixerunt
909 2736 1052 2792 enim
1084 2753 1096 2788 :
1126 2733 1378 2806 Nunquid
1406 2737 1590 2806 poterit

42 2827 151 2881 Deus
175 2846 357 2898 parare
387 2846 644 2892 mensam,
691 2830 741 2883 id
786 2838 867 2884 est
898 2828 1195 2898 plenariam
1244 2828 1590 2884 refectionem

41 2919 183 2983 nobis,
220 2921 271 2973 in
306 2920 516 2973 deserto
563 2919 690 2984 isto,
734 2921 785 2972 in
818 2934 924 2989 quo
954 2933 1058 2973 non
1088 2929 1169 2973 est
1202 2918 1393 2988 aliquis
1419 2917 1593 2973 cultus

42 3009 314 3063 hominum?
352 3010 493 3063 \‘ere
531 3024 634 3063 non
674 3010 890 3079 poterit.
922 3008 1073 3075 Quod
1104 3017 1187 3065 est
1217 3009 1400 3065 dicere
1428 3026 1440 3062 :
1472 3010 1594 3064 Ideo

43 3098 177 3153 Deum
226 3100 277 3153 in
313 3100 454 3154 iram
487 3099 918 3165 concitaverunt,
954 3098 1208 3169 quoniam
1249 3113 1372 3154 eum
1423 3100 1593 3170 impo-

44 3200 206 3249 tentem
235 3207 354 3248 esse
380 3191 778 3262 cogitaverunt,
822 3199 878 3246 et
909 3192 974 3246 de
1009 3207 1075 3247 eo
1108 3192 1244 3245 male
1288 3190 1450 3245 locuti
1473 3201 1605 3259 sunt

41 3298 115 3337 ore
142 3283 371 3339 dicentes
417 3282 715 3337 hmsitando
761 3299 774 3335 :
817 3280 1093 3337 Poteritne
1134 3282 1223 3336 hic
1264 3281 1417 3337 nobis
1468 3282 1596 3336 dare

43 3374 191 3429 cibum
208 3390 326 3430 cum
358 3375 415 3429 in
454 3374 668 3429 deserto
696 3374 813 3429 loco
848 3374 1048 3428 simus?
1080 3371 1215 3429 Vere
1239 3388 1345 3427 non
1376 3374 1593 3443 poterit.

43 3465 149 3520 Etsi
180 3466 309 3521 ratio
337 3480 533 3521 eorum
563 3463 852 3534 aliquando
885 3464 1192 3518 ccontrario
1232 3464 1444 3519 diccbat
1471 3463 1549 3519 eis
1580 3482 1592 3516 :

45 3556 154 3611 Vere
196 3558 330 3613 Deus
366 3556 575 3627 poterit
615 3556 745 3611 dare
775 3570 1036 3619 mensam,
1067 3558 1315 3623 quoniam
1344 3556 1455 3625 ipse
1483 3572 1597 3623 per-

44 3651 169 3703 cussit
204 3659 402 3718 petram
429 3658 478 3702 et
513 3650 775 3718 fluxerunt
803 3664 973 3717 aquae,
1000 3647 1097 3717 ipsi
1124 3647 1428 3702 econtrario
1450 3648 1595 3703 dice-

48 3740 150 3794 bant
190 3758 202 3794 :
236 3740 503 3807 Quoniam
548 3740 660 3809 ipse
704 3740 957 3808 percussit
998 3749 1198 3807 petram
1248 3749 1294 3791 et
1333 3739 1597 3808 [luxerunt

45 3846 182 3897 aqum,
206 3839 257 3885 et
281 3845 387 3885 non
430 3844 612 3899 parvze
638 3844 811 3898 aqum,
840 3830 932 3884 sed
958 3839 1003 3883 et
1028 3839 1280 3884 torrentes
1301 3829 1424 3885 inde
1445 3830 1598 3883 inun-

45 3920 279 3986 daverant,
312 3921 557 3991 nunquid
594 3930 665 3985 et,
718 3921 770 3975 id
808 3931 891 3976 est
930 3921 1090 3975 etiam
1131 3922 1344 3991 poterit,
1397 3921 1597 3976 idcirco

48 4008 149 4063 dare
164 4027 341 4079 panem
376 4011 575 4081 populo
609 4028 728 4077 suo,
765 4012 922 4067 nobis
946 4012 1186 4068 scilicet?
1208 4021 1301 4067 aut
1336 4013 1377 4067 si
1408 4027 1595 4081 parum

48 4103 172 4166 panis
212 4104 445 4169 dederit,
491 4104 677 4171 poterit
726 4119 915 4173 parare
956 4120 1187 4158 mensam
1224 4104 1378 4159 nobis
1405 4103 1599 4173 populo

48 4193 155 4247 suo?
192 4192 565 4265 Nequaquam.
598 4194 751 4261 Quod
803 4204 887 4250 est
936 4195 1116 4251 dicere
1149 4210 1163 4248 :
1201 4195 1351 4250 Licet
1389 4207 1595 4266 petram

47 4288 333 4353 percutiens,
364 4301 541 4358 aquas
564 4287 686 4342 inde.
709 4286 875 4342 fluere
904 4286 1111 4353 fecerit,
1145 4303 1247 4342 non
1278 4297 1452 4342 tamen
1480 4288 1598 4343 ideo

49 4373 173 4431 nobis
196 4394 385 4447 panem
429 4380 497 4434 ad
531 4378 744 4447 plenum
792 4380 923 4434 dare
959 4380 1177 4450 poterit.
1227 4379 1292 4433 Et
1322 4379 1442 4433 ideo
1470 4380 1598 4447 quia

1682 1922 1869 1976 panem
1899 1906 2148 1976 fortium;
2192 1903 2369 1975 angeli
2405 1917 2637 1972 namque
2667 1900 2834 1957 fortes
2860 1902 3113 1958 dicuntur
3135 1920 3265 1958 con-

1684 2010 1817 2067 grue
1857 1997 1925 2050 ad
1962 1995 2424 2064 comparationem
2470 1992 2665 2059 nostri,
2694 1991 2785 2062 qui
2813 1992 3018 2049 debiles
3057 2010 3263 2051 sumus.

1684 2087 1789 2156 Ipsi
1821 2101 2054 2157 namque
2105 2085 2318 2141 fortiter
2343 2084 2558 2141 Christo
2592 2099 2721 2140 vero
2750 2099 2888 2155 pane
2927 2085 3264 2151 reficiuntur,

1688 2178 1740 2233 in
1784 2192 1847 2233 ea
1891 2186 2083 2232 natura
2120 2192 2225 2247 qua
2270 2177 2366 2232 Dei
2414 2176 2637 2232 verbum
2690 2185 2793 2231 est.
2825 2176 3111 2243 Caeterum,
3155 2180 3265 2248 luia

1688 2269 1940 2325 debilitas
1968 2276 2155 2324 nostra
2183 2277 2334 2324 tanto
2363 2284 2501 2340 pane
2531 2267 2583 2321 in
2608 2275 2802 2323 natura
2830 2267 3011 2323 divina
3033 2277 3087 2323 et
3114 2270 3271 2325 nobis

1687 2359 1847 2431 303
1877 2359 2132 2416 invisibili
2183 2360 2329 2415 vesci
2385 2374 2491 2414 non
2515 2368 2728 2430 poterat
2757 2377 2770 2412 :
2813 2378 2831 2409 ι
2864 2357 3104 2415 Verbum
3141 2375 3271 2414 caro

1690 2451 1892 2507 factum
1920 2459 2004 2506 est
2039 2450 2222 2520 (loan.
2247 2466 2285 2518 ι,
2312 2449 2421 2520 II),
2460 2469 2478 2503 ι
2528 2460 2583 2504 et
2620 2464 2717 2520 per
2738 2449 2921 2506 carnis
2951 2465 3061 2505 suae
3091 2465 3274 2506 come-

1691 2541 1921 2597 stionem
1954 2558 1972 2592 ι
2006 2541 2270 2596 habitavit
2301 2540 2353 2595 in
2383 2541 2537 2596 nobis
2561 2540 2753 2612 (ibid.).
2793 2560 2812 2593 ι
2845 2541 2941 2597 Ilis
2972 2541 3133 2611 igitur
3159 2556 3276 2597 ver-

1693 2637 1840 2692 sibus
1869 2635 2025 2707 juxta
2057 2635 2292 2692 litteram
2331 2636 2620 2708 adaptatis,
2675 2636 2987 2710 allegoriam
3044 2641 3276 2711 attinga-

1695 2745 1835 2785 mus.

1769 2822 1883 2876 Dixi
1925 2821 2068 2892 quod
2113 2821 2255 2878 Deus
2292 2819 2455 2877 Pater
2492 2822 2768 2889 interrupit
2813 2838 2908 2893 per
2958 2824 3269 2892 passionem

1694 2925 1896 2983 petram
1919 2915 1971 2967 in
2000 2930 2195 2969 erento.
2223 2913 2278 2969 In
2307 2914 2411 2970 hac
2439 2913 2546 2968 \ita
2574 2909 2823 2970 videlicet
2850 2914 3149 2981 Christum,
3181 2918 3273 2987 qui

1697 3004 1868 3059 solida
1891 3013 2042 3074 petra
2070 3012 2174 3069 est,
2212 3013 2268 3060 et
2298 3004 2367 3060 de
2395 3004 2549 3075 cujus
2580 3004 2976 3075 interruptione
3006 3008 3274 3077 processit

1698 3095 2038 3151 remissionis
2065 3096 2262 3164 gratia.
2296 3093 2363 3149 Et
2399 3102 2581 3150 tamen
2611 3094 2853 3151 hmretici
2885 3098 3060 3165 multi,
3098 3100 3273 3169 gratia

1700 3190 1801 3244 hac
1851 3202 1950 3258 per
2001 3187 2328 3257 baptismum
2381 3195 2656 3256 suscepta,
2712 3199 2993 3258 apponunt
3039 3191 3275 3257 peccatis

1698 3293 1826 3337 ante
1863 3280 2213 3350 baptismum,
2247 3279 2419 3332 adhuc
2447 3295 2663 3348 peccare
2690 3279 2737 3332 ei
2783 3281 2893 3336 Deo
2931 3292 3055 3349 post
3094 3284 3274 3352 bapti-

1698 3386 1893 3427 smum.
1927 3371 1992 3426 Et
2028 3371 2163 3425 adeo
2204 3378 2438 3440 peccant
2475 3370 2618 3439 quod
2650 3384 2773 3426 eum
2810 3371 2866 3424 in
2904 3370 3059 3438 iram,
3103 3370 3155 3425 id
3193 3382 3278 3425 est

1700 3464 1750 3516 in
1794 3462 2088 3517 vindictam
2126 3468 2318 3516 contra
2361 3460 2572 3529 seipsos
2613 3461 2916 3516 concitant.
2964 3460 3033 3516 Et
3072 3462 3176 3517 hoc
3220 3463 3276 3515 in

1698 3555 1972 3624 inaquoso,
2010 3551 2063 3607 id
2108 3560 2192 3607 est
2237 3550 2295 3606 in
2337 3551 2593 3607 ariditate
2638 3552 2850 3619 cordis;
2899 3552 3111 3609 scilicet
3148 3556 3273 3624 quia

1680 3650 1871 3719 gratia
1910 3648 2003 3703 illa
2051 3647 2242 3703 nolunt
2277 3645 2560 3716 adaquari,
2598 3646 2767 3701 Deum
2807 3646 2909 3702 sibi
2964 3648 3163 3702 iratum
3201 3648 3280 3701 fa-

1698 3742 1870 3797 ciunt.
1896 3741 1962 3796 Et
1987 3741 2089 3796 hoc
2117 3739 2336 3809 quidem
2363 3738 2522 3794 modo
2553 3747 2677 3807 post
2706 3739 3036 3810 baptismum
3065 3756 3281 3810 peccare

1700 3843 1994 3905 apponunt.
2026 3832 2161 3887 Nam
2192 3839 2248 3886 et
2272 3838 2477 3885 tentant
2506 3830 2671 3884 Deum
2694 3831 2747 3884 in
2784 3831 3031 3886 cordibus
3057 3832 3192 3896 suis,
3226 3832 3281 3887 id

1699 3935 1783 3982 est
1824 3926 1889 3982 de
1938 3924 2032 3981 Dei
2076 3906 2481 3994 oonmipotentia
2522 3921 2797 3991 dubitant,
2846 3932 3028 3978 utrum
3069 3923 3281 3978 scilicet

1700 4018 1799 4074 sub
1824 4018 1979 4088 panis
2017 4016 2203 4086 specie
2242 4029 2441 4085 corpus
2470 4029 2627 4069 suum
2652 4013 2782 4071 dare
2806 4016 2980 4086 possit
3003 4015 3069 4069 ad
3095 4029 3282 4070 come-

1700 4108 1953 4164 dendum.
1987 4107 2053 4163 Et
2080 4107 2163 4163 sic
2194 4115 2437 4173 tentant,
2475 4115 2532 4161 ut
2571 4114 2751 4162 tamen
2782 4115 2967 4176 petant
2989 4123 3134 4161 escas
3157 4107 3279 4161 ani-

1700 4200 1882 4254 mabus
1917 4200 2027 4255 suis
2062 4199 2247 4265 utiles,
2280 4199 2491 4256 scilicet
2516 4206 2704 4269 petant
2733 4199 2974 4267 quotidie
3003 4215 3201 4269 corpus
3226 4208 3282 4255 et

1701 4291 2017 4362 sanguinem
2036 4290 2251 4346 Domini
2279 4291 2392 4346 sola
2417 4304 2549 4346 voce
2572 4305 2677 4345 non
2700 4290 2885 4355 corde,
2909 4306 3032 4346 cum
3056 4292 3237 4346 dicunt
3260 4309 3274 4345 :

1706 4383 1953 4438 «Panem
2021 4392 2268 4438 nostrum
2333 4381 2709 4451 quotidianum
2770 4381 2836 4437 da
2908 4381 3064 4437 nobis
3120 4382 3282 4437 hodie

51 4467 126 4535 ipsi
154 4470 259 4525 haec
287 4472 556 4538 dicentes,
589 4488 690 4525 non
723 4470 1053 4524 crediderunt
1080 4472 1131 4525 in
1164 4471 1292 4538 Deo,
1324 4481 1380 4525 ut
1406 4481 1597 4542 potens
1629 4478 1674 4536 ι)
1704 4472 1862 4543 (Luc.
1909 4488 1987 4537 λι,
2022 4473 2100 4542 '5),
2130 4491 2149 4524 ι
2203 4471 2255 4525 id
2291 4480 2375 4526 est
2411 4486 2608 4541 corpus
2648 4480 2705 4526 et
2743 4472 3061 4542 sanguinem
3103 4484 3277 4528 tuum.

50 4569 167 4613 esset
197 4563 273 4617 eis
321 4564 457 4617 dare
507 4578 698 4631 panem
746 4580 758 4616 :
802 4579 892 4616 nec
924 4572 1253 4632 speraverant
1284 4562 1337 4614 in
1377 4561 1598 4615 salutari

50 4650 153 4714 ejus,
182 4652 340 4707 idest
380 4668 488 4706 nec
516 4667 663 4721 spem
704 4650 810 4706 cibi
857 4652 1159 4706 habuerunt
1202 4652 1252 4704 in
1289 4651 1602 4706 considera-

53 4740 167 4795 tione
190 4743 506 4798 salvationis
552 4743 667 4813 ejus
715 4743 829 4808 Dei,
869 4742 1072 4798 scilicet
1114 4759 1217 4798 non
1248 4748 1602 4813 Speraverunt

50 4834 163 4895 quod
195 4835 331 4889 sicut
368 4850 438 4889 ex
470 4832 703 4905 IEgypto
726 4834 1050 4897 salvavcrat,
1080 4835 1150 4888 ita
1186 4849 1399 4903 quoque
1422 4834 1600 4888 cibum

52 4922 111 4975 cis
136 4923 251 4980 dare
284 4936 527 4996 poterat.
561 4926 771 4981 Audiuit
818 4926 980 4991 Deus,
1019 4926 1069 4980 id
1114 4938 1194 4981 est
1222 4926 1604 4980 animadvertit

52 5032 204 5071 eorum
238 5020 704 5086 incredulitatem,
743 5032 788 5076 ct
848 5022 1053 5076 distulit
1113 5021 1404 5076 vindictam
1460 5021 1603 5089 quod

54 5111 203 5164 statim
250 5130 355 5167 non
389 5113 628 5183 punivit.
663 5112 728 5166 Et
760 5124 962 5184 quanto
1000 5114 1171 5183 magis
1201 5113 1425 5177 distulit,
1456 5120 1604 5167 tanto

56 5205 192 5272 magis
238 5208 371 5276 ignis
416 5222 669 5260 accensus
708 5216 781 5259 est
830 5208 885 5261 in
933 5206 1119 5271 Iacob,
1170 5207 1222 5261 il
1254 5215 1336 5261 est
1371 5203 1603 5259 vindicta

56 5306 359 5363 augmentata
391 5307 479 5352 cst
508 5298 558 5352 in
591 5298 716 5353 Illiis
743 5296 928 5364 Israel,
958 5315 1119 5369 quam
1148 5300 1191 5354 si
1224 5300 1304 5355 eis
1335 5297 1606 5368 peccanti-

56 5376 134 5437 bus
158 5402 266 5440 mox
318 5389 561 5457 puniret.
590 5388 657 5441 Et
685 5403 787 5442 non
816 5404 1005 5458 parum
1036 5405 1253 5442 accensa
1276 5398 1357 5442 cst
1388 5389 1489 5453 ira,
1512 5388 1606 5443 sed

56 5482 273 5545 ascendit,
323 5483 375 5537 id
421 5490 510 5537 est
543 5480 699 5536 valde
722 5481 961 5535 excrevit
996 5481 1093 5544 ira,
1127 5480 1358 5535 vindicta
1404 5479 1608 5535 scilicet

56 5564 285 5636 inlsrael,
311 5575 362 5628 id
396 5580 482 5627 est
522 5572 573 5625 in
601 5570 825 5626 Judaico
853 5571 1066 5641 populo.
1101 5571 1251 5636 Quod
1276 5580 1358 5625 est
1387 5571 1604 5625 dicere:

58 5654 156 5715 Ideo
180 5667 295 5733 quia
347 5666 431 5721 sic
479 5663 740 5719 increduli
780 5664 1014 5729 fuerunt,
1054 5663 1193 5717 Deus
1232 5643 1610 5717 animadvcrlit

60 5762 212 5811 eorum
248 5759 720 5823 intredulitatcm;
770 5769 822 5813 ct
866 5756 1159 5814 differendo
1202 5772 1415 5826 pmnam
1448 5765 1608 5812 tanto

1703 4564 1856 4631 Quod
1894 4578 2092 4632 corpus
2129 4560 2381 4617 videlicet
2421 4569 2477 4616 et
2516 4562 2739 4631 sanguis
2779 4578 2886 4617 una
2921 4579 3042 4619 esca
3075 4575 3161 4619 est
3200 4565 3282 4619 in-

1709 4653 2000 4710 divisibilis
2039 4663 2095 4708 et
2130 4652 2583 4722 incorruptibilis,
2617 4652 2745 4709 licet
2792 4655 2896 4710 sub
2921 4655 3102 4724 specie
3128 4656 3284 4726 panis

1704 4748 1953 4802 videatur
1979 4746 2174 4817 frangi,
2201 4755 2257 4800 et
2282 4761 2311 4799 a
2340 4745 2589 4801 dentibus
2614 4744 2849 4802 fidelium
2873 4749 3104 4803 conteri.
3128 4748 3283 4815 Quod

1704 4840 1922 4909 quidem
1965 4839 2280 4909 mysterium
2338 4837 2625 4893 insolubile
2668 4847 2772 4903 est,
2821 4839 3073 4894 videlicet
3116 4855 3285 4909 quare

1708 4932 1883 5002 frangi
1924 4940 1978 4986 et
2008 4930 2218 4985 conteri
2251 4930 2520 4994 videatur,
2553 4945 2674 4985 cum
2718 4930 3046 4987 indivisibile
3073 4947 3286 5001 perma-

1707 5031 1828 5077 neat
1866 5040 1878 5074 :
1917 5021 2071 5075 firma
2097 5030 2273 5076 tamen
2299 5019 2403 5077 fide
2424 5022 2753 5076 crcdendmn
2779 5032 2879 5078 est.
2912 5020 3075 5077 Escas
3103 5035 3284 5078 autem

1707 5114 2009 5185 pluraliter,
2060 5112 2189 5168 illud
2236 5115 2380 5184 quod
2418 5129 2583 5167 unum
2631 5123 2734 5180 est,
2785 5124 2944 5169 vocat
2989 5115 3283 5170 secundum

1708 5207 1941 5277 plurium
1967 5207 2463 5277 participationem.
2490 5207 2619 5262 Dico
2641 5206 2783 5276 quod
2816 5214 3023 5261 tentant
3046 5208 3288 5276 cogitan-

1710 5300 1799 5354 do.
1831 5299 1899 5353 Et
1926 5307 2139 5354 tentant
2186 5300 2429 5368 quidem,
2484 5307 2540 5353 et
2582 5297 2716 5352 male
2741 5297 2805 5349 de
2844 5296 2954 5350 Deo
2989 5296 3288 5365 loquuntur

1709 5405 1834 5455 ore;
1869 5389 2054 5445 dicunt
2084 5388 2229 5444 enim
2271 5406 2285 5442 :
2318 5387 2574 5458 Nunquid
2608 5387 2748 5440 Deus
2776 5396 2953 5455 petest
2979 5387 3033 5440 in
3061 5388 3282 5448 deserto,

1711 5483 1763 5537 id
1795 5492 1877 5538 est
1912 5483 1962 5536 in
2008 5483 2108 5537 hac
2138 5482 2246 5536 vita
2288 5495 2451 5552 quam
2496 5476 2852 5548 corporaliter
2890 5478 3131 5532 deseruit
3164 5493 3285 5531 cum

1712 5572 1907 5627 cmlum
1936 5571 2203 5636 ascendit,
2233 5586 2422 5639 pauere
2450 5583 2705 5631 mensam,
2739 5566 2789 5619 id
2814 5575 2902 5621 est
2928 5566 3108 5621 facere
3132 5568 3288 5636 panis

1715 5673 2024 5719 creaturam
2048 5676 2312 5725 mensam,
2338 5661 2389 5715 id
2417 5669 2500 5715 est
2520 5658 2767 5729 corporis
2794 5658 2874 5712 sui
2903 5657 3248 5713 refectionem
3265 5660 3292 5713 ’ἒ

1716 5755 2085 5825 Nequaquam.
2121 5751 2274 5820 Quod
2315 5758 2394 5808 est
2450 5750 2629 5806 dicere
2676 5764 2691 5803 :
2733 5748 2867 5805 Cum
2907 5750 3049 5807 hanc
3087 5758 3290 5804 terram
