3840 6338
543 391 678 448 1059

1109 382 1166 440 S.
1207 378 1550 438 BRUNONIS
1589 371 2223 436 CARTHUSIANORUM
2263 367 2744 426 INSTI'I'U'I'ORIS
2782 364 3152 440 OPPJ’ARS
3185 365 3223 420 I.

3629 370 3648 423 I
3657 371 3738 426 040

543 505 866 568 deseruerit,
902 509 956 557 et
995 499 1354 568 corporaliter
1391 505 1448 553 et
1492 494 1738 551 localiter
1765 493 1818 548 in
1862 491 2001 548 coelo
2023 491 2115 552 sit,
2149 490 2194 546 A
2219 501 2319 556 pus
2349 485 2552 542 Christi
2585 499 2783 540 manna
2814 485 3036 540 dicitur.
3067 481 3198 538 Nam
3223 500 3350 539 cum
3379 484 3520 554 prius
3550 485 3741 556 discipn.

545 596 814 667 quomodo
835 592 992 666 panis
1017 599 1325 646 creaturam
1354 601 1474 658 qua:
1500 585 1661 640 modo
1689 592 1796 648 est,
1827 590 2004 653 potest
2026 581 2121 635 ad-

547 689 651 744 huc
689 698 907 758 parare,
948 689 1006 736 ut
1047 694 1180 736 caro
1207 693 1302 734 sua
1332 676 1625 742 efﬁciatur,
1657 690 1778 744 qua:
1821 683 1946 728 ante
1977 672 2122 727 mille

547 792 718 834 annos
747 774 862 830 est?
887 769 1227 827 Nullomodo.
1271 769 1406 825 Cum
1445 777 1624 822 autem
1657 767 1736 822 cis
1773 781 1802 819 a
1843 763 2122 820 catholicis

547 865 804 936 objicitur
836 881 849 918 :
883 861 1024 918 Vere
1067 861 1209 916 Deus
1252 860 1357 914 hoc
1400 866 1578 929 potest
1615 855 1818 920 facere,
1857 870 1978 910 cum
2009 855 2123 924 ipse

549 953 692 1011 aliud
713 953 854 1024 quod
877 961 960 1006 est
989 950 1161 1019 magis
1185 948 1430 1004 mirabile
1465 947 1673 1009 fecerit,
1700 946 1907 1002 scilicet
1935 956 1994 1000 se
2027 960 2122 1015 pe-

552 1053 688 1098 tram
715 1041 921 1112 percuti
954 1039 1222 1111 permisit,
1262 1039 1403 1094 unde
1446 1053 1584 1108 aqua
1613 1038 1800 1108 gratia:
1826 1035 2124 1107 Spiritualis

551 1132 722 1186 ﬁnxit.
768 1129 872 1200 Ipsi
919 1129 1228 1184 ccontrario
1275 1142 1372 1184 ore
1421 1129 1753 1198 nequissimo
1793 1125 2121 1196 proferunt:

555 1222 814 1287 Quoniam
843 1221 1114 1290 percussit,
1139 1219 1190 1274 id
1214 1229 1298 1275 est
1330 1221 1541 1290 percuti
1571 1219 1816 1286 permisit
1840 1227 2045 1288 petram
2071 1217 2124 1271 in

552 1311 824 1380 passione,
857 1309 1096 1379 seipsutn
1145 1308 1373 1376 scilicet,
1423 1318 1479 1364 et
1517 1310 1640 1364 inde
1671 1311 1937 1379 [luserunt
1977 1323 2127 1378 aqua:

551 1404 738 1472 gratia:
761 1401 1080 1472 spiritualis,
1105 1409 1160 1456 et
1184 1417 1290 1457 non
1316 1416 1495 1472 parva)
1517 1416 1690 1470 aquae,
1717 1403 1812 1458 sed
1837 1409 2123 1459 torrentes,

556 1493 606 1546 id
644 1499 726 1546 est
758 1506 912 1562 aqua:
941 1493 1178 1562 copiosa:
1203 1493 1607 1547 inundaverant.
1635 1492 1888 1562 Nunquid
1918 1502 2050 1556 etc.,
2076 1491 2127 1544 id

552 1589 636 1635 est
665 1581 830 1636 etiam
862 1582 1214 1650 consequitur
1259 1581 1390 1648 Deo,
1429 1582 1570 1652 quod
1611 1591 1667 1636 et
1703 1597 1894 1652 panem
1939 1583 2028 1651 qui
2062 1582 2134 1636 sit

551 1687 745 1744 corpus
777 1689 932 1729 suum
966 1673 1144 1743 possit
1175 1673 1306 1727 dare
1339 1673 1538 1743 populo
1579 1687 1698 1736 suo,
1734 1672 1784 1726 id
1822 1680 1904 1727 est
1934 1672 2130 1742 populo

552 1763 811 1819 ﬁdelium.
848 1765 958 1818 Aut
1000 1765 1071 1818 ita
1103 1763 1316 1834 planius
1349 1762 1532 1819 dicere
1565 1778 1851 1834 possumus
1879 1780 1893 1816 :
1931 1763 2130 1817 Poterit

552 1851 675 1909 ideo
704 1869 898 1925 panem
925 1871 1117 1924 parare
1151 1870 1408 1919 mensam,
1451 1855 1502 1908 id
1539 1864 1625 1908 est
1660 1853 1842 1910 facere
1887 1855 2130 1926 corporis

551 1944 636 1998 sui
677 1942 1023 1999 refectionem
1056 1942 1251 2014 popqu
1290 1943 1561 1998 ﬁdelium?
1588 1943 1827 1998 Minime.
1861 1943 1939 1997 Ac
1967 1945 2010 1999 si
2052 1945 2132 1999 di-

554 2045 643 2090 cat
669 2053 682 2088 :
716 2034 782 2089 Et
814 2035 856 2098 si
888 2050 985 2105 per
1012 2036 1317 2105 passionem
1349 2050 1503 2090 suam
1540 2035 1876 2090 remissionis
1903 2037 2130 2106 gratiam

553 2124 802 2190 contulit,
843 2141 946 2179 non
987 2134 1168 2180 tamen
1218 2125 1338 2180 ideo
1379 2125 1735 2196 consequitur
1797 2134 1856 2179 ut
1885 2139 1952 2180 ex
1996 2141 2133 2196 pane

556 2230 754 2286 corpus
778 2232 934 2270 suum
965 2215 1308 2286 efﬁciat,quo
1334 2216 1568 2272 ﬁdelium
1589 2216 1844 2288 populum
1867 2217 2046 2272 saliet.
2071 2217 2135 2273 Et

557 2307 673 2360 ideo
698 2307 788 2376 qui
821 2307 996 2362 adhuc
1027 2307 1257 2362 dicendo
1287 2324 1391 2361 non
1434 2308 1766 2364 crediderunt
1794 2312 1847 2366 in
1888 2309 1998 2364 Deo
2028 2308 2134 2362 Pa-

558 2412 662 2462 tre,
691 2415 782 2452 nec
803 2409 1136 2468 speraverant
1171 2401 1224 2453 in
1248 2399 1470 2454 salutari
1492 2383 1630 2470 ejus,
1659 2405 1710 2458 id
1737 2413 1818 2459 est
1843 2405 1897 2458 in
1919 2402 2136 2458 Christo

556 2488 830 2543 salvatore
866 2503 895 2541 a
932 2486 1038 2542 Deo
1063 2486 1228 2542 Patre
1251 2488 1442 2553 misso,
1471 2491 1680 2546 scilicet
1721 2493 1844 2562 quia
1875 2507 1980 2546 non
2016 2507 2137 2546 cre-

558 2575 811 2630 dideruut
847 2582 1116 2644 quatenus
1172 2577 1557 2644 cooperationc
1595 2578 1774 2635 Patris
1817 2589 1872 2635 et
1915 2579 2036 2634 Filii
2083 2589 2136 2633 et

561 2665 800 2736 Spiritus
831 2664 1002 2720 sancti
1036 2676 1222 2736 posset
1250 2667 1407 2735 panis
1443 2667 1645 2724 Christi
1681 2685 1879 2740 corpus
1917 2670 2133 2731 conﬁci,

558 2752 770 2808 Audiuit
804 2754 906 2808 hoc
931 2751 1212 2816 Dominus.
1241 2754 1294 2808 id
1319 2765 1402 2809 est
1435 2757 1822 2814 animadvertit
1845 2774 2034 2815 eorum
2060 2761 2138 2815 in-

558 2842 955 2908 credulitatem,
996 2853 1044 2898 et
1086 2851 1266 2898 tamen
1305 2845 1508 2900 distulit
1549 2861 1768 2917 poenam
1799 2849 2134 2920 corporalem

560 2950 730 3004 usque
759 2935 810 2988 in
841 2933 1099 2989 futurum.
1128 2932 1192 2988 Et
1225 2934 1278 2989 in
1307 2937 1486 2992 anima
1514 2955 1763 2994 accensus
1785 2950 1857 2996 est
1895 2931 2051 3012 ignis,
2084 2942 2133 2995 id

558 3036 643 3081 est
673 3025 854 3080 fervor
884 3027 1140 3080 vindictae
1167 3041 1277 3082 sua:
1299 3028 1353 3082 in
1381 3027 1567 3093 Iacob,
1597 3030 1649 3085 id
1674 3039 1757 3085 est
1786 3033 1836 3085 in
1869 3032 1999 3102 ipsis
2027 3033 2135 3088 hae-

561 3116 765 3180 reticis,
805 3117 897 3186 qui
939 3116 1252 3172 debuissent
1286 3132 1406 3174 esse
1442 3117 1635 3187 Jacob,
1679 3122 1886 3178 scilicet
1930 3123 2134 3178 strenui

558 3209 883 3274 luctatores,
905 3217 960 3264 et
986 3207 1324 3264 defecerunt.
1357 3211 1423 3265 Et
1452 3227 1558 3266 non
1587 3227 1778 3282 parum
1797 3229 2027 3270 accensa
2057 3226 2139 3270 est

557 3300 816 3363 vindicta,
849 3299 942 3354 sed
964 3299 1074 3366 ira,
1109 3299 1162 3353 id
1191 3307 1272 3355 est.
1297 3301 1554 3366 vindicta,
1587 3304 1819 3356 ascendit
1849 3305 1901 3358 in
1934 3307 2134 3372 anima,

559 3391 614 3446 id
649 3400 733 3447 est
762 3391 920 3447 valde
955 3391 1128 3446 crevit
1157 3393 1211 3446 in
1240 3391 1432 3459 Israel,
1463 3394 1516 3448 id
1543 3404 1626 3449 est
1653 3395 1705 3448 in
1739 3396 2007 3451 lucreticis
2046 3399 2136 3467 qui

558 3479 725 3536 Israel
780 3494 903 3536 esse
957 3479 1263 3536 deberent:
1311 3481 1480 3537 Deum
1523 3483 1730 3538 scilicet
1772 3485 2038 3549 videntes,
2086 3493 2140 3540 et

559 3572 690 3626 cteci
726 3586 824 3642 per
863 3571 1174 3640 superbiam
1213 3570 1341 3626 facti
1391 3582 1536 3627 sunt.
1592 3573 1744 3640 Quod
1786 3586 1868 3629 est
1908 3575 2135 3630 dicere:

560 3662 698 3729 Quia
728 3660 1019 3716 noluerunt
1051 3661 1296 3729 credere,
1319 3663 1430 3718 etsi
1463 3665 1698 3718 nondum
1722 3679 1816 3720 eos
1837 3665 1888 3719 in
1914 3680 2142 3736 corpore

561 3751 704 3805 Deus
730 3749 961 3820 punivit,
997 3750 1051 3804 iu
1090 3750 1270 3806 anima
1305 3760 1483 3808 tamen
1511 3769 1606 3810 eos
1630 3755 1954 3810 excaecando
1988 3755 2140 3809 datu-

561 3841 730 3896 navit.
775 3840 838 3896 Et
883 3841 1009 3896 inde
1043 3842 1168 3912 quia
1216 3843 1410 3899 nolunt
1451 3846 1696 3914 credere,
1742 3847 2142 3903 iuexcusabiles

560 3943 709 3989 sunt.
731 3932 867 3989 Nam
893 3935 1035 3990 Deus
1054 3943 1108 3990 et
1131 3936 1397 3990 mandavit
1421 3937 1641 3992 nubibus
1665 3939 1885 4009 desuper
1905 3939 2142 3995 existen-

560 4028 722 4088 tibus,
765 4025 970 4082 scilicet
1011 4026 1294 4096 apostolis,
1333 4029 1425 4096 qui
1466 4037 1592 4083 sunt
1635 4029 1978 4086 sublimiores
2021 4031 2140 4088 aliis

559 4115 829 4182 fidelibus,
866 4116 1063 4186 quibus
1103 4117 1205 4188 ipsi
1255 4118 1481 4173 credere
1509 4119 1791 4186 deberent,
1838 4122 2132 4188 mandavit,

562 4209 618 4264 id
669 4218 756 4264 est
791 4209 1051 4280 praecepit
1095 4211 1198 4266 hoc
1240 4211 1561 4284 mysterium
1597 4213 1776 4284 panis,
1815 4215 1904 4285 qui
1947 4232 2144 4287 corpus

561 4317 718 4357 suum
741 4299 998 4367 efficitur,
1021 4302 1338 4374 prtedicare,
1367 4313 1422 4382 et
1448 4321 1544 4376 per
1569 4306 1740 4363 nubes
1761 4309 1962 4378 aperuit
1983 4309 2146 4382 304

561 4391 754 4458 ianuas
781 4393 916 4460 mli,
942 4393 996 4448 id
1023 4403 1107 4450 est
1130 4403 1347 4467 apertas
1381 4377 1511 4452 fecit
1542 4377 1852 4469 Scripturas
1883 4377 2031 4471 prius
2051 4377 2144 4458 oc:

563 4482 758 4546 cultas,
791 4498 912 4553 quat
933 4482 1117 4552 janute
1147 4495 1275 4542 sunt
1299 4486 1444 4554 caeli,
1477 4487 1530 4544 id
1561 4497 1647 4545 cst
1683 4488 1936 4546 introitus
1959 4492 2145 4548 occul—

566 4578 741 4624 torum
758 4571 851 4625 Dei
869 4574 1274 4643 mysteriorum,
1287 4576 1616 4645 quaecarlum
1631 4579 1906 4646 dicuntur,
1922 4595 1986 4636 eo
2001 4582 2143 4652 quod

566 4659 674 4714 alta
720 4669 852 4716 sunt
894 4671 954 4717 ut
992 4665 1212 4732 coelum,
1253 4677 1312 4722 et
1347 4683 1376 4722 a
1406 4668 1652 4740 pluribus
1679 4671 1956 4726 caelantur.
1991 4671 2144 4740 Quod

564 4759 650 4806 est
677 4751 860 4808 dicere
890 4769 905 4806 :
934 4753 1040 4810 Per
1065 4758 1454 4826 praedicatores
1483 4759 1798 4832 Scripturas
1827 4771 2046 4832 apertas
2067 4763 2146 4821 fe-

565 4838 664 4906 cit,
696 4838 750 4894 in
777 4841 975 4910 quibus
1001 4843 1226 4915 hujusce
1252 4850 1581 4906 sacramenti
1615 4853 1931 4924 mysterium
1962 4861 2016 4908 et
2043 4869 2147 4910 ca:-

567 4937 683 4984 tera
735 4932 997 5002 mysteria
1024 4936 1394 4993 continentur.
1427 4939 1544 4996 Non
1575 4940 1748 4996 solum
1783 4951 1964 4998 autem
1995 4960 2147 4999 man-

563 5018 706 5076 davit
732 5021 956 5078 nubibus
989 5025 1104 5080 lucc
1133 5026 1338 5096 pluere,
1373 5030 1425 5084 id
1456 5040 1540 5086 est
1569 5031 1686 5087 haec
1710 5031 1762 5088 in
1791 5032 2035 5090 Ecclesia
2061 5035 2147 5090 tli-

563 5107 806 5179 vulgare,
843 5111 934 5167 sed
965 5123 1020 5168 et
1053 5129 1153 5186 per
1183 5115 1356 5172 nuh’és
1400 5117 1532 5188 pluit
1571 5119 1680 5175 illis
1720 5138 1938 5187 manna,
1984 5123 2037 5178 id
2063 5131 2149 5178 est

562 5213 764 5268 corpus
805 5216 964 5258 suum
1004 5203 1074 5258 ad
1110 5205 1575 5277 manducandum,
1619 5210 1826 5267 scilicet
1867 5211 2015 5266 dedit
2051 5228 2149 5283 per

561 5290 951 5359 prtedicatores
985 5294 1091 5351 illis
1121 5295 1397 5353 hmreticis
1426 5299 1730 5356 doctrinam
1760 5316 1958 5372 corpus
1988 5317 2145 5358 suum

562 5380 948 5441 manducandi.
989 5383 1183 5442 Manna
1238 5387 1458 5457 quidem
1490 5389 1794 5446 derivatum
1833 5402 1915 5448 est
1945 5394 2013 5448 ab
2043 5392 2148 5448 Ile-

562 5467 771 5538 braico,
795 5475 938 5544 quod
963 5485 1048 5533 est
1076 5479 1274 5534 manlia
1311 5497 1324 5534 :
1355 5479 1527 5535 Judtci
1551 5481 1751 5552 quippe
1780 5498 1941 5537 mane
1961 5483 2015 5537 in
2040 5499 2147 5554 quo

563 5561 799 5633 primum
826 5567 1024 5624 cecidit
1057 5583 1364 5642 surgentes,
1396 5581 1453 5629 et
1489 5573 1618 5628 illud
1647 5575 1854 5632 cadere
1876 5575 2142 5644 videntes,

564 5654 898 5717 admirantes
915 5661 1172 5720 dixerunt
1200 5682 1214 5720 :
1246 5664 1448 5722 Man/tu
1479 5667 1678 5738 (Exod.
1716 5685 1828 5736 1m,
1858 5669 1964 5742 15).
1993 5670 2146 5739 Quod

565 5753 650 5810 εει
675 5747 860 5812 dicere
881 5769 894 5809 :
919 5752 1061 5823 Quid
1085 5756 1319 5811 esthoc?
1347 5757 1500 5814 Unde
1528 5761 1746 5832 quidem
1769 5777 2006 5833 congrue
2026 5779 2144 5819 cor-

2166 3172 2210 3235 C

2223 579 2288 634 lis
2317 578 2539 634 dixisset
2578 595 2592 633 :
2634 595 2653 628 t
2685 575 2798 631 Nisi
2836 575 3299 632 manducaveritis
3333 591 3541 631 carnem
3567 576 3648 631 ﬁlii
3671 583 3745 634 ho-

2223 669 2404 734 minis,
2438 683 2542 724 non
2570 667 2844 722 habebitis
2869 666 3036 720 vitam
3067 666 3118 720 in
3149 666 3302 721 vobis
3321 665 3496 736 (Joau.
3520 683 3588 731 vt,
3611 668 3704 736 51),
3728 693 3739 710 ι

2229 760 2448 830 quidam
2484 757 2797 814 Imsilantes
2828 757 3083 812 dixerunt
3115 775 3128 810 :
3164 757 3303 824 Quid
3331 768 3411 812 cst
3437 757 3569 812 hoc?
3593 777 3607 808 ι
3631 758 3744 826 Quo-

2228 853 2390 906 modo
2423 851 2552 905 dare
2579 848 2778 919 poterit
2817 848 2972 902 nobis
3004 863 3224 904 carnem
3264 864 3422 904 suam
3461 851 3524 903 ad
3564 853 3748 904 mandu-

2225 939 2491 995 candum?
2518 958 2536 992 ι
2583 938 2748 1010 (Ibid.
2785 937 2899 1007 53.)
2943 937 3011 992 Et
3037 953 3144 992 non
3179 937 3511 992 solummodo
3538 939 3654 1008 pluit
3677 941 3749 994 do-

2226 1030 2455 1084 ctrinam
2479 1029 2628 1084 illum
2651 1042 2846 1098 panem
2872 1026 3259 1093 manducandi,
3285 1026 3378 1081 sed
3407 1035 3461 1080 et
3479 1044 3643 1096 partem
3665 1031 3750 1084 cali

2227 1121 2366 1174 dedit
2388 1123 2460 1175 eis
2481 1121 2547 1176 ad
2566 1119 3030 1184 manducandum,
3049 1133 3107 1174 se
3135 1118 3345 1174 scilicet
3369 1119 3459 1188 qui
3475 1120 3613 1189 panis
3629 1135 3754 1174 verus

2227 1221 2330 1278 est,
2355 1227 2463 1282 quo
2499 1211 2748 1274 ccclestes
2779 1210 3000 1281 spiritus
3027 1209 3243 1265 assidue
3282 1208 3604 1264 reﬁciuntur.
3631 1210 3753 1266 Juxta

2229 1305 2371 1373 quod
2406 1303 2544 1358 idem
2599 1302 2650 1356 in
2677 1301 2969 1372 Evangelia
3013 1300 3200 1371 (fbid.,
3221 1300 3315 1370 4!)
3355 1308 3606 1357 testatur:
3635 1320 3652 1352 t
3674 1302 3754 1370 Ego

2232 1411 2349 1450 sum
2383 1395 2537 1464 panis
2575 1394 2733 1448 vivus
2773 1395 2865 1462 qui
2904 1392 2972 1446 de
3016 1391 3154 1447 cmlo
3197 1391 3474 1447 descendi.
3507 1410 3522 1442 ι
3568 1392 3756 1448 Ειιιιηξε

2231 1500 2426 1555 panem
2485 1485 2822 1554 angelorum,
2875 1483 3086 1538 scilicet
3134 1497 3244 1551 quo
3299 1483 3474 1554 angeli
3518 1483 3755 1547 satiantur,

2233 1577 2528 1632 manducat
2577 1561 2742 1629 homo
2780 1571 3042 1644 cujusque
3091 1572 3259 1637 modi,
3304 1583 3360 1628 et
3393 1572 3575 1635 ﬁdelis,
3601 1573 3757 1627 scilicet

2235 1675 2287 1721 et
2313 1665 2567 1722 inﬁdelis.
2594 1665 2726 1720 Dico
2754 1664 2896 1734 quod
2921 1677 3115 1734 panem
3139 1663 3265 1718 coeli
3299 1663 3466 1730 dedit,
3493 1673 3545 1718 et
3570 1663 3655 1717 hoc
3678 1679 3757 1718 non

2236 1773 2399 1828 parce
2425 1758 2521 1812 sed
2546 1756 2749 1811 cibaria
2772 1756 3018 1825 corporis
3047 1755 3134 1810 sui
3170 1764 3226 1810 et
3257 1757 3537 1824 sanguinis
3557 1755 3685 1808 mittit
3707 1756 3759 1808 eis

2167 1831 2209 1885 Β
2236 1849 2289 1902 in
2316 1847 2662 1907 abundantia.
2687 1845 2899 1902 scilicet
2927 1845 3271 1901 abundanter
3303 1847 3537 1918 quandiu
3576 1846 3761 1900 mundus

2235 1937 2416 1992 durat.
2459 1935 2516 1990 In
2565 1935 2671 1990 alia
2716 1934 3072 1990 translatione
3099 1933 3336 1989 habetur
3359 1936 3760 2003 frumentatiomm

2235 2028 2375 2081 misit
2411 2027 2505 2081 eis.
2530 2026 2782 2098 Congrue
2811 2025 3068 2080 nimirum
3107 2041 3308 2096 corpus
3343 2027 3655 2081 Dominicum
3679 2027 3740 2078 hu

2237 2125 2478 2171 mentum
2507 2117 2725 2182 dicitur,
2747 2131 2812 2170 eo
2835 2117 2978 2186 quod
3004 2117 3149 2171 omni
3177 2117 3378 2186 pabulo
3403 2117 3664 2187 pretiosius
3680 2117 3743 2169 cii

2186 2197 2190 2203 ’
2237 2215 2366 2271 stat,
2391 2205 2532 2260 sicut
2563 2204 2898 2260 frumentum
2927 2205 3080 2259 omni
3115 2221 3293 2260 messe
3320 2206 3599 2276 pretiosius
3615 2216 3698 2260 est.
3721 2205 3762 2259 Si

2239 2313 2368 2352 vero
2403 2298 2468 2351 ad
2504 2296 2742 2351 litteram
2783 2295 3179 2366 legatur,‘bcne
3226 2313 3423 2351 manna
3467 2297 3647 2352 dicitur
3678 2295 3760 2348 fru-

2238 2397 2504 2452 mentum,
2547 2402 2613 2442 eo
2642 2387 2783 2443 quod
2815 2386 2883 2440 ad
2923 2386 3141 2442 modum
3185 2385 3446 2441 frumenti
3475 2387 3616 2442 dulce
3642 2384 3764 2440 fuerit

2238 2488 2292 2534 ct
2314 2493 2592 2548 saporum.

2309 2569 2602 2638 Sequitur:
2630 2564 2943 2632 Transtulit,
2976 2566 3119 2637 quod
3151 2566 3232 2622 sic
3283 2568 3352 2622 ad
3383 2568 3602 2623 litteram
3624 2566 3759 2637 jungi-

2241 2672 2328 2718 tur
2358 2681 2372 2717 :
2405 2664 2522 2719 Non
2557 2664 2896 2720 solummodo
2939 2664 3065 2718 filiis
3095 2663 3263 2720 Israel
3296 2678 3491 2718 manna
3517 2663 3671 2724 dedit;
3696 2660 3765 2712 sctl

2239 2771 2361 2811 cum
2398 2756 2497 2826 ipsi
2534 2763 2960 2819 murmurarent,
2993 2757 3121 2826 quia
3151 2772 3381 2813 carnem
3414 2769 3516 2809 non
3550 2755 3761 2808 haberent

2238 2858 2295 2904 ct
2331 2849 2383 2904 in
2419 2848 2710 2920 Egyptum
2761 2849 2828 2904 ad
2867 2846 3002 2902 ollas
3045 2851 3295 2903 carnium
3321 2847 3518 2903 reverti
3540 2851 3762 2914 cuperent.

2241 2942 2365 2996 licet
2391 2956 2589 2995 manna
2628 2940 2876 2996 carnium
2911 2948 2966 2995 ct
2999 2941 3246 2995 omnium
3279 2940 3524 2996 ciborum
3557 2950 3672 3008 quos
3696 2949 3764 3003 op-

2243 3033 2426 3087 tabant
2461 3033 2687 3088 haberet
2731 3048 3001 3103 saporem,
3027 3033 3297 3087 tratstulit
3323 3044 3553 3088 austrum
3577 3033 3633 3085 de
3655 3029 3766 3094 calo,

2243 3127 2297 3181 id
2345 3135 2447 3190 est,
2501 3125 2728 3180 abstulit
2775 3134 3020 3180 austrum
3061 3135 3286 3180 ventum
3344 3127 3489 3179 illum
3534 3125 3593 3178 de
3628 3120 3763 3176 altion’

2242 3232 2390 3285 aere,
2427 3217 2481 3273 iu
2531 3232 2640 3286 quo
2674 3215 2859 3283 ﬂabat,
2894 3217 2984 3287 qui
3015 3217 3210 3272 etclqu
3244 3217 3466 3279 dicitur,
3499 3226 3544 3269 et
3570 3214 3764 3282 africum.

2242 3311 2448 3366 scilicet
2489 3318 2758 3376 austrum,
2805 3311 2896 3380 qui
2941 3306 3144 3364 africus
3190 3307 3417 3372 dicitur,
3454 3321 3516 3363 c3
3559 3303 3679 3377 quo!
3719 3315 3763 3357 et

2239 3399 2422 3455 Africa
2463 3401 2668 3468 veniat,
2721 3402 2930 3456 induxit
2977 3403 3031 3455 in
3079 3417 3262 3458 acrem
3306 3402 3602 3472 proximum
3631 3408 3764 3451 teme.

2243 3491 2394 3558 Quod
2428 3501 2513 3546 est
2545 3492 2727 3548 dicere
2759 3509 2772 3548 :
2816 3492 2955 3560 Quia
2991 3493 3118 3548 dttm
3152 3493 3203 3548 in
3239 3493 3357 3548 alto
3388 3495 3558 3558 flaret,
3592 3489 3768 3546 idoneus

2242 3595 2348 3635 non
2378 3589 2496 3636 erat
2520 3581 2587 3636 ad
2610 3580 2939 3637 deferendas
2963 3583 3306 3648 coturnices,
3331 3597 3454 3654 qua:
3477 3583 3526 3638 in
3551 3591 3669 3635 terra
3689 3593 3766 3632 Illi-

2243 3682 2389 3736 neut,
2417 3679 2473 3726 et
2497 3672 2550 3726 in
2587 3685 2713 3727 aere
2755 3673 3003 3743 proximo
3049 3685 3210 3728 terrae
3246 3673 3459 3729 volant.
3493 3671 3698 3726 Africum
3722 3669 3768 3719 de

2244 3761 2418 3818 altiori
2455 3763 2581 3819 aere
2622 3764 2898 3820 sublatum
2943 3780 3114 3835 prope
3165 3775 3372 3820 terram
3415 3764 3541 3819 flare
3579 3763 3704 3820 fecit,
3727 3767 3768 3810 ιιι

2244 3855 2444 3924 impetu
2473 3871 2570 3910 suo
2595 3857 2905 3912 coturnices
2937 3857 3004 3913 de
3030 3866 3176 3912 terra
3202 3857 3292 3911 illa
3322 3859 3376 3912 in
3405 3873 3509 3929 qua
3529 3851 3767 3910 abundant.

2244 3942 2483 4000 afferret.
2521 3943 2614 4001 Vel
2655 3946 2700 4000 si
2746 3947 2994 4001 dicamus
3034 3959 3280 4002 austrum
3329 3957 3386 4004 et
3427 3947 3637 4002 africum
3666 3942 3768 3995 duas

2243 4045 2434 4092 ventos
2455 4051 2596 4104 esse,
2626 4038 2706 4094 sic
2730 4037 2943 4108 legetur
2967 4057 2981 4093 :
3009 4039 3305 4094 Transtulit
3332 4049 3564 4094 austrum
3583 4038 3638 4090 de
3655 4032 3767 4092 calt).

2243 4125 2298 4180 id
2332 4135 2416 4182 est
2437 4127 2663 4183 abstulit
2684 4129 2899 4199 penitus
2935 4139 3185 4186 austrum
3219 4131 3290 4188 de
3321 4147 3471 4198 aere,
3503 4131 3586 4200 qui
3608 4126 3666 4181 ad
3694 4125 3769 4179 hac

2244 4216 2483 4272 ofﬁcium
2511 4217 2722 4275 inutilis
2752 4227 2874 4274 erat
2897 4237 2910 4274 :
2950 4230 3005 4275 et
3025 4221 3230 4275 induxit
3258 4223 3489 4292 africum
3513 4229 3699 4274 ventum
3719 4215 3764 4266 ilo

2245 4305 2380 4372 Ιυιη,
2412 4307 2505 4376 qui
2535 4307 2602 4362 ad
2633 4307 2738 4363 hoc
2769 4317 2888 4362 erat
2914 4308 3162 4365 idoneus.
3198 4310 3268 4365 Et
3299 4311 3406 4366 hoc
3430 4310 3552 4365 fecit
3577 4309 3623 4362 in
3647 4305 3768 4360 uirtu-

2250 4404 2319 4462 te,
2346 4395 2398 4452 id
2417 4405 2504 4452 est
2530 4395 2583 4450 in
2607 4405 2878 4466 potestate
2902 4414 3022 4452 sua.
3048 4397 3562 4471 Omnipotenseu‘m
3579 4403 3666 4450 est.
3685 4391 3768 4446 lloc

2176 4515 2220 4571 Ι)
2247 4493 2432 4538 autem
2457 4484 2592 4540 dicit
2614 4486 2680 4540 ad
2706 4486 3186 4556 exprobrationem
3225 4503 3418 4544 eorum
3452 4489 3535 4558 qui
3563 4501 3652 4540 non
3674 4492 3766 4535 eum

2246 4578 2671 4648 omnipotentem
2696 4593 2819 4634 esse
2841 4579 3110 4650 iudicant.
3144 4581 3201 4636 In
3229 4581 3336 4636 alia
3362 4580 3680 4637 translatione
3699 4575 3768 4626 tta-

2246 4667 2406 4722 betur
2443 4685 2456 4722 z
2492 4667 2782 4724 Transtulit
2811 4687 2997 4724 eurum
3031 4671 3095 4726 de
3136 4671 3286 4738 caelo,
3323 4673 3416 4742 qui
3449 4672 3512 4726 ad
3550 4666 3764 4738 negotium

2247 4759 2351 4815 hoc
2379 4760 2594 4831 ineptus
2623 4771 2764 4828 erat,
2802 4773 3108 4834 caeteraque
3142 4763 3303 4834 hujus
3337 4780 3525 4822 versus
3561 4776 3651 4816 non
3679 4769 3766 4809 tuu-

2249 4859 2467 4919 tantur;
2501 4863 2553 4908 et
2582 4869 2683 4924 per
2711 4856 2987 4927 negotium
3017 4856 3172 4912 africi
3191 4858 3326 4928 pluit
3351 4874 3504 4928 super
3520 4871 3597 4910 eos
3620 4861 3766 4906 αι’..εὸ

2249 4943 2596 4999 abundanter
2625 4946 2758 5000 sit-ut
2789 4947 3074 5016 pulverem,
3122 4949 3175 5003 id
3205 4958 3291 5004 est
3325 4952 3394 5004 ad
3419 4943 3762 5004 similitudinem

2251 5032 2466 5102 pluviae,
2497 5050 2660 5104 super
2682 5051 2776 5092 eos
2801 5053 2998 5093 carnes
3019 5039 3149 5094 fecit
3171 5043 3367 5097 cadere
3389 5041 3534 5110 large
3554 5045 3602 5091 ut
3628 5031 3762 5102 pulve-

2250 5137 2384 5179 rem.
2430 5125 2668 5195 Exponit
2707 5137 2890 5184 autem
2925 5146 3062 5200 quas
3101 5147 3314 5197 carnes,
3356 5148 3480 5188 cum
3518 5125 3763 5186 subdiuel

2249 5229 2346 5284 pro
2403 5217 2613 5274 scilicet
2647 5219 2883 5276 volatilia
2933 5235 3186 5292 pennata,
3227 5223 3536 5293 coturnices
3570 5213 3764 5272 videlicet

2249 5304 2387 5374 pluit
2410 5320 2574 5376 super
2595 5323 2688 5363 eos
2710 5309 3056 5367 abundanter
3085 5313 3230 5368 sicut
3252 5327 3471 5369 arenam
3496 5308 3657 5365 utaris.
3677 5302 3762 5357 Non

2250 5397 2382 5451 dicit
2406 5411 2635 5466 pennata
2668 5405 2812 5472 quod
2857 5405 3075 5460 volatile
3110 5405 3183 5462 sit
3219 5407 3433 5477 aliquod
3468 5419 3567 5460 non
3602 5408 3762 5470 penna-

2251 5497 2386 5553 tutn,
2429 5490 2524 5544 sed
2564 5507 2662 5560 per
2702 5493 2806 5549 hoc
2843 5495 2936 5550 Dei
2973 5497 3274 5567 potentiam
3303 5493 3645 5554 commendat,
3669 5495 3762 5539 eum

2248 5578 2482 5633 volatilia
2511 5593 2738 5650 pennata
2772 5584 2846 5638 ita
2873 5587 3070 5642 cadere
3095 5587 3349 5652 faciebat,
3378 5601 3441 5642 ac
3461 5584 3503 5639 si
3532 5575 3762 5652 pennises-

2247 5677 2370 5722 sent
2387 5672 2655 5725 carentia.
2680 5671 2747 5727 Et
2769 5684 2828 5728 ιιι
2855 5675 3029 5746 majus
3053 5686 3199 5732 esset
3229 5678 3320 5734 Dei
3359 5673 3654 5733 beneﬁcium
3682 5676 3758 5716 tum

2173 5785 2182 5792 -
2247 5765 2482 5834 oportuit
2500 5766 2584 5822 illa
2600 5767 2834 5824 volatilia
2855 5773 3101 5827 cadentia
3119 5788 3358 5848 qua-rere
3381 5774 3564 5838 longea
3586 5757 3740 5818 castris
