3856 6322
104 338 213 392 tOst

96 537 369 604 bernacula,
388 539 439 593 id
453 550 539 596 est
553 544 599 597 ei
610 560 695 600 rca
710 557 886 604 castra
898 568 1074 606 eorum
1087 595 1102 618 ,
1116 558 1321 613 scilicet
1332 571 1382 617 et
1397 564 1447 614 in
1465 567 1641 621 medio

94 627 373 683 ceciderunt
387 668 402 693 ,
416 638 470 683 et
488 630 779 702 lorisjuxta
794 647 993 695 castra.
1013 640 1105 698 llis
1128 647 1298 702 tribus
1311 651 1554 708 versibus
1572 657 1638 710 ad

93 721 298 773 litteram
323 719 593 789 adaptatis
611 765 625 790 ,
655 727 722 780 ad
747 727 1054 800 allegoriam
1095 735 1189 791 liat
1217 753 1488 797 accessus.
1522 744 1638 800 Dixi

89 817 210 885 quod
226 815 375 887 305
390 818 530 875 Deus
559 838 653 891 per
673 828 1049 893 prmdicatores
1080 833 1211 903 pluit
1227 837 1526 896 doctrinam
1547 858 1641 899 co-

92 923 162 961 ne
183 910 307 960 lendi
330 924 527 977 corpus
558 928 737 969 Sllltlll.
762 917 825 971 Et
852 930 910 974 ut
936 922 1099 979 etiam
1126 929 1205 982 eis
1231 929 1336 984 alia
1365 921 1635 1004 praecepta

87 997 266 1066 [lueret
294 1014 388 1067 per
414 1001 655 1069 eosdem,
708 1012 975 1065 transtulit
1027 1014 1091 1070 de
1113 1017 1241 1072 ctvlo
1289 997 1548 1090 austrum,
1582 1026 1636 1083 id

85 1092 153 1141 (ει
178 1085 382 1141 abstulit
430 1088 497 1143 de
554 1096 812 1165 mysterio
866 1102 1113 1160 sublimis
1159 1085 1634 1181 contemplationis

85 1174 431 1244 prtedicatorcs
456 1180 549 1248 qui
591 1192 716 1239 sunt
774 1187 1046 1251 ferventes
1094 1195 1217 1266 igne
1261 1174 1540 1258 cbaritatis
1578 1214 1633 1261 et

84 1263 187 1319 ﬁdei
220 1280 234 1317 :
280 1265 344 1319 ad
365 1264 773 1329 similitudinem
796 1282 991 1334 austri.
1022 1263 1138 1353 qui-
1153 1287 1359 1344 calidus
1391 1302 1474 1346 est
1501 1308 1633 1349 ven-

82 1364 165 1415 tus,
196 1362 293 1409 eta
320 1359 489 1414 calida
531 1364 754 1432 regione
805 1371 1048 1429 veniens.
1096 1375 1162 1429 Et
1186 1378 1391 1436 induxit
1432 1384 1485 1438 in
1521 1395 1630 1442 ter-

78 1457 173 1495 ram
192 1444 428 1513 africum,
456 1450 576 1506 illos
603 1456 842 1523 eosdem,
867 1462 1071 1520 scilicet
1112 1467 1324 1525 induxit
1370 1473 1423 1529 in
1461 1485 1626 1533 terre-

77 1546 173 1595 nos,
197 1541 249 1585 ut
298 1535 376 1591 eis
412 1540 789 1608 priedicarent.
821 1549 1020 1608 Auster
1059 1565 1117 1609 et
1160 1557 1363 1618 africus
1400 1565 1624 1622 eosdem

76 1632 254 1692 notant,
296 1638 520 1701 uterque
543 1649 826 1707 namquea
854 1643 1026 1699 calida
1060 1650 1278 1720 regione
1316 1657 1484 1711 venit.
1524 1659 1615 1714 Vel

76 1715 110 1767 si
133 1715 626 1778 dicamus:Eurum
676 1731 944 1785 transtulit
990 1734 1055 1789 de
1093 1715 1256 1803 caelo,
1315 1744 1419 1799 erit
1465 1760 1530 1799 ac
1576 1747 1621 1801 si

75 1803 290 1860 diceret:
334 1808 721 1879 Prtedicatores
770 1821 862 1889 qui
915 1836 1042 1881 sunt
1083 1827 1243 1886 lucidi
1297 1831 1351 1887 in
1403 1835 1616 1892 sublimi
1655 1844 1697 1904 Β

75 1891 149 1945 Dei
168 1896 483 1967 cognitione,
527 1905 618 1972 qui
661 1907 1015 1979 designantur
1065 1930 1162 1986 per
1211 1934 1401 1977 eurum
1465 1925 1617 1995 quia

74 1981 221 2038 lucida
256 1992 437 2044 mundi
472 1992 626 2064 plaga
659 1999 827 2066 venit,
864 2002 932 2057 ab
951 2006 1164 2063 oriente
1194 2012 1421 2082 scilicet,
1442 2016 1619 2071 abstu-

72 2071 120 2126 lit
144 2074 200 2130 de
222 2082 691 2150 contemplationis
727 2092 907 2148 studio
936 2104 994 2150 ut
1037 2071 1420 2167 praedicationi
1461 2121 1619 2162 vaca-

72 2174 183 2219 rent.
214 2166 276 2221 Et
297 2184 389 2224 eos
416 2174 713 2234 existentes
736 2180 989 2253 africum,
1040 2166 1092 2243 id
1121 2200 1205 2245 est
1257 2192 1310 2247 in
1352 2195 1616 2254 cltaritate

70 2252 273 2312 fervidos
312 2260 563 2334 allegavit
596 2267 649 2321 in
700 2264 888 2326 curam
944 2278 1360 2345 praedicationis.
1397 2284 1464 2339 Et
1512 2290 1616 2342 hoc

70 2343 171 2398 fecit
196 2348 244 2399 in
268 2351 452 2406 virtute
488 2372 607 2421 sua,
638 2358 689 2413 id
719 2371 800 2415 est
840 2364 891 2417 in
934 2343 1172 2435 potentia
1201 2386 1320 2425 sua.
1372 2374 1436 2427 Et
1470 2386 1612 2444 post-

68 2448 200 2502 quam
230 2437 441 2495 induxit
486 2457 579 2500 eos
610 2446 663 2501 in
691 2463 876 2504 curam
930 2456 1330 2523 praedicationis
1351 2502 1365 2525 ,
1400 2478 1495 2530 per
1533 2465 1612 2534 ip-

68 2540 138 2579 sos
164 2528 560 2599 praadicatores,
590 2535 720 2605 pluit
743 2556 897 2609 super
912 2558 1025 2604 eos,
1058 2544 1107 2597 id
1143 2556 1227 2601 est
1252 2528 1614 2607 haereticos-ct

68 2612 219 2673 ﬁdeles
253 2620 416 2675 etiam
445 2640 653 2681 carnes.
697 2628 762 2682 Et
792 2633 943 2698 ponit
984 2633 1245 2704 pluralem
1294 2655 1393 2710 pro
1426 2642 1581 2711 singn

69 2701 168 2766 lari,
195 2720 372 2760 carnes
420 2710 668 2766 videlicet
696 2729 791 2783 pro
815 2701 1059 2773 carnem.
1108 2720 1241 2776 Cum
1291 2724 1422 2779 diiit
1456 2742 1612 2797 super

64 2809 151 2859 eos,
176 2795 345 2851 innuit
383 2802 524 2868 quod
549 2802 615 2857 de
644 2820 859 2867 sursum
905 2810 1054 2864 venit
1098 2811 1343 2869 doctrina
1380 2816 1490 2884 illa,
1545 2834 1608 2873 ac

65 2885 97 2938 si
123 2886 305 2941 diceret
347 2906 360 2940 :
398 2888 542 2944 Pluit
576 2911 732 2959 super
772 2915 857 2952 eos
886 2915 1133 2969 carnem,
1188 2904 1238 2958 id
1272 2914 1355 2959 est
1404 2905 1607 2963 doct'ri-

68 2989 167 3028 nam
191 2975 577 3037 incarnationis
604 2982 762 3039 Verbi
790 2986 902 3042 Dei.
937 2988 1166 3046 Carnem
1197 2991 1317 3048 dico
1371 2995 1607 3049 existen-

65 3073 147 3119 tem
169 3068 292 3122 sicut
316 3071 616 3142 pulverem,
650 3075 701 3128 id
731 3086 812 3132 est
837 3077 1005 3134 levem
1031 3081 1084 3135 in
1121 3083 1268 3138 omni
1302 3085 1502 3141 virtute
1551 3097 1605 3142 et

62 3169 193 3220 opere
224 3157 384 3223 bono,
416 3170 472 3215 et
496 3160 787 3218 immunem
817 3166 885 3220 ab
925 3169 1073 3224 omni
1102 3170 1328 3228 humore
1372 3180 1599 3244 peccati,
1631 3187 1675 3247 ο

62 3239 173 3293 sicut
201 3242 370 3311 pulvis
402 3256 484 3301 est
509 3248 638 3304 levis
662 3260 715 3305 et
745 3254 862 3308 sine
889 3255 1115 3312 humore
1140 3300 1154 3325 ,
1199 3268 1252 3315 et
1280 3277 1385 3316 non
1424 3264 1596 3318 solum

61 3342 239 3385 carnem
267 3334 429 3403 pluit,
453 3339 547 3392 sed
575 3349 631 3393 et
657 3341 890 3396 volatilia
932 3356 1178 3415 pennata,
1226 3350 1276 3404 id
1306 3364 1389 3406 est
1419 3367 1453 3409 ο
1478 3355 1599 3409 nnia

62 3431 290 3491 prmcepta
314 3422 556 3481 salubria
577 3444 697 3497 quae
724 3433 1017 3490 sublimant
1036 3436 1217 3494 ﬁdeles
1243 3441 1310 3495 ad
1333 3443 1600 3513 etnlestia,

60 3508 172 3563 sicut
198 3527 381 3580 penna:
410 3516 668 3575 volatilia.
701 3521 765 3575 Et
797 3523 908 3592 ipsa
960 3538 1228 3598 prtecepta
1276 3533 1599 3599 ceciderunt,

60 3598 100 3653 id
122 3611 191 3656 est
218 3603 450 3675 desuper
479 3620 743 3666 venerunt
772 3613 823 3667 itt
874 3617 1045 3670 medio
1080 3629 1371 3674 castrorum
1395 3638 1597 3689 eorunt,

60 3690 98 3742 id
128 3704 197 3748 est
220 3696 267 3749 in
291 3710 505 3768 aperto,
538 3703 589 3755 iu
622 3705 820 3770 medio,
849 3707 1053 3763 selicet
1103 3711 1378 3766 οἰνῖι.ιιιιιη
1411 3729 1599 3769 eorum

56 3794 150 3846 qua!
172 3794 337 3839 castra
371 3788 654 3858 dicuntur,
677 3806 741 3847 eo
767 3797 908 3863 quod
951 3799 1015 3850 ad
1046 3799 1456 3855 similitudinem
1484 3819 1601 3857 cas-

59 3879 227 3930 trorum
267 3880 598 3935 trausitori:e
645 3894 769 3939 sunt
804 3904 815 3938 :
860 3898 913 3942 et
950 3888 1239 3958 aliquando
1286 3892 1599 3949 ceciderunt

56 3965 169 4016 circa
188 3970 528 4023 tabernacula
554 3987 755 4037 eorum,
786 3974 835 4026 id
867 3986 944 4028 est
971 3977 1114 4032 circa
1153 3982 1341 4037 domos
1398 3983 1450 4037 in
1482 3986 1599 4055 qui-

59 4050 138 4103 bus
176 4054 411 4112 breviter
457 4058 736 4125 habitant,
787 4072 843 4118 et
867 4066 935 4119 ad
966 4067 1154 4121 horam
1187 4078 1243 4123 ut
1274 4071 1324 4124 in
1355 4050 1598 4127 taberna-

53 4141 179 4197 culis.
206 4145 353 4213 Quod
407 4158 493 4203 est
540 4150 767 4207 dicere:
804 4152 1109 4226 Aliquando
1158 4147 1599 4230 prtedfcaverunt

52 4244 281 4303 praecepta
312 4237 556 4293 salubria
594 4241 801 4310 private
837 4244 889 4299 in
939 4245 1188 4303 domibus
1220 4260 1278 4304 ut
1319 4252 1596 4308 auditores

53 4324 375 4392 attraliercnt,
412 4329 706 4399 aliquando
735 4350 855 4389 cum
885 4336 1136 4393 idoneum
1170 4351 1313 4399 esset
1334 4345 1596 4415 prcedicn-

53 4425 209 4468 venint
234 4418 284 4471 in
315 4420 607 4477 manifesto
636 4424 689 4479 in
727 4427 904 4481 medio
930 4427 1235 4486 civitatum.

106 4503 379 4577 Sequitur:
410 4513 542 4568 Dico
561 4516 702 4584 quod
732 4517 870 4574 Dens
906 4519 1037 4589 pluit
1068 4521 1192 4579 liliis
1213 4523 1587 4582 lsraelmanna
1622 4524 1666 4582 D

50 4603 93 4647 et
129 4600 378 4669 volatilia,
434 4614 490 4659 et
523 4605 623 4675 ipsi
662 4610 1104 4667 manducaverunt
1154 4631 1236 4678 ea,
1276 4626 1330 4671 et
1367 4633 1471 4672 non
1527 4619 1595 4673 ad

51 4689 484 4761 mediocritatem,
513 4698 609 4753 sed
645 4701 871 4754 saturati
900 4713 1021 4756 sunt
1068 4703 1251 4771 nimis,
1291 4706 1343 4760 id
1382 4715 1465 4762 est
1505 4723 1595 4763 co-

52 4779 301 4838 mederunt
338 4787 409 4840 ad
434 4785 722 4857 ingluviem
763 4807 775 4843 :
808 4800 862 4845 et
887 4791 1015 4848 licet
1052 4794 1121 4849 ad
1165 4794 1454 4866 ingluviem
1505 4813 1594 4853 co-

50 4871 311 4940 mederent,
344 4886 529 4933 tamen
552 4879 867 4937 desiderium
895 4900 1074 4939 eorum
1102 4888 1276 4941 attulit
1290 4890 1385 4953 eis,
1409 4898 1464 4945 et
1489 4906 1592 4946 non

50 4958 89 5011 in
107 4973 262 5030 parte,
290 4968 388 5023 scd
429 4968 564 5026 adeo
611 4972 753 5040 quod
804 4978 1087 5031 non‘snnt
1140 4978 1393 5046 fraudati,
1434 4981 1484 5035 id
1511 4991 1594 5037 est

48 5046 258 5108 diminuti
284 5070 314 5109 a
346 5056 620 5115 desiderio
649 5075 766 5116 suo.
790 5062 941 5129 Quod
965 5074 1050 5120 est
1073 5066 1255 5121 dicere
1284 5083 1299 5122 :
1323 5069 1593 5140 Quidquid

48 5137 394 5202 desiderabant
419 5148 500 5204 eis
528 5152 776 5208 contulit.
807 5156 871 5210 Et
887 5157 1013 5226 quia
1049 5173 1230 5213 escam
1270 5175 1300 5214 a
1333 5162 1442 5217 Deo
1466 5137 1589 5218 cum

49 5235 307 5293 testatione
338 5239 634 5310 petierant,
659 5252 714 5299 et
764 5262 887 5300 cum
935 5248 1169 5319 ingluvie
1208 5253 1588 5317 comedebant,

46 5320 189 5378 adhuc
204 5338 348 5383 erant
378 5329 436 5383 in
466 5346 553 5386 ore
573 5349 749 5388 eorum
771 5352 921 5402 escit,
954 5338 1004 5394 id
1037 5349 1115 5397 est
1130 5343 1306 5399 adhuc
1338 5347 1587 5401 comede~

47 5408 153 5465 bant
174 5431 363 5473 manna
406 5422 747 5490 etvolatilia,
774 5436 822 5480 et
852 5427 933 5483 ira
980 5429 1075 5484 Dei
1108 5434 1238 5487 venit
1274 5451 1431 5505 super
1480 5452 1590 5503 eos,

48 5496 88 5552 id
138 5512 215 5559 est
246 5506 477 5564 indilate
514 5512 751 5569 vindicta
799 5515 890 5573 Dei
959 5519 1275 5587 descendit,
1338 5496 1402 5581 ut
1447 5526 1592 5595 juste

44 5595 340 5660 opprimeret
370 5616 493 5656 eos.
519 5603 749 5673 Exponit
791 5610 1079 5677 quomodo,
1125 5629 1247 5667 cum
1278 5616 1492 5672 subdit:
1528 5620 1593 5675 Et

48 5681 139 5752 ipsa
166 5687 239 5744 ira
272 5694 463 5748 occidit
494 5696 707 5765 pingues
741 5714 950 5762 eorum,
984 5702 1037 5757 id
1076 5713 1158 5758 est
1183 5708 1444 5775 superbos
1499 5712 1586 5779 qui

48 5787 97 5827 cx
157 5780 478 5853 pinguedine
538 5790 913 5858 prosperitatis
962 5806 1274 5865 arrogantes
1323 5810 1494 5857 erant.
1522 5801 1589 5856 Et

984 351 1350 411 EXPOSITIO
1378 355 1446 410 IN
1480 358 1818 423 PSALMOS.
1847 400 1915 413 -—-
1937 372 2135 434 PSAL.
2174 382 2427 444 LXXV”.

96 451 213 505 Nam
226 450 583 508 cecideruntm
603 457 770 511 medio
786 470 1079 516 castrorum
1106 482 1305 530 eorum,
1325 480 1373 523 et
1394 471 1533 525 circa
1564 483 1643 528 τα·
1672 486 1717 542 Α
1746 490 1823 539 tm
1848 504 1914 543 ex

3184 423 3322 480 1M2

1939 491 2070 562 ipsis
2106 502 2294 555 occidit
2342 515 2476 574 quot
2524 511 2710 570 electos
2746 534 2811 576 ex
2866 523 3038 585 Israel
3073 534 3315 608 Moysen.

1742 583 1950 639 scilicet
1970 597 2025 642 et
2050 600 2275 649 caeteros
2295 597 2549 665 prmlatos
2569 613 2623 659 et
2646 619 2863 668 sanctos
2885 583 3316 698 impedivithvtiod

1742 688 1850 729 non
1884 690 2102 746 possent
2143 683 2246 739 iter
2295 702 2486 759 agere,
2539 694 2827 755 disturbati
2869 683 3055 765 eorum
3086 683 3310 773 funerei

1739 762 1823 816 vel
1865 765 2125 837 impedivit
2177 776 2466 834 orationem
2515 782 2825 855 electorum,
2874 793 2926 848 id
2960 807 3043 853 est
3081 801 3313 861 inclllca-

1737 868 1854 910 cem
1877 857 2091 916 fecitad
2125 866 2342 923 modum
2390 873 2468 929 rei
2508 874 2805 948 impeditae,
2847 892 2907 939 ut
2937 901 3061 943 cum
3108 893 3316 952 scilicet

1737 960 1834 1014 pro
1872 949 1953 1005 eis
1990 965 2232 1024 orarent,
2274 975 2382 1016 non
2431 963 2787 1036 impetrarent
2825 990 2840 1028 :
2873 984 2929 1032 et
2972 982 3097 1034 cum
3133 988 3313 1040 cmteri

1735 1040 1826 1109 qui
1857 1047 2175 1113 superstites
2229 1051 2468 1124 fuerunt,
2515 1063 2760 1133 castigati
2807 1074 2929 1125 esse
2977 1066 3313 1148 debuissent,

1734 1143 1802 1184 ne
1827 1140 2113 1200 peccarent
2144 1138 2198 1194 in
2231 1145 2662 1207 consideratione
2683 1158 3120 1226 supradictorum
3148 1138 3313 1223 mira:

1732 1220 1940 1293 bilinm,
1972 1236 2026 1282 et
2055 1229 2280 1300 hujusce
2302 1236 2576 1307 vindictae,
2602 1220 2781 1301 tamen
2826 1249 2881 1305 in
2928 1220 3189 1311 omnibus:
3229 1258 3325 1315 an

1731 1320 2093 1387 consideratis,
2125 1323 2178 1378 id
2207 1327 2364 1382 estin
2392 1333 2787 1394 considerando
2818 1339 2935 1398 haec
2975 1347 3157 1400 omnia
3183 1363 3310 1419 pec-

1729 1420 1989 1466 caverunt
2014 1414 2210 1480 adhuc,
2236 1427 2284 1470 et
2312 1435 2415 1475 non
2446 1424 2784 1483 crediderunt
2840 1429 3010 1488 Deum
3065 1414 3306 1493 futurum

1728 1496 1957 1554 ultorem
1985 1502 2035 1555 in
2066 1504 2389 1563 mirabilibus
2409 1511 2523 1579 ejus
2552 1553 2567 1579 ,
2604 1514 2657 1568 id
2682 1517 2845 1573 est-in
2874 1521 3307 1581 consideratione

1727 1588 2057 1647 mirabilium
2087 1594 2226 1665 ejus.
2254 1596 2407 1663 Quod
2431 1610 2518 1657 est
2560 1604 2743 1662 dicere
2786 1625 2800 1663 :
2830 1609 2965 1666 Cum
3010 1613 3064 1668 in
3120 1618 3300 1673 consi-

1724 1678 2002 1738 deratione
2057 1686 2491 1755 supradictorum
2538 1693 2865 1754 mirabilium
2913 1702 3136 1759 credere
3210 1707 3304 1764 de-

1724 1769 1993 1839 buissent,
2025 1772 2196 1830 Deum
2249 1779 2483 1837 ultorem
2539 1783 2801 1853 futurum,
2846 1797 3024 1847 tamen
3077 1796 3305 1852 credere

1724 1860 2085 1917 nolueruntut
2110 1879 2405 1924 cessarent.
2442 1870 2510 1925 Et
2531 1871 2655 1929 ideo
2690 1876 2799 1931 dies
2814 1893 2993 1933 eorum
3018 1881 3074 1936 in
3104 1885 3304 1941 unitate

1722 1953 2070 2011 existenlium
2096 1958 2414 2030 defecerunt.
2441 1963 2592 2031 Quod
2614 1974 2700 2023 est
2726 1968 2913 2027 dicere
2942 1990 2955 2027 :
2983 1974 3079 2029 Via
3108 1991 3296 2038 eorum

1720 2046 1920 2105 defecit
1942 2060 2001 2107 ut
2028 2064 2391 2123 morerentur,
2406 2059 2531 2129 quia
2547 2063 2669 2119 vani
2691 2076 2866 2122 erant.
2883 2067 2979 2127 Vel
3003 2071 3083 2127 sic
3108 2087 3122 2126 :
3148 2072 3300 2144 Defe-

1718 2151 1899 2195 cerunt
1930 2141 1986 2197 in
2039 2160 2245 2203 morem
2282 2148 2591 2220 aliquorum
2637 2157 2692 2212 in
2744 2161 2977 2217 vanitate
3020 2173 3295 2221 natorum.

1717 2226 1873 2294 Quod
1894 2241 1981 2287 est
2011 2233 2233 2293 dicere:
2283 2239 2357 2295 Ita
2391 2244 2589 2299 mortui
2629 2259 2776 2312 sunt,
2807 2259 2867 2304 ut
2896 2253 2949 2307 in
3005 2266 3201 2309 vanum
3243 2265 3299 2312 et.

1716 2316 1837 2374 sine
1887 2322 2129 2392 qualibet
2176 2327 2406 2385 utilitate
2444 2333 2761 2392 viderentur
2805 2355 2926 2397 esse
2950 2344 3084 2408 nati,
3113 2354 3299 2401 etnon

1719 2409 1871 2465 tarde
1893 2411 2216 2471 defecerunt
2242 2419 2436 2492 306,
2467 2425 2562 2479 sed
2605 2429 2733 2482 anni
2760 2445 2934 2485 eorum
2980 2432 3299 2490 defecerunt

1715 2514 1836 2553 cum
1869 2500 2228 2575 festinatione,
2264 2510 2318 2566 id
2345 2521 2430 2567 est
2460 2513 2705 2582 indilate,
2739 2518 2855 2574 dies
2883 2529 2939 2576 et
2976 2523 3125 2590 anni,
3150 2526 3297 2581 idem

1716 2589 1804 2650 hic
1826 2604 1974 2653 sunt.
2000 2595 2134 2653 Cum
2161 2592 2343 2657 autem
2372 2603 2514 2661 Deus
2544 2607 2797 2664 occideret
2835 2626 2943 2675 eos,
2977 2612 3051 2669 illi
3080 2589 3171 2683 qui
3200 2631 3293 2670 su-

1713 2688 1968 2757 perstites
1996 2699 2185 2757 erant,
2216 2693 2409 2750 timore
2438 2697 2635 2762 coacti,
2668 2701 2972 2764 quterebant
2998 2720 3117 2758 eum
3171 2720 3299 2775 pre.

1712 2780 1888 2846 cibus,
1921 2791 1969 2836 et
2018 2784 2409 2838 revertebantur
2458 2789 2774 2858 paenitendo
2832 2794 2897 2847 de
2925 2795 3188 2863 peccatis,
3244 2808 3295 2851 et

1712 2872 1977 2939 veniebant
2005 2874 2075 2927 ad
2118 2892 2237 2929 eum
2288 2880 2647 2946 promissione
2705 2881 3043 2942 obedientiam
3076 2886 3146 2942 Et
3190 2888 3293 2944 hoc

1709 2960 1963 3029 diluculo,
2005 2964 2058 3020 id
2080 2975 2165 3021 est
2190 2968 2456 3036 studiose,
2501 2985 2532 3025 a
2567 2971 2925 3030 similitudine
2981 2976 3287 3044 clientium,

1708 3052 1797 3119 qui
1829 3052 1975 3109 circa
2001 3056 2275 3124 negotium
2306 3056 2519 3113 Domini
2549 3060 2774 3116 studiosi
2795 3061 3029 3121 diluculo
3042 3077 3297 3138 surgunt-

1710 3142 1776 3198 Et
1807 3153 1935 3200 tunc
1962 3148 2462 3215 rememoratisunt,
2494 3151 2640 3221 quod
2688 3151 2843 3209 obliti
2871 3168 3027 3211 erant
3059 3159 3113 3213 in
3164 3174 3290 3230 pro-

1705 3237 1985 3305 Speritate,
2024 3237 2233 3294 scilicet
2259 3241 2397 3307 quod
2425 3241 2566 3297 Deus
2585 3245 2801 3313 adjutor
2829 3257 2902 3301 est
2931 3264 3135 3316 eorum,
3158 3265 3263 3307 con

1707 3336 1789 3382 tra
1812 3327 2064 3383 instantia
2093 3330 2420 3400 pericula,et
2434 3331 2576 3388 Deus
2603 3336 2857 3404 excelsus,
2891 3339 2944 3395 id
2984 3349 3071 3396 est
3109 3344 3282 3398 omni-

1704 3427 1896 3489 potens
1918 3421 2211 3491 redemptor
2233 3438 2413 3478 eorum
2441 3435 2537 3491 esi,
2554 3426 2647 3495 qui
2673 3441 2768 3483 eos
2797 3428 3006 3487 scilicet
3026 3432 3093 3488 de
3122 3446 3285 3489 manu

1703 3511 2002 3569 Pharaonis
2035 3515 2177 3569 etde
2213 3514 2348 3569 mari
2396 3514 2581 3572 Rubro
2611 3518 2862 3575 redemit.
2903 3520 2971 3575 Et
3024 3532 3150 3579 tunc
3203 3526 3289 3579 di-

1704 3600 1943 3656 lexerunt
1970 3618 2086 3656 eum
2120 3603 2172 3655 in
2196 3618 2285 3657 ore
2311 3620 2443 3670 suo,
2492 3605 2545 3659 id
2588 3616 2673 3662 est
2730 3624 2880 3665 more
2930 3610 3283 3669 simulatoris.

1702 3689 1855 3757 Quod
1900 3698 1984 3746 est
2036 3691 2257 3747 dicere:
2289 3691 2639 3752 Protulerunt
2696 3698 2856 3753 verba
2920 3700 3281 3771 simulatoria,

1703 3796 1823 3851 quae
1862 3783 1927 3836 ad
1972 3782 2317 3839 dilectionem
2373 3788 2647 3855 pertinere
2686 3790 3026 3849 videbantur.
3083 3793 3150 3849 Et
3188 3812 3284 3854 ore

1702 3873 1989 3943 diligendo,
2024 3876 2224 3929 mentiti
2250 3886 2371 3930 sunt
2408 3878 2456 3932 ei
2488 3878 2540 3933 in
2571 3878 2754 3951 lingua
2781 3899 2904 3951 sua,
2933 3885 2985 3939 id
3008 3895 3093 3942 est
3114 3888 3280 3944 simu-

1703 3965 1913 4030 latoria,
1954 3965 2318 4035 promittendo
2373 3983 2432 4024 se
2469 3985 2591 4025 eum
2626 3972 2871 4044 diligere.
2935 3974 3051 4034 Hoc
3095 3988 3276 4036 autem

1699 4057 1919 4125 exponit
1966 4061 2235 4127 quomodo
2274 4060 2475 4113 mentiti
2522 4072 2686 4130 sunt,
2728 4080 2851 4120 cum
2896 4067 3048 4123 addit
3090 4086 3103 4123 :
3149 4070 3278 4126 Dico

1699 4150 1841 4220 quod
1871 4150 1926 4204 in
1964 4166 2053 4205 ore
2079 4150 2407 4217 dilexerunt;
2454 4151 2558 4208 Cor
2603 4164 2776 4210 autem
2805 4172 2982 4212 eorum
3012 4176 3114 4215 non
3163 4174 3278 4216 erat

1699 4252 1893 4294 rectum
1924 4256 1943 4295 :
1968 4240 2175 4296 scilicet
2202 4256 2309 4296 non
2341 4250 2461 4296 erat
2510 4258 2633 4297 cum
2663 4259 2728 4298 eo
2776 4245 2885 4301 Deo
2936 4263 3185 4313 concors.
3219 4264 3276 4308 nt

1700 4333 1828 4389 illud
1851 4333 2015 4389 vellet
2035 4334 2178 4405 quod
2219 4333 2379 4389 Deus.
2420 4334 2645 4391 [tectum
2670 4345 2852 4393 autem
2878 4349 3046 4409 esset,
3074 4344 3119 4399 si
3148 4360 3272 4401 cum

1698 4439 1763 4480 eo
1788 4434 1952 4481 esset.
1987 4422 2099 4479 Nec
2117 4424 2296 4494 ﬁdeles
2325 4426 2618 4507 habitisunt
2641 4427 2778 4484 bene
2802 4434 3101 4500 operando,
3117 4438 3168 4492 in
3200 4449 3275 4494 te-

1693 4527 1947 4573 stamento
1971 4517 2103 4587 ejus,
2119 4517 2269 4572 idest
2289 4517 2344 4573 in
2372 4518 2728 4587 promissione
2749 4537 2907 4592 quam
2930 4526 2980 4581 ei
3008 4527 3271 4585 fecerunt.

1699 4611 1850 4678 Quod
1879 4619 1962 4665 est
1994 4610 2176 4665 dicere
2204 4625 2218 4663 :
2246 4607 2390 4663 Bene
2408 4610 2617 4680 operati
2654 4626 2759 4666 non
2785 4624 2930 4682 sunt,
2963 4624 3021 4673 ut
3059 4619 3111 4674 in
3141 4636 3272 4692 pro-

1697 4701 1951 4756 missione
1979 4716 2075 4757 sua
2102 4700 2288 4756 ﬁdeles
2314 4708 2517 4756 essent.
2558 4699 2681 4770 Ipse
2734 4714 2910 4759 autem
2955 4707 3096 4764 Deus
3145 4727 3285 4768 cum

1689 4791 1833 4861 juste
1860 4801 2043 4863 posset
2063 4793 2129 4848 de
2147 4793 2228 4849 eis
2253 4792 2441 4848 ulcisci
2466 4832 2480 4857 ,
2523 4792 2818 4850 misericors
2848 4808 2924 4853 est
2969 4801 3021 4857 in
3052 4804 3136 4859 sui
3176 4821 3272 4860 na-

1697 4893 1838 4940 tura.
1863 4884 1931 4939 Et
1962 4886 2219 4955 propitius
2239 4886 2328 4955 ﬁet
2374 4888 2599 4957 peccatis
2642 4905 2842 4957 eorum,
2888 4904 3149 4964 quantum
3204 4901 3273 4953 ad

1697 4980 1952 5050 reliquias
1979 4995 2167 5036 eorum
2190 4979 2244 5035 in
2281 4978 2387 5036 line
2410 4980 2619 5048 mundi,
2658 4983 2865 5039 scilicet
2903 4989 3157 5057 propitius
3181 4990 3269 5058 ﬁet

1697 5070 1749 5125 in
1784 5070 1890 5127 line
1920 5069 2103 5125 mundi
2130 5070 2368 5141 peccatis
2418 5072 2816 5128 nasciturorum
2846 5075 3054 5147 adhuc,
3076 5087 3123 5132 et
3164 5095 3271 5133 non

1693 5165 1949 5236 disperdet
1974 5182 2078 5231 eos,
2105 5166 2158 5222 id
2188 5174 2388 5221 estnon
2411 5167 2652 5223 destruet
2679 5179 2943 5239 posteros,
2987 5171 3125 5226 sicut
3162 5171 3268 5226 dis.

1694 5257 1926 5327 perdidit
1948 5265 2130 5328 patres
2167 5257 2491 5314 incredulos.
2527 5260 2623 5316 llic
2646 5277 2743 5331 per
2790 5262 3030 5333 lyptoten
3066 5262 3266 5319 intelli-

1693 5349 1858 5420 gitur,
1889 5348 2027 5421 quod
2070 5348 2291 5404 salvabit
2327 5366 2439 5415 eos,
2482 5359 2538 5406 et
2578 5352 2834 5421 quoniam
2865 5352 2911 5409 si
2957 5367 3146 5411 omnes
3171 5368 3264 5424 pa-

1696 5450 1806 5497 tres
1837 5440 2231 5507 interfecisset,
2262 5441 2356 5497 lilii
2388 5457 2494 5497 non
2526 5452 2880 5499 nascerentur
2905 5446 3101 5517 quibus
3132 5460 3263 5515 pro-

1693 5530 1998 5599 pitiaretur.
2044 5532 2195 5587 Adeo
2220 5531 2500 5585 abundavit
2550 5533 2941 5600 misericordia,
2973 5545 3029 5589 ut
3071 5545 3257 5590 averte-

1693 5632 1768 5676 ret
1798 5623 1953 5688 iram,
1986 5623 2039 5677 id
2064 5631 2148 5677 est
2174 5623 2473 5678 vindictam
2502 5636 2654 5678 suam
2702 5641 2730 5678 a
2757 5625 3023 5695 patribus,
3057 5636 3109 5681 et
3158 5641 3260 5680 non

1693 5711 1771 5766 sic
1792 5719 2060 5767 averteret
2088 5710 2231 5780 quod
2256 5710 2458 5766 nullum
2484 5710 2829 5777 interﬁceret,
2863 5714 2956 5767 sed
3020 5715 3095 5767 ita
3120 5716 3260 5783 quod

1696 5817 1794 5854 non
1827 5800 2060 5855 accendit
2102 5816 2303 5855 omnem
2342 5800 2478 5856 iram
2509 5817 2680 5870 suam,
2705 5811 2964 5859 utomnes
2993 5800 3257 5871 perderet.
