3856 6322
548 382 688 440 1043

1133 382 1188 433 S.
1233 378 1576 437 BRUNUNIS
1614 381 2249 438 CAlt'lHUSlANORUM
2286 380 2762 437 INSTITUTORIS
2797 381 2947 438 OPP.
2980 382 3161 438 PARS
3189 383 3227 438 1.

3618 398 3715 456 1οη

546 497 623 551 Ac
651 498 697 552 si
724 503 870 553 dicat
904 515 917 551 :
948 495 1615 566 Partemoccidit,partem
1639 504 1815 549 autem
1840 501 1905 549 ad
1929 510 2119 551 crean-
2150 507 2194 562 Α
2226 505 2549 559 moriuntur,
2583 496 2705 565 quia
2736 495 2858 549 vani
2910 506 3054 551 sunt.
3086 495 3182 551 Vel
3232 498 3311 553 sic
3337 517 3349 554 :
3379 498 3607 559 Deficiunt
3637 511 3715 565 diu

549 590 673 641 dum
701 588 843 645 ﬁlios
871 588 1067 659 quibus
1118 588 1466 643 misereretur
1497 588 1550 642 in
1595 586 1776 642 futuro
1825 587 2048 652 dimisit,
2071 594 2127 641 et

551 686 605 729 ut
640 678 1014 733 misericordia
1042 677 1371 739 abundaret,
1410 678 1709 730 recordatus
1737 684 1813 729 est
1833 675 1971 745 quod
2001 690 2124 728 caro

550 780 691 835 sunt,
716 771 769 826 id
792 772 1119 827 estcarnalis
1142 773 1383 826 materiei
1405 778 1530 825 sunt
1548 777 1603 824 et
1623 768 1850 837 fragilis,
1868 776 1923 822 et
1947 781 2127 836 prome

553 862 618 914 ad
649 862 981 929 peccandum
1012 880 1025 916 :
1057 871 1111 917 et
1159 864 1281 918 ideo
1330 861 1549 931 fragiles
1594 859 1739 929 quod
1779 860 2016 929 spiritus,
2072 856 2126 913 id

554 960 638 1005 est
666 953 807 1010 ratio
834 968 1022 1010 eorum
1069 962 1152 1008 est
1182 959 1395 1019 vadens,
1445 952 1498 1006 id
1534 959 1617 1006 est
1656 966 1685 1005 a
1716 951 1826 1005 Deo
1872 950 2129 1005 recedens

557 1061 653 1114 per
680 1056 961 1116 peccatum
994 1086 1008 1111 ,
1034 1056 1080 1099 et
1108 1062 1209 1100 non
1238 1045 1439 1099 rediens
1487 1058 1584 1113 per
1608 1056 1686 1099 se.
1737 1042 1888 1109 Quod
1918 1050 2004 1097 est
2049 1040 2128 1096 di-

559 1152 682 1192 cere
710 1155 723 1191 :
754 1137 1067 1191 liccat-datus
1098 1145 1172 1190 est
1201 1136 1343 1206 quod
1375 1136 1510 1190 ratio
1534 1149 1721 1189 eorum
1747 1141 1922 1205 potest
1959 1150 1987 1188 a
2018 1134 2128 1189 Deo

558 1240 655 1295 per
673 1240 731 1280 se
757 1227 1029 1291 recedere,
1062 1225 1155 1280 sed
1190 1225 1435 1291 minime,
1469 1224 1570 1279 nisi
1612 1224 1705 1279 Dei
1760 1224 1933 1295 gratia
1969 1225 2127 1279 redu-

559 1324 739 1381 cente,
772 1316 969 1370 redire.
992 1314 1109 1370 Non
1157 1316 1287 1371 dicit
1340 1316 1664 1380 recordatus,
1702 1316 1844 1385 quod
1891 1331 2127 1386 unquam

560 1404 746 1459 fuisset
778 1404 995 1471 oblitus,
1038 1404 1131 1461 sed
1161 1405 1414 1475 quoniam
1441 1406 1736 1462 occidendo
1763 1419 1855 1462 eos
1890 1405 1942 1459 in
1975 1414 2129 1475 parte

556 1495 842 1551 videbatur
868 1496 1091 1554 oblitus.

622 1585 829 1644 Horum
850 1589 1132 1647 duodecim
1154 1605 1407 1647 versuum
1430 1592 1609 1648 littera
1630 1600 1980 1664 pertractata,
1997 1592 2129 1650 alle-

555 1681 710 1749 goria
737 1682 1058 1754 attingatur.
1092 1683 1224 1740 Dico
1252 1685 1395 1755 quod
1424 1701 1613 1754 panem
1638 1687 1943 1757 angelorum
1972 1701 2125 1739 man-

552 1772 712 1827 ducet
737 1775 890 1829 homo
922 1776 1173 1847 quisque,
1205 1785 1259 1831 et
1290 1777 1462 1833 ﬁdelis
1486 1788 1542 1834 et
1591 1780 1843 1834 inﬁdelis.
1880 1778 1947 1834 Et
1970 1792 2126 1832 man-

554 1865 772 1933 ducant,
797 1868 1038 1937 inquam,
1093 1869 1276 1927 ﬁdeles
1311 1880 1364 1925 et
1412 1871 1675 1937 inﬁdeles,
1725 1881 1779 1928 et
1820 1877 2133 1925 saturantur

553 1953 739 2011 ﬁdeles
776 1972 842 2012 ex
871 1972 958 2023 eo,
1005 1958 1245 2016 inﬁdeles
1266 1975 1394 2015 vero
1420 1962 1659 2028 minime,
1687 1962 1894 2018 scilicet
1921 1962 2132 2033 replen-

554 2057 642 2100 tur
678 2061 773 2116 per
809 2048 957 2103 illum
993 2065 1183 2120 panem
1214 2052 1527 2121 angelorum
1557 2067 1616 2107 re
1643 2052 1992 2119 sacramenti,
2026 2052 2133 2107 sci-

554 2137 683 2193 licet
730 2139 929 2196 unione
972 2141 1226 2197 Ecclesia:
1265 2151 1320 2199 et
1349 2141 1678 2211 perfectione
1739 2145 1993 2199 virtutum
2033 2162 2045 2198 :
2079 2151 2135 2200 et

552 2231 677 2299 quia
711 2232 799 2288 bic
830 2249 887 2289 re
923 2235 1246 2290 sacramenti
1286 2235 1574 2301 satiantur,
1598 2234 1787 2291 afferet
1816 2236 1893 2291 eis
1916 2235 2131 2290 deside-

555 2325 691 2380 rium
717 2341 925 2392 eorum,
945 2329 1151 2384 scilicet
1178 2330 1346 2385 vitam
1373 2340 1628 2385 aeternam
1658 2330 1710 2384 in
1743 2329 1945 2392 futuro,
1971 2343 2132 2399 quam

553 2430 651 2487 per
686 2430 1083 2475 sacramentum
1114 2421 1333 2491 adipisci
1361 2421 1671 2477 desiderant
1701 2439 1712 2473 :
1745 2429 1797 2474 et
1823 2435 1930 2475 non
1973 2435 2133 2489 parce

554 2508 741 2566 afferet
769 2512 1095 2567 desiderium
1134 2526 1345 2577 eorum,
1369 2512 1463 2567 sed
1500 2511 1634 2566 adeo
1657 2510 1833 2581 plene,
1857 2512 1999 2581 quod
2027 2524 2131 2565 non

556 2602 966 2669 fraudabuntur,
995 2603 1043 2657 id
1068 2614 1151 2658 est
1170 2618 1275 2657 non
1293 2603 1662 2657 diminucntur
1679 2619 1711 2655 α
1737 2602 1996 2656 desiderio
2013 2618 2129 2666 suo,

554 2692 648 2747 sed
681 2692 891 2762 plenius
917 2694 1238 2749 obtinebunt
1275 2708 1435 2762 quam
1466 2693 1795 2749 desiderent.
1825 2694 1956 2749 Dico
1986 2695 2131 2764 quod

557 2783 1004 2839 manducantibus
1053 2784 1145 2853 qui
1208 2790 1523 2838 saturantur
1576 2782 1764 2839 afferet
1807 2784 2132 2839 desiderium

555 2890 763 2931 eorum.
788 2876 897 2931 llos
927 2883 1105 2930 autem
1131 2875 1222 2945 qui
1252 2874 1484 2929 saturari
1514 2874 1708 2930 nolunt
1756 2874 1909 2943 punit
1942 2874 2030 2929 hic
2053 2875 2135 2929 in-

555 2965 736 3020 dilate.
766 2964 900 3019 Nam
924 2980 1045 3020 cum
1074 2966 1246 3019 adhuc
1266 2981 1397 3019 escrc
1426 2964 1536 3020 sint
1558 2965 1612 3018 in
1646 2980 1733 3019 ore
1763 2966 2015 3033 ipsorum,
2049 2980 2135 3018 as-

556 3057 723 3111 cendit
754 3057 833 3110 ira
868 3056 960 3110 Dei
994 3072 1147 3126 super
1183 3073 1290 3111 eos.
1343 3054 1495 3122 Quod
1533 3063 1618 3109 est
1664 3054 1845 3110 dicere
1872 3072 1885 3107 :
1915 3053 1970 3107 ln
2019 3054 2134 3123 ipsa

555 3147 717 3201 etiam
748 3140 1104 3212 comestioue,
1145 3146 1540 3217 multiplicatur
1575 3146 1654 3199 ira
1686 3144 1781 3198 Dei
1831 3145 1884 3197 in
1916 3158 2136 3214 oppres-

557 3237 706 3293 sione
736 3251 921 3291 eorum
946 3238 1088 3307 ipsos
1122 3238 1351 3293 interius
1373 3237 1711 3299 exeazcaudo,
1748 3236 1872 3305 quia
1920 3236 2131 3290 irreve-

559 3336 742 3383 renter
762 3328 1051 3383 comedunt
1077 3337 1130 3382 et
1156 3328 1395 3397 indigne.
1435 3327 1550 3381 Non
1602 3327 1774 3383 solum
1833 3336 2014 3381 autem
2046 3327 2133 3380 ira

562 3419 656 3473 Dei
677 3420 905 3474 ascendit
935 3436 1091 3489 super
1116 3437 1219 3480 eos,
1255 3419 1526 3490 puniendo
1547 3419 1794 3484 interius,
1825 3420 1919 3473 sed
1947 3426 2001 3473 et
2015 3433 2135 3473 cor-

559 3510 817 3579 poraliter
866 3512 1054 3565 occidit
1117 3514 1331 3581 ningues
1370 3528 1547 3566 eorum
1598 3513 1876 3582 superbos,
1931 3512 2137 3566 scilicet

560 3599 649 3667 qui
679 3600 909 3669 superbe
937 3608 992 3654 et
1026 3600 1141 3654 sine
1162 3597 1465 3655 reverentia
1505 3602 1572 3655 ad
1623 3600 1779 3669 hujus
1808 3601 2134 3655 sacramenti

562 3691 948 3745 comestionem
982 3692 1263 3747 accedunt.
1294 3692 1589 3748 Undedicit
1614 3693 1899 3763 Apostolus
1929 3711 1943 3747 :
1977 3712 1995 3744 ‹
2015 3694 2138 3749 Ideo

565 3780 716 3834 multi
752 3783 892 3835 inter
938 3798 1031 3837 vos
1065 3782 1263 3837 inﬁrmi
1305 3792 1360 3837 et
1401 3784 1721 3849 imbecilles,
1764 3793 1822 3839 et
1863 3785 2140 3840 dormiunt

565 3872 718 3925 multi
779 3872 832 3939 (1
872 3873 993 3928 Cor.
1051 3892 1112 3941 ιι,
1166 3877 1222 3945 5)
1254 3897 1272 3929 ι
1309 3877 1631 3931 dormitione
1697 3878 1901 3933 mortis.
1952 3879 2015 3932 Ει
2041 3894 2139 3949 pro

563 3975 750 4013 eorum
806 3961 1081 4017 occisione
1142 3962 1365 4032 impedit
1413 3964 1599 4018 electos
1666 3964 1862 4031 Israel,
1933 3965 2142 4020 scilicet

566 4050 818 4106 Ecclesia:
864 4054 1132 4123 praelatos,
1194 4054 1324 4110 facit
1362 4056 1646 4125 impeditos
1693 4057 1854 4127 307
1895 4072 2140 4126 compas-

563 4142 716 4197 sioue
782 4143 997 4197 illorum
1061 4160 1197 4214 quos
1267 4146 1498 4211 occidit,
1541 4161 1664 4200 eum
1741 4154 2010 4215 nequeant
2063 4145 2142 4200 eis

561 4235 900 4290 orationibus
954 4235 1260 4291 subvenire.
1316 4235 1408 4288 Vel
1450 4236 1529 4289 sic
1576 4253 1590 4288 :
1644 4234 1757 4289 Non
1815 4234 1987 4290 solum
2017 4236 2144 4289 sub-

563 4326 706 4381 ditos
750 4328 794 4381 si
851 4329 1077 4397 pingues
1127 4328 1235 4382 sint
1286 4326 1461 4396 punit,
1493 4328 1586 4382 sed
1628 4339 1684 4382 et
1712 4326 1915 4382 electos
1962 4326 2145 4381 Eccle-

564 4420 657 4472 size
689 4420 732 4473 si
763 4421 1122 4489 pinguescant
1156 4419 1397 4488 impedit,
1434 4418 1519 4473 vel
1565 4429 1739 4474 morte
1769 4432 2025 4487 corporea
2061 4418 2144 4471 vel

565 4509 922 4565 diminutione
964 4511 1248 4577 virtutum,
1279 4526 1400 4566 cum
1438 4525 1532 4565 eos
1582 4510 1702 4565 ideo
1746 4519 1983 4564 exercet.
2033 4508 2144 4563 Hoc

567 4611 747 4656 autem
772 4604 921 4671 ponit
956 4605 1022 4659 ad
1050 4604 1441 4659 correctionem
1473 4612 1527 4657 et
1557 4604 1893 4658 subditorum
1927 4611 1981 4656 et
2007 4616 2145 4670 pra:-

570 4695 819 4747 lalorum.
846 4697 979 4750 Cum
1010 4706 1188 4752 autem
1230 4697 1302 4750 illi
1352 4696 1441 4765 qui
1492 4711 1598 4749 non
1634 4695 1957 4749 occiduntur
1988 4694 2149 4747 casti-

570 4789 683 4857 gari
718 4787 997 4855 deberent,
1047 4788 1480 4844 consideratione
1526 4786 1777 4841 vindictae
1807 4786 2006 4839 talibus
2041 4800 2150 4837 ma-

573 4878 637 4935 lis
665 4878 919 4934 exhibita:
956 4888 1009 4934 et
1040 4889 1284 4948 respectu
1322 4876 1648 4932 mirabilium
1686 4891 1805 4944 quae
1833 4875 1974 4930 Deus
1997 4875 2048 4929 in
2072 4874 2150 4929 eis

571 4979 825 5040 operatus
853 4977 957 5034 est,
988 4978 1044 5022 ut
1072 4970 1319 5039 superius
1347 4968 1717 5032 ostendimus,
1766 4976 1943 5020 tamen
1975 4964 2148 5020 adhuc

572 5072 795 5131 peccant
826 5064 877 5116 iu
909 5063 1158 5118 omnibus
1185 5063 1269 5117 bis
1302 5061 1677 5124 consideratis,
1697 5060 1747 5114 id
1771 5069 1856 5113 est
1882 5073 2006 5112 cum
2036 5058 2150 5112 lucc

570 5153 751 5207 oinuia
780 5154 1167 5215 considerent,
1209 5164 1263 5207 et
1296 5168 1401 5206 non
1444 5151 1675 5206 credunt
1706 5149 1876 5203 Deum
1922 5146 2147 5200 ultorem

574 5244 835 5311 futurum,
866 5247 919 5299 in
960 5244 1284 5299 mirabilibus
1333 5244 1448 5312 ejus
1502 5238 1862 5297 consideratis
1891 5276 1906 5302 ,
1946 5235 2153 5291 scilicet

572 5354 692 5393 cum
722 5340 868 5404 talia,
893 5350 952 5394 ut
985 5340 1341 5400 ostendimus,
1370 5338 1545 5392 sciant
1576 5351 1696 5389 eum
1729 5332 1994 5387 mirabilia
2023 5346 2151 5401 ope-

574 5435 746 5478 ratum
793 5424 979 5492 fuisse,
1016 5441 1120 5480 non
1157 5434 1333 5480 tamen
1371 5424 1601 5478 ﬁrmiter
1639 5420 1861 5476 credere
1900 5418 2151 5473 videntur

571 5530 693 5568 eum
730 5523 1007 5584 potentem
1046 5516 1111 5568 ad
1150 5514 1517 5570 ulciscendum
1549 5524 1690 5567 esse.

609 5620 617 5631 ·
644 5608 709 5661 Ει
748 5608 866 5662 ideo
895 5607 1035 5661 sicut
1062 5605 1242 5660 etcteri
1267 5606 1379 5660 dies
1402 5614 1722 5660 cmtcrorttnt
1759 5602 1825 5654 de
1849 5600 2041 5669 quibus
2065 5598 2149 5652 hic

574 5696 816 5764 proxime
842 5698 1051 5767 egimus
1077 5695 1375 5762 defecerunt
1402 5736 1415 5759 ,
1462 5694 1570 5746 dies
1601 5705 1816 5761 quoque
1856 5705 2033 5742 eorum
2064 5704 2150 5741 su—

576 5786 856 5855 perstitqu
885 5787 937 5838 in
977 5785 1199 5839 vanitate
1230 5783 1576 5838 existentium
1624 5780 1921 5845 deliciunt,
1974 5779 2023 5832 id
2072 5788 2151 5832 cst

2226 601 2403 637 eorum
2438 594 2493 638 ut
2531 587 2583 638 in
2629 587 2855 641 vanitate
2906 587 3016 641 nati
3064 602 3184 642 esse
3234 589 3514 656 videantur,
3553 604 3598 650 et
3636 599 3717 655 sine

2229 672 2479 739 utilitate,
2506 690 2626 728 eum
2675 675 2752 729 sic
2782 675 3107 741 moriantur,
3148 685 3202 731 et
3242 693 3344 732 non
3374 679 3545 737 defecit
3579 699 3720 743 eorum

2224 764 2335 817 vita
2370 764 2537 827 tarde,
2569 765 2663 819 sed
2689 766 2816 819 anni
2846 781 3045 829 eorum,
3074 766 3126 820 id
3154 776 3236 822 est
3268 769 3373 822 vita
3401 785 3563 825 eorum
3588 773 3723 833 deficit

2229 868 2349 908 cum
2399 853 2767 923 festinatione,
2816 856 2869 909 id
2915 865 3001 911 est
3052 858 3162 913 cito
3208 859 3519 914 moriuntur.
3541 862 3597 916 Et
3636 881 3721 921 cum

2230 944 2371 1000 Deus
2396 945 2603 1000 occidit
2632 958 2725 1001 eos
2747 986 2764 1012 ,
2808 947 3131 1014 superstites
3172 958 3415 1015 quaerunt
3442 965 3550 1004 eum
3573 956 3724 1011 orando

2230 1042 2289 1089 ut
2333 1043 2559 1104 parcat,
2614 1044 2668 1091 et
2707 1044 3054 1091 revertuntur
3098 1038 3165 1093 ad
3205 1053 3330 1094 eum
3356 1080 3371 1102 ,
3423 1042 3726 1109 promittentes

2230 1125 2594 1181 obedientiam
2626 1127 2670 1182 si
2704 1128 3041 1197 pepercerit;
3078 1138 3133 1184 et
3183 1129 3437 1195 diluculo,
3465 1132 3511 1187 id
3542 1145 3611 1189 est
3647 1147 3725 1189 stu-

2230 1219 2378 1275 diose
2421 1220 2640 1275 veniunt
2690 1220 2761 1275 ad
2786 1235 2910 1274 eum
2950 1236 3048 1291 per
3085 1221 3455 1292 paenitentiam
3496 1242 3507 1277 :
3543 1236 3589 1279 ει
3626 1230 3727 1294 quod

2229 1323 2326 1380 per
2354 1310 2659 1380 superbiam
2688 1310 2841 1365 obliti
2889 1319 3047 1364 erant
3096 1321 3539 1370 rememorantur.
3567 1313 3729 1372 Scilicet
3822 1310 3823 1387 ξ

2231 1408 2680 1466 rememorantur,
2710 1403 2833 1471 quia
2864 1401 3005 1456 Deus
3026 1402 3241 1471 adjutor
3267 1411 3340 1455 est
3364 1418 3529 1455 eorum
3553 1405 3609 1455 ad
3630 1404 3728 1459 bene

2229 1491 2647 1564 cooperandum,
2679 1500 2728 1546 et
2766 1491 2906 1547 Deus
2927 1492 3159 1547 excelsus
3190 1491 3494 1562 Redemptor
3517 1511 3661 1547 eorum
3680 1508 3729 1549 est
3822 1544 3823 1547 η

2228 1596 2327 1652 per
2349 1590 2578 1637 mortem
2602 1583 2802 1650 crucis,
2836 1592 2893 1638 et
2918 1593 3047 1639 tunc
3076 1584 3307 1654 diligunt
3339 1601 3451 1637 eum
3477 1586 3525 1638 in
3557 1603 3627 1639 ore
3650 1604 3729 1652 suo,
3822 1568 3823 1615 ξ

2230 1671 2284 1726 id
2302 1681 2385 1727 est
2414 1671 2464 1725 in
2492 1685 2586 1726 ore
2613 1669 2790 1725 fallaci
2810 1690 2822 1725 :
2839 1673 3042 1728 scilicet
3068 1673 3256 1727 dicunt
3280 1688 3339 1728 se
3359 1673 3562 1743 diligere
3584 1675 3731 1739 Deum,
3822 1682 3823 1691 ‘

2229 1767 2277 1813 et
2306 1757 2485 1827 lingua
2514 1776 2611 1813 sua
2642 1760 2843 1815 mentiti
2882 1771 3002 1815 sunt
3054 1762 3133 1826 ei,
3166 1761 3216 1815 id
3253 1770 3337 1817 est
3378 1762 3667 1816 mentiuntur
3699 1766 3730 1818 ei
3822 1768 3823 1817 ἰ

2164 1852 2207 1908 Β
2233 1848 2411 1919 lingua
2452 1847 2668 1915 fallaci,
2697 1866 2818 1921 qua:
2856 1866 3042 1906 eorum
3070 1861 3153 1906 est
3202 1868 3307 1907 non
3345 1852 3457 1907 Dei.
3484 1850 3575 1906 Cor
3610 1866 3733 1909 autem

2234 1953 2413 1992 eorum
2463 1955 2566 1994 non
2611 1949 2694 1995 est
2726 1952 2942 2006 rectum,
2976 1942 3026 1994 id
3058 1951 3142 1997 est
3177 1942 3422 2011 iniquum
3468 1952 3561 2007 est,
3585 1945 3735 1998 scilicet
3822 1952 3823 2027 ᾗ

2235 2045 2340 2084 non
2367 2038 2448 2085 est
2474 2045 2596 2086 cum
2634 2046 2699 2088 eo
2746 2032 2852 2088 Deo
2898 2033 2951 2087 in
3005 2032 3145 2087 bona
3195 2032 3469 2086 voluntate
3513 2033 3735 2101 particeps.

2236 2119 2345 2175 Nec
2387 2121 2656 2176 habentur
2680 2121 2878 2190 ﬁdeles,
2915 2121 2967 2175 id
2999 2130 3086 2177 est
3132 2136 3354 2176 veraces
3402 2123 3454 2173 in
3501 2130 3735 2173 testamento
3822 2108 3823 2123 ³

2235 2214 2370 2281 ejus,
2405 2214 2615 2269 scilicet
2659 2229 2763 2268 non
2794 2212 3282 2284 operantur.beue,
3327 2220 3385 2265 ut
3412 2210 3581 2266 ﬁdeles
3600 2212 3681 2266 siut
3700 2214 3737 2265 in
3822 2256 3823 2289 Ξ

2237 2304 2595 2370 promissione
2624 2319 2785 2374 quam
2833 2304 2932 2373 ipsi
2970 2303 3242 2372 baptismo
3273 2301 3530 2367 fecerunt,
3568 2302 3646 2357 sub
3673 2318 3736 2369 pa-
3822 2306 3823 2351 1

2238 2396 2500 2451 trinorum
2530 2396 2855 2451 testimonio.
2886 2396 3016 2451 Dico
3043 2395 3186 2465 quod
3221 2395 3322 2464 ipsi
3353 2402 3476 2448 sunt
3504 2393 3695 2448 inﬁdele
3726 2414 3734 2446 :
3822 2384 3823 2447 ἶ

2238 2485 2357 2557 Ipse
2392 2496 2566 2541 autem
2597 2487 2737 2544 Deus
2758 2502 2879 2541 cum
2913 2502 3012 2557 pro
3036 2501 3225 2541 eorum
3258 2483 3490 2539 falsitate
3513 2484 3632 2554 juste
3653 2496 3737 2553 pos-
3822 2522 3823 2527 η

2238 2589 2320 2634 εει
2340 2592 2433 2635 eos
2469 2594 2657 2634 omnes
2680 2580 2929 2648 perdere,
2959 2578 3257 2631 misericors
3306 2586 3383 2631 est
3413 2574 3683 2630 naturaliter
3700 2582 3739 2625 ut
3822 2568 3823 2633 Ϊ

2239 2687 2341 2727 non
2370 2672 2656 2737 irascatur,
2681 2681 2728 2725 et
2757 2671 3012 2741 propitius
3036 2669 3123 2738 ﬁet
3159 2670 3385 2739 peccatis
3413 2684 3597 2731 eorum,
3622 2665 3662 2719 in
3682 2665 3739 2718 lu-
3822 2656 3823 2695 Ῑ

2241 2773 2360 2819 turo
2385 2778 2447 2818 ea
2482 2761 2808 2831 indulgendo
2832 2802 2847 2828 ,
2887 2770 2933 2814 et
2972 2777 3074 2814 non
3102 2758 3366 2828 disperdet
3397 2775 3479 2812 eos
3516 2758 3561 2811 in
3592 2755 3739 2818 futuro,

2239 2867 2333 2908 ceu
2356 2862 2768 2924 promerentur;
2804 2853 2899 2907 sed
2928 2851 3222 2906 clementer
3256 2865 3355 2905 eos
3395 2847 3741 2915 salvabit,etue

2240 2945 2291 2999 in
2320 2946 2499 3001 futuro
2534 2959 2627 2999 eos
2676 2952 2877 2998 {eterna
2931 2941 3123 3011 perdat
3174 2948 3352 2994 morte
3380 2977 3395 3002 ,
3441 2937 3644 2991 abundat
3680 2935 3741 2987 hic

2240 3034 2636 3099 misericordia,
2665 3044 2725 3088 ut
2754 3042 2966 3088 avertat
2994 3032 3085 3087 hic
3123 3032 3281 3095 iram,
3328 3030 3379 3082 id
3410 3037 3491 3083 est
3514 3026 3739 3079 vindictam

2240 3143 2413 3194 suam,
2448 3144 2514 3181 ne
2542 3141 2634 3182 eos
2673 3125 3029 3192 corporaliter
3059 3120 3387 3183 interﬁciat,
3422 3118 3512 3172 sed
3556 3117 3620 3170 eis
3657 3128 3743 3183 par-

2239 3220 2408 3275 cendo
2437 3219 2613 3273 locum
2641 3216 2973 3287 pteriitentite
3016 3214 3236 3268 tribuat.
3281 3210 3361 3265 Ne
3390 3223 3512 3263 vero
3546 3208 3611 3262 sic
3641 3205 3742 3257 vide-

2241 3319 2388 3364 retur
2415 3309 2549 3363 iram
2584 3316 2857 3371 avertere,
2886 3316 2943 3359 ut
2971 3319 3070 3359 uec
3106 3301 3334 3373 ﬂagellis
3374 3296 3745 3354 transitoriisees

2240 3403 2504 3466 alliceret,
2543 3399 2871 3455 determinat
2916 3398 3015 3451 lioc
3053 3411 3177 3452 cum
3226 3393 3379 3447 addit
3432 3409 3446 3444 :
3486 3390 3546 3444 Et
3572 3389 3636 3442 sic
3663 3386 3744 3438 dico

2241 3500 2447 3548 avertet
2480 3493 2635 3555 iram,
2665 3498 2723 3543 ut
2744 3504 2845 3541 non
2877 3485 3141 3542 accendat
3163 3498 3370 3537 omnem
3397 3483 3527 3534 iram
3560 3492 3695 3536 suam,
3712 3473 3744 3524 id

2240 3597 2320 3643 est
2345 3601 2447 3640 non
2482 3582 2730 3639 ostendat
2755 3594 2971 3634 onmem
3004 3579 3299 3632 vindictam
3339 3589 3499 3644 quam
3530 3570 3632 3638 jure
3663 3582 3745 3636 pos~

2240 3686 2320 3732 set
2338 3674 2644 3731 ostendere.
2664 3675 2741 3727 Ac
2764 3671 2807 3725 si
2837 3670 2983 3725 dicat
2999 3669 3082 3739 χιιι
3108 3676 3261 3738 parte
3287 3680 3347 3721 se
3374 3663 3440 3717 de
3463 3662 3537 3717 eis
3556 3658 3745 3718 vindicat,

2241 3766 2555 3837 castigando
2581 3779 2675 3819 eos
2715 3762 2938 3833 flagellis
2970 3758 3299 3815 trausitoriis
3330 3756 3525 3827 pietate
3552 3760 3744 3822 paterna;

2244 3859 2295 3911 in
2316 3866 2468 3926 parte
2489 3868 2617 3908 vero
2639 3866 2867 3922 parcens
2892 3859 2994 3915 est,
3010 3864 3076 3903 ne
3098 3844 3487 3902 interﬁciat.Et
3504 3850 3556 3896 ut
3578 3855 3675 3909 erga
3687 3851 3748 3926 eos

2244 3924 2480 4002 abundet
2504 3941 2896 4003 misericordia,
2923 3939 3244 3994 recordatur
3272 3936 3399 4007 quia
3431 3950 3547 3987 cara
3580 3938 3691 3990 sunt,
3715 3924 3749 3977 id

2242 4049 2327 4095 est
2365 4033 2613 4092 carnales
2639 4044 2695 4090 et
2725 4033 2964 4104 fragiles,
3008 4040 3065 4087 et
3090 4031 3215 4102 quia
3250 4030 3489 4098 spiritus,
3520 4026 3569 4079 id
3593 4031 3662 4077 est
3693 4034 3749 4071 ra-

2247 4134 2319 4188 tio
2340 4132 2552 4201 :eorum
2594 4138 2678 4184 est
2712 4143 2809 4197 per
2832 4140 2890 4181 se
2922 4124 3132 4186 vadens,
3162 4122 3212 4176 id
3243 4131 3328 4175 est
3354 4135 3385 4172 a
3432 4119 3537 4173 Deo
3560 4112 3750 4169 recedens

2246 4223 2537 4295 peccando,
2560 4230 2606 4274 et
2634 4236 2737 4274 non
2767 4218 2970 4272 rediens
2996 4231 3096 4284 per
3137 4228 3197 4269 se
3228 4213 3555 4283 paenitendo,
3582 4207 3663 4261 nisi
3686 4206 3749 4257 hoc

2248 4318 2421 4386 ipsum
2461 4314 2553 4367 Dei
2582 4312 2757 4383 gratia
2802 4308 3048 4366 conferat
3073 4314 3133 4360 ut
3158 4306 3445 4376 posuiteat.
3475 4303 3534 4357 Et
3560 4298 3748 4370 quoniam

2248 4410 2326 4463 sic
2356 4422 2452 4463 eos
2480 4404 2792 4462 considerat
2817 4415 2938 4456 esse
2968 4398 3211 4468 fragiles,
3246 4395 3449 4451 avertit
3489 4393 3555 4446 ab
3576 4390 3749 4444 eisiraut

2247 4510 2301 4554 et
2328 4500 2625 4554 clementer
2648 4494 2845 4566 parcit.
2869 4491 2986 4546 Non
3018 4490 3150 4545 dicit
3184 4486 3501 4542 recordatur
3538 4483 3640 4536 ideo
3655 4476 3750 4546 quod

2252 4603 2491 4659 unquam
2533 4587 2675 4641 Deus
2702 4583 3073 4644 obliviscatur,
3100 4578 3193 4634 sed
3216 4591 3340 4631 cum
3369 4573 3616 4646 quosdam
3634 4566 3753 4621 vindi-

2249 4682 2421 4736 cando
2445 4678 2700 4735 interﬁcit
2724 4676 2938 4731 videtur
2958 4670 3234 4733 oblivisci;
3264 4684 3389 4723 cum
3414 4682 3538 4722 vero
3558 4663 3659 4717 aliis
3675 4673 3752 4729 par-

2251 4775 2356 4840 cit,
2396 4772 2610 4827 videtur
2638 4766 2936 4826 recordari.
2977 4764 3079 4819 Per
3128 4763 3230 4816 hoc
3262 4768 3445 4814 autem
3490 4757 3617 4828 quod
3652 4751 3752 4809 dicit,

2250 4864 2464 4921 Domini
2493 4864 2629 4917 iram
2667 4868 2933 4922 avertere,
2976 4865 3032 4911 et
3076 4853 3352 4909 recordari
3400 4845 3674 4919 fragilitatis
3694 4844 3755 4893 huc

2251 4970 2447 5020 mana’,
2476 4953 2569 5006 Dei
2611 4947 3040 5005 misericordiam
3079 4941 3447 5005 commendat,
3474 4948 3525 4993 et
3552 4936 3757 4990 auditores

2251 5045 2517 5109 bumiliat,
2552 5057 2674 5096 cum
2712 5055 2805 5095 eos
2832 5039 2967 5092 adeo
2994 5049 3113 5089 esse
3144 5031 3365 5101 fragiles
3390 5028 3637 5084 ostendat.

2322 5135 2579 5205 Sequitur
2605 5149 2616 5185 :
2646 5130 2883 5197 Quoties,
2912 5136 3051 5193 etc.,
3080 5138 3251 5193 usque
3282 5123 3350 5176 ad
3390 5121 3455 5174 Et
3502 5119 3758 5205 lentam?!

2251 5237 2295 5281 et
2334 5203 2771 5281 exacerbaverunt
2818 5222 2985 5274 Deum
3018 5216 3300 5271 excelsum.
3345 5214 3495 5280 Quod
3532 5212 3600 5264 sic
3631 5208 3680 5259 ad
3704 5203 3758 5253 lit-

2254 5326 2424 5371 teram
2453 5315 2779 5384 adaptatur:
2824 5310 2942 5364 Dixi
2989 5306 3131 5378 quod
3174 5311 3530 5372 peccaverunt
3567 5291 3757 5352 lentando

2252 5408 2420 5464 Deum
2454 5406 2506 5461 in
2531 5404 2786 5460 cordibus
2818 5401 2915 5455 ﬁlii
2948 5398 3115 5454 Israel
3150 5398 3324 5468 308
3362 5405 3414 5447 ut
3440 5396 3759 5464 ρειενεηιεδίιιε

2252 5498 2525 5553 animabus
2550 5496 2693 5559 suis;
2720 5501 2774 5549 et
2796 5492 2942 5546 Deus
2970 5489 3147 5544 attulit
3176 5489 3255 5543 eis
3280 5483 3592 5541 desiderium
3614 5487 3753 5531 smmi.

2252 5600 2305 5647 et
2333 5588 2626 5644 vindicavit
2668 5602 2727 5642 se
2773 5592 2958 5654 postea
3001 5584 3068 5638 dc
3096 5582 3176 5637 eis
3211 5588 3306 5634 :ct
3341 5578 3440 5647 ipsi
3480 5577 3645 5630 timore
3667 5580 3753 5620 con-

2240 5684 2415 5745 .versi,
2444 5682 2639 5735 itcmm
2663 5684 3064 5751 peccaverunt,
3102 5683 3157 5728 et
3184 5673 3299 5741 ipse
3343 5673 3526 5724 iterum
3564 5663 3751 5718 misertus

2252 5782 2353 5829 est.
2390 5772 2456 5828 Et
2484 5771 2583 5840 ipsi
2625 5780 2805 5826 tamen
2839 5782 2897 5823 se
2928 5780 3032 5821 non
3082 5765 3498 5835 castigavcruut,
3526 5766 3575 5811 ut
3616 5759 3749 5824 postea

2175 4526 2221 4584 D
