  <div class='ocr_page' id='page_1' title='image "/cluster/home/n/w/nwhite01/storage/ocr_20150623/152/hvd.32044015473804/528.png"; bbox 0 0 3840 6338; ppageno 0'>
   <div class='ocr_carea' id='block_1_1' title="bbox 107 382 213 441">
    <p class='ocr_par' dir='ltr' id='par_1_1' title="bbox 107 382 213 441">
     <span class='ocr_line' id='line_1_1' title="bbox 107 382 213 441; baseline -0.028 0"><span class='ocrx_word' id='word_1_1' title='bbox 107 382 213 441; x_wconf 65' lang='grc' dir='ltr'><strong>ιο35</strong></span> 
     </span>
    </p>
   </div>
   <div class='ocr_carea' id='block_1_2' title="bbox 963 372 2425 432">
    <p class='ocr_par' dir='ltr' id='par_1_2' title="bbox 963 372 2425 432">
     <span class='ocr_line' id='line_1_2' title="bbox 963 372 2425 432; baseline 0.001 -3"><span class='ocrx_word' id='word_1_2' title='bbox 963 373 1327 430; x_wconf 76' lang='lat' dir='ltr'><strong>EXPOSITIO</strong></span> <span class='ocrx_word' id='word_1_3' title='bbox 1357 374 1422 427; x_wconf 82' lang='grc' dir='ltr'><strong>ΙΝ</strong></span> <span class='ocrx_word' id='word_1_4' title='bbox 1474 372 1815 429; x_wconf 77' lang='lat' dir='ltr'><strong>I’SALMOS.</strong></span> <span class='ocrx_word' id='word_1_5' title='bbox 1843 403 1914 415; x_wconf 91' lang='lat'><strong>-—</strong></span> <span class='ocrx_word' id='word_1_6' title='bbox 1939 374 2134 431; x_wconf 68' lang='lat' dir='ltr'><strong>PSAL.</strong></span> <span class='ocrx_word' id='word_1_7' title='bbox 2166 376 2425 432; x_wconf 71' lang='lat' dir='ltr'><strong>LXXVII.</strong></span> 
     </span>
    </p>
   </div>
   <div class='ocr_carea' id='block_1_3' title="bbox 3173 370 3322 439">
    <p class='ocr_par' dir='ltr' id='par_1_3' title="bbox 3173 370 3322 439">
     <span class='ocr_line' id='line_1_3' title="bbox 3173 370 3322 439; baseline 0.013 -2"><span class='ocrx_word' id='word_1_8' title='bbox 3173 370 3322 439; x_wconf 68' lang='lat' dir='ltr'><strong>toto</strong></span> 
     </span>
    </p>
   </div>
   <div class='ocr_carea' id='block_1_4' title="bbox 106 470 3308 568">
    <p class='ocr_par' dir='ltr' id='par_1_4' title="bbox 106 470 3308 568">
     <span class='ocr_line' id='line_1_4' title="bbox 106 470 3308 568; baseline 0.002 -22"><span class='ocrx_word' id='word_1_9' title='bbox 106 497 354 554; x_wconf 62' lang='lat' dir='ltr'><strong>sessorem.</strong></span> <span class='ocrx_word' id='word_1_10' title='bbox 384 486 488 543; x_wconf 86' lang='lat' dir='ltr'><strong>Sed</strong></span> <span class='ocrx_word' id='word_1_11' title='bbox 523 485 721 556; x_wconf 82' lang='lat' dir='ltr'><strong>quoties</strong></span> <span class='ocrx_word' id='word_1_12' title='bbox 750 486 1029 556; x_wconf 78' lang='lat' dir='ltr'><strong>peccando</strong></span> <span class='ocrx_word' id='word_1_13' title='bbox 1056 487 1496 542; x_wconf 74' lang='lat' dir='ltr'><strong>exacerbaverunt</strong></span> <span class='ocrx_word' id='word_1_14' title='bbox 1518 502 1638 540; x_wconf 90' lang='lat' dir='ltr'><strong>eum</strong></span> <span class='ocrx_word' id='word_1_15' title='bbox 1667 488 1712 545; x_wconf 85' lang='lat' dir='ltr'><strong>A</strong></span> <span class='ocrx_word' id='word_1_16' title='bbox 1739 500 1841 541; x_wconf 90' lang='lat' dir='ltr'><strong>nus</strong></span> <span class='ocrx_word' id='word_1_17' title='bbox 1872 470 2161 551; x_wconf 74' lang='lat' dir='ltr'><strong>vermium,</strong></span> <span class='ocrx_word' id='word_1_18' title='bbox 2204 488 2347 558; x_wconf 90' lang='lat' dir='ltr'><strong>quod</strong></span> <span class='ocrx_word' id='word_1_19' title='bbox 2383 488 2613 546; x_wconf 81' lang='lat' dir='ltr'><strong>latenter</strong></span> <span class='ocrx_word' id='word_1_20' title='bbox 2659 476 2753 559; x_wconf 83' lang='lat' dir='ltr'><strong>per</strong></span> <span class='ocrx_word' id='word_1_21' title='bbox 2781 491 3028 551; x_wconf 86' lang='lat' dir='ltr'><strong>arborem</strong></span> <span class='ocrx_word' id='word_1_22' title='bbox 3065 509 3308 568; x_wconf 80' lang='lat' dir='ltr'><strong>serpens,</strong></span> 
     </span>
    </p>
   </div>
   <div class='ocr_carea' id='block_1_5' title="bbox 100 580 1628 653">
    <p class='ocr_par' dir='ltr' id='par_1_5' title="bbox 100 580 1628 653">
     <span class='ocr_line' id='line_1_5' title="bbox 100 580 1628 653; baseline -0.007 -7"><span class='ocrx_word' id='word_1_23' title='bbox 100 590 380 649; x_wconf 77' lang='lat' dir='ltr'><strong>indemto,</strong></span> <span class='ocrx_word' id='word_1_24' title='bbox 429 582 633 638; x_wconf 74' lang='lat' dir='ltr'><strong>scilicet</strong></span> <span class='ocrx_word' id='word_1_25' title='bbox 683 581 738 635; x_wconf 92' lang='lat' dir='ltr'><strong>in</strong></span> <span class='ocrx_word' id='word_1_26' title='bbox 770 580 988 637; x_wconf 88' lang='lat' dir='ltr'><strong>deserto</strong></span> <span class='ocrx_word' id='word_1_27' title='bbox 1030 591 1153 653; x_wconf 90' lang='lat' dir='ltr'><strong>post</strong></span> <span class='ocrx_word' id='word_1_28' title='bbox 1199 598 1347 638; x_wconf 90' lang='lat' dir='ltr'><strong>mare</strong></span> <span class='ocrx_word' id='word_1_29' title='bbox 1385 582 1628 637; x_wconf 79' lang='lat' dir='ltr'><strong>Rubrum</strong></span> 
     </span>
    </p>
   </div>
   <div class='ocr_carea' id='block_1_6' title="bbox 102 672 1630 746">
    <p class='ocr_par' dir='ltr' id='par_1_6' title="bbox 102 672 1630 746">
     <span class='ocr_line' id='line_1_6' title="bbox 102 672 1630 746; baseline -0.01 -4"><span class='ocrx_word' id='word_1_30' title='bbox 102 681 327 742; x_wconf 85' lang='lat' dir='ltr'><strong>.uultoties</strong></span> <span class='ocrx_word' id='word_1_31' title='bbox 374 672 672 746; x_wconf 81' lang='lat' dir='ltr'><strong>peccando,</strong></span> <span class='ocrx_word' id='word_1_32' title='bbox 722 672 890 726; x_wconf 90' lang='lat' dir='ltr'><strong>Deum</strong></span> <span class='ocrx_word' id='word_1_33' title='bbox 939 673 1032 744; x_wconf 91' lang='lat' dir='ltr'><strong>qui</strong></span> <span class='ocrx_word' id='word_1_34' title='bbox 1086 674 1415 729; x_wconf 75' lang='lat' dir='ltr'><strong>naturaliter</strong></span> <span class='ocrx_word' id='word_1_35' title='bbox 1459 674 1630 730; x_wconf 80' lang='lat' dir='ltr'><strong>dulcis</strong></span> 
     </span>
    </p>
   </div>
   <div class='ocr_carea' id='block_1_7' title="bbox 103 760 1632 837">
    <p class='ocr_par' dir='ltr' id='par_1_7' title="bbox 103 760 1632 837">
     <span class='ocr_line' id='line_1_7' title="bbox 103 760 1632 837; baseline -0.008 -9"><span class='ocrx_word' id='word_1_36' title='bbox 103 784 182 837; x_wconf 73' lang='lat' dir='ltr'><strong>est,</strong></span> <span class='ocrx_word' id='word_1_37' title='bbox 205 770 292 825; x_wconf 86' lang='lat' dir='ltr'><strong>sibi</strong></span> <span class='ocrx_word' id='word_1_38' title='bbox 316 764 562 821; x_wconf 86' lang='lat' dir='ltr'><strong>acerbum</strong></span> <span class='ocrx_word' id='word_1_39' title='bbox 596 760 873 827; x_wconf 86' lang='lat' dir='ltr'><strong>fecerunt;</strong></span> <span class='ocrx_word' id='word_1_40' title='bbox 901 771 958 817; x_wconf 91' lang='lat' dir='ltr'><strong>et</strong></span> <span class='ocrx_word' id='word_1_41' title='bbox 988 777 1094 817; x_wconf 92' lang='lat' dir='ltr'><strong>non</strong></span> <span class='ocrx_word' id='word_1_42' title='bbox 1135 778 1326 833; x_wconf 90' lang='lat' dir='ltr'><strong>parum</strong></span> <span class='ocrx_word' id='word_1_43' title='bbox 1353 764 1632 818; x_wconf 72' lang='lat' dir='ltr'><strong>exacerba-</strong></span> 
     </span>
    </p>
   </div>
   <div class='ocr_carea' id='block_1_8' title="bbox 103 855 1630 933">
    <p class='ocr_par' dir='ltr' id='par_1_8' title="bbox 103 855 1630 933">
     <span class='ocr_line' id='line_1_8' title="bbox 103 855 1630 933; baseline -0.009 -10"><span class='ocrx_word' id='word_1_44' title='bbox 103 874 266 928; x_wconf 73' lang='lat' dir='ltr'><strong>serunt,</strong></span> <span class='ocrx_word' id='word_1_45' title='bbox 287 862 376 918; x_wconf 87' lang='lat' dir='ltr'><strong>sed</strong></span> <span class='ocrx_word' id='word_1_46' title='bbox 407 862 542 918; x_wconf 89' lang='lat' dir='ltr'><strong>adeo</strong></span> <span class='ocrx_word' id='word_1_47' title='bbox 586 860 731 933; x_wconf 86' lang='lat' dir='ltr'><strong>quod</strong></span> <span class='ocrx_word' id='word_1_48' title='bbox 768 862 820 916; x_wconf 88' lang='lat' dir='ltr'><strong>in</strong></span> <span class='ocrx_word' id='word_1_49' title='bbox 852 861 1009 922; x_wconf 88' lang='lat' dir='ltr'><strong>iram,</strong></span> <span class='ocrx_word' id='word_1_50' title='bbox 1043 857 1095 912; x_wconf 88' lang='lat' dir='ltr'><strong>id</strong></span> <span class='ocrx_word' id='word_1_51' title='bbox 1139 865 1223 911; x_wconf 91' lang='lat' dir='ltr'><strong>est</strong></span> <span class='ocrx_word' id='word_1_52' title='bbox 1254 857 1307 910; x_wconf 94' lang='lat' dir='ltr'><strong>in</strong></span> <span class='ocrx_word' id='word_1_53' title='bbox 1338 855 1630 910; x_wconf 76' lang='lat' dir='ltr'><strong>vindictam</strong></span> 
     </span>
    </p>
   </div>
   <div class='ocr_carea' id='block_1_9' title="bbox 104 945 1629 1019">
    <p class='ocr_par' dir='ltr' id='par_1_9' title="bbox 104 945 1629 1019">
     <span class='ocr_line' id='line_1_9' title="bbox 104 945 1629 1019; baseline -0.009 -9"><span class='ocrx_word' id='word_1_54' title='bbox 104 956 439 1013; x_wconf 75' lang='lat' dir='ltr'><strong>concitaverunt</strong></span> <span class='ocrx_word' id='word_1_55' title='bbox 480 966 602 1006; x_wconf 89' lang='lat' dir='ltr'><strong>eum</strong></span> <span class='ocrx_word' id='word_1_56' title='bbox 629 993 644 1019; x_wconf 92' lang='lat'><strong>,</strong></span> <span class='ocrx_word' id='word_1_57' title='bbox 687 950 831 1019; x_wconf 91' lang='lat' dir='ltr'><strong>quod</strong></span> <span class='ocrx_word' id='word_1_58' title='bbox 874 949 1029 1018; x_wconf 92' lang='lat' dir='ltr'><strong>quasi</strong></span> <span class='ocrx_word' id='word_1_59' title='bbox 1080 947 1312 1017; x_wconf 89' lang='lat' dir='ltr'><strong>quadam</strong></span> <span class='ocrx_word' id='word_1_60' title='bbox 1344 945 1395 1000; x_wconf 91' lang='lat' dir='ltr'><strong>vi</strong></span> <span class='ocrx_word' id='word_1_61' title='bbox 1442 957 1629 1015; x_wconf 85' lang='lat' dir='ltr'><strong>coege-</strong></span> 
     </span>
    </p>
   </div>
   <div class='ocr_carea' id='block_1_10' title="bbox 106 1036 1629 1112">
    <p class='ocr_par' dir='ltr' id='par_1_10' title="bbox 106 1036 1629 1112">
     <span class='ocr_line' id='line_1_10' title="bbox 106 1036 1629 1112; baseline -0.007 -13"><span class='ocrx_word' id='word_1_62' title='bbox 106 1054 200 1099; x_wconf 91' lang='lat' dir='ltr'><strong>runt</strong></span> <span class='ocrx_word' id='word_1_63' title='bbox 234 1046 281 1098; x_wconf 89' lang='lat' dir='ltr'><strong>in</strong></span> <span class='ocrx_word' id='word_1_64' title='bbox 309 1044 559 1112; x_wconf 82' lang='lat' dir='ltr'><strong>inaquoso</strong></span> <span class='ocrx_word' id='word_1_65' title='bbox 600 1049 917 1111; x_wconf 78' lang='lat' dir='ltr'><strong>peccantes,</strong></span> <span class='ocrx_word' id='word_1_66' title='bbox 948 1039 999 1093; x_wconf 90' lang='lat' dir='ltr'><strong>id</strong></span> <span class='ocrx_word' id='word_1_67' title='bbox 1029 1047 1112 1093; x_wconf 90' lang='lat' dir='ltr'><strong>est</strong></span> <span class='ocrx_word' id='word_1_68' title='bbox 1160 1038 1214 1091; x_wconf 87' lang='lat' dir='ltr'><strong>in</strong></span> <span class='ocrx_word' id='word_1_69' title='bbox 1253 1038 1456 1091; x_wconf 76' lang='lat' dir='ltr'><strong>deserto</strong></span> <span class='ocrx_word' id='word_1_70' title='bbox 1476 1079 1490 1104; x_wconf 94' lang='lat'><strong>,</strong></span> <span class='ocrx_word' id='word_1_71' title='bbox 1541 1036 1629 1090; x_wconf 90' lang='lat' dir='ltr'><strong>ubi</strong></span> 
     </span>
    </p>
   </div>
   <div class='ocr_carea' id='block_1_11' title="bbox 105 1129 1631 1196">
    <p class='ocr_par' dir='ltr' id='par_1_11' title="bbox 105 1129 1631 1196">
     <span class='ocr_line' id='line_1_11' title="bbox 105 1129 1631 1196; baseline -0.006 -6"><span class='ocrx_word' id='word_1_72' title='bbox 105 1136 285 1190; x_wconf 89' lang='lat' dir='ltr'><strong>multum</strong></span> <span class='ocrx_word' id='word_1_73' title='bbox 333 1142 475 1188; x_wconf 80' lang='lat' dir='ltr'><strong>esset</strong></span> <span class='ocrx_word' id='word_1_74' title='bbox 522 1133 672 1189; x_wconf 91' lang='lat' dir='ltr'><strong>locus</strong></span> <span class='ocrx_word' id='word_1_75' title='bbox 720 1132 951 1196; x_wconf 91' lang='lat' dir='ltr'><strong>timoris,</strong></span> <span class='ocrx_word' id='word_1_76' title='bbox 1004 1145 1126 1185; x_wconf 93' lang='lat' dir='ltr'><strong>cum</strong></span> <span class='ocrx_word' id='word_1_77' title='bbox 1168 1129 1239 1183; x_wconf 85' lang='lat' dir='ltr'><strong>ibi</strong></span> <span class='ocrx_word' id='word_1_78' title='bbox 1290 1143 1385 1183; x_wconf 89' lang='lat' dir='ltr'><strong>eos</strong></span> <span class='ocrx_word' id='word_1_79' title='bbox 1436 1143 1631 1182; x_wconf 87' lang='lat' dir='ltr'><strong>manna</strong></span> 
     </span>
    </p>
   </div>
   <div class='ocr_carea' id='block_1_12' title="bbox 105 1218 1632 1295">
    <p class='ocr_par' dir='ltr' id='par_1_12' title="bbox 105 1218 1632 1295">
     <span class='ocr_line' id='line_1_12' title="bbox 105 1218 1632 1295; baseline -0.002 -20"><span class='ocrx_word' id='word_1_80' title='bbox 105 1233 324 1295; x_wconf 80' lang='lat' dir='ltr'><strong>pasceret,</strong></span> <span class='ocrx_word' id='word_1_81' title='bbox 351 1232 405 1277; x_wconf 88' lang='lat' dir='ltr'><strong>et</strong></span> <span class='ocrx_word' id='word_1_82' title='bbox 434 1238 574 1292; x_wconf 85' lang='lat' dir='ltr'><strong>aqua</strong></span> <span class='ocrx_word' id='word_1_83' title='bbox 615 1224 682 1278; x_wconf 91' lang='lat' dir='ltr'><strong>de</strong></span> <span class='ocrx_word' id='word_1_84' title='bbox 706 1231 860 1294; x_wconf 83' lang='lat' dir='ltr'><strong>petra</strong></span> <span class='ocrx_word' id='word_1_85' title='bbox 887 1222 937 1276; x_wconf 91' lang='lat' dir='ltr'><strong>vi</strong></span> <span class='ocrx_word' id='word_1_86' title='bbox 976 1220 1233 1292; x_wconf 73' lang='lat' dir='ltr'><strong>potentia:</strong></span> <span class='ocrx_word' id='word_1_87' title='bbox 1287 1218 1405 1288; x_wconf 90' lang='lat' dir='ltr'><strong>ejus</strong></span> <span class='ocrx_word' id='word_1_88' title='bbox 1451 1218 1632 1274; x_wconf 82' lang='lat' dir='ltr'><strong>elicita</strong></span> 
     </span>
    </p>
   </div>
   <div class='ocr_carea' id='block_1_13' title="bbox 104 1311 1630 1385">
    <p class='ocr_par' dir='ltr' id='par_1_13' title="bbox 104 1311 1630 1385">
     <span class='ocr_line' id='line_1_13' title="bbox 104 1311 1630 1385; baseline -0.003 -18"><span class='ocrx_word' id='word_1_89' title='bbox 104 1324 290 1385; x_wconf 79' lang='lat' dir='ltr'><strong>potarel.</strong></span> <span class='ocrx_word' id='word_1_90' title='bbox 318 1314 379 1368; x_wconf 85' lang='lat' dir='ltr'><strong>Et</strong></span> <span class='ocrx_word' id='word_1_91' title='bbox 413 1315 516 1369; x_wconf 78' lang='lat' dir='ltr'><strong>hoc</strong></span> <span class='ocrx_word' id='word_1_92' title='bbox 553 1314 712 1368; x_wconf 89' lang='lat' dir='ltr'><strong>modo</strong></span> <span class='ocrx_word' id='word_1_93' title='bbox 750 1328 873 1368; x_wconf 90' lang='lat' dir='ltr'><strong>eum</strong></span> <span class='ocrx_word' id='word_1_94' title='bbox 909 1312 961 1367; x_wconf 92' lang='lat' dir='ltr'><strong>in</strong></span> <span class='ocrx_word' id='word_1_95' title='bbox 1000 1313 1137 1367; x_wconf 90' lang='lat' dir='ltr'><strong>iram</strong></span> <span class='ocrx_word' id='word_1_96' title='bbox 1173 1311 1630 1375; x_wconf 90' lang='lat' dir='ltr'><strong>concitaverunt,</strong></span> 
     </span>
    </p>
   </div>
   <div class='ocr_carea' id='block_1_14' title="bbox 105 1403 1632 1474">
    <p class='ocr_par' dir='ltr' id='par_1_14' title="bbox 105 1403 1632 1474">
     <span class='ocr_line' id='line_1_14' title="bbox 105 1403 1632 1474; baseline -0.002 -19"><span class='ocrx_word' id='word_1_97' title='bbox 105 1406 199 1474; x_wconf 81' lang='lat' dir='ltr'><strong>quia</strong></span> <span class='ocrx_word' id='word_1_98' title='bbox 221 1420 371 1458; x_wconf 73' lang='lat' dir='ltr'><strong>aversi</strong></span> <span class='ocrx_word' id='word_1_99' title='bbox 405 1413 526 1457; x_wconf 77' lang='lat' dir='ltr'><strong>sunt</strong></span> <span class='ocrx_word' id='word_1_100' title='bbox 557 1405 623 1459; x_wconf 87' lang='lat' dir='ltr'><strong>de</strong></span> <span class='ocrx_word' id='word_1_101' title='bbox 650 1403 764 1459; x_wconf 88' lang='lat' dir='ltr'><strong>Deo</strong></span> <span class='ocrx_word' id='word_1_102' title='bbox 790 1403 858 1457; x_wconf 87' lang='lat' dir='ltr'><strong>ad</strong></span> <span class='ocrx_word' id='word_1_103' title='bbox 881 1413 1186 1472; x_wconf 82' lang='lat' dir='ltr'><strong>peccatum,</strong></span> <span class='ocrx_word' id='word_1_104' title='bbox 1215 1410 1265 1455; x_wconf 87' lang='lat' dir='ltr'><strong>et</strong></span> <span class='ocrx_word' id='word_1_105' title='bbox 1307 1408 1632 1454; x_wconf 77' lang='lat' dir='ltr'><strong>tentaveruut</strong></span> 
     </span>
    </p>
   </div>
   <div class='ocr_carea' id='block_1_15' title="bbox 104 1488 1636 1562">
    <p class='ocr_par' dir='ltr' id='par_1_15' title="bbox 104 1488 1636 1562">
     <span class='ocr_line' id='line_1_15' title="bbox 104 1488 1636 1562; baseline -0.004 -15"><span class='ocrx_word' id='word_1_106' title='bbox 104 1494 252 1558; x_wconf 80' lang='lat' dir='ltr'><strong>Deum,</strong></span> <span class='ocrx_word' id='word_1_107' title='bbox 289 1493 337 1548; x_wconf 91' lang='lat' dir='ltr'><strong>id</strong></span> <span class='ocrx_word' id='word_1_108' title='bbox 363 1500 446 1548; x_wconf 89' lang='lat' dir='ltr'><strong>est</strong></span> <span class='ocrx_word' id='word_1_109' title='bbox 475 1492 782 1548; x_wconf 78' lang='lat' dir='ltr'><strong>dididerunt</strong></span> <span class='ocrx_word' id='word_1_110' title='bbox 812 1493 879 1546; x_wconf 90' lang='lat' dir='ltr'><strong>de</strong></span> <span class='ocrx_word' id='word_1_111' title='bbox 910 1492 1153 1562; x_wconf 87' lang='lat' dir='ltr'><strong>potentia</strong></span> <span class='ocrx_word' id='word_1_112' title='bbox 1200 1489 1338 1559; x_wconf 86' lang='lat' dir='ltr'><strong>ejus,</strong></span> <span class='ocrx_word' id='word_1_113' title='bbox 1386 1488 1636 1543; x_wconf 73' lang='lat' dir='ltr'><strong>btesitan-</strong></span> 
     </span>
    </p>
   </div>
   <div class='ocr_carea' id='block_1_16' title="bbox 106 1581 1634 1655">
    <p class='ocr_par' dir='ltr' id='par_1_16' title="bbox 106 1581 1634 1655">
     <span class='ocr_line' id='line_1_16' title="bbox 106 1581 1634 1655; baseline -0.004 -16"><span class='ocrx_word' id='word_1_114' title='bbox 106 1592 164 1639; x_wconf 81' lang='lat' dir='ltr'><strong>tes</strong></span> <span class='ocrx_word' id='word_1_115' title='bbox 197 1600 254 1638; x_wconf 87' lang='lat' dir='ltr'><strong>an</strong></span> <span class='ocrx_word' id='word_1_116' title='bbox 284 1595 459 1655; x_wconf 88' lang='lat' dir='ltr'><strong>posset</strong></span> <span class='ocrx_word' id='word_1_117' title='bbox 510 1600 607 1640; x_wconf 90' lang='lat' dir='ltr'><strong>eos</strong></span> <span class='ocrx_word' id='word_1_118' title='bbox 638 1586 877 1641; x_wconf 91' lang='lat' dir='ltr'><strong>liberare</strong></span> <span class='ocrx_word' id='word_1_119' title='bbox 923 1585 991 1640; x_wconf 90' lang='lat' dir='ltr'><strong>de</strong></span> <span class='ocrx_word' id='word_1_120' title='bbox 1026 1600 1191 1638; x_wconf 91' lang='lat' dir='ltr'><strong>manu</strong></span> <span class='ocrx_word' id='word_1_121' title='bbox 1237 1581 1634 1637; x_wconf 82' lang='lat' dir='ltr'><strong>imminentium</strong></span> 
     </span>
    </p>
   </div>
   <div class='ocr_carea' id='block_1_17' title="bbox 106 1675 1631 1740">
    <p class='ocr_par' dir='ltr' id='par_1_17' title="bbox 106 1675 1631 1740">
     <span class='ocr_line' id='line_1_17' title="bbox 106 1675 1631 1740; baseline -0.004 -10"><span class='ocrx_word' id='word_1_122' title='bbox 106 1677 395 1731; x_wconf 87' lang='lat' dir='ltr'><strong>inimicorum</strong></span> <span class='ocrx_word' id='word_1_123' title='bbox 433 1676 878 1740; x_wconf 81' lang='lat' dir='ltr'><strong>Madianitarum,</strong></span> <span class='ocrx_word' id='word_1_124' title='bbox 931 1675 1141 1731; x_wconf 85' lang='lat' dir='ltr'><strong>scilicet</strong></span> <span class='ocrx_word' id='word_1_125' title='bbox 1190 1682 1246 1728; x_wconf 91' lang='lat' dir='ltr'><strong>et</strong></span> <span class='ocrx_word' id='word_1_126' title='bbox 1275 1682 1592 1727; x_wconf 68' lang='lat' dir='ltr'><strong>caeterorum</strong></span> <span class='ocrx_word' id='word_1_127' title='bbox 1616 1710 1631 1735; x_wconf 93' lang='lat'><strong>,</strong></span> 
     </span>
    </p>
   </div>
   <div class='ocr_carea' id='block_1_18' title="bbox 104 1763 1635 1836">
    <p class='ocr_par' dir='ltr' id='par_1_18' title="bbox 104 1763 1635 1836">
     <span class='ocr_line' id='line_1_18' title="bbox 104 1763 1635 1836; baseline -0.005 -14"><span class='ocrx_word' id='word_1_128' title='bbox 104 1779 359 1823; x_wconf 74' lang='lat' dir='ltr'><strong>ettanctum</strong></span> <span class='ocrx_word' id='word_1_129' title='bbox 400 1769 569 1825; x_wconf 85' lang='lat' dir='ltr'><strong>Deum</strong></span> <span class='ocrx_word' id='word_1_130' title='bbox 603 1768 793 1833; x_wconf 73' lang='lat' dir='ltr'><strong>Israel,</strong></span> <span class='ocrx_word' id='word_1_131' title='bbox 837 1768 889 1824; x_wconf 91' lang='lat' dir='ltr'><strong>id</strong></span> <span class='ocrx_word' id='word_1_132' title='bbox 919 1765 1235 1823; x_wconf 83' lang='lat' dir='ltr'><strong>estJudaici</strong></span> <span class='ocrx_word' id='word_1_133' title='bbox 1282 1763 1463 1836; x_wconf 87' lang='lat' dir='ltr'><strong>populi</strong></span> <span class='ocrx_word' id='word_1_134' title='bbox 1508 1778 1635 1817; x_wconf 76' lang='lat' dir='ltr'><strong>exa-</strong></span> 
     </span>
    </p>
   </div>
   <div class='ocr_carea' id='block_1_19' title="bbox 1731 577 3312 657">
    <p class='ocr_par' dir='ltr' id='par_1_19' title="bbox 1731 577 3312 657">
     <span class='ocr_line' id='line_1_19' title="bbox 1731 577 3312 657; baseline 0.006 -26"><span class='ocrx_word' id='word_1_135' title='bbox 1731 577 1941 634; x_wconf 81' lang='lat' dir='ltr'><strong>fructus</strong></span> <span class='ocrx_word' id='word_1_136' title='bbox 1989 594 2112 633; x_wconf 91' lang='lat' dir='ltr'><strong>cum</strong></span> <span class='ocrx_word' id='word_1_137' title='bbox 2170 579 2311 634; x_wconf 84' lang='lat' dir='ltr'><strong>foliis</strong></span> <span class='ocrx_word' id='word_1_138' title='bbox 2352 578 2573 635; x_wconf 89' lang='lat' dir='ltr'><strong>omnino</strong></span> <span class='ocrx_word' id='word_1_139' title='bbox 2619 583 2927 649; x_wconf 86' lang='lat' dir='ltr'><strong>consumit,</strong></span> <span class='ocrx_word' id='word_1_140' title='bbox 2977 599 3112 653; x_wconf 90' lang='lat' dir='ltr'><strong>quos</strong></span> <span class='ocrx_word' id='word_1_141' title='bbox 3151 586 3312 657; x_wconf 83' lang='lat' dir='ltr'><strong>vulgo</strong></span> 
     </span>
    </p>
   </div>
   <div class='ocr_carea' id='block_1_20' title="bbox 1730 668 3310 745">
    <p class='ocr_par' dir='ltr' id='par_1_20' title="bbox 1730 668 3310 745">
     <span class='ocr_line' id='line_1_20' title="bbox 1730 668 3310 745; baseline 0.005 -23"><span class='ocrx_word' id='word_1_142' title='bbox 1730 668 1953 722; x_wconf 76' lang='lat' dir='ltr'><strong>canillas</strong></span> <span class='ocrx_word' id='word_1_143' title='bbox 1968 669 2217 723; x_wconf 75' lang='lat' dir='ltr'><strong>dicimus.</strong></span> <span class='ocrx_word' id='word_1_144' title='bbox 2234 668 2500 724; x_wconf 68' lang='lat' dir='ltr'><strong>Caeterum</strong></span> <span class='ocrx_word' id='word_1_145' title='bbox 2519 669 2853 739; x_wconf 81' lang='lat' dir='ltr'><strong>Augustinus</strong></span> <span class='ocrx_word' id='word_1_146' title='bbox 2875 672 3004 727; x_wconf 85' lang='lat' dir='ltr'><strong>dicit</strong></span> <span class='ocrx_word' id='word_1_147' title='bbox 3018 676 3310 745; x_wconf 67' lang='lat' dir='ltr'><strong>aeruginem</strong></span> 
     </span>
    </p>
   </div>
   <div class='ocr_carea' id='block_1_21' title="bbox 1732 758 3313 832">
    <p class='ocr_par' dir='ltr' id='par_1_21' title="bbox 1732 758 3313 832">
     <span class='ocr_line' id='line_1_21' title="bbox 1732 758 3313 832; baseline 0.003 -18"><span class='ocrx_word' id='word_1_148' title='bbox 1732 770 2016 816; x_wconf 89' lang='lat' dir='ltr'><strong>nocentem</strong></span> <span class='ocrx_word' id='word_1_149' title='bbox 2042 760 2309 827; x_wconf 47' lang='lat' dir='ltr'><strong>,nebulam</strong></span> <span class='ocrx_word' id='word_1_150' title='bbox 2341 774 2480 827; x_wconf 86' lang='lat' dir='ltr'><strong>esse,</strong></span> <span class='ocrx_word' id='word_1_151' title='bbox 2509 775 2630 829; x_wconf 86' lang='lat' dir='ltr'><strong>quae</strong></span> <span class='ocrx_word' id='word_1_152' title='bbox 2676 758 2882 817; x_wconf 86' lang='lat' dir='ltr'><strong>fructus</strong></span> <span class='ocrx_word' id='word_1_153' title='bbox 2910 764 3313 832; x_wconf 80' lang='lat' dir='ltr'><strong>perdit.Volunt</strong></span> 
     </span>
    </p>
   </div>
   <div class='ocr_carea' id='block_1_22' title="bbox 1732 850 3314 921">
    <p class='ocr_par' dir='ltr' id='par_1_22' title="bbox 1732 850 3314 921">
     <span class='ocr_line' id='line_1_22' title="bbox 1732 850 3314 921; baseline 0.003 -18"><span class='ocrx_word' id='word_1_154' title='bbox 1732 850 1952 920; x_wconf 91' lang='lat' dir='ltr'><strong>quidam</strong></span> <span class='ocrx_word' id='word_1_155' title='bbox 1983 850 2280 920; x_wconf 76' lang='lat' dir='ltr'><strong>terugiuem</strong></span> <span class='ocrx_word' id='word_1_156' title='bbox 2325 864 2446 905; x_wconf 89' lang='lat' dir='ltr'><strong>esse</strong></span> <span class='ocrx_word' id='word_1_157' title='bbox 2500 850 2727 905; x_wconf 91' lang='lat' dir='ltr'><strong>brucum</strong></span> <span class='ocrx_word' id='word_1_158' title='bbox 2751 891 2765 911; x_wconf 89' lang='lat'><strong>,</strong></span> <span class='ocrx_word' id='word_1_159' title='bbox 2799 859 2854 906; x_wconf 89' lang='lat' dir='ltr'><strong>et</strong></span> <span class='ocrx_word' id='word_1_160' title='bbox 2911 859 3033 921; x_wconf 92' lang='lat' dir='ltr'><strong>post</strong></span> <span class='ocrx_word' id='word_1_161' title='bbox 3065 852 3176 906; x_wconf 69' lang='lat' dir='ltr'><strong>haec</strong></span> <span class='ocrx_word' id='word_1_162' title='bbox 3225 854 3314 907; x_wconf 88' lang='lat' dir='ltr'><strong>de-</strong></span> 
     </span>
    </p>
   </div>
   <div class='ocr_carea' id='block_1_23' title="bbox 1732 936 3329 1010">
    <p class='ocr_par' dir='ltr' id='par_1_23' title="bbox 1732 936 3329 1010">
     <span class='ocr_line' id='line_1_23' title="bbox 1732 936 3329 1010; baseline 0.001 -17"><span class='ocrx_word' id='word_1_163' title='bbox 1732 941 1807 994; x_wconf 85' lang='lat' dir='ltr'><strong>dit</strong></span> <span class='ocrx_word' id='word_1_164' title='bbox 1851 940 2053 995; x_wconf 73' lang='lat' dir='ltr'><strong>labores</strong></span> <span class='ocrx_word' id='word_1_165' title='bbox 2102 956 2282 994; x_wconf 87' lang='lat' dir='ltr'><strong>eorum</strong></span> <span class='ocrx_word' id='word_1_166' title='bbox 2311 940 2549 1002; x_wconf 75' lang='lat' dir='ltr'><strong>locustw,</strong></span> <span class='ocrx_word' id='word_1_167' title='bbox 2576 940 2783 996; x_wconf 90' lang='lat' dir='ltr'><strong>scilicet</strong></span> <span class='ocrx_word' id='word_1_168' title='bbox 2827 956 3031 997; x_wconf 88' lang='lat' dir='ltr'><strong>messes</strong></span> <span class='ocrx_word' id='word_1_169' title='bbox 3077 956 3213 1010; x_wconf 90' lang='lat' dir='ltr'><strong>quas</strong></span> <span class='ocrx_word' id='word_1_170' title='bbox 3241 936 3329 995; x_wconf 64' lang='grc' dir='ltr'>ιιι-⁷</span> 
     </span>
    </p>
   </div>
   <div class='ocr_carea' id='block_1_24' title="bbox 1732 1030 3318 1100">
    <p class='ocr_par' dir='ltr' id='par_1_24' title="bbox 1732 1030 3318 1100">
     <span class='ocr_line' id='line_1_24' title="bbox 1732 1030 3318 1100; baseline 0.001 -15"><span class='ocrx_word' id='word_1_171' title='bbox 1732 1030 1974 1085; x_wconf 91' lang='lat' dir='ltr'><strong>borando</strong></span> <span class='ocrx_word' id='word_1_172' title='bbox 2015 1039 2377 1100; x_wconf 85' lang='lat' dir='ltr'><strong>paraverant,</strong></span> <span class='ocrx_word' id='word_1_173' title='bbox 2423 1031 2571 1086; x_wconf 85' lang='lat' dir='ltr'><strong>dedit</strong></span> <span class='ocrx_word' id='word_1_174' title='bbox 2615 1031 2942 1086; x_wconf 89' lang='lat' dir='ltr'><strong>locustarmn</strong></span> <span class='ocrx_word' id='word_1_175' title='bbox 2989 1032 3318 1088; x_wconf 85' lang='lat' dir='ltr'><strong>multitudini</strong></span> 
     </span>
    </p>
   </div>
   <div class='ocr_carea' id='block_1_25' title="bbox 1734 1121 3316 1193">
    <p class='ocr_par' dir='ltr' id='par_1_25' title="bbox 1734 1121 3316 1193">
     <span class='ocr_line' id='line_1_25' title="bbox 1734 1121 3316 1193; baseline 0.001 -17"><span class='ocrx_word' id='word_1_176' title='bbox 1734 1122 1800 1176; x_wconf 87' lang='lat' dir='ltr'><strong>ad</strong></span> <span class='ocrx_word' id='word_1_177' title='bbox 1824 1122 2224 1189; x_wconf 76' lang='lat' dir='ltr'><strong>devorandum,</strong></span> <span class='ocrx_word' id='word_1_178' title='bbox 2250 1132 2298 1177; x_wconf 86' lang='lat' dir='ltr'><strong>et</strong></span> <span class='ocrx_word' id='word_1_179' title='bbox 2321 1121 2508 1177; x_wconf 84' lang='lat' dir='ltr'><strong>occidit</strong></span> <span class='ocrx_word' id='word_1_180' title='bbox 2539 1123 2716 1176; x_wconf 81' lang='lat' dir='ltr'><strong>vineas</strong></span> <span class='ocrx_word' id='word_1_181' title='bbox 2749 1139 2927 1176; x_wconf 84' lang='lat' dir='ltr'><strong>eorum</strong></span> <span class='ocrx_word' id='word_1_182' title='bbox 2959 1123 3011 1177; x_wconf 87' lang='lat' dir='ltr'><strong>in</strong></span> <span class='ocrx_word' id='word_1_183' title='bbox 3042 1123 3316 1193; x_wconf 72' lang='lat' dir='ltr'><strong>grandine,</strong></span> 
     </span>
    </p>
   </div>
   <div class='ocr_carea' id='block_1_26' title="bbox 1735 1213 3322 1285">
    <p class='ocr_par' dir='ltr' id='par_1_26' title="bbox 1735 1213 3322 1285">
     <span class='ocr_line' id='line_1_26' title="bbox 1735 1213 3322 1285; baseline 0.001 -17"><span class='ocrx_word' id='word_1_184' title='bbox 1735 1214 1789 1268; x_wconf 89' lang='lat' dir='ltr'><strong>id</strong></span> <span class='ocrx_word' id='word_1_185' title='bbox 1838 1224 1921 1270; x_wconf 90' lang='lat' dir='ltr'><strong>est</strong></span> <span class='ocrx_word' id='word_1_186' title='bbox 1968 1214 2239 1270; x_wconf 84' lang='lat' dir='ltr'><strong>destruxit</strong></span> <span class='ocrx_word' id='word_1_187' title='bbox 2279 1213 2517 1268; x_wconf 86' lang='lat' dir='ltr'><strong>fructum</strong></span> <span class='ocrx_word' id='word_1_188' title='bbox 2553 1214 2837 1269; x_wconf 85' lang='lat' dir='ltr'><strong>vinearum</strong></span> <span class='ocrx_word' id='word_1_189' title='bbox 2876 1216 2929 1268; x_wconf 90' lang='lat' dir='ltr'><strong>in</strong></span> <span class='ocrx_word' id='word_1_190' title='bbox 2976 1215 3322 1285; x_wconf 79' lang='lat' dir='ltr'><strong>percussione</strong></span> 
     </span>
    </p>
   </div>
   <div class='ocr_carea' id='block_1_27' title="bbox 1685 1302 3319 1376">
    <p class='ocr_par' dir='ltr' id='par_1_27' title="bbox 1685 1302 3319 1376">
     <span class='ocr_line' id='line_1_27' title="bbox 1685 1302 3319 1376; baseline 0.001 -18"><span class='ocrx_word' id='word_1_191' title='bbox 1685 1333 1694 1344; x_wconf 86' lang='lat'><strong>-</strong></span> <span class='ocrx_word' id='word_1_192' title='bbox 1734 1306 2028 1376; x_wconf 88' lang='lat' dir='ltr'><strong>grandinis,</strong></span> <span class='ocrx_word' id='word_1_193' title='bbox 2049 1316 2096 1360; x_wconf 89' lang='lat' dir='ltr'><strong>et</strong></span> <span class='ocrx_word' id='word_1_194' title='bbox 2128 1321 2301 1360; x_wconf 73' lang='lat' dir='ltr'><strong>moros</strong></span> <span class='ocrx_word' id='word_1_195' title='bbox 2327 1321 2507 1360; x_wconf 87' lang='lat' dir='ltr'><strong>eorum</strong></span> <span class='ocrx_word' id='word_1_196' title='bbox 2534 1306 2593 1360; x_wconf 84' lang='lat' dir='ltr'><strong>in</strong></span> <span class='ocrx_word' id='word_1_197' title='bbox 2617 1306 2835 1375; x_wconf 83' lang='lat' dir='ltr'><strong>pruina.</strong></span> <span class='ocrx_word' id='word_1_198' title='bbox 2866 1302 2970 1360; x_wconf 81' lang='lat' dir='ltr'><strong>Per</strong></span> <span class='ocrx_word' id='word_1_199' title='bbox 2993 1320 3174 1360; x_wconf 92' lang='lat' dir='ltr'><strong>moros</strong></span> <span class='ocrx_word' id='word_1_200' title='bbox 3198 1306 3319 1375; x_wconf 87' lang='lat' dir='ltr'><strong>qui-</strong></span> 
     </span>
    </p>
   </div>
   <div class='ocr_carea' id='block_1_28' title="bbox 1735 1396 3319 1467">
    <p class='ocr_par' dir='ltr' id='par_1_28' title="bbox 1735 1396 3319 1467">
     <span class='ocr_line' id='line_1_28' title="bbox 1735 1396 3319 1467; baseline 0.001 -16"><span class='ocrx_word' id='word_1_201' title='bbox 1735 1399 1857 1453; x_wconf 90' lang='lat' dir='ltr'><strong>dem</strong></span> <span class='ocrx_word' id='word_1_202' title='bbox 1885 1414 2077 1454; x_wconf 91' lang='lat' dir='ltr'><strong>omnes</strong></span> <span class='ocrx_word' id='word_1_203' title='bbox 2105 1397 2242 1454; x_wconf 90' lang='lat' dir='ltr'><strong>alias</strong></span> <span class='ocrx_word' id='word_1_204' title='bbox 2270 1398 2494 1454; x_wconf 84' lang='lat' dir='ltr'><strong>arbores</strong></span> <span class='ocrx_word' id='word_1_205' title='bbox 2519 1396 2786 1467; x_wconf 80' lang='lat' dir='ltr'><strong>designat.</strong></span> <span class='ocrx_word' id='word_1_206' title='bbox 2817 1396 2969 1464; x_wconf 83' lang='lat' dir='ltr'><strong>Quod</strong></span> <span class='ocrx_word' id='word_1_207' title='bbox 2995 1400 3319 1453; x_wconf 89' lang='lat' dir='ltr'><strong>estdicere:</strong></span> 
     </span>
    </p>
   </div>
   <div class='ocr_carea' id='block_1_29' title="bbox 1736 1489 3319 1559">
    <p class='ocr_par' dir='ltr' id='par_1_29' title="bbox 1736 1489 3319 1559">
     <span class='ocr_line' id='line_1_29' title="bbox 1736 1489 3319 1559; baseline 0.001 -16"><span class='ocrx_word' id='word_1_208' title='bbox 1736 1489 1992 1543; x_wconf 88' lang='lat' dir='ltr'><strong>Fructum</strong></span> <span class='ocrx_word' id='word_1_209' title='bbox 2026 1503 2300 1547; x_wconf 87' lang='lat' dir='ltr'><strong>mororqu</strong></span> <span class='ocrx_word' id='word_1_210' title='bbox 2335 1497 2389 1544; x_wconf 90' lang='lat' dir='ltr'><strong>et</strong></span> <span class='ocrx_word' id='word_1_211' title='bbox 2426 1499 2747 1545; x_wconf 72' lang='lat' dir='ltr'><strong>creterarum</strong></span> <span class='ocrx_word' id='word_1_212' title='bbox 2775 1491 3032 1545; x_wconf 90' lang='lat' dir='ltr'><strong>arborum</strong></span> <span class='ocrx_word' id='word_1_213' title='bbox 3061 1490 3319 1559; x_wconf 86' lang='lat' dir='ltr'><strong>perdidit,</strong></span> 
     </span>
    </p>
   </div>
   <div class='ocr_carea' id='block_1_30' title="bbox 1735 1580 3320 1653">
    <p class='ocr_par' dir='ltr' id='par_1_30' title="bbox 1735 1580 3320 1653">
     <span class='ocr_line' id='line_1_30' title="bbox 1735 1580 3320 1653; baseline 0.002 -17"><span class='ocrx_word' id='word_1_214' title='bbox 1735 1580 1898 1652; x_wconf 82' lang='lat'><strong>309</strong></span> <span class='ocrx_word' id='word_1_215' title='bbox 1924 1595 2019 1650; x_wconf 89' lang='lat' dir='ltr'><strong>per</strong></span> <span class='ocrx_word' id='word_1_216' title='bbox 2047 1580 2267 1634; x_wconf 88' lang='lat' dir='ltr'><strong>nimiam</strong></span> <span class='ocrx_word' id='word_1_217' title='bbox 2292 1581 2549 1651; x_wconf 87' lang='lat' dir='ltr'><strong>pluviam,</strong></span> <span class='ocrx_word' id='word_1_218' title='bbox 2589 1593 2643 1638; x_wconf 91' lang='lat' dir='ltr'><strong>et</strong></span> <span class='ocrx_word' id='word_1_219' title='bbox 2677 1591 2796 1653; x_wconf 90' lang='lat' dir='ltr'><strong>post</strong></span> <span class='ocrx_word' id='word_1_220' title='bbox 2828 1584 3048 1637; x_wconf 81' lang='lat' dir='ltr'><strong>tradidit</strong></span> <span class='ocrx_word' id='word_1_221' title='bbox 3070 1584 3320 1653; x_wconf 85' lang='lat' dir='ltr'><strong>jumenta</strong></span> 
     </span>
    </p>
   </div>
   <div class='ocr_carea' id='block_1_31' title="bbox 1736 1673 3325 1746">
    <p class='ocr_par' dir='ltr' id='par_1_31' title="bbox 1736 1673 3325 1746">
     <span class='ocr_line' id='line_1_31' title="bbox 1736 1673 3325 1746; baseline 0.001 -19"><span class='ocrx_word' id='word_1_222' title='bbox 1736 1689 1916 1727; x_wconf 88' lang='lat' dir='ltr'><strong>eorum</strong></span> <span class='ocrx_word' id='word_1_223' title='bbox 1955 1673 2225 1743; x_wconf 85' lang='lat' dir='ltr'><strong>grandini,</strong></span> <span class='ocrx_word' id='word_1_224' title='bbox 2260 1674 2327 1728; x_wconf 85' lang='lat' dir='ltr'><strong>ad</strong></span> <span class='ocrx_word' id='word_1_225' title='bbox 2368 1675 2823 1743; x_wconf 88' lang='lat' dir='ltr'><strong>percutiendum,</strong></span> <span class='ocrx_word' id='word_1_226' title='bbox 2867 1686 2923 1729; x_wconf 85' lang='lat' dir='ltr'><strong>et</strong></span> <span class='ocrx_word' id='word_1_227' title='bbox 2944 1677 3325 1746; x_wconf 78' lang='lat' dir='ltr'><strong>possessionem</strong></span> 
     </span>
    </p>
   </div>
   <div class='ocr_carea' id='block_1_32' title="bbox 1736 1764 3325 1839">
    <p class='ocr_par' dir='ltr' id='par_1_32' title="bbox 1736 1764 3325 1839">
     <span class='ocr_line' id='line_1_32' title="bbox 1736 1764 3325 1839; baseline 0.001 -20"><span class='ocrx_word' id='word_1_228' title='bbox 1736 1779 1938 1831; x_wconf 88' lang='lat' dir='ltr'><strong>eorum,</strong></span> <span class='ocrx_word' id='word_1_229' title='bbox 1982 1764 2034 1819; x_wconf 92' lang='lat' dir='ltr'><strong>id</strong></span> <span class='ocrx_word' id='word_1_230' title='bbox 2062 1772 2146 1820; x_wconf 87' lang='lat' dir='ltr'><strong>est</strong></span> <span class='ocrx_word' id='word_1_231' title='bbox 2174 1765 2362 1821; x_wconf 87' lang='lat' dir='ltr'><strong>domos</strong></span> <span class='ocrx_word' id='word_1_232' title='bbox 2394 1774 2448 1821; x_wconf 90' lang='lat' dir='ltr'><strong>et</strong></span> <span class='ocrx_word' id='word_1_233' title='bbox 2478 1775 2673 1822; x_wconf 83' lang='lat' dir='ltr'><strong>caetera</strong></span> <span class='ocrx_word' id='word_1_234' title='bbox 2704 1781 2892 1822; x_wconf 90' lang='lat' dir='ltr'><strong>eorum</strong></span> <span class='ocrx_word' id='word_1_235' title='bbox 2924 1767 3031 1839; x_wconf 89' lang='lat' dir='ltr'><strong>igni</strong></span> <span class='ocrx_word' id='word_1_236' title='bbox 3075 1769 3141 1821; x_wconf 89' lang='lat' dir='ltr'><strong>ad</strong></span> <span class='ocrx_word' id='word_1_237' title='bbox 3174 1783 3325 1823; x_wconf 89' lang='lat' dir='ltr'><strong>com-</strong></span> 
     </span>
    </p>
   </div>
   <div class='ocr_carea' id='block_1_33' title="bbox 105 1832 3325 1932">
    <p class='ocr_par' dir='ltr' id='par_1_33' title="bbox 105 1832 3325 1932">
     <span class='ocr_line' id='line_1_33' title="bbox 105 1832 3325 1932; baseline 0.002 -22"><span class='ocrx_word' id='word_1_238' title='bbox 105 1858 384 1915; x_wconf 71' lang='lat' dir='ltr'><strong>certaverunt</strong></span> <span class='ocrx_word' id='word_1_239' title='bbox 408 1900 422 1923; x_wconf 89' lang='lat'><strong>,</strong></span> <span class='ocrx_word' id='word_1_240' title='bbox 479 1859 624 1914; x_wconf 90' lang='lat' dir='ltr'><strong>male</strong></span> <span class='ocrx_word' id='word_1_241' title='bbox 670 1859 945 1930; x_wconf 87' lang='lat' dir='ltr'><strong>operando</strong></span> <span class='ocrx_word' id='word_1_242' title='bbox 971 1899 987 1925; x_wconf 95' lang='lat'><strong>,</strong></span> <span class='ocrx_word' id='word_1_243' title='bbox 1036 1832 1633 1912; x_wconf 38' lang='lat' dir='ltr'><strong>vitulum—conﬂatilem</strong></span> <span class='ocrx_word' id='word_1_244' title='bbox 1666 1832 1709 1887; x_wconf 74' lang='grc' dir='ltr'><strong>Β</strong></span> <span class='ocrx_word' id='word_1_245' title='bbox 1744 1855 2068 1911; x_wconf 90' lang='lat' dir='ltr'><strong>burendum.</strong></span> <span class='ocrx_word' id='word_1_246' title='bbox 2104 1856 2254 1911; x_wconf 85' lang='lat' dir='ltr'><strong>Hanc</strong></span> <span class='ocrx_word' id='word_1_247' title='bbox 2299 1858 2516 1928; x_wconf 83' lang='lat' dir='ltr'><strong>quidem</strong></span> <span class='ocrx_word' id='word_1_248' title='bbox 2548 1858 2759 1930; x_wconf 81' lang='lat' dir='ltr'><strong>plagam</strong></span> <span class='ocrx_word' id='word_1_249' title='bbox 2794 1860 2859 1915; x_wconf 90' lang='lat' dir='ltr'><strong>de</strong></span> <span class='ocrx_word' id='word_1_250' title='bbox 2899 1832 3020 1930; x_wconf 72' lang='lat' dir='ltr'><strong>igne</strong></span> <span class='ocrx_word' id='word_1_251' title='bbox 3047 1901 3060 1923; x_wconf 87' lang='lat'><strong>,</strong></span> <span class='ocrx_word' id='word_1_252' title='bbox 3113 1860 3325 1932; x_wconf 83' lang='lat' dir='ltr'><strong>Moyses</strong></span> 
     </span>
    </p>
   </div>
   <div class='ocr_carea' id='block_1_34' title="bbox 106 1946 1638 2019">
    <p class='ocr_par' dir='ltr' id='par_1_34' title="bbox 106 1946 1638 2019">
     <span class='ocr_line' id='line_1_34' title="bbox 106 1946 1638 2019; baseline -0.004 -17"><span class='ocrx_word' id='word_1_253' title='bbox 106 1946 324 2014; x_wconf 70' lang='lat' dir='ltr'><strong>faciendo,</strong></span> <span class='ocrx_word' id='word_1_254' title='bbox 361 1949 489 2004; x_wconf 89' lang='lat' dir='ltr'><strong>etei</strong></span> <span class='ocrx_word' id='word_1_255' title='bbox 536 1957 702 2019; x_wconf 85' lang='lat' dir='ltr'><strong>caput</strong></span> <span class='ocrx_word' id='word_1_256' title='bbox 747 1948 1095 2012; x_wconf 77' lang='lat' dir='ltr'><strong>inclinanda,</strong></span> <span class='ocrx_word' id='word_1_257' title='bbox 1127 1955 1182 2001; x_wconf 92' lang='lat' dir='ltr'><strong>et</strong></span> <span class='ocrx_word' id='word_1_258' title='bbox 1224 1955 1422 2001; x_wconf 69' lang='lat' dir='ltr'><strong>cmtera</strong></span> <span class='ocrx_word' id='word_1_259' title='bbox 1472 1958 1638 2014; x_wconf 81' lang='lat' dir='ltr'><strong>Opera</strong></span> 
     </span>
    </p>
   </div>
   <div class='ocr_carea' id='block_1_35' title="bbox 105 2039 1639 2111">
    <p class='ocr_par' dir='ltr' id='par_1_35' title="bbox 105 2039 1639 2111">
     <span class='ocr_line' id='line_1_35' title="bbox 105 2039 1639 2111; baseline -0.004 -18"><span class='ocrx_word' id='word_1_260' title='bbox 105 2040 207 2094; x_wconf 80' lang='lat' dir='ltr'><strong>mala</strong></span> <span class='ocrx_word' id='word_1_261' title='bbox 231 2043 441 2111; x_wconf 88' lang='lat' dir='ltr'><strong>agendo.</strong></span> <span class='ocrx_word' id='word_1_262' title='bbox 469 2041 629 2109; x_wconf 90' lang='lat' dir='ltr'><strong>Quod</strong></span> <span class='ocrx_word' id='word_1_263' title='bbox 666 2039 884 2111; x_wconf 89' lang='lat' dir='ltr'><strong>quidem</strong></span> <span class='ocrx_word' id='word_1_264' title='bbox 913 2040 1137 2094; x_wconf 90' lang='lat' dir='ltr'><strong>minime</strong></span> <span class='ocrx_word' id='word_1_265' title='bbox 1167 2039 1405 2102; x_wconf 88' lang='lat' dir='ltr'><strong>deceret,</strong></span> <span class='ocrx_word' id='word_1_266' title='bbox 1432 2043 1492 2090; x_wconf 93' lang='lat' dir='ltr'><strong>ut</strong></span> <span class='ocrx_word' id='word_1_267' title='bbox 1517 2049 1639 2089; x_wconf 90' lang='lat' dir='ltr'><strong>eum</strong></span> 
     </span>
    </p>
   </div>
   <div class='ocr_carea' id='block_1_36' title="bbox 104 2131 1642 2212">
    <p class='ocr_par' dir='ltr' id='par_1_36' title="bbox 104 2131 1642 2212">
     <span class='ocr_line' id='line_1_36' title="bbox 104 2131 1642 2212; baseline -0.003 -29"><span class='ocrx_word' id='word_1_268' title='bbox 104 2132 306 2212; x_wconf 78' lang='lat' dir='ltr'><strong>operibus</strong></span> <span class='ocrx_word' id='word_1_269' title='bbox 339 2134 491 2189; x_wconf 91' lang='lat' dir='ltr'><strong>malis</strong></span> <span class='ocrx_word' id='word_1_270' title='bbox 536 2132 933 2188; x_wconf 75' lang='lat' dir='ltr'><strong>exacerbarent</strong></span> <span class='ocrx_word' id='word_1_271' title='bbox 961 2170 976 2197; x_wconf 92' lang='lat'><strong>,</strong></span> <span class='ocrx_word' id='word_1_272' title='bbox 1027 2131 1122 2199; x_wconf 87' lang='lat' dir='ltr'><strong>qui</strong></span> <span class='ocrx_word' id='word_1_273' title='bbox 1175 2137 1398 2185; x_wconf 87' lang='lat' dir='ltr'><strong>sanctus</strong></span> <span class='ocrx_word' id='word_1_274' title='bbox 1438 2136 1547 2191; x_wconf 89' lang='lat' dir='ltr'><strong>est,</strong></span> <span class='ocrx_word' id='word_1_275' title='bbox 1588 2133 1642 2179; x_wconf 91' lang='lat' dir='ltr'><strong>et</strong></span> 
     </span>
    </p>
   </div>
   <div class='ocr_carea' id='block_1_37' title="bbox 104 2222 1635 2294">
    <p class='ocr_par' dir='ltr' id='par_1_37' title="bbox 104 2222 1635 2294">
     <span class='ocr_line' id='line_1_37' title="bbox 104 2222 1635 2294; baseline -0.002 -18"><span class='ocrx_word' id='word_1_276' title='bbox 104 2225 365 2281; x_wconf 83' lang='lat' dir='ltr'><strong>ohedieutes</strong></span> <span class='ocrx_word' id='word_1_277' title='bbox 406 2227 508 2282; x_wconf 82' lang='lat' dir='ltr'><strong>sibi</strong></span> <span class='ocrx_word' id='word_1_278' title='bbox 541 2225 888 2281; x_wconf 78' lang='lat' dir='ltr'><strong>sanctificare</strong></span> <span class='ocrx_word' id='word_1_279' title='bbox 918 2232 1116 2294; x_wconf 85' lang='lat' dir='ltr'><strong>potest.</strong></span> <span class='ocrx_word' id='word_1_280' title='bbox 1152 2222 1285 2278; x_wconf 88' lang='lat' dir='ltr'><strong>Cum</strong></span> <span class='ocrx_word' id='word_1_281' title='bbox 1316 2229 1499 2276; x_wconf 88' lang='lat' dir='ltr'><strong>autem</strong></span> <span class='ocrx_word' id='word_1_282' title='bbox 1527 2234 1635 2274; x_wconf 81' lang='lat' dir='ltr'><strong>non</strong></span> 
     </span>
    </p>
   </div>
   <div class='ocr_carea' id='block_1_38' title="bbox 106 2309 1639 2381">
    <p class='ocr_par' dir='ltr' id='par_1_38' title="bbox 106 2309 1639 2381">
     <span class='ocr_line' id='line_1_38' title="bbox 106 2309 1639 2381; baseline -0.002 -15"><span class='ocrx_word' id='word_1_283' title='bbox 106 2314 362 2371; x_wconf 82' lang='lat' dir='ltr'><strong>debuissent</strong></span> <span class='ocrx_word' id='word_1_284' title='bbox 403 2318 577 2372; x_wconf 86' lang='lat' dir='ltr'><strong>Deum</strong></span> <span class='ocrx_word' id='word_1_285' title='bbox 626 2324 876 2380; x_wconf 87' lang='lat' dir='ltr'><strong>tentare,</strong></span> <span class='ocrx_word' id='word_1_286' title='bbox 925 2313 1227 2369; x_wconf 75' lang='lat' dir='ltr'><strong>btesitando</strong></span> <span class='ocrx_word' id='word_1_287' title='bbox 1278 2313 1344 2368; x_wconf 91' lang='lat' dir='ltr'><strong>de</strong></span> <span class='ocrx_word' id='word_1_288' title='bbox 1395 2309 1639 2381; x_wconf 91' lang='lat' dir='ltr'><strong>potentia</strong></span> 
     </span>
    </p>
   </div>
   <div class='ocr_carea' id='block_1_39' title="bbox 106 2402 1641 2475">
    <p class='ocr_par' dir='ltr' id='par_1_39' title="bbox 106 2402 1641 2475">
     <span class='ocr_line' id='line_1_39' title="bbox 106 2402 1641 2475; baseline -0.001 -21"><span class='ocrx_word' id='word_1_289' title='bbox 106 2403 208 2472; x_wconf 73' lang='lat' dir='ltr'><strong>ejus,</strong></span> <span class='ocrx_word' id='word_1_290' title='bbox 233 2415 281 2459; x_wconf 88' lang='lat' dir='ltr'><strong>et</strong></span> <span class='ocrx_word' id='word_1_291' title='bbox 316 2405 657 2462; x_wconf 89' lang='lat' dir='ltr'><strong>recordando</strong></span> <span class='ocrx_word' id='word_1_292' title='bbox 689 2404 926 2475; x_wconf 83' lang='lat' dir='ltr'><strong>qualiter</strong></span> <span class='ocrx_word' id='word_1_293' title='bbox 952 2419 1047 2460; x_wconf 90' lang='lat' dir='ltr'><strong>eos</strong></span> <span class='ocrx_word' id='word_1_294' title='bbox 1099 2402 1328 2458; x_wconf 90' lang='lat' dir='ltr'><strong>redemit</strong></span> <span class='ocrx_word' id='word_1_295' title='bbox 1364 2404 1429 2457; x_wconf 90' lang='lat' dir='ltr'><strong>de</strong></span> <span class='ocrx_word' id='word_1_296' title='bbox 1478 2416 1641 2454; x_wconf 89' lang='lat' dir='ltr'><strong>manu</strong></span> 
     </span>
    </p>
   </div>
   <div class='ocr_carea' id='block_1_40' title="bbox 109 2488 1640 2563">
    <p class='ocr_par' dir='ltr' id='par_1_40' title="bbox 109 2488 1640 2563">
     <span class='ocr_line' id='line_1_40' title="bbox 109 2488 1640 2563; baseline -0.001 -21"><span class='ocrx_word' id='word_1_297' title='bbox 109 2492 367 2550; x_wconf 85' lang='lat' dir='ltr'><strong>tribulant&#39;s</strong></span> <span class='ocrx_word' id='word_1_298' title='bbox 410 2510 506 2551; x_wconf 88' lang='lat' dir='ltr'><strong>eos</strong></span> <span class='ocrx_word' id='word_1_299' title='bbox 558 2492 884 2561; x_wconf 87' lang='lat' dir='ltr'><strong>Pharaonis,</strong></span> <span class='ocrx_word' id='word_1_300' title='bbox 912 2504 967 2547; x_wconf 91' lang='lat' dir='ltr'><strong>ct</strong></span> <span class='ocrx_word' id='word_1_301' title='bbox 995 2506 1132 2563; x_wconf 84' lang='lat' dir='ltr'><strong>quas</strong></span> <span class='ocrx_word' id='word_1_302' title='bbox 1176 2491 1363 2563; x_wconf 88' lang='lat' dir='ltr'><strong>plagas</strong></span> <span class='ocrx_word' id='word_1_303' title='bbox 1402 2488 1550 2545; x_wconf 88' lang='lat' dir='ltr'><strong>dedit</strong></span> <span class='ocrx_word' id='word_1_304' title='bbox 1588 2488 1640 2542; x_wconf 95' lang='lat' dir='ltr'><strong>iu</strong></span> 
     </span>
    </p>
   </div>
   <div class='ocr_carea' id='block_1_41' title="bbox 111 2580 546 2653">
    <p class='ocr_par' dir='ltr' id='par_1_41' title="bbox 111 2580 546 2653">
     <span class='ocr_line' id='line_1_41' title="bbox 111 2580 546 2653; baseline 0.002 -15"><span class='ocrx_word' id='word_1_305' title='bbox 111 2580 295 2653; x_wconf 60' lang='lat' dir='ltr'><strong>Egypto</strong></span> <span class='ocrx_word' id='word_1_306' title='bbox 320 2600 414 2653; x_wconf 90' lang='lat' dir='ltr'><strong>pro</strong></span> <span class='ocrx_word' id='word_1_307' title='bbox 439 2585 546 2641; x_wconf 92' lang='lat' dir='ltr'><strong>eis.</strong></span> 
     </span>
    </p>
   </div>
   <div class='ocr_carea' id='block_1_42' title="bbox 162 2670 1642 2743">
    <p class='ocr_par' dir='ltr' id='par_1_42' title="bbox 162 2670 1642 2743">
     <span class='ocr_line' id='line_1_42' title="bbox 162 2670 1642 2743; baseline 0 -19"><span class='ocrx_word' id='word_1_308' title='bbox 162 2671 263 2727; x_wconf 75' lang='lat' dir='ltr'><strong>Non</strong></span> <span class='ocrx_word' id='word_1_309' title='bbox 308 2685 423 2729; x_wconf 79' lang='lat' dir='ltr'><strong>sunt</strong></span> <span class='ocrx_word' id='word_1_310' title='bbox 472 2674 739 2730; x_wconf 83' lang='lat' dir='ltr'><strong>recordati</strong></span> <span class='ocrx_word' id='word_1_311' title='bbox 792 2689 999 2738; x_wconf 73' lang='lat' dir='ltr'><strong>manus,</strong></span> <span class='ocrx_word' id='word_1_312' title='bbox 1047 2674 1099 2729; x_wconf 91' lang='lat' dir='ltr'><strong>id</strong></span> <span class='ocrx_word' id='word_1_313' title='bbox 1152 2680 1236 2728; x_wconf 87' lang='lat' dir='ltr'><strong>est</strong></span> <span class='ocrx_word' id='word_1_314' title='bbox 1275 2670 1531 2743; x_wconf 62' lang='lat' dir='ltr'><strong>potentiae</strong></span> <span class='ocrx_word' id='word_1_315' title='bbox 1580 2680 1642 2725; x_wconf 92' lang='lat' dir='ltr'><strong>et</strong></span> 
     </span>
    </p>
   </div>
   <div class='ocr_carea' id='block_1_43' title="bbox 112 2762 1640 2834">
    <p class='ocr_par' dir='ltr' id='par_1_43' title="bbox 112 2762 1640 2834">
     <span class='ocr_line' id='line_1_43' title="bbox 112 2762 1640 2834; baseline 0 -20"><span class='ocrx_word' id='word_1_316' title='bbox 112 2763 256 2818; x_wconf 77' lang='lat' dir='ltr'><strong>auxilii</strong></span> <span class='ocrx_word' id='word_1_317' title='bbox 294 2764 420 2834; x_wconf 75' lang='lat' dir='ltr'><strong>ejus,</strong></span> <span class='ocrx_word' id='word_1_318' title='bbox 453 2781 651 2819; x_wconf 88' lang='lat' dir='ltr'><strong>manus</strong></span> <span class='ocrx_word' id='word_1_319' title='bbox 682 2765 803 2819; x_wconf 89' lang='lat' dir='ltr'><strong>dico</strong></span> <span class='ocrx_word' id='word_1_320' title='bbox 846 2764 897 2818; x_wconf 92' lang='lat' dir='ltr'><strong>in</strong></span> <span class='ocrx_word' id='word_1_321' title='bbox 934 2764 1013 2819; x_wconf 90' lang='lat' dir='ltr'><strong>eis</strong></span> <span class='ocrx_word' id='word_1_322' title='bbox 1058 2762 1314 2817; x_wconf 74' lang='lat' dir='ltr'><strong>exhibita:</strong></span> <span class='ocrx_word' id='word_1_323' title='bbox 1346 2762 1398 2815; x_wconf 92' lang='lat' dir='ltr'><strong>in</strong></span> <span class='ocrx_word' id='word_1_324' title='bbox 1426 2762 1511 2815; x_wconf 91' lang='lat' dir='ltr'><strong>die</strong></span> <span class='ocrx_word' id='word_1_325' title='bbox 1536 2777 1640 2831; x_wconf 87' lang='lat' dir='ltr'><strong>qua</strong></span> 
     </span>
    </p>
   </div>
   <div class='ocr_carea' id='block_1_44' title="bbox 113 2853 1644 2921">
    <p class='ocr_par' dir='ltr' id='par_1_44' title="bbox 113 2853 1644 2921">
     <span class='ocr_line' id='line_1_44' title="bbox 113 2853 1644 2921; baseline 0.002 -17"><span class='ocrx_word' id='word_1_326' title='bbox 113 2855 279 2908; x_wconf 77' lang='lat' dir='ltr'><strong>redemit</strong></span> <span class='ocrx_word' id='word_1_327' title='bbox 307 2872 388 2910; x_wconf 78' lang='lat' dir='ltr'><strong>eos</strong></span> <span class='ocrx_word' id='word_1_328' title='bbox 419 2857 482 2910; x_wconf 86' lang='lat' dir='ltr'><strong>de</strong></span> <span class='ocrx_word' id='word_1_329' title='bbox 504 2872 670 2910; x_wconf 88' lang='lat' dir='ltr'><strong>manu</strong></span> <span class='ocrx_word' id='word_1_330' title='bbox 703 2854 1027 2920; x_wconf 72' lang='lat' dir='ltr'><strong>tribulamis,</strong></span> <span class='ocrx_word' id='word_1_331' title='bbox 1055 2854 1107 2908; x_wconf 89' lang='lat' dir='ltr'><strong>id</strong></span> <span class='ocrx_word' id='word_1_332' title='bbox 1153 2862 1240 2909; x_wconf 88' lang='lat' dir='ltr'><strong>est</strong></span> <span class='ocrx_word' id='word_1_333' title='bbox 1269 2853 1336 2907; x_wconf 90' lang='lat' dir='ltr'><strong>de</strong></span> <span class='ocrx_word' id='word_1_334' title='bbox 1377 2859 1644 2921; x_wconf 79' lang='lat' dir='ltr'><strong>po:estatc</strong></span> 
     </span>
    </p>
   </div>
   <div class='ocr_carea' id='block_1_45' title="bbox 113 2941 1644 3017">
    <p class='ocr_par' dir='ltr' id='par_1_45' title="bbox 113 2941 1644 3017">
     <span class='ocr_line' id='line_1_45' title="bbox 113 2941 1644 3017; baseline 0.001 -21"><span class='ocrx_word' id='word_1_335' title='bbox 113 2942 377 3013; x_wconf 82' lang='lat' dir='ltr'><strong>Pharaonis,</strong></span> <span class='ocrx_word' id='word_1_336' title='bbox 415 2948 636 3017; x_wconf 89' lang='lat' dir='ltr'><strong>quieos</strong></span> <span class='ocrx_word' id='word_1_337' title='bbox 687 2946 918 3002; x_wconf 89' lang='lat' dir='ltr'><strong>diversis</strong></span> <span class='ocrx_word' id='word_1_338' title='bbox 966 2945 1406 3000; x_wconf 89' lang='lat' dir='ltr'><strong>tribulationibus</strong></span> <span class='ocrx_word' id='word_1_339' title='bbox 1450 2941 1644 3012; x_wconf 79' lang='lat' dir='ltr'><strong>afﬂige-</strong></span> 
     </span>
    </p>
   </div>
   <div class='ocr_carea' id='block_1_46' title="bbox 113 3034 1643 3107">
    <p class='ocr_par' dir='ltr' id='par_1_46' title="bbox 113 3034 1643 3107">
     <span class='ocr_line' id='line_1_46' title="bbox 113 3034 1643 3107; baseline 0.001 -19"><span class='ocrx_word' id='word_1_340' title='bbox 113 3035 198 3101; x_wconf 75' lang='lat' dir='ltr'><strong>bat,</strong></span> <span class='ocrx_word' id='word_1_341' title='bbox 220 3048 266 3092; x_wconf 89' lang='lat' dir='ltr'><strong>et</strong></span> <span class='ocrx_word' id='word_1_342' title='bbox 307 3056 403 3093; x_wconf 86' lang='lat' dir='ltr'><strong>non</strong></span> <span class='ocrx_word' id='word_1_343' title='bbox 440 3050 567 3094; x_wconf 76' lang='lat' dir='ltr'><strong>sunt</strong></span> <span class='ocrx_word' id='word_1_344' title='bbox 602 3040 859 3093; x_wconf 85' lang='lat' dir='ltr'><strong>recordati</strong></span> <span class='ocrx_word' id='word_1_345' title='bbox 890 3039 1170 3107; x_wconf 83' lang='lat' dir='ltr'><strong>signorum</strong></span> <span class='ocrx_word' id='word_1_346' title='bbox 1211 3051 1333 3106; x_wconf 69' lang='lat' dir='ltr'><strong>quae</strong></span> <span class='ocrx_word' id='word_1_347' title='bbox 1385 3036 1563 3105; x_wconf 90' lang='lat' dir='ltr'><strong>posuit</strong></span> <span class='ocrx_word' id='word_1_348' title='bbox 1589 3034 1643 3089; x_wconf 89' lang='lat' dir='ltr'><strong>in</strong></span> 
     </span>
    </p>
   </div>
   <div class='ocr_carea' id='block_1_47' title="bbox 115 3123 1642 3199">
    <p class='ocr_par' dir='ltr' id='par_1_47' title="bbox 115 3123 1642 3199">
     <span class='ocr_line' id='line_1_47' title="bbox 115 3123 1642 3199; baseline 0.002 -22"><span class='ocrx_word' id='word_1_349' title='bbox 115 3123 317 3197; x_wconf 63' lang='lat' dir='ltr'><strong>tEgypto,</strong></span> <span class='ocrx_word' id='word_1_350' title='bbox 360 3130 491 3182; x_wconf 72' lang='lat' dir='ltr'><strong>sicut</strong></span> <span class='ocrx_word' id='word_1_351' title='bbox 538 3128 709 3198; x_wconf 75' lang='lat' dir='ltr'><strong>posuit</strong></span> <span class='ocrx_word' id='word_1_352' title='bbox 748 3129 803 3181; x_wconf 89' lang='lat' dir='ltr'><strong>in</strong></span> <span class='ocrx_word' id='word_1_353' title='bbox 853 3127 1087 3199; x_wconf 67' lang='lat' dir='ltr'><strong>zEgypto</strong></span> <span class='ocrx_word' id='word_1_354' title='bbox 1118 3127 1268 3198; x_wconf 76' lang='lat' dir='ltr'><strong>signa</strong></span> <span class='ocrx_word' id='word_1_355' title='bbox 1312 3143 1430 3181; x_wconf 74' lang='lat' dir='ltr'><strong>sua.</strong></span> <span class='ocrx_word' id='word_1_356' title='bbox 1480 3126 1558 3181; x_wconf 85' lang='lat' dir='ltr'><strong>Ac</strong></span> <span class='ocrx_word' id='word_1_357' title='bbox 1598 3126 1642 3181; x_wconf 90' lang='lat' dir='ltr'><strong>si</strong></span> 
     </span>
    </p>
   </div>
   <div class='ocr_carea' id='block_1_48' title="bbox 114 3212 1639 3289">
    <p class='ocr_par' dir='ltr' id='par_1_48' title="bbox 114 3212 1639 3289">
     <span class='ocr_line' id='line_1_48' title="bbox 114 3212 1639 3289; baseline 0.005 -25"><span class='ocrx_word' id='word_1_358' title='bbox 114 3212 305 3271; x_wconf 81' lang='lat' dir='ltr'><strong>diceret:</strong></span> <span class='ocrx_word' id='word_1_359' title='bbox 338 3217 598 3274; x_wconf 85' lang='lat' dir='ltr'><strong>Sciebant</strong></span> <span class='ocrx_word' id='word_1_360' title='bbox 645 3218 862 3287; x_wconf 90' lang='lat' dir='ltr'><strong>quidem</strong></span> <span class='ocrx_word' id='word_1_361' title='bbox 901 3218 1071 3273; x_wconf 89' lang='lat' dir='ltr'><strong>Deum</strong></span> <span class='ocrx_word' id='word_1_362' title='bbox 1112 3218 1265 3289; x_wconf 89' lang='lat' dir='ltr'><strong>signa</strong></span> <span class='ocrx_word' id='word_1_363' title='bbox 1296 3216 1383 3272; x_wconf 89' lang='lat' dir='ltr'><strong>illa</strong></span> <span class='ocrx_word' id='word_1_364' title='bbox 1424 3216 1639 3283; x_wconf 80' lang='lat' dir='ltr'><strong>fecisse,</strong></span> 
     </span>
    </p>
   </div>
   <div class='ocr_carea' id='block_1_49' title="bbox 115 3304 1644 3381">
    <p class='ocr_par' dir='ltr' id='par_1_49' title="bbox 115 3304 1644 3381">
     <span class='ocr_line' id='line_1_49' title="bbox 115 3304 1644 3381; baseline 0.005 -24"><span class='ocrx_word' id='word_1_365' title='bbox 115 3304 181 3357; x_wconf 87' lang='lat' dir='ltr'><strong>sed</strong></span> <span class='ocrx_word' id='word_1_366' title='bbox 215 3322 305 3363; x_wconf 90' lang='lat' dir='ltr'><strong>non</strong></span> <span class='ocrx_word' id='word_1_367' title='bbox 351 3310 428 3365; x_wconf 87' lang='lat' dir='ltr'><strong>sic</strong></span> <span class='ocrx_word' id='word_1_368' title='bbox 473 3321 630 3365; x_wconf 86' lang='lat' dir='ltr'><strong>certe</strong></span> <span class='ocrx_word' id='word_1_369' title='bbox 660 3309 1110 3374; x_wconf 87' lang='lat' dir='ltr'><strong>recordabantur,</strong></span> <span class='ocrx_word' id='word_1_370' title='bbox 1141 3319 1200 3365; x_wconf 90' lang='lat' dir='ltr'><strong>ut</strong></span> <span class='ocrx_word' id='word_1_371' title='bbox 1252 3310 1366 3380; x_wconf 89' lang='lat' dir='ltr'><strong>ipse</strong></span> <span class='ocrx_word' id='word_1_372' title='bbox 1412 3309 1644 3381; x_wconf 89' lang='lat' dir='ltr'><strong>gloriose</strong></span> 
     </span>
    </p>
   </div>
   <div class='ocr_carea' id='block_1_50' title="bbox 115 3399 1640 3469">
    <p class='ocr_par' dir='ltr' id='par_1_50' title="bbox 115 3399 1640 3469">
     <span class='ocr_line' id='line_1_50' title="bbox 115 3399 1640 3469; baseline 0.003 -18"><span class='ocrx_word' id='word_1_373' title='bbox 115 3399 273 3466; x_wconf 82' lang='lat' dir='ltr'><strong>posuit;</strong></span> <span class='ocrx_word' id='word_1_374' title='bbox 304 3402 508 3458; x_wconf 88' lang='lat' dir='ltr'><strong>scilicet</strong></span> <span class='ocrx_word' id='word_1_375' title='bbox 559 3417 663 3457; x_wconf 93' lang='lat' dir='ltr'><strong>non</strong></span> <span class='ocrx_word' id='word_1_376' title='bbox 713 3402 794 3457; x_wconf 90' lang='lat' dir='ltr'><strong>sic</strong></span> <span class='ocrx_word' id='word_1_377' title='bbox 842 3402 1308 3469; x_wconf 86' lang='lat' dir='ltr'><strong>recordabantur,</strong></span> <span class='ocrx_word' id='word_1_378' title='bbox 1360 3410 1421 3456; x_wconf 89' lang='lat' dir='ltr'><strong>ut</strong></span> <span class='ocrx_word' id='word_1_379' title='bbox 1455 3416 1640 3456; x_wconf 90' lang='lat' dir='ltr'><strong>eorum</strong></span> 
     </span>
    </p>
   </div>
   <div class='ocr_carea' id='block_1_51' title="bbox 116 3490 1641 3563">
    <p class='ocr_par' dir='ltr' id='par_1_51' title="bbox 116 3490 1641 3563">
     <span class='ocr_line' id='line_1_51' title="bbox 116 3490 1641 3563; baseline 0.007 -27"><span class='ocrx_word' id='word_1_380' title='bbox 116 3490 305 3543; x_wconf 85' lang='lat' dir='ltr'><strong>contuitu</strong></span> <span class='ocrx_word' id='word_1_381' title='bbox 346 3492 409 3547; x_wconf 90' lang='lat' dir='ltr'><strong>de</strong></span> <span class='ocrx_word' id='word_1_382' title='bbox 446 3493 692 3563; x_wconf 86' lang='lat' dir='ltr'><strong>potentia</strong></span> <span class='ocrx_word' id='word_1_383' title='bbox 745 3490 862 3559; x_wconf 88' lang='lat' dir='ltr'><strong>ejus</strong></span> <span class='ocrx_word' id='word_1_384' title='bbox 911 3491 1140 3547; x_wconf 88' lang='lat' dir='ltr'><strong>ulterius</strong></span> <span class='ocrx_word' id='word_1_385' title='bbox 1175 3506 1281 3546; x_wconf 92' lang='lat' dir='ltr'><strong>non</strong></span> <span class='ocrx_word' id='word_1_386' title='bbox 1312 3491 1641 3548; x_wconf 71' lang='lat' dir='ltr'><strong>diuiderent.</strong></span> 
     </span>
    </p>
   </div>
   <div class='ocr_carea' id='block_1_52' title="bbox 117 3575 1643 3653">
    <p class='ocr_par' dir='ltr' id='par_1_52' title="bbox 117 3575 1643 3653">
     <span class='ocr_line' id='line_1_52' title="bbox 117 3575 1643 3653; baseline 0.005 -23"><span class='ocrx_word' id='word_1_387' title='bbox 117 3575 211 3631; x_wconf 85' lang='lat' dir='ltr'><strong>Dico</strong></span> <span class='ocrx_word' id='word_1_388' title='bbox 233 3582 360 3650; x_wconf 85' lang='lat' dir='ltr'><strong>quod</strong></span> <span class='ocrx_word' id='word_1_389' title='bbox 381 3585 533 3653; x_wconf 74' lang='lat' dir='ltr'><strong>signa</strong></span> <span class='ocrx_word' id='word_1_390' title='bbox 556 3599 653 3637; x_wconf 78' lang='lat' dir='ltr'><strong>sua</strong></span> <span class='ocrx_word' id='word_1_391' title='bbox 692 3584 745 3637; x_wconf 88' lang='lat' dir='ltr'><strong>in</strong></span> <span class='ocrx_word' id='word_1_392' title='bbox 771 3582 1004 3653; x_wconf 64' lang='lat' dir='ltr'><strong>Egypto</strong></span> <span class='ocrx_word' id='word_1_393' title='bbox 1043 3582 1308 3651; x_wconf 56' lang='lat' dir='ltr'><strong>posuit,“</strong></span> <span class='ocrx_word' id='word_1_394' title='bbox 1336 3597 1440 3637; x_wconf 88' lang='lat' dir='ltr'><strong>non</strong></span> <span class='ocrx_word' id='word_1_395' title='bbox 1479 3597 1643 3652; x_wconf 86' lang='lat' dir='ltr'><strong>parva</strong></span> 
     </span>
    </p>
   </div>
   <div class='ocr_carea' id='block_1_53' title="bbox 116 3667 1644 3745">
    <p class='ocr_par' dir='ltr' id='par_1_53' title="bbox 116 3667 1644 3745">
     <span class='ocr_line' id='line_1_53' title="bbox 116 3667 1644 3745; baseline 0.005 -26"><span class='ocrx_word' id='word_1_396' title='bbox 116 3667 247 3737; x_wconf 76' lang='lat' dir='ltr'><strong>signa,</strong></span> <span class='ocrx_word' id='word_1_397' title='bbox 272 3673 357 3727; x_wconf 90' lang='lat' dir='ltr'><strong>sed</strong></span> <span class='ocrx_word' id='word_1_398' title='bbox 383 3674 648 3745; x_wconf 87' lang='lat' dir='ltr'><strong>prodigia,</strong></span> <span class='ocrx_word' id='word_1_399' title='bbox 678 3672 731 3727; x_wconf 90' lang='lat' dir='ltr'><strong>id</strong></span> <span class='ocrx_word' id='word_1_400' title='bbox 774 3682 860 3728; x_wconf 91' lang='lat' dir='ltr'><strong>est</strong></span> <span class='ocrx_word' id='word_1_401' title='bbox 895 3688 1090 3743; x_wconf 89' lang='lat' dir='ltr'><strong>magna</strong></span> <span class='ocrx_word' id='word_1_402' title='bbox 1137 3670 1408 3727; x_wconf 84' lang='lat' dir='ltr'><strong>mirabilia</strong></span> <span class='ocrx_word' id='word_1_403' title='bbox 1441 3689 1559 3736; x_wconf 72' lang='lat' dir='ltr'><strong>sua,</strong></span> <span class='ocrx_word' id='word_1_404' title='bbox 1590 3671 1644 3726; x_wconf 90' lang='lat' dir='ltr'><strong>id</strong></span> 
     </span>
    </p>
   </div>
   <div class='ocr_carea' id='block_1_54' title="bbox 115 3764 1635 3837">
    <p class='ocr_par' dir='ltr' id='par_1_54' title="bbox 115 3764 1635 3837">
     <span class='ocr_line' id='line_1_54' title="bbox 115 3764 1635 3837; baseline 0.003 -24"><span class='ocrx_word' id='word_1_405' title='bbox 115 3772 176 3815; x_wconf 81' lang='lat' dir='ltr'><strong>est</strong></span> <span class='ocrx_word' id='word_1_406' title='bbox 195 3764 279 3819; x_wconf 89' lang='lat' dir='ltr'><strong>sibi</strong></span> <span class='ocrx_word' id='word_1_407' title='bbox 316 3781 561 3837; x_wconf 80' lang='lat' dir='ltr'><strong>congrua</strong></span> <span class='ocrx_word' id='word_1_408' title='bbox 600 3781 721 3820; x_wconf 91' lang='lat' dir='ltr'><strong>cum</strong></span> <span class='ocrx_word' id='word_1_409' title='bbox 769 3765 884 3834; x_wconf 87' lang='lat' dir='ltr'><strong>ipse</strong></span> <span class='ocrx_word' id='word_1_410' title='bbox 922 3779 1152 3835; x_wconf 85' lang='lat' dir='ltr'><strong>magnus</strong></span> <span class='ocrx_word' id='word_1_411' title='bbox 1182 3774 1328 3820; x_wconf 88' lang='lat' dir='ltr'><strong>esset</strong></span> <span class='ocrx_word' id='word_1_412' title='bbox 1356 3771 1409 3819; x_wconf 91' lang='lat' dir='ltr'><strong>et</strong></span> <span class='ocrx_word' id='word_1_413' title='bbox 1446 3772 1635 3833; x_wconf 91' lang='lat' dir='ltr'><strong>potens</strong></span> 
     </span>
    </p>
   </div>
   <div class='ocr_carea' id='block_1_55' title="bbox 115 3853 1634 3927">
    <p class='ocr_par' dir='ltr' id='par_1_55' title="bbox 115 3853 1634 3927">
     <span class='ocr_line' id='line_1_55' title="bbox 115 3853 1634 3927; baseline 0.003 -22"><span class='ocrx_word' id='word_1_414' title='bbox 115 3854 252 3917; x_wconf 87' lang='lat' dir='ltr'><strong>posuit</strong></span> <span class='ocrx_word' id='word_1_415' title='bbox 296 3856 350 3910; x_wconf 86' lang='lat' dir='ltr'><strong>in</strong></span> <span class='ocrx_word' id='word_1_416' title='bbox 381 3872 570 3927; x_wconf 86' lang='lat' dir='ltr'><strong>campo</strong></span> <span class='ocrx_word' id='word_1_417' title='bbox 618 3854 855 3910; x_wconf 75' lang='lat' dir='ltr'><strong>Thaneos</strong></span> <span class='ocrx_word' id='word_1_418' title='bbox 898 3853 1220 3927; x_wconf 75' lang='lat' dir='ltr'><strong>[Top/meos]</strong></span> <span class='ocrx_word' id='word_1_419' title='bbox 1270 3855 1323 3910; x_wconf 88' lang='lat' dir='ltr'><strong>in</strong></span> <span class='ocrx_word' id='word_1_420' title='bbox 1371 3853 1634 3925; x_wconf 60' lang='lat' dir='ltr'><strong>ngypto,</strong></span> 
     </span>
    </p>
   </div>
   <div class='ocr_carea' id='block_1_56' title="bbox 116 3940 1643 4016">
    <p class='ocr_par' dir='ltr' id='par_1_56' title="bbox 116 3940 1643 4016">
     <span class='ocr_line' id='line_1_56' title="bbox 116 3940 1643 4016; baseline 0.003 -25"><span class='ocrx_word' id='word_1_421' title='bbox 116 3940 277 3997; x_wconf 80' lang='lat' dir='ltr'><strong>scilicet</strong></span> <span class='ocrx_word' id='word_1_422' title='bbox 306 3960 334 3999; x_wconf 88' lang='lat' dir='ltr'><strong>a</strong></span> <span class='ocrx_word' id='word_1_423' title='bbox 382 3954 541 4016; x_wconf 86' lang='lat' dir='ltr'><strong>parte</strong></span> <span class='ocrx_word' id='word_1_424' title='bbox 574 3944 790 4015; x_wconf 89' lang='lat' dir='ltr'><strong>quidem</strong></span> <span class='ocrx_word' id='word_1_425' title='bbox 843 3953 1012 3999; x_wconf 92' lang='lat' dir='ltr'><strong>totum</strong></span> <span class='ocrx_word' id='word_1_426' title='bbox 1063 3944 1330 4013; x_wconf 85' lang='lat' dir='ltr'><strong>designat.</strong></span> <span class='ocrx_word' id='word_1_427' title='bbox 1380 3944 1643 3998; x_wconf 86' lang='lat' dir='ltr'><strong>Caeterum</strong></span> 
     </span>
    </p>
   </div>
   <div class='ocr_carea' id='block_1_57' title="bbox 116 4029 1643 4105">
    <p class='ocr_par' dir='ltr' id='par_1_57' title="bbox 116 4029 1643 4105">
     <span class='ocr_line' id='line_1_57' title="bbox 116 4029 1643 4105; baseline 0.005 -23"><span class='ocrx_word' id='word_1_428' title='bbox 116 4029 304 4099; x_wconf 81' lang='lat' dir='ltr'><strong>Taphnis</strong></span> <span class='ocrx_word' id='word_1_429' title='bbox 332 4036 414 4091; x_wconf 90' lang='lat' dir='ltr'><strong>vcl</strong></span> <span class='ocrx_word' id='word_1_430' title='bbox 438 4036 705 4105; x_wconf 64' lang='lat' dir='ltr'><strong>Taphnaa,</strong></span> <span class='ocrx_word' id='word_1_431' title='bbox 732 4033 918 4105; x_wconf 83' lang='lat' dir='ltr'><strong>utjam</strong></span> <span class='ocrx_word' id='word_1_432' title='bbox 949 4035 1209 4101; x_wconf 82' lang='lat' dir='ltr'><strong>diximus,</strong></span> <span class='ocrx_word' id='word_1_433' title='bbox 1234 4034 1425 4091; x_wconf 85' lang='lat' dir='ltr'><strong>civitas</strong></span> <span class='ocrx_word' id='word_1_434' title='bbox 1452 4043 1534 4090; x_wconf 86' lang='lat' dir='ltr'><strong>est</strong></span> <span class='ocrx_word' id='word_1_435' title='bbox 1555 4036 1643 4091; x_wconf 92' lang='lat' dir='ltr'><strong>ubi</strong></span> 
     </span>
    </p>
   </div>
   <div class='ocr_carea' id='block_1_58' title="bbox 116 4124 1642 4199">
    <p class='ocr_par' dir='ltr' id='par_1_58' title="bbox 116 4124 1642 4199">
     <span class='ocr_line' id='line_1_58' title="bbox 116 4124 1642 4199; baseline 0.005 -24"><span class='ocrx_word' id='word_1_436' title='bbox 116 4133 187 4186; x_wconf 82' lang='lat' dir='ltr'><strong>pro</strong></span> <span class='ocrx_word' id='word_1_437' title='bbox 207 4124 273 4179; x_wconf 89' lang='lat' dir='ltr'><strong>eis</strong></span> <span class='ocrx_word' id='word_1_438' title='bbox 299 4126 458 4181; x_wconf 89' lang='lat' dir='ltr'><strong>multa</strong></span> <span class='ocrx_word' id='word_1_439' title='bbox 487 4127 734 4198; x_wconf 87' lang='lat' dir='ltr'><strong>prodigia</strong></span> <span class='ocrx_word' id='word_1_440' title='bbox 762 4134 1018 4196; x_wconf 88' lang='lat' dir='ltr'><strong>operatus</strong></span> <span class='ocrx_word' id='word_1_441' title='bbox 1038 4135 1121 4182; x_wconf 89' lang='lat' dir='ltr'><strong>est</strong></span> <span class='ocrx_word' id='word_1_442' title='bbox 1143 4124 1360 4196; x_wconf 75' lang='lat' dir='ltr'><strong>(Ezeclt.</strong></span> <span class='ocrx_word' id='word_1_443' title='bbox 1386 4141 1512 4193; x_wconf 83' lang='lat' dir='ltr'><strong>xxx,</strong></span> <span class='ocrx_word' id='word_1_444' title='bbox 1534 4126 1642 4199; x_wconf 75' lang='lat'><strong>18).</strong></span> 
     </span>
    </p>
   </div>
   <div class='ocr_carea' id='block_1_59' title="bbox 118 4203 1643 4289">
    <p class='ocr_par' dir='ltr' id='par_1_59' title="bbox 118 4203 1643 4289">
     <span class='ocr_line' id='line_1_59' title="bbox 118 4203 1643 4289; baseline 0.008 -30"><span class='ocrx_word' id='word_1_445' title='bbox 118 4206 165 4263; x_wconf 73' lang='lat' dir='ltr'><strong>Et</strong></span> <span class='ocrx_word' id='word_1_446' title='bbox 193 4226 300 4270; x_wconf 79' lang='lat' dir='ltr'><strong>cccc</strong></span> <span class='ocrx_word' id='word_1_447' title='bbox 334 4218 580 4289; x_wconf 86' lang='lat' dir='ltr'><strong>prodigia</strong></span> <span class='ocrx_word' id='word_1_448' title='bbox 618 4216 824 4273; x_wconf 88' lang='lat' dir='ltr'><strong>scilicet</strong></span> <span class='ocrx_word' id='word_1_449' title='bbox 843 4227 896 4272; x_wconf 91' lang='lat' dir='ltr'><strong>et</strong></span> <span class='ocrx_word' id='word_1_450' title='bbox 918 4203 1143 4272; x_wconf 70' lang='lat' dir='ltr'><strong>ilumina</strong></span> <span class='ocrx_word' id='word_1_451' title='bbox 1166 4218 1438 4273; x_wconf 90' lang='lat' dir='ltr'><strong>currentia</strong></span> <span class='ocrx_word' id='word_1_452' title='bbox 1459 4232 1643 4272; x_wconf 90' lang='lat' dir='ltr'><strong>eorum</strong></span> 
     </span>
    </p>
   </div>
   <div class='ocr_carea' id='block_1_60' title="bbox 117 4296 1641 4377">
    <p class='ocr_par' dir='ltr' id='par_1_60' title="bbox 117 4296 1641 4377">
     <span class='ocr_line' id='line_1_60' title="bbox 117 4296 1641 4377; baseline 0.001 -17"><span class='ocrx_word' id='word_1_453' title='bbox 117 4296 460 4375; x_wconf 59' lang='lat' dir='ltr'><strong>Egyptiorum,</strong></span> <span class='ocrx_word' id='word_1_454' title='bbox 483 4318 535 4364; x_wconf 88' lang='lat' dir='ltr'><strong>et</strong></span> <span class='ocrx_word' id='word_1_455' title='bbox 564 4309 777 4375; x_wconf 70' lang='lat' dir='ltr'><strong>imbres,</strong></span> <span class='ocrx_word' id='word_1_456' title='bbox 823 4308 875 4363; x_wconf 91' lang='lat' dir='ltr'><strong>id</strong></span> <span class='ocrx_word' id='word_1_457' title='bbox 908 4315 992 4363; x_wconf 91' lang='lat' dir='ltr'><strong>est</strong></span> <span class='ocrx_word' id='word_1_458' title='bbox 1034 4322 1206 4377; x_wconf 89' lang='lat' dir='ltr'><strong>aquas</strong></span> <span class='ocrx_word' id='word_1_459' title='bbox 1239 4308 1305 4363; x_wconf 91' lang='lat' dir='ltr'><strong>de</strong></span> <span class='ocrx_word' id='word_1_460' title='bbox 1348 4307 1602 4363; x_wconf 89' lang='lat' dir='ltr'><strong>cisternis</strong></span> <span class='ocrx_word' id='word_1_461' title='bbox 1627 4350 1641 4375; x_wconf 93' lang='lat'><strong>,</strong></span> 
     </span>
    </p>
   </div>
   <div class='ocr_carea' id='block_1_61' title="bbox 118 4397 1648 4469">
    <p class='ocr_par' dir='ltr' id='par_1_61' title="bbox 118 4397 1648 4469">
     <span class='ocr_line' id='line_1_61' title="bbox 118 4397 1648 4469; baseline -0.001 -18"><span class='ocrx_word' id='word_1_462' title='bbox 118 4406 220 4459; x_wconf 79' lang='lat' dir='ltr'><strong>quas</strong></span> <span class='ocrx_word' id='word_1_463' title='bbox 242 4400 301 4452; x_wconf 89' lang='lat' dir='ltr'><strong>de</strong></span> <span class='ocrx_word' id='word_1_464' title='bbox 325 4401 519 4468; x_wconf 86' lang='lat' dir='ltr'><strong>pluviis</strong></span> <span class='ocrx_word' id='word_1_465' title='bbox 548 4398 879 4469; x_wconf 88' lang='lat' dir='ltr'><strong>collegerant</strong></span> <span class='ocrx_word' id='word_1_466' title='bbox 897 4398 964 4452; x_wconf 91' lang='lat' dir='ltr'><strong>ad</strong></span> <span class='ocrx_word' id='word_1_467' title='bbox 988 4413 1143 4454; x_wconf 91' lang='lat' dir='ltr'><strong>usum</strong></span> <span class='ocrx_word' id='word_1_468' title='bbox 1173 4397 1389 4453; x_wconf 91' lang='lat' dir='ltr'><strong>bibendi</strong></span> <span class='ocrx_word' id='word_1_469' title='bbox 1429 4406 1648 4467; x_wconf 85' lang='lat' dir='ltr'><strong>propter</strong></span> 
     </span>
    </p>
   </div>
   <div class='ocr_carea' id='block_1_62' title="bbox 1746 1947 3321 2020">
    <p class='ocr_par' dir='ltr' id='par_1_62' title="bbox 1746 1947 3321 2020">
     <span class='ocr_line' id='line_1_62' title="bbox 1746 1947 3321 2020; baseline 0.003 -19"><span class='ocrx_word' id='word_1_470' title='bbox 1746 1948 1798 2001; x_wconf 91' lang='lat' dir='ltr'><strong>in</strong></span> <span class='ocrx_word' id='word_1_471' title='bbox 1835 1947 2020 2004; x_wconf 74' lang='lat' dir='ltr'><strong>Exodo</strong></span> <span class='ocrx_word' id='word_1_472' title='bbox 2058 1964 2181 2003; x_wconf 93' lang='lat' dir='ltr'><strong>cum</strong></span> <span class='ocrx_word' id='word_1_473' title='bbox 2221 1950 2432 2004; x_wconf 66' lang='lat' dir='ltr'><strong>caeteris</strong></span> <span class='ocrx_word' id='word_1_474' title='bbox 2459 1948 2633 2020; x_wconf 87' lang='lat' dir='ltr'><strong>plagis</strong></span> <span class='ocrx_word' id='word_1_475' title='bbox 2679 1965 2783 2006; x_wconf 91' lang='lat' dir='ltr'><strong>non</strong></span> <span class='ocrx_word' id='word_1_476' title='bbox 2813 1952 3010 2020; x_wconf 91' lang='lat' dir='ltr'><strong>posuit.</strong></span> <span class='ocrx_word' id='word_1_477' title='bbox 3066 1950 3172 2007; x_wconf 91' lang='lat' dir='ltr'><strong>Sed</strong></span> <span class='ocrx_word' id='word_1_478' title='bbox 3200 1968 3321 2005; x_wconf 87' lang='lat' dir='ltr'><strong>cum</strong></span> 
     </span>
    </p>
   </div>
   <div class='ocr_carea' id='block_1_63' title="bbox 1747 2039 3327 2112">
    <p class='ocr_par' dir='ltr' id='par_1_63' title="bbox 1747 2039 3327 2112">
     <span class='ocr_line' id='line_1_63' title="bbox 1747 2039 3327 2112; baseline 0.003 -18"><span class='ocrx_word' id='word_1_479' title='bbox 1747 2039 1914 2094; x_wconf 84' lang='lat' dir='ltr'><strong>multa</strong></span> <span class='ocrx_word' id='word_1_480' title='bbox 1945 2040 2048 2095; x_wconf 90' lang='lat' dir='ltr'><strong>alia</strong></span> <span class='ocrx_word' id='word_1_481' title='bbox 2097 2041 2513 2111; x_wconf 59' lang='lat' dir='ltr'><strong>praetermisisse</strong></span> <span class='ocrx_word' id='word_1_482' title='bbox 2559 2058 2680 2098; x_wconf 91' lang='lat' dir='ltr'><strong>eum</strong></span> <span class='ocrx_word' id='word_1_483' title='bbox 2726 2043 2901 2112; x_wconf 84' lang='lat' dir='ltr'><strong>palam</strong></span> <span class='ocrx_word' id='word_1_484' title='bbox 2946 2044 3046 2108; x_wconf 91' lang='lat' dir='ltr'><strong>sit,</strong></span> <span class='ocrx_word' id='word_1_485' title='bbox 3086 2044 3327 2099; x_wconf 90' lang='lat' dir='ltr'><strong>creditur</strong></span> 
     </span>
    </p>
   </div>
   <div class='ocr_carea' id='block_1_64' title="bbox 1744 2130 3325 2202">
    <p class='ocr_par' dir='ltr' id='par_1_64' title="bbox 1744 2130 3325 2202">
     <span class='ocr_line' id='line_1_64' title="bbox 1744 2130 3325 2202; baseline 0.004 -19"><span class='ocrx_word' id='word_1_486' title='bbox 1744 2138 1797 2183; x_wconf 90' lang='lat' dir='ltr'><strong>et</strong></span> <span class='ocrx_word' id='word_1_487' title='bbox 1827 2130 1966 2184; x_wconf 89' lang='lat' dir='ltr'><strong>hanc</strong></span> <span class='ocrx_word' id='word_1_488' title='bbox 1997 2131 2430 2200; x_wconf 83' lang='lat' dir='ltr'><strong>praetermisisse,</strong></span> <span class='ocrx_word' id='word_1_489' title='bbox 2460 2146 2620 2202; x_wconf 91' lang='lat' dir='ltr'><strong>quam</strong></span> <span class='ocrx_word' id='word_1_490' title='bbox 2656 2134 2914 2202; x_wconf 87' lang='lat' dir='ltr'><strong>propheta</strong></span> <span class='ocrx_word' id='word_1_491' title='bbox 2947 2150 3051 2188; x_wconf 91' lang='lat' dir='ltr'><strong>non</strong></span> <span class='ocrx_word' id='word_1_492' title='bbox 3100 2135 3325 2191; x_wconf 87' lang='lat' dir='ltr'><strong>minoris</strong></span> 
     </span>
    </p>
   </div>
   <div class='ocr_carea' id='block_1_65' title="bbox 1744 2219 3337 2297">
    <p class='ocr_par' dir='ltr' id='par_1_65' title="bbox 1744 2219 3337 2297">
     <span class='ocr_line' id='line_1_65' title="bbox 1744 2219 3337 2297; baseline 0.004 -25"><span class='ocrx_word' id='word_1_493' title='bbox 1744 2219 2087 2275; x_wconf 88' lang='lat' dir='ltr'><strong>auctoritatis</strong></span> <span class='ocrx_word' id='word_1_494' title='bbox 2109 2222 2349 2278; x_wconf 80' lang='lat' dir='ltr'><strong>existens</strong></span> <span class='ocrx_word' id='word_1_495' title='bbox 2379 2237 2540 2293; x_wconf 89' lang='lat' dir='ltr'><strong>quam</strong></span> <span class='ocrx_word' id='word_1_496' title='bbox 2568 2223 2798 2296; x_wconf 85' lang='lat' dir='ltr'><strong>Moyses,</strong></span> <span class='ocrx_word' id='word_1_497' title='bbox 2820 2226 3086 2296; x_wconf 87' lang='lat' dir='ltr'><strong>apposuit,</strong></span> <span class='ocrx_word' id='word_1_498' title='bbox 3122 2226 3337 2297; x_wconf 83' lang='lat' dir='ltr'><strong>Spiritu</strong></span> 
     </span>
    </p>
   </div>
   <div class='ocr_carea' id='block_1_66' title="bbox 1748 2311 2257 2367">
    <p class='ocr_par' dir='ltr' id='par_1_66' title="bbox 1748 2311 2257 2367">
     <span class='ocr_line' id='line_1_66' title="bbox 1748 2311 2257 2367; baseline 0.008 -3"><span class='ocrx_word' id='word_1_499' title='bbox 1748 2319 1935 2365; x_wconf 91' lang='lat' dir='ltr'><strong>sancto</strong></span> <span class='ocrx_word' id='word_1_500' title='bbox 1964 2311 2257 2367; x_wconf 90' lang='lat' dir='ltr'><strong>rcvelante.</strong></span> 
     </span>
    </p>
   </div>
   <div class='ocr_carea' id='block_1_67' title="bbox 1817 2400 3345 2474">
    <p class='ocr_par' dir='ltr' id='par_1_67' title="bbox 1817 2400 3345 2474">
     <span class='ocr_line' id='line_1_67' title="bbox 1817 2400 3345 2474; baseline 0.007 -21"><span class='ocrx_word' id='word_1_501' title='bbox 1817 2400 1885 2454; x_wconf 90' lang='lat' dir='ltr'><strong>Et</strong></span> <span class='ocrx_word' id='word_1_502' title='bbox 1909 2409 1968 2455; x_wconf 94' lang='lat' dir='ltr'><strong>ut</strong></span> <span class='ocrx_word' id='word_1_503' title='bbox 2001 2402 2375 2459; x_wconf 85' lang='lat' dir='ltr'><strong>univcrsaliter</strong></span> <span class='ocrx_word' id='word_1_504' title='bbox 2410 2404 2585 2459; x_wconf 87' lang='lat' dir='ltr'><strong>dicam</strong></span> <span class='ocrx_word' id='word_1_505' title='bbox 2619 2420 2641 2462; x_wconf 87' lang='lat'><strong>:</strong></span> <span class='ocrx_word' id='word_1_506' title='bbox 2679 2404 2826 2471; x_wconf 74' lang='lat' dir='ltr'><strong>Misit</strong></span> <span class='ocrx_word' id='word_1_507' title='bbox 2864 2408 2919 2462; x_wconf 88' lang='lat' dir='ltr'><strong>in</strong></span> <span class='ocrx_word' id='word_1_508' title='bbox 2949 2423 3035 2463; x_wconf 78' lang='lat' dir='ltr'><strong>eos</strong></span> <span class='ocrx_word' id='word_1_509' title='bbox 3070 2409 3228 2474; x_wconf 84' lang='lat' dir='ltr'><strong>iram,</strong></span> <span class='ocrx_word' id='word_1_510' title='bbox 3269 2408 3345 2463; x_wconf 72' lang='lat' dir='ltr'><strong>id’</strong></span> 
     </span>
    </p>
   </div>
   <div class='ocr_carea' id='block_1_68' title="bbox 1746 2493 3362 2568">
    <p class='ocr_par' dir='ltr' id='par_1_68' title="bbox 1746 2493 3362 2568">
     <span class='ocr_line' id='line_1_68' title="bbox 1746 2493 3362 2568; baseline 0.004 -21"><span class='ocrx_word' id='word_1_511' title='bbox 1746 2501 1831 2548; x_wconf 91' lang='lat' dir='ltr'><strong>cst</strong></span> <span class='ocrx_word' id='word_1_512' title='bbox 1857 2493 2152 2549; x_wconf 84' lang='lat' dir='ltr'><strong>maximam</strong></span> <span class='ocrx_word' id='word_1_513' title='bbox 2183 2494 2478 2551; x_wconf 89' lang='lat' dir='ltr'><strong>vindictam</strong></span> <span class='ocrx_word' id='word_1_514' title='bbox 2526 2496 2907 2568; x_wconf 78' lang='lat' dir='ltr'><strong>indignationis</strong></span> <span class='ocrx_word' id='word_1_515' title='bbox 2950 2516 3084 2564; x_wconf 71' lang='lat' dir='ltr'><strong>aute,</strong></span> <span class='ocrx_word' id='word_1_516' title='bbox 3122 2501 3173 2554; x_wconf 90' lang='lat' dir='ltr'><strong>id</strong></span> <span class='ocrx_word' id='word_1_517' title='bbox 3220 2509 3362 2566; x_wconf 90' lang='lat' dir='ltr'><strong>est,.</strong></span> 
     </span>
    </p>
   </div>
   <div class='ocr_carea' id='block_1_69' title="bbox 1746 2584 3351 2655">
    <p class='ocr_par' dir='ltr' id='par_1_69' title="bbox 1746 2584 3351 2655">
     <span class='ocr_line' id='line_1_69' title="bbox 1746 2584 3351 2655; baseline 0.005 -16"><span class='ocrx_word' id='word_1_518' title='bbox 1746 2600 1928 2655; x_wconf 75' lang='lat' dir='ltr'><strong>parvae</strong></span> <span class='ocrx_word' id='word_1_519' title='bbox 1958 2584 2211 2641; x_wconf 71' lang='lat' dir='ltr'><strong>vindicta:</strong></span> <span class='ocrx_word' id='word_1_520' title='bbox 2250 2601 2361 2642; x_wconf 65' lang='lat' dir='ltr'><strong>suae</strong></span> <span class='ocrx_word' id='word_1_521' title='bbox 2402 2586 2824 2643; x_wconf 89' lang='lat' dir='ltr'><strong>subsecutivam.</strong></span> <span class='ocrx_word' id='word_1_522' title='bbox 2855 2588 2921 2644; x_wconf 89' lang='lat' dir='ltr'><strong>Et</strong></span> <span class='ocrx_word' id='word_1_523' title='bbox 2948 2604 3015 2644; x_wconf 90' lang='lat' dir='ltr'><strong>ne</strong></span> <span class='ocrx_word' id='word_1_524' title='bbox 3058 2591 3351 2646; x_wconf 78' lang='lat' dir='ltr'><strong>videretur</strong></span> 
     </span>
    </p>
   </div>
   <div class='ocr_carea' id='block_1_70' title="bbox 1750 2676 3336 2745">
    <p class='ocr_par' dir='ltr' id='par_1_70' title="bbox 1750 2676 3336 2745">
     <span class='ocr_line' id='line_1_70' title="bbox 1750 2676 3336 2745; baseline 0.002 -13"><span class='ocrx_word' id='word_1_525' title='bbox 1750 2677 1854 2733; x_wconf 86' lang='lat' dir='ltr'><strong>hoc</strong></span> <span class='ocrx_word' id='word_1_526' title='bbox 1878 2690 1997 2732; x_wconf 89' lang='lat' dir='ltr'><strong>esse</strong></span> <span class='ocrx_word' id='word_1_527' title='bbox 2027 2676 2230 2732; x_wconf 88' lang='lat' dir='ltr'><strong>dictum</strong></span> <span class='ocrx_word' id='word_1_528' title='bbox 2278 2677 2643 2745; x_wconf 89' lang='lat' dir='ltr'><strong>intransitive,</strong></span> <span class='ocrx_word' id='word_1_529' title='bbox 2676 2678 2885 2735; x_wconf 86' lang='lat' dir='ltr'><strong>scilicet</strong></span> <span class='ocrx_word' id='word_1_530' title='bbox 2910 2690 2968 2733; x_wconf 92' lang='lat' dir='ltr'><strong>ut</strong></span> <span class='ocrx_word' id='word_1_531' title='bbox 3012 2680 3154 2736; x_wconf 87' lang='lat' dir='ltr'><strong>idem</strong></span> <span class='ocrx_word' id='word_1_532' title='bbox 3185 2691 3336 2736; x_wconf 79' lang='lat' dir='ltr'><strong>esset</strong></span> 
     </span>
    </p>
   </div>
   <div class='ocr_carea' id='block_1_71' title="bbox 1748 2764 3329 2839">
    <p class='ocr_par' dir='ltr' id='par_1_71' title="bbox 1748 2764 3329 2839">
     <span class='ocr_line' id='line_1_71' title="bbox 1748 2764 3329 2839; baseline 0.003 -19"><span class='ocrx_word' id='word_1_533' title='bbox 1748 2768 1827 2820; x_wconf 91' lang='lat' dir='ltr'><strong>ira</strong></span> <span class='ocrx_word' id='word_1_534' title='bbox 1851 2775 1903 2819; x_wconf 90' lang='lat' dir='ltr'><strong>et</strong></span> <span class='ocrx_word' id='word_1_535' title='bbox 1932 2764 2247 2836; x_wconf 90' lang='lat' dir='ltr'><strong>indignatio,</strong></span> <span class='ocrx_word' id='word_1_536' title='bbox 2281 2766 2505 2836; x_wconf 80' lang='lat' dir='ltr'><strong>exponit</strong></span> <span class='ocrx_word' id='word_1_537' title='bbox 2546 2781 2669 2822; x_wconf 93' lang='lat' dir='ltr'><strong>cum</strong></span> <span class='ocrx_word' id='word_1_538' title='bbox 2703 2768 2977 2839; x_wconf 87' lang='lat' dir='ltr'><strong>adjungit,</strong></span> <span class='ocrx_word' id='word_1_539' title='bbox 3007 2769 3329 2839; x_wconf 56' lang='lat' dir='ltr'><strong>indignam»</strong></span> 
     </span>
    </p>
   </div>
   <div class='ocr_carea' id='block_1_72' title="bbox 1748 2850 3325 2927">
    <p class='ocr_par' dir='ltr' id='par_1_72' title="bbox 1748 2850 3325 2927">
     <span class='ocr_line' id='line_1_72' title="bbox 1748 2850 3325 2927; baseline 0.001 -15"><span class='ocrx_word' id='word_1_540' title='bbox 1748 2875 1862 2913; x_wconf 88' lang='lat' dir='ltr'><strong>nem</strong></span> <span class='ocrx_word' id='word_1_541' title='bbox 1891 2857 2098 2913; x_wconf 89' lang='lat' dir='ltr'><strong>scilicet</strong></span> <span class='ocrx_word' id='word_1_542' title='bbox 2126 2856 2266 2911; x_wconf 80' lang='lat' dir='ltr'><strong>misit</strong></span> <span class='ocrx_word' id='word_1_543' title='bbox 2299 2858 2354 2912; x_wconf 88' lang='lat' dir='ltr'><strong>in</strong></span> <span class='ocrx_word' id='word_1_544' title='bbox 2376 2874 2488 2923; x_wconf 75' lang='lat' dir='ltr'><strong>eos,</strong></span> <span class='ocrx_word' id='word_1_545' title='bbox 2535 2858 2589 2912; x_wconf 88' lang='lat' dir='ltr'><strong>id</strong></span> <span class='ocrx_word' id='word_1_546' title='bbox 2624 2868 2706 2914; x_wconf 88' lang='lat' dir='ltr'><strong>est</strong></span> <span class='ocrx_word' id='word_1_547' title='bbox 2739 2874 2963 2927; x_wconf 89' lang='lat' dir='ltr'><strong>parvam</strong></span> <span class='ocrx_word' id='word_1_548' title='bbox 3004 2850 3325 2925; x_wconf 88' lang='lat' dir='ltr'><strong>vindictam,</strong></span> 
     </span>
    </p>
   </div>
   <div class='ocr_carea' id='block_1_73' title="bbox 1747 2942 3327 3020">
    <p class='ocr_par' dir='ltr' id='par_1_73' title="bbox 1747 2942 3327 3020">
     <span class='ocr_line' id='line_1_73' title="bbox 1747 2942 3327 3020; baseline 0 -17"><span class='ocrx_word' id='word_1_549' title='bbox 1747 2948 2075 3003; x_wconf 90' lang='lat' dir='ltr'><strong>destruendo</strong></span> <span class='ocrx_word' id='word_1_550' title='bbox 2098 2948 2337 3003; x_wconf 91' lang='lat' dir='ltr'><strong>minores</strong></span> <span class='ocrx_word' id='word_1_551' title='bbox 2368 2942 2457 3004; x_wconf 90' lang='lat' dir='ltr'><strong>res</strong></span> <span class='ocrx_word' id='word_1_552' title='bbox 2483 2962 2693 3016; x_wconf 91' lang='lat' dir='ltr'><strong>eorum,</strong></span> <span class='ocrx_word' id='word_1_553' title='bbox 2719 2959 2773 3004; x_wconf 91' lang='lat' dir='ltr'><strong>et</strong></span> <span class='ocrx_word' id='word_1_554' title='bbox 2804 2959 2945 3020; x_wconf 91' lang='lat' dir='ltr'><strong>post,</strong></span> <span class='ocrx_word' id='word_1_555' title='bbox 2966 2951 3121 3016; x_wconf 86' lang='lat' dir='ltr'><strong>iram,</strong></span> <span class='ocrx_word' id='word_1_556' title='bbox 3168 2951 3217 3005; x_wconf 90' lang='lat' dir='ltr'><strong>id</strong></span> <span class='ocrx_word' id='word_1_557' title='bbox 3246 2961 3327 3005; x_wconf 89' lang='lat' dir='ltr'><strong>est</strong></span> 
     </span>
    </p>
   </div>
   <div class='ocr_carea' id='block_1_74' title="bbox 1748 3028 3324 3109">
    <p class='ocr_par' dir='ltr' id='par_1_74' title="bbox 1748 3028 3324 3109">
     <span class='ocr_line' id='line_1_74' title="bbox 1748 3028 3324 3109; baseline 0.001 -15"><span class='ocrx_word' id='word_1_558' title='bbox 1748 3038 2006 3108; x_wconf 83' lang='lat' dir='ltr'><strong>majorem</strong></span> <span class='ocrx_word' id='word_1_559' title='bbox 2046 3038 2337 3093; x_wconf 84' lang='lat' dir='ltr'><strong>vindictam</strong></span> <span class='ocrx_word' id='word_1_560' title='bbox 2369 3038 2698 3094; x_wconf 89' lang='lat' dir='ltr'><strong>destruendo</strong></span> <span class='ocrx_word' id='word_1_561' title='bbox 2738 3041 3020 3095; x_wconf 89' lang='lat' dir='ltr'><strong>cbariores</strong></span> <span class='ocrx_word' id='word_1_562' title='bbox 3052 3057 3140 3096; x_wconf 91' lang='lat' dir='ltr'><strong>res</strong></span> <span class='ocrx_word' id='word_1_563' title='bbox 3177 3028 3324 3109; x_wconf 80' lang='lat' dir='ltr'><strong>ipSo—</strong></span> 
     </span>
    </p>
   </div>
   <div class='ocr_carea' id='block_1_75' title="bbox 1750 3131 3341 3202">
    <p class='ocr_par' dir='ltr' id='par_1_75' title="bbox 1750 3131 3341 3202">
     <span class='ocr_line' id='line_1_75' title="bbox 1750 3131 3341 3202; baseline -0.001 -15"><span class='ocrx_word' id='word_1_564' title='bbox 1750 3149 1890 3199; x_wconf 91' lang='lat' dir='ltr'><strong>rum,</strong></span> <span class='ocrx_word' id='word_1_565' title='bbox 1922 3143 1976 3186; x_wconf 91' lang='lat' dir='ltr'><strong>et</strong></span> <span class='ocrx_word' id='word_1_566' title='bbox 2005 3140 2125 3202; x_wconf 91' lang='lat' dir='ltr'><strong>post</strong></span> <span class='ocrx_word' id='word_1_567' title='bbox 2159 3131 2582 3196; x_wconf 88' lang='lat' dir='ltr'><strong>tribulationem,</strong></span> <span class='ocrx_word' id='word_1_568' title='bbox 2633 3134 2681 3188; x_wconf 91' lang='lat' dir='ltr'><strong>id</strong></span> <span class='ocrx_word' id='word_1_569' title='bbox 2716 3141 2818 3200; x_wconf 90' lang='lat' dir='ltr'><strong>est,</strong></span> <span class='ocrx_word' id='word_1_570' title='bbox 2854 3132 3023 3188; x_wconf 92' lang='lat' dir='ltr'><strong>multo</strong></span> <span class='ocrx_word' id='word_1_571' title='bbox 3058 3132 3341 3202; x_wconf 77' lang='lat' dir='ltr'><strong>majorenr</strong></span> 
     </span>
    </p>
   </div>
   <div class='ocr_carea' id='block_1_76' title="bbox 1746 3223 3327 3295">
    <p class='ocr_par' dir='ltr' id='par_1_76' title="bbox 1746 3223 3327 3295">
     <span class='ocr_line' id='line_1_76' title="bbox 1746 3223 3327 3295; baseline 0.001 -16"><span class='ocrx_word' id='word_1_572' title='bbox 1746 3225 2037 3279; x_wconf 87' lang='lat' dir='ltr'><strong>vindictam</strong></span> <span class='ocrx_word' id='word_1_573' title='bbox 2058 3223 2362 3281; x_wconf 87' lang='lat' dir='ltr'><strong>occidendo</strong></span> <span class='ocrx_word' id='word_1_574' title='bbox 2378 3224 2615 3294; x_wconf 91' lang='lat' dir='ltr'><strong>ipsorum</strong></span> <span class='ocrx_word' id='word_1_575' title='bbox 2634 3234 2868 3295; x_wconf 86' lang='lat' dir='ltr'><strong>partem,</strong></span> <span class='ocrx_word' id='word_1_576' title='bbox 2884 3234 3166 3281; x_wconf 87' lang='lat' dir='ltr'><strong>etonmcm</strong></span> <span class='ocrx_word' id='word_1_577' title='bbox 3186 3227 3327 3281; x_wconf 90' lang='lat' dir='ltr'><strong>hanc</strong></span> 
     </span>
    </p>
   </div>
   <div class='ocr_carea' id='block_1_77' title="bbox 1746 3315 3325 3387">
    <p class='ocr_par' dir='ltr' id='par_1_77' title="bbox 1746 3315 3325 3387">
     <span class='ocr_line' id='line_1_77' title="bbox 1746 3315 3325 3387; baseline 0.001 -16"><span class='ocrx_word' id='word_1_578' title='bbox 1746 3318 2143 3382; x_wconf 75' lang='lat' dir='ltr'><strong>immissionem,</strong></span> <span class='ocrx_word' id='word_1_579' title='bbox 2192 3315 2602 3387; x_wconf 89' lang='lat' dir='ltr'><strong>indignationis,</strong></span> <span class='ocrx_word' id='word_1_580' title='bbox 2652 3316 2766 3382; x_wconf 66' lang='lat' dir='ltr'><strong>ira‘,</strong></span> <span class='ocrx_word' id='word_1_581' title='bbox 2822 3325 2875 3370; x_wconf 88' lang='lat' dir='ltr'><strong>et</strong></span> <span class='ocrx_word' id='word_1_582' title='bbox 2937 3316 3325 3380; x_wconf 87' lang='lat' dir='ltr'><strong>tribulationis.</strong></span> 
     </span>
    </p>
   </div>
   <div class='ocr_carea' id='block_1_78' title="bbox 1747 3407 3326 3479">
    <p class='ocr_par' dir='ltr' id='par_1_78' title="bbox 1747 3407 3326 3479">
     <span class='ocr_line' id='line_1_78' title="bbox 1747 3407 3326 3479; baseline -0.002 -15"><span class='ocrx_word' id='word_1_583' title='bbox 1747 3419 1989 3479; x_wconf 74' lang='lat' dir='ltr'><strong>operatus</strong></span> <span class='ocrx_word' id='word_1_584' title='bbox 2042 3418 2119 3463; x_wconf 76' lang='lat' dir='ltr'><strong>est</strong></span> <span class='ocrx_word' id='word_1_585' title='bbox 2148 3424 2239 3477; x_wconf 90' lang='lat' dir='ltr'><strong>per</strong></span> <span class='ocrx_word' id='word_1_586' title='bbox 2288 3407 2500 3478; x_wconf 74' lang='lat' dir='ltr'><strong>angelos</strong></span> <span class='ocrx_word' id='word_1_587' title='bbox 2541 3408 2731 3472; x_wconf 75' lang='lat' dir='ltr'><strong>malos,</strong></span> <span class='ocrx_word' id='word_1_588' title='bbox 2764 3408 2813 3463; x_wconf 91' lang='lat' dir='ltr'><strong>id</strong></span> <span class='ocrx_word' id='word_1_589' title='bbox 2839 3418 2923 3464; x_wconf 80' lang='lat' dir='ltr'><strong>est</strong></span> <span class='ocrx_word' id='word_1_590' title='bbox 2970 3425 3066 3479; x_wconf 88' lang='lat' dir='ltr'><strong>per</strong></span> <span class='ocrx_word' id='word_1_591' title='bbox 3094 3408 3326 3464; x_wconf 81' lang='lat' dir='ltr'><strong>cilicium</strong></span> 
     </span>
    </p>
   </div>
   <div class='ocr_carea' id='block_1_79' title="bbox 1746 3498 3329 3571">
    <p class='ocr_par' dir='ltr' id='par_1_79' title="bbox 1746 3498 3329 3571">
     <span class='ocr_line' id='line_1_79' title="bbox 1746 3498 3329 3571; baseline -0.002 -15"><span class='ocrx_word' id='word_1_592' title='bbox 1746 3501 2101 3556; x_wconf 89' lang='lat' dir='ltr'><strong>diabolorum.</strong></span> <span class='ocrx_word' id='word_1_593' title='bbox 2156 3498 2279 3554; x_wconf 86' lang='lat' dir='ltr'><strong>llaec</strong></span> <span class='ocrx_word' id='word_1_594' title='bbox 2316 3507 2410 3553; x_wconf 89' lang='lat' dir='ltr'><strong>aut</strong></span> <span class='ocrx_word' id='word_1_595' title='bbox 2468 3500 2536 3555; x_wconf 90' lang='lat' dir='ltr'><strong>de</strong></span> <span class='ocrx_word' id='word_1_596' title='bbox 2583 3499 2739 3555; x_wconf 90' lang='lat' dir='ltr'><strong>malis</strong></span> <span class='ocrx_word' id='word_1_597' title='bbox 2789 3500 2995 3571; x_wconf 84' lang='lat' dir='ltr'><strong>angelis</strong></span> <span class='ocrx_word' id='word_1_598' title='bbox 3043 3501 3216 3568; x_wconf 87' lang='lat' dir='ltr'><strong>ponit,</strong></span> <span class='ocrx_word' id='word_1_599' title='bbox 3269 3509 3329 3553; x_wconf 93' lang='lat' dir='ltr'><strong>ut</strong></span> 
     </span>
    </p>
   </div>
   <div class='ocr_carea' id='block_1_80' title="bbox 1747 3589 3327 3661">
    <p class='ocr_par' dir='ltr' id='par_1_80' title="bbox 1747 3589 3327 3661">
     <span class='ocr_line' id='line_1_80' title="bbox 1747 3589 3327 3661; baseline -0.002 -16"><span class='ocrx_word' id='word_1_600' title='bbox 1747 3589 2123 3661; x_wconf 65' lang='lat' dir='ltr'><strong>Egyptiorum</strong></span> <span class='ocrx_word' id='word_1_601' title='bbox 2165 3589 2440 3645; x_wconf 88' lang='lat' dir='ltr'><strong>miseriam</strong></span> <span class='ocrx_word' id='word_1_602' title='bbox 2490 3598 2822 3660; x_wconf 85' lang='lat' dir='ltr'><strong>augmentet,</strong></span> <span class='ocrx_word' id='word_1_603' title='bbox 2865 3604 2989 3645; x_wconf 85' lang='lat' dir='ltr'><strong>cum</strong></span> <span class='ocrx_word' id='word_1_604' title='bbox 3021 3591 3089 3646; x_wconf 88' lang='lat' dir='ltr'><strong>ab</strong></span> <span class='ocrx_word' id='word_1_605' title='bbox 3123 3591 3327 3645; x_wconf 88' lang='lat' dir='ltr'><strong>eisdem</strong></span> 
     </span>
    </p>
   </div>
   <div class='ocr_carea' id='block_1_81' title="bbox 1745 3675 3331 3750">
    <p class='ocr_par' dir='ltr' id='par_1_81' title="bbox 1745 3675 3331 3750">
     <span class='ocr_line' id='line_1_81' title="bbox 1745 3675 3331 3750; baseline 0.001 -17"><span class='ocrx_word' id='word_1_606' title='bbox 1745 3680 1893 3733; x_wconf 88' lang='lat' dir='ltr'><strong>dicat</strong></span> <span class='ocrx_word' id='word_1_607' title='bbox 1922 3693 2017 3734; x_wconf 89' lang='lat' dir='ltr'><strong>eos</strong></span> <span class='ocrx_word' id='word_1_608' title='bbox 2049 3675 2298 3742; x_wconf 87' lang='lat' dir='ltr'><strong>alllictos,</strong></span> <span class='ocrx_word' id='word_1_609' title='bbox 2345 3691 2576 3745; x_wconf 92' lang='lat' dir='ltr'><strong>quorum</strong></span> <span class='ocrx_word' id='word_1_610' title='bbox 2606 3676 2916 3732; x_wconf 82' lang='lat' dir='ltr'><strong>obeditores</strong></span> <span class='ocrx_word' id='word_1_611' title='bbox 2939 3688 3116 3745; x_wconf 87' lang='lat' dir='ltr'><strong>erant,</strong></span> <span class='ocrx_word' id='word_1_612' title='bbox 3149 3688 3204 3734; x_wconf 90' lang='lat' dir='ltr'><strong>et</strong></span> <span class='ocrx_word' id='word_1_613' title='bbox 3232 3694 3331 3750; x_wconf 87' lang='lat' dir='ltr'><strong>per</strong></span> 
     </span>
    </p>
   </div>
   <div class='ocr_carea' id='block_1_82' title="bbox 1748 3753 3329 3837">
    <p class='ocr_par' dir='ltr' id='par_1_82' title="bbox 1748 3753 3329 3837">
     <span class='ocr_line' id='line_1_82' title="bbox 1748 3753 3329 3837; baseline 0.001 -11"><span class='ocrx_word' id='word_1_614' title='bbox 1748 3772 1852 3826; x_wconf 86' lang='lat' dir='ltr'><strong>hoc</strong></span> <span class='ocrx_word' id='word_1_615' title='bbox 1882 3781 2098 3837; x_wconf 84' lang='lat' dir='ltr'><strong>quoque</strong></span> <span class='ocrx_word' id='word_1_616' title='bbox 2133 3765 2409 3821; x_wconf 90' lang='lat' dir='ltr'><strong>auditores</strong></span> <span class='ocrx_word' id='word_1_617' title='bbox 2450 3780 2478 3819; x_wconf 92' lang='lat' dir='ltr'><strong>a</strong></span> <span class='ocrx_word' id='word_1_618' title='bbox 2512 3753 2849 3835; x_wconf 76' lang='lat' dir='ltr'><strong>subiectione</strong></span> <span class='ocrx_word' id='word_1_619' title='bbox 2888 3778 3106 3825; x_wconf 89' lang='lat' dir='ltr'><strong>revocat</strong></span> <span class='ocrx_word' id='word_1_620' title='bbox 3137 3770 3329 3827; x_wconf 89' lang='lat' dir='ltr'><strong>diabo-</strong></span> 
     </span>
    </p>
   </div>
   <div class='ocr_carea' id='block_1_83' title="bbox 1748 3857 3329 3927">
    <p class='ocr_par' dir='ltr' id='par_1_83' title="bbox 1748 3857 3329 3927">
     <span class='ocr_line' id='line_1_83' title="bbox 1748 3857 3329 3927; baseline 0.001 -13"><span class='ocrx_word' id='word_1_621' title='bbox 1748 3861 1940 3916; x_wconf 91' lang='lat' dir='ltr'><strong>lorum.</strong></span> <span class='ocrx_word' id='word_1_622' title='bbox 2008 3857 2257 3913; x_wconf 88' lang='lat' dir='ltr'><strong>Ostendit</strong></span> <span class='ocrx_word' id='word_1_623' title='bbox 2318 3871 2535 3927; x_wconf 88' lang='lat' dir='ltr'><strong>quoque</strong></span> <span class='ocrx_word' id='word_1_624' title='bbox 2595 3858 2842 3914; x_wconf 87' lang='lat' dir='ltr'><strong>ordinem</strong></span> <span class='ocrx_word' id='word_1_625' title='bbox 2913 3861 3163 3917; x_wconf 68' lang='lat' dir='ltr'><strong>vindicta:</strong></span> <span class='ocrx_word' id='word_1_626' title='bbox 3217 3877 3329 3917; x_wconf 74' lang='lat' dir='ltr'><strong>sum</strong></span> 
     </span>
    </p>
   </div>
   <div class='ocr_carea' id='block_1_84' title="bbox 1748 3954 3329 4025">
    <p class='ocr_par' dir='ltr' id='par_1_84' title="bbox 1748 3954 3329 4025">
     <span class='ocr_line' id='line_1_84' title="bbox 1748 3954 3329 4025; baseline -0.006 -11"><span class='ocrx_word' id='word_1_627' title='bbox 1748 3959 1829 4014; x_wconf 87' lang='lat' dir='ltr'><strong>sic</strong></span> <span class='ocrx_word' id='word_1_628' title='bbox 1860 3975 1873 4012; x_wconf 93' lang='lat'>:</span> <span class='ocrx_word' id='word_1_629' title='bbox 1903 3956 2034 4011; x_wconf 90' lang='lat' dir='ltr'><strong>Dico</strong></span> <span class='ocrx_word' id='word_1_630' title='bbox 2057 3955 2201 4025; x_wconf 92' lang='lat' dir='ltr'><strong>quod</strong></span> <span class='ocrx_word' id='word_1_631' title='bbox 2240 3956 2379 4010; x_wconf 87' lang='lat' dir='ltr'><strong>hanc</strong></span> <span class='ocrx_word' id='word_1_632' title='bbox 2413 3954 2806 4009; x_wconf 88' lang='lat' dir='ltr'><strong>immissioucm</strong></span> <span class='ocrx_word' id='word_1_633' title='bbox 2829 3954 2955 4009; x_wconf 90' lang='lat' dir='ltr'><strong>fecit</strong></span> <span class='ocrx_word' id='word_1_634' title='bbox 2984 3970 3076 4023; x_wconf 90' lang='lat' dir='ltr'><strong>per</strong></span> <span class='ocrx_word' id='word_1_635' title='bbox 3110 3954 3329 4023; x_wconf 73' lang='lat' dir='ltr'><strong>angelos</strong></span> 
     </span>
    </p>
   </div>
   <div class='ocr_carea' id='block_1_85' title="bbox 1748 4042 3320 4117">
    <p class='ocr_par' dir='ltr' id='par_1_85' title="bbox 1748 4042 3320 4117">
     <span class='ocr_line' id='line_1_85' title="bbox 1748 4042 3320 4117; baseline -0.006 -15"><span class='ocrx_word' id='word_1_636' title='bbox 1748 4047 1938 4113; x_wconf 79' lang='lat' dir='ltr'><strong>malos,</strong></span> <span class='ocrx_word' id='word_1_637' title='bbox 1968 4061 2065 4117; x_wconf 91' lang='lat' dir='ltr'><strong>per</strong></span> <span class='ocrx_word' id='word_1_638' title='bbox 2090 4060 2342 4115; x_wconf 88' lang='lat' dir='ltr'><strong>quorum,</strong></span> <span class='ocrx_word' id='word_1_639' title='bbox 2376 4044 2586 4100; x_wconf 89' lang='lat' dir='ltr'><strong>scilicet</strong></span> <span class='ocrx_word' id='word_1_640' title='bbox 2623 4042 2859 4099; x_wconf 84' lang='lat' dir='ltr'><strong>cilicium</strong></span> <span class='ocrx_word' id='word_1_641' title='bbox 2911 4042 3032 4111; x_wconf 74' lang='lat' dir='ltr'><strong>fecit</strong></span> <span class='ocrx_word' id='word_1_642' title='bbox 3073 4042 3237 4099; x_wconf 84' lang='lat' dir='ltr'><strong>viam.</strong></span> <span class='ocrx_word' id='word_1_643' title='bbox 3271 4042 3320 4093; x_wconf 88' lang='lat' dir='ltr'><strong>id</strong></span> 
     </span>
    </p>
   </div>
   <div class='ocr_carea' id='block_1_86' title="bbox 1749 4131 3326 4208">
    <p class='ocr_par' dir='ltr' id='par_1_86' title="bbox 1749 4131 3326 4208">
     <span class='ocr_line' id='line_1_86' title="bbox 1749 4131 3326 4208; baseline -0.008 -13"><span class='ocrx_word' id='word_1_644' title='bbox 1749 4148 1834 4195; x_wconf 89' lang='lat' dir='ltr'><strong>est</strong></span> <span class='ocrx_word' id='word_1_645' title='bbox 1862 4137 2272 4208; x_wconf 88' lang='lat' dir='ltr'><strong>amplitudinem</strong></span> <span class='ocrx_word' id='word_1_646' title='bbox 2323 4137 2418 4190; x_wconf 77' lang='lat' dir='ltr'><strong>ira:</strong></span> <span class='ocrx_word' id='word_1_647' title='bbox 2469 4150 2579 4190; x_wconf 70' lang='lat' dir='ltr'><strong>sua:</strong></span> <span class='ocrx_word' id='word_1_648' title='bbox 2610 4134 2817 4188; x_wconf 83' lang='lat' dir='ltr'><strong>semitae</strong></span> <span class='ocrx_word' id='word_1_649' title='bbox 2861 4131 3011 4201; x_wconf 92' lang='lat' dir='ltr'><strong>prius</strong></span> <span class='ocrx_word' id='word_1_650' title='bbox 3045 4132 3326 4185; x_wconf 79' lang='lat' dir='ltr'><strong>existenti.</strong></span> 
     </span>
    </p>
   </div>
   <div class='ocr_carea' id='block_1_87' title="bbox 1747 4218 3325 4295">
    <p class='ocr_par' dir='ltr' id='par_1_87' title="bbox 1747 4218 3325 4295">
     <span class='ocr_line' id='line_1_87' title="bbox 1747 4218 3325 4295; baseline -0.008 -13"><span class='ocrx_word' id='word_1_651' title='bbox 1747 4227 1828 4282; x_wconf 82' lang='lat' dir='ltr'><strong>Ac</strong></span> <span class='ocrx_word' id='word_1_652' title='bbox 1857 4227 1904 4282; x_wconf 92' lang='lat' dir='ltr'><strong>si</strong></span> <span class='ocrx_word' id='word_1_653' title='bbox 1931 4229 2073 4282; x_wconf 90' lang='lat' dir='ltr'><strong>dicat</strong></span> <span class='ocrx_word' id='word_1_654' title='bbox 2099 4244 2114 4281; x_wconf 89' lang='lat'><strong>:</strong></span> <span class='ocrx_word' id='word_1_655' title='bbox 2147 4226 2280 4281; x_wconf 87' lang='lat' dir='ltr'><strong>Cum</strong></span> <span class='ocrx_word' id='word_1_656' title='bbox 2314 4224 2464 4295; x_wconf 92' lang='lat' dir='ltr'><strong>prius</strong></span> <span class='ocrx_word' id='word_1_657' title='bbox 2489 4222 2724 4277; x_wconf 89' lang='lat' dir='ltr'><strong>vindicta</strong></span> <span class='ocrx_word' id='word_1_658' title='bbox 2754 4236 2850 4275; x_wconf 85' lang='lat' dir='ltr'><strong>sua</strong></span> <span class='ocrx_word' id='word_1_659' title='bbox 2875 4220 3060 4274; x_wconf 90' lang='lat' dir='ltr'><strong>stricta</strong></span> <span class='ocrx_word' id='word_1_660' title='bbox 3088 4228 3232 4274; x_wconf 90' lang='lat' dir='ltr'><strong>esset</strong></span> <span class='ocrx_word' id='word_1_661' title='bbox 3259 4218 3325 4271; x_wconf 88' lang='lat' dir='ltr'><strong>ad</strong></span> 
     </span>
    </p>
   </div>
   <div class='ocr_carea' id='block_1_88' title="bbox 1752 4313 3325 4384">
    <p class='ocr_par' dir='ltr' id='par_1_88' title="bbox 1752 4313 3325 4384">
     <span class='ocr_line' id='line_1_88' title="bbox 1752 4313 3325 4384; baseline -0.006 -10"><span class='ocrx_word' id='word_1_662' title='bbox 1752 4322 1967 4375; x_wconf 90' lang='lat' dir='ltr'><strong>modum</strong></span> <span class='ocrx_word' id='word_1_663' title='bbox 1998 4320 2225 4383; x_wconf 64' lang='lat' dir='ltr'><strong>semitae,</strong></span> <span class='ocrx_word' id='word_1_664' title='bbox 2260 4317 2389 4373; x_wconf 89' lang='lat' dir='ltr'><strong>fecit</strong></span> <span class='ocrx_word' id='word_1_665' title='bbox 2432 4331 2551 4371; x_wconf 91' lang='lat' dir='ltr'><strong>eam</strong></span> <span class='ocrx_word' id='word_1_666' title='bbox 2581 4313 2814 4384; x_wconf 87' lang='lat' dir='ltr'><strong>amplam</strong></span> <span class='ocrx_word' id='word_1_667' title='bbox 2857 4314 2925 4368; x_wconf 90' lang='lat' dir='ltr'><strong>ad</strong></span> <span class='ocrx_word' id='word_1_668' title='bbox 2956 4313 3173 4368; x_wconf 91' lang='lat' dir='ltr'><strong>modum</strong></span> <span class='ocrx_word' id='word_1_669' title='bbox 3206 4313 3325 4365; x_wconf 72' lang='lat' dir='ltr'><strong>vim.</strong></span> 
     </span>
    </p>
   </div>
   <div class='ocr_carea' id='block_1_89' title="bbox 1751 4403 3350 4481">
    <p class='ocr_par' dir='ltr' id='par_1_89' title="bbox 1751 4403 3350 4481">
     <span class='ocr_line' id='line_1_89' title="bbox 1751 4403 3350 4481; baseline -0.007 -13"><span class='ocrx_word' id='word_1_670' title='bbox 1751 4413 1856 4468; x_wconf 87' lang='lat' dir='ltr'><strong>Per</strong></span> <span class='ocrx_word' id='word_1_671' title='bbox 1878 4412 1981 4467; x_wconf 88' lang='lat' dir='ltr'><strong>hoc</strong></span> <span class='ocrx_word' id='word_1_672' title='bbox 2009 4411 2225 4481; x_wconf 89' lang='lat' dir='ltr'><strong>quidem</strong></span> <span class='ocrx_word' id='word_1_673' title='bbox 2252 4408 2491 4464; x_wconf 90' lang='lat' dir='ltr'><strong>ostendit</strong></span> <span class='ocrx_word' id='word_1_674' title='bbox 2521 4406 2664 4476; x_wconf 91' lang='lat' dir='ltr'><strong>quod</strong></span> <span class='ocrx_word' id='word_1_675' title='bbox 2697 4406 2848 4476; x_wconf 88' lang='lat' dir='ltr'><strong>prius</strong></span> <span class='ocrx_word' id='word_1_676' title='bbox 2887 4419 3053 4476; x_wconf 86' lang='lat' dir='ltr'><strong>parva</strong></span> <span class='ocrx_word' id='word_1_677' title='bbox 3080 4404 3181 4458; x_wconf 86' lang='lat' dir='ltr'><strong>fuit</strong></span> <span class='ocrx_word' id='word_1_678' title='bbox 3226 4403 3350 4468; x_wconf 83' lang='lat' dir='ltr'><strong>ira,_</strong></span> 
     </span>
    </p>
   </div>
   <div class='ocr_carea' id='block_1_90' title="bbox 120 4483 3335 4574">
    <p class='ocr_par' dir='ltr' id='par_1_90' title="bbox 120 4483 3335 4574">
     <span class='ocr_line' id='line_1_90' title="bbox 120 4483 3335 4574; baseline 0.001 -35"><span class='ocrx_word' id='word_1_679' title='bbox 120 4483 308 4556; x_wconf 83' lang='lat' dir='ltr'><strong>inopiam</strong></span> <span class='ocrx_word' id='word_1_680' title='bbox 332 4490 585 4556; x_wconf 88' lang='lat' dir='ltr'><strong>fontium,</strong></span> <span class='ocrx_word' id='word_1_681' title='bbox 610 4489 856 4544; x_wconf 84' lang='lat' dir='ltr'><strong>convertit</strong></span> <span class='ocrx_word' id='word_1_682' title='bbox 888 4490 942 4543; x_wconf 88' lang='lat' dir='ltr'><strong>in</strong></span> <span class='ocrx_word' id='word_1_683' title='bbox 966 4490 1295 4559; x_wconf 77' lang='lat' dir='ltr'><strong>sanguinem,</strong></span> <span class='ocrx_word' id='word_1_684' title='bbox 1328 4488 1380 4543; x_wconf 87' lang='lat' dir='ltr'><strong>id</strong></span> <span class='ocrx_word' id='word_1_685' title='bbox 1409 4500 1492 4543; x_wconf 91' lang='lat' dir='ltr'><strong>cst</strong></span> <span class='ocrx_word' id='word_1_686' title='bbox 1522 4488 1649 4544; x_wconf 87' lang='lat' dir='ltr'><strong>fecit</strong></span> <span class='ocrx_word' id='word_1_687' title='bbox 1688 4512 1731 4565; x_wconf 72' lang='grc' dir='ltr'><strong>Ι)</strong></span> <span class='ocrx_word' id='word_1_688' title='bbox 1759 4512 1945 4574; x_wconf 52' lang='lat' dir='ltr'><strong>postea</strong></span> <span class='ocrx_word' id='word_1_689' title='bbox 1973 4515 2102 4557; x_wconf 66' lang='lat' dir='ltr'><strong>vero</strong></span> <span class='ocrx_word' id='word_1_690' title='bbox 2132 4515 2346 4570; x_wconf 63' lang='lat' dir='ltr'><strong>magna,</strong></span> <span class='ocrx_word' id='word_1_691' title='bbox 2374 4508 2429 4553; x_wconf 74' lang='grc' dir='ltr'><strong>ει</strong></span> <span class='ocrx_word' id='word_1_692' title='bbox 2456 4512 2551 4568; x_wconf 71' lang='lat' dir='ltr'><strong>per</strong></span> <span class='ocrx_word' id='word_1_693' title='bbox 2585 4499 2688 4553; x_wconf 80' lang='lat' dir='ltr'><strong>hoc</strong></span> <span class='ocrx_word' id='word_1_694' title='bbox 2729 4512 2827 4553; x_wconf 80' lang='lat' dir='ltr'><strong>nos</strong></span> <span class='ocrx_word' id='word_1_695' title='bbox 2852 4496 3072 4551; x_wconf 78' lang='lat' dir='ltr'><strong>instruit</strong></span> <span class='ocrx_word' id='word_1_696' title='bbox 3099 4509 3168 4549; x_wconf 88' lang='lat' dir='ltr'><strong>ne</strong></span> <span class='ocrx_word' id='word_1_697' title='bbox 3205 4508 3335 4563; x_wconf 85' lang='lat' dir='ltr'><strong>par-</strong></span> 
     </span>
    </p>
   </div>
   <div class='ocr_carea' id='block_1_91' title="bbox 120 4578 1651 4649">
    <p class='ocr_par' dir='ltr' id='par_1_91' title="bbox 120 4578 1651 4649">
     <span class='ocr_line' id='line_1_91' title="bbox 120 4578 1651 4649; baseline 0.003 -20"><span class='ocrx_word' id='word_1_698' title='bbox 120 4582 434 4649; x_wconf 79' lang='lat' dir='ltr'><strong>sanguineas,</strong></span> <span class='ocrx_word' id='word_1_699' title='bbox 484 4597 550 4635; x_wconf 83' lang='lat' dir='ltr'><strong>ne</strong></span> <span class='ocrx_word' id='word_1_700' title='bbox 603 4579 829 4634; x_wconf 84' lang='lat' dir='ltr'><strong>biberent</strong></span> <span class='ocrx_word' id='word_1_701' title='bbox 887 4594 983 4635; x_wconf 87' lang='lat' dir='ltr'><strong>eas</strong></span> <span class='ocrx_word' id='word_1_702' title='bbox 1037 4580 1105 4634; x_wconf 86' lang='lat' dir='ltr'><strong>ad</strong></span> <span class='ocrx_word' id='word_1_703' title='bbox 1144 4578 1516 4635; x_wconf 87' lang='lat' dir='ltr'><strong>refectionem.</strong></span> <span class='ocrx_word' id='word_1_704' title='bbox 1551 4578 1651 4635; x_wconf 89' lang='lat' dir='ltr'><strong>Ubi</strong></span> 
     </span>
    </p>
   </div>
   <div class='ocr_carea' id='block_1_92' title="bbox 121 4662 1654 4739">
    <p class='ocr_par' dir='ltr' id='par_1_92' title="bbox 121 4662 1654 4739">
     <span class='ocr_line' id='line_1_92' title="bbox 121 4662 1654 4739; baseline 0.004 -20"><span class='ocrx_word' id='word_1_705' title='bbox 121 4662 334 4725; x_wconf 79' lang='lat' dir='ltr'><strong>habemus</strong></span> <span class='ocrx_word' id='word_1_706' title='bbox 362 4673 585 4736; x_wconf 85' lang='lat' dir='ltr'><strong>imbres,</strong></span> <span class='ocrx_word' id='word_1_707' title='bbox 615 4670 809 4725; x_wconf 88' lang='lat' dir='ltr'><strong>beatus</strong></span> <span class='ocrx_word' id='word_1_708' title='bbox 837 4668 1159 4725; x_wconf 90' lang='lat' dir='ltr'><strong>Ambrosius</strong></span> <span class='ocrx_word' id='word_1_709' title='bbox 1196 4670 1347 4739; x_wconf 93' lang='lat' dir='ltr'><strong>ponit</strong></span> <span class='ocrx_word' id='word_1_710' title='bbox 1389 4668 1654 4739; x_wconf 87' lang='lat' dir='ltr'><strong>pluviales</strong></span> 
     </span>
    </p>
   </div>
   <div class='ocr_carea' id='block_1_93' title="bbox 121 4760 1650 4832">
    <p class='ocr_par' dir='ltr' id='par_1_93' title="bbox 121 4760 1650 4832">
     <span class='ocr_line' id='line_1_93' title="bbox 121 4760 1650 4832; baseline 0.003 -23"><span class='ocrx_word' id='word_1_711' title='bbox 121 4771 272 4825; x_wconf 84' lang='lat' dir='ltr'><strong>aquas,</strong></span> <span class='ocrx_word' id='word_1_712' title='bbox 287 4771 335 4816; x_wconf 91' lang='lat' dir='ltr'><strong>et</strong></span> <span class='ocrx_word' id='word_1_713' title='bbox 350 4773 468 4832; x_wconf 90' lang='lat' dir='ltr'><strong>post</strong></span> <span class='ocrx_word' id='word_1_714' title='bbox 485 4764 592 4817; x_wconf 89' lang='lat' dir='ltr'><strong>hoc</strong></span> <span class='ocrx_word' id='word_1_715' title='bbox 616 4760 944 4832; x_wconf 88' lang='lat' dir='ltr'><strong>prodigium,</strong></span> <span class='ocrx_word' id='word_1_716' title='bbox 962 4762 1101 4815; x_wconf 81' lang='lat' dir='ltr'><strong>misit</strong></span> <span class='ocrx_word' id='word_1_717' title='bbox 1117 4761 1169 4815; x_wconf 89' lang='lat' dir='ltr'><strong>in</strong></span> <span class='ocrx_word' id='word_1_718' title='bbox 1190 4777 1274 4815; x_wconf 78' lang='lat' dir='ltr'><strong>eos</strong></span> <span class='ocrx_word' id='word_1_719' title='bbox 1290 4761 1650 4830; x_wconf 79' lang='lat' dir='ltr'><strong>cwnomyiam,</strong></span> 
     </span>
    </p>
   </div>
   <div class='ocr_carea' id='block_1_94' title="bbox 122 4844 1649 4921">
    <p class='ocr_par' dir='ltr' id='par_1_94' title="bbox 122 4844 1649 4921">
     <span class='ocr_line' id='line_1_94' title="bbox 122 4844 1649 4921; baseline 0.001 -18"><span class='ocrx_word' id='word_1_720' title='bbox 122 4844 158 4898; x_wconf 83' lang='lat' dir='ltr'><strong>id</strong></span> <span class='ocrx_word' id='word_1_721' title='bbox 185 4859 252 4903; x_wconf 84' lang='lat' dir='ltr'><strong>est</strong></span> <span class='ocrx_word' id='word_1_722' title='bbox 273 4853 410 4908; x_wconf 90' lang='lat' dir='ltr'><strong>misit</strong></span> <span class='ocrx_word' id='word_1_723' title='bbox 449 4862 641 4908; x_wconf 89' lang='lat' dir='ltr'><strong>contra</strong></span> <span class='ocrx_word' id='word_1_724' title='bbox 672 4866 789 4917; x_wconf 89' lang='lat' dir='ltr'><strong>eos,</strong></span> <span class='ocrx_word' id='word_1_725' title='bbox 831 4860 890 4905; x_wconf 92' lang='lat' dir='ltr'><strong>ut</strong></span> <span class='ocrx_word' id='word_1_726' title='bbox 910 4866 1005 4907; x_wconf 89' lang='lat' dir='ltr'><strong>eos</strong></span> <span class='ocrx_word' id='word_1_727' title='bbox 1043 4849 1327 4921; x_wconf 87' lang='lat' dir='ltr'><strong>allligerct,</strong></span> <span class='ocrx_word' id='word_1_728' title='bbox 1357 4851 1649 4906; x_wconf 82' lang='lat' dir='ltr'><strong>maximam</strong></span> 
     </span>
    </p>
   </div>
   <div class='ocr_carea' id='block_1_95' title="bbox 122 4942 1650 5009">
    <p class='ocr_par' dir='ltr' id='par_1_95' title="bbox 122 4942 1650 5009">
     <span class='ocr_line' id='line_1_95' title="bbox 122 4942 1650 5009; baseline 0.006 -20"><span class='ocrx_word' id='word_1_729' title='bbox 122 4942 464 5002; x_wconf 87' lang='lat' dir='ltr'><strong>multitudinem</strong></span> <span class='ocrx_word' id='word_1_730' title='bbox 498 4960 831 5009; x_wconf 88' lang='lat' dir='ltr'><strong>muscarum,</strong></span> <span class='ocrx_word' id='word_1_731' title='bbox 856 4955 901 4998; x_wconf 86' lang='lat' dir='ltr'><strong>et</strong></span> <span class='ocrx_word' id='word_1_732' title='bbox 932 4944 1153 4998; x_wconf 87' lang='lat' dir='ltr'><strong>comedit</strong></span> <span class='ocrx_word' id='word_1_733' title='bbox 1193 4960 1301 5009; x_wconf 77' lang='lat' dir='ltr'><strong>eos,</strong></span> <span class='ocrx_word' id='word_1_734' title='bbox 1339 4944 1390 4997; x_wconf 91' lang='lat' dir='ltr'><strong>id</strong></span> <span class='ocrx_word' id='word_1_735' title='bbox 1431 4952 1515 4999; x_wconf 91' lang='lat' dir='ltr'><strong>est</strong></span> <span class='ocrx_word' id='word_1_736' title='bbox 1541 4944 1650 4998; x_wconf 88' lang='lat' dir='ltr'><strong>fre-</strong></span> 
     </span>
    </p>
   </div>
   <div class='ocr_carea' id='block_1_96' title="bbox 119 5033 1648 5103">
    <p class='ocr_par' dir='ltr' id='par_1_96' title="bbox 119 5033 1648 5103">
     <span class='ocr_line' id='line_1_96' title="bbox 119 5033 1648 5103; baseline -0.001 -14"><span class='ocrx_word' id='word_1_737' title='bbox 119 5041 302 5089; x_wconf 70' lang='lat' dir='ltr'><strong>quenter</strong></span> <span class='ocrx_word' id='word_1_738' title='bbox 331 5037 641 5092; x_wconf 90' lang='lat' dir='ltr'><strong>momordit.</strong></span> <span class='ocrx_word' id='word_1_739' title='bbox 687 5036 743 5089; x_wconf 93' lang='lat' dir='ltr'><strong>In</strong></span> <span class='ocrx_word' id='word_1_740' title='bbox 788 5034 1014 5090; x_wconf 81' lang='lat' dir='ltr'><strong>Hebraeo</strong></span> <span class='ocrx_word' id='word_1_741' title='bbox 1040 5033 1271 5088; x_wconf 84' lang='lat' dir='ltr'><strong>habetur</strong></span> <span class='ocrx_word' id='word_1_742' title='bbox 1300 5049 1450 5087; x_wconf 88' lang='lat' dir='ltr'><strong>omne</strong></span> <span class='ocrx_word' id='word_1_743' title='bbox 1487 5048 1648 5103; x_wconf 73' lang='lat' dir='ltr'><strong>genus</strong></span> 
     </span>
    </p>
   </div>
   <div class='ocr_carea' id='block_1_97' title="bbox 120 5125 1649 5197">
    <p class='ocr_par' dir='ltr' id='par_1_97' title="bbox 120 5125 1649 5197">
     <span class='ocr_line' id='line_1_97' title="bbox 120 5125 1649 5197; baseline 0.007 -30"><span class='ocrx_word' id='word_1_744' title='bbox 120 5132 402 5192; x_wconf 70' lang='lat' dir='ltr'><strong>muscarum;</strong></span> <span class='ocrx_word' id='word_1_745' title='bbox 441 5127 535 5181; x_wconf 84' lang='lat' dir='ltr'><strong>sed</strong></span> <span class='ocrx_word' id='word_1_746' title='bbox 589 5141 710 5181; x_wconf 89' lang='lat' dir='ltr'><strong>cum</strong></span> <span class='ocrx_word' id='word_1_747' title='bbox 758 5126 909 5195; x_wconf 88' lang='lat' dir='ltr'><strong>ponit</strong></span> <span class='ocrx_word' id='word_1_748' title='bbox 960 5125 1361 5197; x_wconf 86' lang='lat' dir='ltr'><strong>coenomyiam,</strong></span> <span class='ocrx_word' id='word_1_749' title='bbox 1419 5140 1449 5179; x_wconf 92' lang='lat' dir='ltr'><strong>a</strong></span> <span class='ocrx_word' id='word_1_750' title='bbox 1494 5132 1649 5195; x_wconf 91' lang='lat' dir='ltr'><strong>parte</strong></span> 
     </span>
    </p>
   </div>
   <div class='ocr_carea' id='block_1_98' title="bbox 123 5216 1645 5290">
    <p class='ocr_par' dir='ltr' id='par_1_98' title="bbox 123 5216 1645 5290">
     <span class='ocr_line' id='line_1_98' title="bbox 123 5216 1645 5290; baseline 0.009 -33"><span class='ocrx_word' id='word_1_751' title='bbox 123 5216 256 5267; x_wconf 85' lang='lat' dir='ltr'><strong>totum</strong></span> <span class='ocrx_word' id='word_1_752' title='bbox 276 5218 510 5287; x_wconf 85' lang='lat' dir='ltr'><strong>denotat,</strong></span> <span class='ocrx_word' id='word_1_753' title='bbox 539 5228 595 5274; x_wconf 89' lang='lat' dir='ltr'><strong>et</strong></span> <span class='ocrx_word' id='word_1_754' title='bbox 639 5228 762 5290; x_wconf 89' lang='lat' dir='ltr'><strong>post</strong></span> <span class='ocrx_word' id='word_1_755' title='bbox 808 5219 948 5274; x_wconf 88' lang='lat' dir='ltr'><strong>banc</strong></span> <span class='ocrx_word' id='word_1_756' title='bbox 994 5219 1208 5288; x_wconf 85' lang='lat' dir='ltr'><strong>plagam</strong></span> <span class='ocrx_word' id='word_1_757' title='bbox 1246 5219 1383 5272; x_wconf 80' lang='lat' dir='ltr'><strong>misit</strong></span> <span class='ocrx_word' id='word_1_758' title='bbox 1434 5219 1487 5270; x_wconf 87' lang='lat' dir='ltr'><strong>in</strong></span> <span class='ocrx_word' id='word_1_759' title='bbox 1534 5233 1645 5281; x_wconf 78' lang='lat' dir='ltr'><strong>eos,</strong></span> 
     </span>
    </p>
   </div>
   <div class='ocr_carea' id='block_1_99' title="bbox 121 5304 1644 5384">
    <p class='ocr_par' dir='ltr' id='par_1_99' title="bbox 121 5304 1644 5384">
     <span class='ocr_line' id='line_1_99' title="bbox 121 5304 1644 5384; baseline 0.007 -29"><span class='ocrx_word' id='word_1_760' title='bbox 121 5304 284 5364; x_wconf 73' lang='lat' dir='ltr'><strong>scilicet</strong></span> <span class='ocrx_word' id='word_1_761' title='bbox 312 5312 607 5384; x_wconf 68' lang='lat' dir='ltr'><strong>AEgyptios,</strong></span> <span class='ocrx_word' id='word_1_762' title='bbox 655 5329 860 5379; x_wconf 87' lang='lat' dir='ltr'><strong>ranam,</strong></span> <span class='ocrx_word' id='word_1_763' title='bbox 908 5314 958 5368; x_wconf 91' lang='lat' dir='ltr'><strong>id</strong></span> <span class='ocrx_word' id='word_1_764' title='bbox 985 5324 1071 5370; x_wconf 88' lang='lat' dir='ltr'><strong>est</strong></span> <span class='ocrx_word' id='word_1_765' title='bbox 1113 5328 1365 5368; x_wconf 87' lang='lat' dir='ltr'><strong>ranarum</strong></span> <span class='ocrx_word' id='word_1_766' title='bbox 1412 5312 1644 5382; x_wconf 89' lang='lat' dir='ltr'><strong>copiam,</strong></span> 
     </span>
    </p>
   </div>
   <div class='ocr_carea' id='block_1_100' title="bbox 1759 4582 3329 4663">
    <p class='ocr_par' dir='ltr' id='par_1_100' title="bbox 1759 4582 3329 4663">
     <span class='ocr_line' id='line_1_100' title="bbox 1759 4582 3329 4663; baseline -0.006 -15"><span class='ocrx_word' id='word_1_767' title='bbox 1759 4608 1880 4648; x_wconf 89' lang='lat' dir='ltr'><strong>vam</strong></span> <span class='ocrx_word' id='word_1_768' title='bbox 1926 4592 2044 4663; x_wconf 83' lang='lat' dir='ltr'><strong>ejus</strong></span> <span class='ocrx_word' id='word_1_769' title='bbox 2073 4592 2368 4645; x_wconf 91' lang='lat' dir='ltr'><strong>vindictam</strong></span> <span class='ocrx_word' id='word_1_770' title='bbox 2411 4588 2767 4660; x_wconf 81' lang='lat' dir='ltr'><strong>ncgligamus,</strong></span> <span class='ocrx_word' id='word_1_771' title='bbox 2799 4602 2867 4641; x_wconf 91' lang='lat' dir='ltr'><strong>ne</strong></span> <span class='ocrx_word' id='word_1_772' title='bbox 2894 4585 3032 4641; x_wconf 90' lang='lat' dir='ltr'><strong>forte</strong></span> <span class='ocrx_word' id='word_1_773' title='bbox 3068 4582 3329 4652; x_wconf 88' lang='lat' dir='ltr'><strong>majorem</strong></span> 
     </span>
    </p>
   </div>
   <div class='ocr_carea' id='block_1_101' title="bbox 1758 4679 3331 4752">
    <p class='ocr_par' dir='ltr' id='par_1_101' title="bbox 1758 4679 3331 4752">
     <span class='ocr_line' id='line_1_101' title="bbox 1758 4679 3331 4752; baseline -0.004 -12"><span class='ocrx_word' id='word_1_774' title='bbox 1758 4687 2122 4740; x_wconf 92' lang='lat' dir='ltr'><strong>incurramus.</strong></span> <span class='ocrx_word' id='word_1_775' title='bbox 2149 4681 2397 4738; x_wconf 89' lang='lat' dir='ltr'><strong>Ostendit</strong></span> <span class='ocrx_word' id='word_1_776' title='bbox 2422 4697 2553 4752; x_wconf 82' lang='lat' dir='ltr'><strong>ergo</strong></span> <span class='ocrx_word' id='word_1_777' title='bbox 2579 4696 2676 4751; x_wconf 87' lang='lat' dir='ltr'><strong>per</strong></span> <span class='ocrx_word' id='word_1_778' title='bbox 2702 4689 2886 4750; x_wconf 90' lang='lat' dir='ltr'><strong>partes</strong></span> <span class='ocrx_word' id='word_1_779' title='bbox 2913 4680 3175 4750; x_wconf 88' lang='lat' dir='ltr'><strong>majorem</strong></span> <span class='ocrx_word' id='word_1_780' title='bbox 3211 4679 3331 4734; x_wconf 56' lang='lat' dir='ltr'><strong>vius</strong></span> 
     </span>
    </p>
   </div>
   <div class='ocr_carea' id='block_1_102' title="bbox 1755 4771 3330 4843">
    <p class='ocr_par' dir='ltr' id='par_1_102' title="bbox 1755 4771 3330 4843">
     <span class='ocr_line' id='line_1_102' title="bbox 1755 4771 3330 4843; baseline -0.003 -13"><span class='ocrx_word' id='word_1_781' title='bbox 1755 4776 1978 4840; x_wconf 90' lang='lat' dir='ltr'><strong>dictam,</strong></span> <span class='ocrx_word' id='word_1_782' title='bbox 2028 4790 2149 4830; x_wconf 90' lang='lat' dir='ltr'><strong>cum</strong></span> <span class='ocrx_word' id='word_1_783' title='bbox 2188 4774 2339 4843; x_wconf 92' lang='lat' dir='ltr'><strong>ponit</strong></span> <span class='ocrx_word' id='word_1_784' title='bbox 2382 4772 2461 4827; x_wconf 92' lang='lat' dir='ltr'><strong>sic</strong></span> <span class='ocrx_word' id='word_1_785' title='bbox 2492 4789 2504 4826; x_wconf 87' lang='lat'><strong>:</strong></span> <span class='ocrx_word' id='word_1_786' title='bbox 2540 4771 2760 4826; x_wconf 87' lang='lat' dir='ltr'><strong>Scilicet</strong></span> <span class='ocrx_word' id='word_1_787' title='bbox 2806 4788 2909 4827; x_wconf 88' lang='lat' dir='ltr'><strong>non</strong></span> <span class='ocrx_word' id='word_1_788' title='bbox 2940 4773 3167 4842; x_wconf 84' lang='lat' dir='ltr'><strong>pepercit</strong></span> <span class='ocrx_word' id='word_1_789' title='bbox 3197 4772 3330 4826; x_wconf 72' lang='lat' dir='ltr'><strong>eisa</strong></span> 
     </span>
    </p>
   </div>
   <div class='ocr_carea' id='block_1_103' title="bbox 1756 4862 3327 4929">
    <p class='ocr_par' dir='ltr' id='par_1_103' title="bbox 1756 4862 3327 4929">
     <span class='ocr_line' id='line_1_103' title="bbox 1756 4862 3327 4929; baseline -0.002 -8"><span class='ocrx_word' id='word_1_790' title='bbox 1756 4878 1918 4921; x_wconf 87' lang='lat' dir='ltr'><strong>morte</strong></span> <span class='ocrx_word' id='word_1_791' title='bbox 1960 4866 2261 4920; x_wconf 75' lang='lat' dir='ltr'><strong>animarum</strong></span> <span class='ocrx_word' id='word_1_792' title='bbox 2305 4878 2399 4919; x_wconf 91' lang='lat' dir='ltr'><strong>eos</strong></span> <span class='ocrx_word' id='word_1_793' title='bbox 2448 4862 2764 4918; x_wconf 88' lang='lat' dir='ltr'><strong>auferendo.</strong></span> <span class='ocrx_word' id='word_1_794' title='bbox 2799 4863 2952 4929; x_wconf 86' lang='lat' dir='ltr'><strong>Quod</strong></span> <span class='ocrx_word' id='word_1_795' title='bbox 2980 4873 3065 4920; x_wconf 87' lang='lat' dir='ltr'><strong>est</strong></span> <span class='ocrx_word' id='word_1_796' title='bbox 3095 4865 3278 4921; x_wconf 89' lang='lat' dir='ltr'><strong>dicere</strong></span> <span class='ocrx_word' id='word_1_797' title='bbox 3313 4879 3327 4918; x_wconf 88' lang='lat'><strong>:</strong></span> 
     </span>
    </p>
   </div>
   <div class='ocr_carea' id='block_1_104' title="bbox 1754 4952 3330 5019">
    <p class='ocr_par' dir='ltr' id='par_1_104' title="bbox 1754 4952 3330 5019">
     <span class='ocr_line' id='line_1_104' title="bbox 1754 4952 3330 5019; baseline -0.002 -9"><span class='ocrx_word' id='word_1_798' title='bbox 1754 4955 2031 5010; x_wconf 84' lang='lat' dir='ltr'><strong>lnterfecit</strong></span> <span class='ocrx_word' id='word_1_799' title='bbox 2056 4969 2152 5009; x_wconf 91' lang='lat' dir='ltr'><strong>eos</strong></span> <span class='ocrx_word' id='word_1_800' title='bbox 2184 4953 2414 5007; x_wconf 88' lang='lat' dir='ltr'><strong>interius</strong></span> <span class='ocrx_word' id='word_1_801' title='bbox 2455 4952 2507 5006; x_wconf 93' lang='lat' dir='ltr'><strong>in</strong></span> <span class='ocrx_word' id='word_1_802' title='bbox 2550 4952 2855 5019; x_wconf 87' lang='lat' dir='ltr'><strong>animabus,</strong></span> <span class='ocrx_word' id='word_1_803' title='bbox 2883 4955 3211 5010; x_wconf 67' lang='lat' dir='ltr'><strong>excaecando</strong></span> <span class='ocrx_word' id='word_1_804' title='bbox 3235 4968 3330 5009; x_wconf 85' lang='lat' dir='ltr'><strong>eos</strong></span> 
     </span>
    </p>
   </div>
   <div class='ocr_carea' id='block_1_105' title="bbox 1752 5040 3350 5105">
    <p class='ocr_par' dir='ltr' id='par_1_105' title="bbox 1752 5040 3350 5105">
     <span class='ocr_line' id='line_1_105' title="bbox 1752 5040 3350 5105; baseline -0.004 -5"><span class='ocrx_word' id='word_1_805' title='bbox 1752 5053 1805 5100; x_wconf 87' lang='lat' dir='ltr'><strong>ct</strong></span> <span class='ocrx_word' id='word_1_806' title='bbox 1829 5042 2155 5105; x_wconf 84' lang='lat' dir='ltr'><strong>iudurando,</strong></span> <span class='ocrx_word' id='word_1_807' title='bbox 2180 5056 2248 5096; x_wconf 89' lang='lat' dir='ltr'><strong>ne</strong></span> <span class='ocrx_word' id='word_1_808' title='bbox 2277 5040 2417 5097; x_wconf 86' lang='lat' dir='ltr'><strong>filios</strong></span> <span class='ocrx_word' id='word_1_809' title='bbox 2439 5041 2603 5097; x_wconf 86' lang='lat' dir='ltr'><strong>Israel</strong></span> <span class='ocrx_word' id='word_1_810' title='bbox 2633 5040 3145 5096; x_wconf 89' lang='lat' dir='ltr'><strong>velleutdimittcre.</strong></span> <span class='ocrx_word' id='word_1_811' title='bbox 3176 5040 3350 5097; x_wconf 46' lang='lat' dir='ltr'><strong>Unde-a</strong></span> 
     </span>
    </p>
   </div>
   <div class='ocr_carea' id='block_1_106' title="bbox 1751 5129 3331 5204">
    <p class='ocr_par' dir='ltr' id='par_1_106' title="bbox 1751 5129 3331 5204">
     <span class='ocr_line' id='line_1_106' title="bbox 1751 5129 3331 5204; baseline -0.004 -17"><span class='ocrx_word' id='word_1_812' title='bbox 1751 5133 1996 5204; x_wconf 89' lang='lat' dir='ltr'><strong>legitur:</strong></span> <span class='ocrx_word' id='word_1_813' title='bbox 2042 5153 2058 5184; x_wconf 78' lang='grc' dir='ltr'><strong>ι</strong></span> <span class='ocrx_word' id='word_1_814' title='bbox 2106 5133 2420 5187; x_wconf 83' lang='lat' dir='ltr'><strong>induratum</strong></span> <span class='ocrx_word' id='word_1_815' title='bbox 2448 5140 2533 5186; x_wconf 89' lang='lat' dir='ltr'><strong>est</strong></span> <span class='ocrx_word' id='word_1_816' title='bbox 2577 5146 2674 5185; x_wconf 88' lang='lat' dir='ltr'><strong>cor</strong></span> <span class='ocrx_word' id='word_1_817' title='bbox 2717 5129 3044 5195; x_wconf 84' lang='lat' dir='ltr'><strong>Pharaonis,</strong></span> <span class='ocrx_word' id='word_1_818' title='bbox 3081 5144 3185 5183; x_wconf 91' lang='lat' dir='ltr'><strong>non</strong></span> <span class='ocrx_word' id='word_1_819' title='bbox 3216 5130 3331 5183; x_wconf 89' lang='lat' dir='ltr'><strong>vult</strong></span> 
     </span>
    </p>
   </div>
   <div class='ocr_carea' id='block_1_107' title="bbox 1752 5219 3325 5293">
    <p class='ocr_par' dir='ltr' id='par_1_107' title="bbox 1752 5219 3325 5293">
     <span class='ocr_line' id='line_1_107' title="bbox 1752 5219 3325 5293; baseline -0.007 -12"><span class='ocrx_word' id='word_1_820' title='bbox 1752 5226 2025 5281; x_wconf 87' lang='lat' dir='ltr'><strong>dimittere</strong></span> <span class='ocrx_word' id='word_1_821' title='bbox 2054 5222 2308 5293; x_wconf 86' lang='lat' dir='ltr'><strong>populum</strong></span> <span class='ocrx_word' id='word_1_822' title='bbox 2339 5222 2549 5275; x_wconf 90' lang='lat' dir='ltr'><strong>Domini</strong></span> <span class='ocrx_word' id='word_1_823' title='bbox 2584 5220 2786 5290; x_wconf 73' lang='lat' dir='ltr'><strong>(Exod.</strong></span> <span class='ocrx_word' id='word_1_824' title='bbox 2817 5236 2912 5285; x_wconf 87' lang='lat' dir='ltr'><strong>vn,</strong></span> <span class='ocrx_word' id='word_1_825' title='bbox 2944 5220 3019 5289; x_wconf 85' lang='lat'><strong>9).</strong></span> <span class='ocrx_word' id='word_1_826' title='bbox 3054 5238 3081 5272; x_wconf 59' lang='grc' dir='ltr'><strong>›η</strong></span> <span class='ocrx_word' id='word_1_827' title='bbox 3107 5219 3171 5272; x_wconf 83' lang='grc' dir='ltr'>Ει</span> <span class='ocrx_word' id='word_1_828' title='bbox 3202 5219 3325 5288; x_wconf 90' lang='lat' dir='ltr'><strong>quia</strong></span> 
     </span>
    </p>
   </div>
   <div class='ocr_carea' id='block_1_108' title="bbox 1751 5309 3322 5383">
    <p class='ocr_par' dir='ltr' id='par_1_108' title="bbox 1751 5309 3322 5383">
     <span class='ocr_line' id='line_1_108' title="bbox 1751 5309 3322 5383; baseline -0.006 -13"><span class='ocrx_word' id='word_1_829' title='bbox 1751 5317 1804 5370; x_wconf 90' lang='lat' dir='ltr'><strong>in</strong></span> <span class='ocrx_word' id='word_1_830' title='bbox 1836 5315 2121 5369; x_wconf 88' lang='lat' dir='ltr'><strong>animabus</strong></span> <span class='ocrx_word' id='word_1_831' title='bbox 2149 5312 2419 5368; x_wconf 83' lang='lat' dir='ltr'><strong>interfecti</strong></span> <span class='ocrx_word' id='word_1_832' title='bbox 2455 5313 2708 5383; x_wconf 91' lang='lat' dir='ltr'><strong>populum</strong></span> <span class='ocrx_word' id='word_1_833' title='bbox 2750 5310 3009 5366; x_wconf 80' lang='lat' dir='ltr'><strong>uolebant</strong></span> <span class='ocrx_word' id='word_1_834' title='bbox 3030 5309 3322 5371; x_wconf 85' lang='lat' dir='ltr'><strong>dimittere,</strong></span> 
     </span>
    </p>
   </div>
   <div class='ocr_carea' id='block_1_109' title="bbox 122 5399 3325 5475">
    <p class='ocr_par' dir='ltr' id='par_1_109' title="bbox 122 5399 3325 5475">
     <span class='ocr_line' id='line_1_109' title="bbox 122 5399 3325 5475; baseline 0.001 -25"><span class='ocrx_word' id='word_1_835' title='bbox 122 5404 156 5446; x_wconf 79' lang='grc' dir='ltr'><strong>ιι</strong></span> <span class='ocrx_word' id='word_1_836' title='bbox 190 5399 470 5471; x_wconf 79' lang='lat' dir='ltr'><strong>disperdidit</strong></span> <span class='ocrx_word' id='word_1_837' title='bbox 501 5422 615 5471; x_wconf 78' lang='lat' dir='ltr'><strong>eos,</strong></span> <span class='ocrx_word' id='word_1_838' title='bbox 650 5405 702 5461; x_wconf 90' lang='lat' dir='ltr'><strong>id</strong></span> <span class='ocrx_word' id='word_1_839' title='bbox 730 5414 813 5460; x_wconf 90' lang='lat' dir='ltr'><strong>est</strong></span> <span class='ocrx_word' id='word_1_840' title='bbox 854 5406 1124 5475; x_wconf 89' lang='lat' dir='ltr'><strong>dispersos</strong></span> <span class='ocrx_word' id='word_1_841' title='bbox 1172 5405 1318 5460; x_wconf 90' lang='lat' dir='ltr'><strong>fecit.</strong></span> <span class='ocrx_word' id='word_1_842' title='bbox 1352 5404 1465 5460; x_wconf 84' lang='lat' dir='ltr'><strong>Non</strong></span> <span class='ocrx_word' id='word_1_843' title='bbox 1501 5404 1644 5459; x_wconf 89' lang='lat' dir='ltr'><strong>enim</strong></span> <span class='ocrx_word' id='word_1_844' title='bbox 1741 5405 1981 5475; x_wconf 82' lang='lat' dir='ltr'><strong>jumenta</strong></span> <span class='ocrx_word' id='word_1_845' title='bbox 2010 5421 2193 5458; x_wconf 88' lang='lat' dir='ltr'><strong>eorum</strong></span> <span class='ocrx_word' id='word_1_846' title='bbox 2228 5405 2283 5459; x_wconf 85' lang='lat' dir='ltr'><strong>in</strong></span> <span class='ocrx_word' id='word_1_847' title='bbox 2327 5414 2492 5457; x_wconf 88' lang='lat' dir='ltr'><strong>morte</strong></span> <span class='ocrx_word' id='word_1_848' title='bbox 2533 5401 2810 5467; x_wconf 82' lang='lat' dir='ltr'><strong>conclusit,</strong></span> <span class='ocrx_word' id='word_1_849' title='bbox 2860 5400 2915 5454; x_wconf 91' lang='lat' dir='ltr'><strong>id</strong></span> <span class='ocrx_word' id='word_1_850' title='bbox 2952 5408 3033 5456; x_wconf 90' lang='lat' dir='ltr'><strong>est</strong></span> <span class='ocrx_word' id='word_1_851' title='bbox 3066 5401 3118 5456; x_wconf 94' lang='lat' dir='ltr'><strong>in</strong></span> <span class='ocrx_word' id='word_1_852' title='bbox 3152 5410 3325 5455; x_wconf 85' lang='lat' dir='ltr'><strong>morte</strong></span> 
     </span>
    </p>
   </div>
   <div class='ocr_carea' id='block_1_110' title="bbox 123 5486 1647 5566">
    <p class='ocr_par' dir='ltr' id='par_1_110' title="bbox 123 5486 1647 5566">
     <span class='ocr_line' id='line_1_110' title="bbox 123 5486 1647 5566; baseline 0.004 -25"><span class='ocrx_word' id='word_1_853' title='bbox 123 5486 388 5550; x_wconf 79' lang='lat' dir='ltr'><strong>cohabitare</strong></span> <span class='ocrx_word' id='word_1_854' title='bbox 437 5505 687 5566; x_wconf 89' lang='lat' dir='ltr'><strong>poterant</strong></span> <span class='ocrx_word' id='word_1_855' title='bbox 717 5504 941 5565; x_wconf 88' lang='lat' dir='ltr'><strong>propter</strong></span> <span class='ocrx_word' id='word_1_856' title='bbox 994 5495 1215 5548; x_wconf 87' lang='lat' dir='ltr'><strong>nimiam</strong></span> <span class='ocrx_word' id='word_1_857' title='bbox 1272 5509 1525 5549; x_wconf 90' lang='lat' dir='ltr'><strong>ranarum</strong></span> <span class='ocrx_word' id='word_1_858' title='bbox 1564 5492 1647 5548; x_wconf 86' lang='lat' dir='ltr'><strong>af-</strong></span> 
     </span>
    </p>
   </div>
   <div class='ocr_carea' id='block_1_111' title="bbox 124 5573 1644 5656">
    <p class='ocr_par' dir='ltr' id='par_1_111' title="bbox 124 5573 1644 5656">
     <span class='ocr_line' id='line_1_111' title="bbox 124 5573 1644 5656; baseline 0.008 -29"><span class='ocrx_word' id='word_1_859' title='bbox 124 5573 376 5653; x_wconf 81' lang='lat' dir='ltr'><strong>ﬂuentiam,</strong></span> <span class='ocrx_word' id='word_1_860' title='bbox 409 5602 528 5656; x_wconf 74' lang='lat' dir='ltr'><strong>quae</strong></span> <span class='ocrx_word' id='word_1_861' title='bbox 577 5602 672 5642; x_wconf 84' lang='lat' dir='ltr'><strong>eos</strong></span> <span class='ocrx_word' id='word_1_862' title='bbox 720 5586 1055 5640; x_wconf 89' lang='lat' dir='ltr'><strong>sordidabat.</strong></span> <span class='ocrx_word' id='word_1_863' title='bbox 1084 5586 1146 5640; x_wconf 88' lang='lat' dir='ltr'><strong>Et</strong></span> <span class='ocrx_word' id='word_1_864' title='bbox 1180 5595 1300 5656; x_wconf 89' lang='lat' dir='ltr'><strong>post</strong></span> <span class='ocrx_word' id='word_1_865' title='bbox 1352 5588 1466 5642; x_wconf 72' lang='lat' dir='ltr'><strong>haec</strong></span> <span class='ocrx_word' id='word_1_866' title='bbox 1502 5588 1644 5641; x_wconf 87' lang='lat' dir='ltr'><strong>dedit</strong></span> 
     </span>
    </p>
   </div>
   <div class='ocr_carea' id='block_1_112' title="bbox 126 5668 1643 5748">
    <p class='ocr_par' dir='ltr' id='par_1_112' title="bbox 126 5668 1643 5748">
     <span class='ocr_line' id='line_1_112' title="bbox 126 5668 1643 5748; baseline 0 -17"><span class='ocrx_word' id='word_1_867' title='bbox 126 5668 288 5731; x_wconf 72' lang='lat' dir='ltr'><strong>fructus</strong></span> <span class='ocrx_word' id='word_1_868' title='bbox 314 5694 484 5730; x_wconf 77' lang='lat' dir='ltr'><strong>eorum</strong></span> <span class='ocrx_word' id='word_1_869' title='bbox 507 5678 726 5748; x_wconf 76' lang='lat' dir='ltr'><strong>terugini</strong></span> <span class='ocrx_word' id='word_1_870' title='bbox 757 5678 824 5730; x_wconf 90' lang='lat' dir='ltr'><strong>ad</strong></span> <span class='ocrx_word' id='word_1_871' title='bbox 855 5675 1302 5731; x_wconf 88' lang='lat' dir='ltr'><strong>consumendum.</strong></span> <span class='ocrx_word' id='word_1_872' title='bbox 1329 5676 1643 5747; x_wconf 67' lang='lat' dir='ltr'><strong>IEruginem</strong></span> 
     </span>
    </p>
   </div>
   <div class='ocr_carea' id='block_1_113' title="bbox 126 5757 1644 5837">
    <p class='ocr_par' dir='ltr' id='par_1_113' title="bbox 126 5757 1644 5837">
     <span class='ocr_line' id='line_1_113' title="bbox 126 5757 1644 5837; baseline 0.005 -22"><span class='ocrx_word' id='word_1_873' title='bbox 126 5757 301 5817; x_wconf 63' lang='lat' dir='ltr'><strong>quidem</strong></span> <span class='ocrx_word' id='word_1_874' title='bbox 330 5766 436 5821; x_wconf 85' lang='lat' dir='ltr'><strong>vult</strong></span> <span class='ocrx_word' id='word_1_875' title='bbox 466 5768 651 5824; x_wconf 88' lang='lat' dir='ltr'><strong>beatus</strong></span> <span class='ocrx_word' id='word_1_876' title='bbox 685 5764 1046 5837; x_wconf 80' lang='lat' dir='ltr'><strong>Hieronymus</strong></span> <span class='ocrx_word' id='word_1_877' title='bbox 1090 5779 1210 5823; x_wconf 86' lang='lat' dir='ltr'><strong>esse</strong></span> <span class='ocrx_word' id='word_1_878' title='bbox 1245 5767 1509 5837; x_wconf 88' lang='lat' dir='ltr'><strong>quoddam</strong></span> <span class='ocrx_word' id='word_1_879' title='bbox 1552 5783 1644 5837; x_wconf 81' lang='lat' dir='ltr'><strong>ge-</strong></span> 
     </span>
    </p>
   </div>
   <div class='ocr_carea' id='block_1_114' title="bbox 1752 5484 3318 5561">
    <p class='ocr_par' dir='ltr' id='par_1_114' title="bbox 1752 5484 3318 5561">
     <span class='ocr_line' id='line_1_114' title="bbox 1752 5484 3318 5561; baseline -0.003 -15"><span class='ocrx_word' id='word_1_880' title='bbox 1752 5491 1926 5546; x_wconf 85' lang='lat' dir='ltr'><strong>finivit</strong></span> <span class='ocrx_word' id='word_1_881' title='bbox 1959 5491 2340 5546; x_wconf 83' lang='lat' dir='ltr'><strong>verberatione</strong></span> <span class='ocrx_word' id='word_1_882' title='bbox 2368 5490 2668 5561; x_wconf 90' lang='lat' dir='ltr'><strong>grandinis.</strong></span> <span class='ocrx_word' id='word_1_883' title='bbox 2713 5487 2827 5544; x_wconf 87' lang='lat' dir='ltr'><strong>Hoc</strong></span> <span class='ocrx_word' id='word_1_884' title='bbox 2843 5484 3036 5544; x_wconf 72' lang='lat' dir='ltr'><strong>autem</strong></span> <span class='ocrx_word' id='word_1_885' title='bbox 3069 5497 3121 5544; x_wconf 90' lang='lat' dir='ltr'><strong>et</strong></span> <span class='ocrx_word' id='word_1_886' title='bbox 3149 5490 3192 5543; x_wconf 91' lang='lat' dir='ltr'><strong>si</strong></span> <span class='ocrx_word' id='word_1_887' title='bbox 3229 5505 3318 5543; x_wconf 72' lang='lat' dir='ltr'><strong>su~</strong></span> 
     </span>
    </p>
   </div>
   <div class='ocr_carea' id='block_1_115' title="bbox 1747 5579 3322 5651">
    <p class='ocr_par' dir='ltr' id='par_1_115' title="bbox 1747 5579 3322 5651">
     <span class='ocr_line' id='line_1_115' title="bbox 1747 5579 3322 5651; baseline -0.003 -14"><span class='ocrx_word' id='word_1_888' title='bbox 1747 5583 1931 5651; x_wconf 88' lang='lat' dir='ltr'><strong>perius</strong></span> <span class='ocrx_word' id='word_1_889' title='bbox 1953 5581 2160 5638; x_wconf 88' lang='lat' dir='ltr'><strong>dictum</strong></span> <span class='ocrx_word' id='word_1_890' title='bbox 2189 5583 2281 5649; x_wconf 88' lang='lat' dir='ltr'><strong>sit,</strong></span> <span class='ocrx_word' id='word_1_891' title='bbox 2321 5582 2410 5636; x_wconf 90' lang='lat' dir='ltr'><strong>ubi</strong></span> <span class='ocrx_word' id='word_1_892' title='bbox 2460 5580 2658 5651; x_wconf 77' lang='lat' dir='ltr'><strong>posuit,</strong></span> <span class='ocrx_word' id='word_1_893' title='bbox 2691 5579 2912 5634; x_wconf 87' lang='lat' dir='ltr'><strong>tradidit</strong></span> <span class='ocrx_word' id='word_1_894' title='bbox 2953 5582 3200 5650; x_wconf 81' lang='lat' dir='ltr'><strong>grandini</strong></span> <span class='ocrx_word' id='word_1_895' title='bbox 3238 5580 3322 5633; x_wconf 83' lang='lat' dir='ltr'><strong>iu-</strong></span> 
     </span>
    </p>
   </div>
   <div class='ocr_carea' id='block_1_116' title="bbox 1760 5670 3325 5740">
    <p class='ocr_par' dir='ltr' id='par_1_116' title="bbox 1760 5670 3325 5740">
     <span class='ocr_line' id='line_1_116' title="bbox 1760 5670 3325 5740; baseline 0 -15"><span class='ocrx_word' id='word_1_896' title='bbox 1760 5683 1954 5738; x_wconf 85' lang='lat' dir='ltr'><strong>menta,</strong></span> <span class='ocrx_word' id='word_1_897' title='bbox 1990 5682 2168 5726; x_wconf 86' lang='lat' dir='ltr'><strong>tamen</strong></span> <span class='ocrx_word' id='word_1_898' title='bbox 2200 5674 2287 5727; x_wconf 87' lang='lat' dir='ltr'><strong>hic</strong></span> <span class='ocrx_word' id='word_1_899' title='bbox 2331 5670 2476 5725; x_wconf 91' lang='lat' dir='ltr'><strong>aliud</strong></span> <span class='ocrx_word' id='word_1_900' title='bbox 2505 5671 2675 5739; x_wconf 93' lang='lat' dir='ltr'><strong>ponit,</strong></span> <span class='ocrx_word' id='word_1_901' title='bbox 2710 5686 2810 5725; x_wconf 87' lang='lat' dir='ltr'><strong>nec</strong></span> <span class='ocrx_word' id='word_1_902' title='bbox 2843 5680 3020 5727; x_wconf 89' lang='lat' dir='ltr'><strong>tamen</strong></span> <span class='ocrx_word' id='word_1_903' title='bbox 3076 5671 3325 5740; x_wconf 89' lang='lat' dir='ltr'><strong>superius</strong></span> 
     </span>
    </p>
   </div>
   <div class='ocr_carea' id='block_1_117' title="bbox 1753 5761 3329 5838">
    <p class='ocr_par' dir='ltr' id='par_1_117' title="bbox 1753 5761 3329 5838">
     <span class='ocr_line' id='line_1_117' title="bbox 1753 5761 3329 5838; baseline -0.002 -18"><span class='ocrx_word' id='word_1_904' title='bbox 1753 5766 1909 5838; x_wconf 84' lang='lat' dir='ltr'><strong>plane</strong></span> <span class='ocrx_word' id='word_1_905' title='bbox 1951 5766 2177 5838; x_wconf 88' lang='lat' dir='ltr'><strong>intelligi</strong></span> <span class='ocrx_word' id='word_1_906' title='bbox 2230 5766 2424 5836; x_wconf 90' lang='lat' dir='ltr'><strong>potuit,</strong></span> <span class='ocrx_word' id='word_1_907' title='bbox 2470 5766 2613 5837; x_wconf 81' lang='lat' dir='ltr'><strong>quod</strong></span> <span class='ocrx_word' id='word_1_908' title='bbox 2662 5761 2911 5837; x_wconf 70' lang='lat' dir='ltr'><strong>iumenta</strong></span> <span class='ocrx_word' id='word_1_909' title='bbox 2962 5764 3329 5824; x_wconf 74' lang='lat' dir='ltr'><strong>interfecisset</strong></span> 
     </span>
    </p>
   </div>
  </div>
