3856 6322
506 351 633 409 1047

1091 346 1151 403 S.
1192 346 1539 404 BRUNONIS
1574 341 2215 403 CARTHUSIANORUM
2256 340 2741 399 INSTITUTORIS
2769 340 2919 398 OPP.
2947 343 3127 399 PARS
3151 342 3192 397 I.

3588 326 3693 411 tiu

507 462 761 536 quod‘hic
796 460 1015 533 quidem
1050 457 1212 530 plane
1240 460 1417 531 ponit.
1457 459 1706 517 Ostendit
1746 464 1933 511 autem
1962 468 2079 507 ma-
2109 456 2156 515 Α
2183 466 2277 507 eos
2303 452 2359 507 in
2409 451 2756 522 baptismate,
2802 452 2869 508 de
2898 467 3061 507 manu
3110 450 3445 516 tribulantis,
3474 452 3522 508 id
3560 460 3694 517 estde

504 573 673 626 iorem
695 555 991 611 vindictam
1021 568 1118 624 per
1137 561 1346 624 partes,
1376 568 1501 609 cum
1547 549 1787 620 adjungit
1825 565 1837 601 :
1872 546 1937 601 Et
1962 560 2081 615 per-

505 650 661 704 cussit
710 664 863 703 omne
890 646 1294 717 primogenitum
1322 647 1376 699 in
1421 654 1561 700 terra
1602 640 1844 711 lEgypti,
1870 638 2083 695 scilicet

504 750 659 797 nocte
680 740 769 795 illa
795 740 969 809 inqua
997 738 1139 794 ﬁlios
1166 737 1329 793 Israel
1351 736 1540 792 eduxit
1560 736 1626 791 de
1649 742 1791 789 terra
1820 732 2076 805 [Egyptiz

504 829 707 887 occidit
728 828 911 884 omnia
942 827 1145 896 majora
1164 836 1317 893 natu,
1344 835 1452 881 tam
1483 827 1550 882 de
1577 824 1889 881 hominibus
1914 839 2078 894 quam

504 923 569 977 de
598 920 816 981 bestiis.
846 919 914 975 Et
939 919 1089 989 prius
1125 918 1394 988 percussit
1422 918 1477 971 in
1504 915 1856 971 tabernaculis
1889 913 2076 978 Cham,

506 1012 556 1065 id
582 1012 742 1067 estin
772 1009 1007 1080 Egypto
1033 1008 1122 1064 ubi
1156 1016 1472 1064 manserunt
1503 1007 1556 1063 in
1588 1004 1953 1062 tabernaculis
1984 1003 2079 1060 ﬁlii

504 1102 698 1168 Cham,
720 1102 985 1172 primitias
1026 1101 1196 1156 omnis
1229 1098 1425 1154 laboris
1453 1116 1660 1167 eorum,
1692 1098 1747 1153 id
1776 1109 1859 1155 est
1890 1111 2083 1155 omnes

504 1194 712 1263 primas
738 1203 792 1249 et
825 1193 1125 1263 praecipuas
1151 1191 1338 1262 fruges
1373 1206 1510 1262 quas
1538 1207 1664 1248 eum
1695 1191 1883 1247 labore
1913 1206 2078 1262 para-

507 1292 732 1348 verant;
762 1282 844 1338 vel
878 1282 1143 1352 primitias
1165 1282 1384 1347 laboris,
1418 1282 1470 1338 id
1487 1292 1571 1338 est
1600 1297 1809 1344 messes
1827 1296 1948 1352 quae
1968 1296 2081 1335 ma-

504 1374 586 1445 gis
614 1381 819 1443 paratae
844 1378 1001 1426 erant
1020 1371 1087 1426 ad
1118 1371 1526 1439 maturandum,
1550 1372 1691 1426 unde
1707 1372 1875 1441 magis
1896 1368 2082 1424 aﬂlicti

502 1463 743 1527 luerunt,
760 1476 920 1529 quam
935 1460 979 1515 si
995 1459 1215 1516 viliores
1236 1469 1331 1515 aut
1354 1460 1620 1515 tardiores
1645 1467 2080 1529 percuterentur.

571 1550 705 1606 Dico
749 1550 894 1621 quod
922 1549 1206 1621 .‘Egyptios
1257 1558 1337 1604 tot
1383 1559 1437 1604 et
1468 1559 1546 1604 tot
1572 1549 1745 1605 modis
1789 1546 1999 1615 aﬂlixit,
2034 1556 2083 1603 et

507 1641 758 1712 populum
796 1658 952 1695 suum
983 1640 1127 1696 ﬁlios
1161 1640 1327 1695 Israel
1370 1640 1625 1695 videlicet
1668 1638 1880 1693 abstulit
1911 1654 1941 1693 a
1984 1654 2083 1708 po-

510 1744 703 1789 testate
733 1734 1136 1806 !Egyptiorum,
1166 1735 1302 1790 sicut
1333 1750 1475 1799 oves,
1522 1733 1574 1788 id
1610 1743 1693 1788 est
1738 1741 1926 1803 utpote
1954 1747 2084 1789 oves

508 1840 638 1881 suas
667 1825 876 1881 scilicet
906 1826 1104 1897 quibus
1131 1841 1320 1881 curam
1362 1824 1696 1889 insumebat,
1725 1825 1868 1879 sicut
1897 1836 2084 1894 pastor

508 1932 696 1972 curam
727 1918 910 1975 ovium
942 1919 1105 1973 habet
1136 1934 1151 1971 ι
1192 1925 1247 1972 et
1287 1931 1383 1973 eos
1412 1916 1550 1972 ﬁlios
1582 1916 1746 1971 Israel
1787 1918 1838 1970 in
1867 1918 2083 1971 deserto

500 2010 820 2078 existentes,
841 2010 986 2080 quod
1006 2019 1088 2066 est
1112 2011 1254 2065 inter
1272 2024 1423 2064 mare
1439 2009 1682 2063 Rubrum
1698 2018 1751 2063 et
1766 2008 1900 2079 .‘Egy
1909 2018 2081 2077 ptum,

500 2086 593 2171 per
617 2102 879 2156 desertum
909 2101 1039 2156 illud
1062 2102 1237 2167 duxit,
1269 2110 1542 2170 tanquam,
1569 2101 1619 2155 id
1643 2108 1728 2157 est
1758 2108 1942 2170 utpote
1968 2116 2079 2169 gre-

501 2208 617 2263 gem
652 2208 833 2249 suum.
870 2193 1087 2264 Repetit
1117 2203 1296 2247 autem
1324 2194 1466 2260 quod
1508 2193 1667 2256 dixit,
1698 2192 1970 2262 perduxit,
2024 2200 2083 2245 ut

502 2286 667 2342 addat
716 2304 728 2341 :
769 2285 838 2340 Et
875 2286 1091 2341 deduxit
1131 2305 1249 2355 eos,
1312 2289 1559 2357 inquam,
1614 2300 1711 2354 per
1765 2284 2067 2338 desertum:

500 2383 559 2431 et
608 2376 713 2432 hoc
759 2376 814 2430 in
866 2392 956 2445 spe
1001 2377 1260 2454 evadendi
1312 2387 1365 2433 et
1414 2378 1488 2432 ita
1541 2376 1682 2445 quod
1730 2392 1834 2428 non
1884 2376 2078 2428 timue-

501 2476 623 2522 runt
672 2468 921 2524 inimicos
961 2486 976 2522 :
1024 2468 1089 2523 Et
1132 2468 1371 2523 inimicos
1418 2482 1596 2521 eorum
1647 2464 1932 2535 [Egyptios
1966 2480 2080 2533 ope-

501 2560 607 2613 ruit
646 2577 788 2615 mare
809 2569 864 2616 et
885 2559 1272 2626 iuterfecit;et
1303 2575 1397 2615 eos
1446 2558 1586 2613 ﬁlios
1630 2555 1794 2611 Israel
1839 2557 1905 2611 de
1950 2558 2085 2610 mari

502 2653 759 2709 liberatos
787 2653 993 2708 induxit
1018 2652 1073 2706 in
1096 2663 1269 2707 monte
1295 2648 1733 2719 sanctificationis
1758 2664 1892 2717 sum,
1923 2648 1975 2703 id
2002 2661 2084 2705 est

506 2744 839 2800 Ilierusalem
865 2759 972 2815 que
1000 2744 1054 2799 in
1084 2752 1267 2799 monte
1295 2745 1397 2798 sita
1423 2753 1509 2799 est
1551 2762 1563 2797 :
1610 2758 1769 2813 quam
1809 2742 1925 2811 ipse
1962 2757 2087 2797 san-

503 2835 767 2892 ctiﬁcavit
792 2846 1070 2901 :monlem,
1104 2835 1342 2904 inquam,
1366 2850 1515 2904 quem
1544 2833 1817 2903 acquisivit
1847 2832 2083 2897 dextera,

503 2928 557 2982 id
588 2936 674 2983 est
701 2927 943 2997 potentia
971 2926 1085 2996 ejus
1124 2926 1192 2979 ad
1223 2940 1358 2993 opus
1386 2924 1619 2978 ﬁliorum
1649 2922 1832 2978 Israel.
1861 2921 1929 2975 Et
1956 2921 2084 2991 quia

504 3018 607 3086 ipsi
635 3018 795 3073 aliter
823 3017 876 3073 in
905 3027 1092 3073 monte
1120 3015 1214 3070 illo
1241 3030 1346 3069 non
1372 3023 1593 3083 possent
1621 3013 1791 3069 libere
1815 3012 2109 3077 habitare,

2182 553 2451 614 potestate
2476 544 2698 612 diaboli,
2719 545 2810 615 qui
2839 558 2935 600 eos
2961 545 3260 601 tribulabat
3290 544 3523 601 ducendo
3546 563 3625 618 per
3643 550 3694 604 il-

2182 638 2351 693 licita.
2377 637 2465 710 {Et
2514 651 2621 692 non
2672 637 3031 692 recordantur
3068 652 3193 693 eum
3238 638 3477 707 posuisse
3516 639 3635 710 signa
3655 643 3697 697 in

2182 729 2434 801 Egypto,
2462 730 2542 785 sic
2575 736 2632 783 ut
2655 730 2829 799 posuit
2864 729 3015 799 signa
3044 745 3168 793 sua,
3202 728 3254 782 id
3297 738 3383 784 est
3404 730 3633 786 mirabilia
3658 735 3697 789 in

2182 822 2420 877 humano
2446 836 2679 891 genere;
2726 822 2871 892 quod
2900 830 3021 877 erat
3066 820 3371 892 Aigyptus,
3402 821 3453 875 id
3479 830 3554 876 est
3599 824 3700 879 allii-

2184 921 2329 968 ctum
2353 927 2451 981 per
2481 910 2744 983 originale
2768 922 3075 981 peccatum.
3116 912 3195 967 Ae
3224 913 3270 966 si
3303 912 3447 967 dicat
3474 926 3488 965 :
3516 910 3614 968 Non
3633 932 3703 971 ne-

2181 1004 2519 1075 ῧθίίίυίάθηὶ
2570 1003 2701 1073 (ιιιίη
2762 1003 2943 1073 aliquo
3002 1004 3164 1059 modo
3216 1003 3587 1070 recordentur;
3632 1010 3703 1062 sed

2183 1110 2289 1151 non
2325 1094 2683 1150 recordantur
2720 1095 2803 1149 sic
2839 1094 2907 1149 ad
2948 1094 3170 1163 plenum
3215 1102 3274 1149 et
3325 1093 3569 1164 gloriose.
3610 1096 3705 1152 Dico

2182 1186 2324 1256 quod
2349 1187 2500 1257 signa
2526 1202 2624 1241 sua
2657 1185 2854 1256 posuit,
2886 1194 2940 1240 et
2963 1200 3070 1240 non
3115 1199 3284 1254 parva
3314 1186 3489 1256 signa,
3514 1186 3596 1241 sed
3615 1205 3705 1254 pro-

2183 1279 2348 1349 digia,
2376 1280 2430 1334 id
2459 1288 2542 1334 est
2571 1277 2809 1332 maxima
2838 1285 2894 1332 et
2929 1276 3201 1331 mirabilia
3225 1275 3407 1347 signa.
3438 1276 3504 1331 Et
3539 1277 3635 1331 haec
3653 1278 3705 1330 si-

2183 1385 2287 1437 gna
2320 1368 2494 1439 posuit
2525 1368 2577 1421 in
2600 1382 2785 1437 campo
2835 1364 3097 1431 Tltaneos,
3144 1366 3197 1420 id
3230 1375 3318 1421 est
3339 1380 3435 1435 per
3463 1364 3644 1434 planam
3665 1378 3707 1420 et

2185 1456 2445 1513 humilem
2474 1456 2776 1513 doctrinam
2798 1455 3191 1525 apostolorum.
3222 1455 3474 1527 Magnum
3493 1457 3614 1510 enim
3631 1456 3708 1511 luit

2184 1564 2239 1611 et
2264 1554 2655 1625 prodigiosum,
2702 1555 2846 1625 quod
2892 1569 2991 1624 per
3038 1555 3414 1625 apostolorum
3459 1555 3708 1611 doctrinam

2186 1647 2448 1717 quosdam
2500 1662 2568 1702 ex
2618 1661 2795 1702 massa
2846 1647 3185 1715 perditorum
3236 1647 3420 1718 elegit,
3468 1658 3519 1703 et
3557 1657 3708 1703 uetera

2187 1741 2418 1809 plurima
2446 1739 2689 1811 prodigia
2721 1739 2870 1794 fecit.
2902 1738 3058 1806 Quod
3086 1741 3132 1794 si
3164 1740 3307 1794 bene
3336 1740 3405 1794 ad
3437 1741 3705 1796 memoriam

2191 1832 2527 1895 reducerent,
2556 1847 2661 1886 non
2695 1829 2863 1886 Deum
2891 1830 2983 1900 qui
3008 1830 3311 1887 clementer
3335 1846 3430 1886 eos
3457 1831 3713 1901 elegitexao

2187 1920 2498 1975 ccrbarent.
2527 1919 2592 1973 Et
2618 1929 2676 1974 ut
2708 1922 2986 1989 peccando
3010 1918 3077 1973 ad
3101 1918 3403 1989 Egyptum
3434 1922 3610 1975 reveni
3630 1937 3712 1976 me-

2188 2021 2438 2079 tuerent;
2464 2028 2570 2067 non
2600 2012 2957 2067 recordantur
2981 2028 3144 2083 quam
3157 2013 3455 2069 vindictam
3468 2013 3592 2068 Deus
3608 2018 3715 2069 acci-

2186 2104 2301 2172 piat
2345 2104 2414 2160 de
2449 2104 2533 2159 his
2560 2104 2653 2174 qui
2696 2104 2748 2158 in
2781 2104 3016 2175 Egypto
3062 2112 3371 2172 remanent,
3398 2105 3590 2160 scilicet
3617 2107 3714 2175 quid

2186 2204 2233 2247 et
2259 2195 2506 2250 convertit
2529 2195 2750 2265 ﬂumina
2763 2195 3120 2265 quorumdam
3148 2211 3360 2264 eorum,
3386 2195 3437 2250 id
3462 2205 3538 2252 est
3555 2199 3713 2266 scripta

2189 2287 2655 2356 philosophorum,
2695 2302 2818 2355 qua;
2857 2285 3109 2339 dicuntur
3139 2284 3386 2351 ﬁumina,
3425 2302 3490 2341 eo
3516 2287 3637 2356 quod
3662 2287 3713 2340 ad

2189 2386 2402 2434 modum
2434 2380 2713 2434 ﬂuminum
2741 2379 2908 2433 [luant
2950 2397 3001 2433 ιη
3032 2388 3301 2451 posteros,
3334 2379 3387 2431 in
3424 2381 3706 2448 sanguinem,

2189 2472 2239 2523 it
2270 2481 2355 2525 est
2384 2472 2438 2525 in
2485 2480 2737 2538 mortem,
2770 2481 2818 2524 et
2850 2472 3060 2535 imbres,
3094 2470 3147 2524 id
3188 2478 3275 2524 est
3320 2468 3483 2523 verba
3508 2483 3563 2522 ea
3584 2508 3600 2533 ,
3625 2482 3715 2535 qua

2192 2560 2450 2614 dicuntur
2479 2560 2703 2626 imbres,
2736 2576 2802 2614 eo
2830 2560 2976 2629 quod
3018 2560 3130 2614 cito
3160 2567 3446 2613 transeunt
3479 2557 3542 2611 ad
3566 2557 3715 2611 simili-

2192 2652 2431 2705 tudinem
2477 2651 2761 2718 imbrium,
2786 2651 2881 2720 qui
2905 2650 3165 2705 cadentes
3194 2648 3312 2703 cito
3336 2649 3663 2703 absorbentur
3678 2657 3717 2699 et

2189 2740 2469 2806 deﬁciunt,
2501 2740 2556 2792 in
2595 2741 2928 2808 sanguinem,
2975 2740 3025 2793 id
3061 2748 3145 2794 est
3173 2739 3232 2793 in
3265 2746 3525 2799 mortem,
3559 2752 3617 2790 ne
3656 2736 3716 2789 bi-

2190 2834 2317 2889 bant
2342 2835 2458 2904 ipsa
2482 2834 2703 2888 ﬁumina
2731 2843 2785 2887 et
2813 2834 3036 2899 imbres,
3068 2832 3119 2887 id
3146 2841 3229 2887 est
3263 2848 3331 2887 ne
3356 2831 3645 2886 reﬁciantur
3662 2832 3720 2881 eis

2194 2927 2259 2980 ad
2289 2925 2605 2988 utilitatem,
2638 2932 2699 2978 ut
2737 2924 2967 2994 quilibet
3010 2932 3135 2994 potu
3184 2922 3432 2977 reﬁcitur
3465 2921 3529 2974 ad
3557 2919 3721 2972 utilita-

2194 3028 2320 3072 tcm.
2351 3018 2453 3072 I’er
2493 3017 2814 3087 sanguinem
2860 3031 3009 3071 mors
3044 3015 3338 3084 accipitur,
3373 3027 3438 3068 eo
3481 3011 3614 3082 quod
3644 3026 3721 3063 saa-

503 3110 655 3180 cjecit
681 3128 713 3165 a
742 3111 903 3178 facie,
935 3110 987 3164 id
1015 3118 1098 3165 est
1126 3124 1156 3163 a
1183 3108 1495 3179 pnesentia,
1538 3116 1595 3162 et
1628 3121 1726 3176 per
1770 3105 2084 3161 instantiam
2116 3135 2160 3195 Ο
2191 3109 2312 3177 pius
2341 3106 2392 3161 in
2417 3117 2590 3161 morte
2613 3106 2833 3177 sanguis
2867 3105 3185 3159 eﬁ‘unditur.
3227 3102 3395 3169 Quasi
3426 3101 3569 3156 dicat
3592 3117 3605 3153 ε
3627 3097 3724 3151 Phi-

503 3218 686 3257 eorum
722 3201 929 3271 expulit
956 3210 1156 3271 gentes,
1190 3215 1309 3269 qua:
1338 3200 1389 3253 in
1418 3209 1601 3254 monte
1627 3198 1718 3252 illo
1748 3199 2085 3261 habitabant,

502 3295 786 3363 Jcbuseos,
804 3293 1013 3349 scilicet
1038 3301 1091 3349 et
1121 3300 1374 3358 caeteros,
1399 3301 1470 3355 et,
1499 3290 1752 3362 gentibus
1780 3290 1990 3359 ejectis,
2015 3291 2090 3343 di-

504 3389 623 3442 visit
649 3388 722 3441 eis
754 3386 879 3443 ﬁliis
906 3386 1074 3442 Israel
1112 3386 1278 3456 310
1311 3394 1505 3439 terram
1542 3385 1910 3452 promissionis
1940 3392 2091 3439 sorte

507 3495 604 3550 per
631 3480 826 3546 tribus,
858 3486 913 3535 et
933 3479 985 3532 in
1013 3478 1253 3546 funiculo
1277 3476 1673 3531 distributionis
1701 3491 1797 3547 per
1829 3476 2085 3532 familias.

508 3573 639 3628 Dico
666 3574 810 3642 quod
845 3578 1037 3641 gentes
1065 3568 1250 3637 ejeeit,
1298 3578 1346 3622 et
1395 3570 1452 3623 in
1498 3568 1854 3622 tabernaculis
1884 3585 2088 3635 eorum,

508 3662 560 3716 id
589 3670 673 3717 est
709 3661 763 3715 in
786 3658 1036 3715 domibus
1063 3659 1299 3728 ipsarum
1328 3657 1590 3728 gentium,
1620 3658 1741 3727 fecit
1772 3659 2088 3725 inhabitare,

511 3753 563 3806 id
597 3760 682 3809 est
710 3754 803 3808 diu
833 3767 1057 3807 manere
1086 3752 1262 3807 tribus
1290 3750 1479 3806 Israel.

580 3841 648 3896 Et
679 3843 872 3899 horum
917 3841 1100 3911 itaque
1130 3856 1384 3897 versuum
1415 3843 1803 3913 septemdecim
1855 3844 1997 3899 serie
2023 3845 2090 3899 ad

512 3933 751 3988 litteram
793 3933 1066 4003 exposita,
1100 3932 1360 4003 allegoria
1395 3933 1735 3987 ostendatur.
1785 3934 1920 3989 Dico
1947 3936 2090 4003 quod

513 4023 655 4079 Deus
690 4024 761 4079 ab
808 4022 1113 4079 inﬁdelibus
1170 4032 1226 4078 et
1280 4022 1349 4077 ab
1407 4022 1681 4078 lueretieis
1726 4025 1913 4078 avertit
1956 4026 2091 4078 iram

509 4132 686 4181 suam,
720 4116 1055 4172 recordando
1082 4117 1226 4185 quod
1254 4133 1381 4171 caro
1415 4126 1535 4170 sunt
1568 4125 1624 4171 et
1650 4117 1867 4187 spiritus
1899 4120 2093 4173 vadens

510 4214 559 4260 et
599 4221 704 4261 non
750 4205 980 4260 rediens.
1032 4204 1099 4259 Et
1148 4212 1327 4259 tamen
1376 4220 1500 4261 cum
1539 4220 1755 4261 cessare
1803 4206 2089 4275 deberent,

507 4296 753 4353 contuitu
834 4295 1221 4351 misericordia:
1271 4296 1395 4359 Dei,
1476 4296 1691 4365 quoties
1763 4298 2094 4351 cxacerliant

510 4401 633 4441 eum
671 4404 724 4440 in
755 4388 980 4451 deserto,
1028 4386 1080 4441 id
1118 4396 1202 4440 est
1248 4386 1298 4439 in
1348 4386 1604 4441 ariditale
1646 4388 1846 4451 cordis,
1884 4389 2091 4443 scilicet

2192 3198 2396 3268 losoplii
2428 3197 2606 3252 adhuc
2639 3196 2939 3251 existentes
2961 3195 3014 3247 in
3044 3192 3306 3263 Egypto,
3340 3192 3407 3247 de
3426 3189 3639 3245 diversis
3659 3202 3724 3240 er-

2192 3290 2405 3343 roribus
2437 3288 2571 3354 suis,
2604 3289 2809 3356 scripta
2852 3294 2908 3340 et
2946 3286 3112 3339 verba
3159 3284 3388 3349 faciunt,
3419 3297 3540 3352 qua:
3567 3281 3651 3334 sibi
3674 3279 3721 3329 ad

2191 3384 2384 3439 salutis
2418 3383 2770 3437 refectionem
2811 3394 2929 3435 esse
2971 3377 3222 3439 credunt,
3260 3391 3358 3446 per
3399 3389 3517 3443 qua!
3545 3381 3727 3427 exteros

2192 3476 2556 3539 interﬁciunt;
2590 3475 2684 3529 sed
2716 3474 2857 3528 Deus
2885 3470 3149 3526 convertit
3177 3468 3258 3523 eis
3310 3467 3361 3521 in
3392 3475 3608 3520 mortem
3635 3465 3721 3532 ipsa

2192 3568 2416 3638 scripta,
2447 3574 2503 3620 et
2529 3562 2690 3618 verba
2716 3578 2927 3627 eorum,
2966 3561 3174 3616 scilicet
3220 3566 3280 3612 ut
3324 3572 3429 3611 non
3458 3556 3631 3609 bibant
3656 3567 3721 3604 ea.

2192 3657 2309 3712 Non
2341 3657 2464 3711 dico
2493 3656 2713 3726 quidem
2746 3653 2888 3722 quod
2922 3668 3027 3706 non
3072 3651 3263 3704 bibant
3293 3648 3364 3703 ad
3388 3655 3632 3708 mortem;
3657 3643 3726 3696 sed

2196 3766 2299 3807 non
2332 3750 2541 3813 bibant,
2586 3748 2637 3801 id
2670 3757 2755 3801 est
2788 3760 2893 3799 non
2946 3744 3059 3799 sint
3092 3743 3173 3796 eis
3224 3741 3452 3795 refectio
3496 3734 3725 3792 salutaris.

2194 3842 2338 3912 quod
2359 3839 2672 3909 opinantur,
2702 3836 2842 3890 sicut
2868 3844 3027 3904 potus
3056 3832 3282 3887 refectio
3306 3829 3558 3886 salutaris
3580 3833 3651 3878 est
3668 3822 3728 3875 bi-

2195 3934 2413 4075 bc[lillthin
2449 4018 2712 4089 quosdam
2759 4013 2851 4084 qui
2880 4022 3007 4068 sunt
3038 4013 3090 4066 in
3120 4011 3380 4082 Egypto,
3424 4008 3581 4064 mittit
3621 4006 3729 4059 Deus

2196 4112 2559 4183 emnomyiam
2610 4118 2666 4163 et
2705 4108 2943 4163 comedit
2986 4121 3112 4170 eos,
3148 4105 3360 4159 scilicet
3410 4097 3729 4157 subtrahendo

2198 4205 2461 4260 auxilium
2496 4200 2686 4273 gratia:
2718 4214 2851 4267 sua},
2881 4197 3148 4269 permittit
3185 4198 3267 4251 eis
3305 4194 3568 4249 dominari
3595 4204 3723 4245 omne

2196 4310 2365 4367 genus
2411 4300 2754 4348 terrenorum
2784 4288 3214 4353 desideriorum;
3270 4302 3393 4356 quae
3421 4299 3514 4339 eos
3544 4280 3731 4337 interius

2196 4386 2450 4442 mordent
2496 4382 2680 4437 multis
2731 4379 3213 4443 sollicitudinibus,
3270 4377 3416 4431 sicut
3474 4370 3727 4441 cmuomyia

510 4477 639 4543 quia
671 4476 872 4531 deserti
897 4490 1049 4530 more
1076 4475 1294 4530 steriles
1323 4490 1382 4529 se
1415 4476 1620 4531 faciunt
1651 4494 1678 4531 a
1705 4477 1868 4545 bono,
1895 4487 1950 4533 et
1980 4481 2091 4534 ari-
2124 4473 2168 4532 D
2197 4479 2409 4535 mordet
2452 4474 2713 4529 exterius.
2754 4471 2905 4527 Unde
2932 4472 3060 4541 quia
3096 4471 3372 4533 mordent,
3406 4479 3627 4541 congrue
3652 4477 3726 4531 per

525 4570 626 4623 dos
660 4583 689 4620 a
727 4568 902 4639 gratia
948 4567 1244 4636 spirituali.
1277 4567 1343 4621 Et
1374 4582 1479 4622 non
1506 4584 1699 4638 parum
1735 4571 2092 4637 exaeerbant,

513 4661 607 4714 sed
641 4660 779 4713 adeo
801 4658 943 4727 quod
971 4658 1027 4711 in
1055 4659 1188 4712 iram
1220 4658 1497 4715 concitant
1517 4676 1658 4725 eum,
1694 4660 1745 4714 id
1774 4670 1857 4715 est
1888 4661 1939 4715 in
1974 4663 2094 4717 vin-

513 4752 712 4806 dictam
744 4760 943 4822 cogunt
972 4766 1096 4805 eum
1134 4758 1322 4806 contra
1357 4751 1565 4820 seipsos
1610 4754 1666 4806 in
1716 4754 1990 4823 inaquoso,
2039 4757 2093 4810 id

511 4853 599 4900 est
629 4845 682 4900 in
707 4845 960 4899 ariditate
979 4843 1176 4899 cordis.
1206 4844 1489 4898 Desertum
1520 4854 1575 4899 et
1596 4845 1918 4915 inaquosum
1948 4848 2090 4902 idem

516 4947 665 5005 sunt,
691 4947 748 4993 et
776 4953 904 4993 vere
932 4936 1210 4993 concitant
1237 4950 1361 4991 eum
1400 4937 1457 4991 in
1490 4938 1625 4992 iram
1658 4954 1755 5007 per
1778 4940 2090 4995 ariditatem

514 5046 693 5087 suam.
737 5029 872 5085 Nam
903 5038 959 5084 et
1003 5029 1252 5084 conversi
1300 5037 1427 5083 sunt
1471 5044 1503 5082 a
1545 5029 1687 5084 bono
1715 5029 1781 5083 ad
1818 5030 2016 5085 malum
2045 5042 2091 5086 et

516 5133 864 5190 tentarerunt,
892 5121 944 5176 id
974 5128 1059 5176 est
1080 5127 1291 5174 tentant
1322 5120 1489 5174 Deum
1519 5120 1751 5175 diversis
1775 5122 2089 5185 lucresibus,

519 5214 815 5268 Inesitando
830 5211 897 5265 de
913 5226 999 5275 eo,
1023 5218 1080 5266 et
1100 5209 1433 5264 exacerbant
1462 5209 1601 5264 male
1622 5212 1898 5279 operando
1924 5209 2093 5263 Sanc-

518 5314 626 5358 tum
659 5301 851 5365 Israel,
882 5303 1048 5356 Deum
1095 5300 1307 5356 scilicet
1354 5301 1446 5369 qui
1501 5299 1739 5355 Sanctus
1781 5309 2091 5353 sanctorum

516 5405 620 5463 est,
650 5404 706 5450 et
730 5394 821 5463 qui
854 5392 1161 5448 sanctiﬁcat
1182 5406 1375 5447 omnes
1408 5391 1499 5460 qui
1533 5406 1639 5446 non
1671 5390 1949 5461 neglignnt
1974 5404 2093 5445 esse

519 5488 700 5543 Israel.
731 5486 797 5541 Et
826 5500 950 5541 cum
986 5484 1247 5539 deberent
1284 5482 1558 5539 recordari
1603 5483 1789 5537 auxilii
1823 5482 1965 5552 quod
2011 5483 2091 5537 eis

519 5578 780 5649 impendit
809 5578 866 5632 in
911 5576 1206 5645 baptismo,
1245 5584 1299 5630 et
1341 5590 1438 5646 per
1466 5575 1569 5631 hoc
1606 5590 1635 5628 a
1668 5574 1813 5629 malo
1845 5589 2090 5640 cessare,

520 5690 625 5728 non
656 5671 1035 5736 recordantur,
1053 5668 1207 5724 sicut
1230 5674 1444 5724 cessent
1468 5681 1679 5733 manus,
1712 5665 1765 5720 id
1784 5674 1868 5722 est
1890 5667 2088 5721 auxilia

519 5763 657 5829 ejus,
690 5777 886 5818 manus
935 5760 1053 5817 dico
1081 5758 1198 5829 ejus
1238 5757 1434 5813 auxilia
1484 5757 1537 5812 in
1581 5758 1669 5813 die
1714 5772 1819 5828 qua
1858 5758 2088 5813 redemit

2197 4564 2557 4636 cmnomyiam
2590 4562 2951 4631 accipiuntur.
2995 4561 3060 4615 Et
3088 4561 3143 4614 in
3170 4560 3462 4629 quosdam,
3491 4556 3671 4613 scilicet
3690 4553 3728 4603 in

2195 4665 2382 4728 poetas
2423 4662 2480 4709 et
2528 4652 2832 4722 sophistas,
2876 4651 3146 4719 permittit
3183 4650 3373 4704 venire
3427 4662 3600 4701 ranam
3637 4655 3729 4711 qua!

2196 4743 2472 4811 disperdet
2520 4753 2617 4793 eos
2688 4738 2903 4792 scilicet
2931 4736 3177 4790 inutilem
3210 4734 3597 4805 garrulitatem,
3633 4740 3725 4798 qua:

2198 4852 2293 4907 per
2324 4851 2510 4891 ranam
2548 4844 2694 4890 recte
2728 4831 3064 4901 designatur,
3113 4843 3233 4898 qum
3260 4827 3482 4895 garrula
3509 4833 3611 4886 est;
3635 4835 3725 4889 qua?

2196 4925 2485 4999 garrulitas
2500 4923 2751 4993 disperdit
2775 4936 2886 4983 eos,
2906 4919 2959 4973 id
2980 4927 3063 4972 est
3079 4918 3354 4985 dispersos
3376 4915 3496 4969 facit
3523 4923 3573 4968 et
3591 4910 3731 4964 direr-

2196 5033 2307 5081 sos,
2343 5014 2554 5070 scilicet
2600 5021 2658 5066 ut
2696 5019 2868 5082 poeta:
2909 5011 3127 5078 quidem
3177 5009 3231 5062 in
3280 5006 3496 5071 fabulis,
3520 5003 3729 5073 sophista:

2197 5122 2323 5163 vero
2366 5107 2419 5161 in
2471 5101 3040 5175 argumentationibus
3110 5100 3222 5153 sint
3280 5099 3441 5153 valde
3494 5091 3728 5151 coiitrarii.

2196 5200 2262 5254 Et
2314 5200 2358 5253 si
2400 5197 2606 5253 fructus
2648 5194 2811 5263 aliqui
2845 5193 3108 5247 bonorum
3148 5206 3375 5261 operum
3408 5197 3528 5245 sunt
3558 5188 3606 5240 in
3629 5182 3720 5252 qui-

2195 5290 2420 5345 busdam
2472 5287 2817 5343 manentibus
2868 5286 2919 5337 in
2971 5282 3247 5353 .IEgypto,
3306 5298 3429 5337 cum
3484 5281 3599 5335 sine
3652 5276 3726 5328 b0-

2195 5380 2277 5433 nis
2302 5379 2460 5449 311
2489 5379 2742 5448 operibus
2768 5375 3080 5443 difﬁcillime
3112 5375 3223 5427 vita
3269 5374 3553 5445 cujuslibet
3592 5364 3730 5439 pessi-

2195 5473 2264 5526 mi
2294 5472 2621 5536 inveniatur,
2652 5470 2854 5538 frurtus
2885 5467 3003 5521 illos
3035 5468 3126 5521 dat
3162 5466 3306 5521 Deus
3336 5463 3569 5535 wrugini,
3604 5459 3648 5513 id
3668 5465 3731 5510 ρει

2193 5564 2454 5625 consumi,
2486 5572 2541 5619 et
2577 5562 2645 5616 ad
2677 5560 2952 5615 interitum
2975 5560 3096 5615 duci
3130 5559 3396 5629 permittit
3416 5559 3479 5612 ab
3509 5552 3728 5621 aerugine.

2193 5656 2400 5711 scilicet
2437 5663 2496 5708 ut
2526 5653 2651 5723 quia
2684 5667 2867 5717 aerugo
2901 5651 2981 5706 eis
3019 5651 3347 5714 dominatur,
3383 5662 3537 5705 oume
3566 5646 3729 5699 bonum

2193 5763 2328 5818 opus
2358 5747 2410 5802 in
2453 5745 2532 5802 eis
2562 5745 2910 5800 anuihilctur.
2950 5744 3007 5800 Si
3049 5743 3345 5799 secundum
3388 5742 3731 5809 Hieronymum
