3856 6322
108 351 225 411 1049

1002 346 1361 405 ΕΧΡΟΞΙΤΙΟ
1408 347 1474 402 ΙΝ
1506 349 1839 405 ΡΒΑΙΛΙΟΞ.
1871 380 1940 390 --
1963 351 2157 406 PSAL.
2186 350 2442 405 LXXVII.

3190 358 3213 413 ί
3223 358 3330 414 G50

109 466 376 537 aeruginem
414 477 511 533 pro
550 463 761 520 cauillis
803 463 1130 534 accipiamus
1165 484 1177 518 :
1220 481 1317 534 per
1360 466 1650 535 aaruginem
1682 468 1724 522 Δ
1758 465 2098 531 bulationcm,
2132 465 2183 519 id
2216 476 2301 521 est
2334 466 2502 521 multo
2547 467 2825 536 majorem,
2869 482 2916 526 et
2956 474 3329 529 immissionem

108 575 209 632 quia
234 558 460 611 latenter
500 569 725 625 serpens
758 555 1032 626 paulatim,
1070 557 1403 611 comedentlo
1443 556 1651 611 fructus

108 650 304 707 omnino
348 649 637 714 consumit,
687 648 897 702 luxuria
940 647 1276 717 intelligitur,
1321 664 1441 718 quae
1495 648 1654 719 quasi

110 742 270 797 furtim
307 741 630 805 subintrans,
663 750 717 795 et
741 740 997 811 paulatim
1034 741 1291 797 miserum
1332 757 1527 813 corpus
1562 760 1655 800 oc-

110 846 310 902 cupans,
340 830 380 884 si
408 829 549 898 quod
581 832 780 885 bonum
802 847 937 901 opus
963 832 1016 886 in
1048 846 1113 886 eo
1158 833 1247 896 sit,
1282 832 1409 888 illud
1448 849 1512 887 ex
1544 843 1656 889 toto

109 920 333 976 destruit.
359 919 485 974 Sine
527 920 777 975 castitate
819 921 986 985 enim,
1035 937 1196 976 nemo
1240 922 1349 976 Deo
1400 921 1652 992 placebit.

111 1014 218 1067 Sive
277 1012 320 1066 si
369 1012 659 1080 aeruginem
720 1014 917 1069 brucos
965 1013 1234 1081 dicamus,
1293 1015 1658 1087 intelligemus

110 1104 274 1160 eodem
300 1102 452 1158 modo
476 1103 770 1171 luxuriam,
800 1121 866 1159 eo
894 1107 1037 1175 quod
1066 1105 1264 1162 brucus
1288 1106 1499 1163 fructus
1527 1124 1656 1162 cou-

110 1202 282 1250 sumat.
321 1192 375 1246 Si
420 1206 574 1258 vero,
614 1193 769 1262 juxta
819 1196 1197 1267 Augustinum,
1231 1212 1414 1269 aerugo
1457 1214 1658 1255 nocens

111 1282 277 1338 nebula
309 1291 361 1336 et
419 1284 630 1339 occulta
679 1284 910 1354 dicatur,
965 1300 1084 1357 quae
1138 1286 1345 1343 fructus
1396 1297 1551 1344 occat
1604 1299 1659 1344 et

110 1374 337 1438 absumit,
364 1389 461 1444 per
501 1376 796 1447 arruginem
830 1379 1061 1448 superba
1102 1378 1154 1432 in
1188 1388 1368 1433 mente
1406 1380 1658 1450 gloriatio

110 1465 163 1519 de
186 1464 409 1520 bonitate
452 1466 736 1535 accipitur,
766 1483 887 1537 quae
924 1469 1151 1524 virtutes
1180 1479 1233 1525 et
1279 1472 1476 1525 bonum
1522 1488 1657 1543 opus

62 1622 71 1625 4
109 1569 245 1608 omne
262 1553 505 1610 sufl'ocat.
533 1556 599 1608 Et
624 1556 827 1611 labores
854 1575 1033 1612 eorum
1055 1559 1194 1613 dedit
1227 1560 1465 1627 locustm,
1499 1562 1657 1618 idest

112 1646 227 1700 bona
253 1659 409 1715 opera
440 1648 779 1714 quorundam
810 1648 863 1701 in
893 1648 1128 1721 [Egypto
1171 1650 1503 1706 infidelitatis
1544 1652 1660 1707 exi-

111 1736 367 1799 stentium;
402 1735 452 1789 iu
484 1737 680 1804 quibus
705 1737 1085 1794 laboraverunt
1116 1741 1378 1809 permittit
1407 1741 1473 1795 ad
1510 1742 1654 1795 nihi-

112 1826 202 1881 lum
230 1827 412 1896 redigi,
458 1843 554 1897 per
604 1831 960 1884 temeritatem
1005 1831 1084 1885 eis
1130 1832 1496 1885 dominantem
1534 1846 1654 1901 qum

112 1930 190 1984 per
215 1916 443 1971 locustas
470 1918 808 1987 intelligitur,
849 1935 914 1974 eo
955 1921 1099 1990 quod
1141 1929 1344 1976 temere
1375 1921 1651 1985 incedunt,

114 2023 199 2061 non
236 2006 487 2062 habentes
517 2009 707 2065 ducem
746 2021 803 2063 ut
823 2026 1048 2066 examen
1078 2027 1260 2081 apum.
1296 2013 1361 2066 Et
1393 2013 1655 2083 percussit

112 2102 154 2153 in
180 2102 421 2171 grandine
448 2104 624 2157 vineas
659 2120 859 2169 eorum,
906 2105 1249 2161 intransitive
1298 2106 1499 2160 dictum
1549 2115 1651 2161 est.

112 2192 174 2246 Ac
213 2193 253 2245 si
296 2202 494 2262 ponat:
543 2194 815 2262 Quosdam
846 2197 898 2251 in
936 2196 1170 2270 ZEgypto
1216 2207 1515 2263 manentes,
1563 2199 1653 2268 qui

113 2283 255 2337 vinea:
279 2298 400 2338 esse
429 2284 708 2353 deberent,
751 2286 1013 2342 fruetiferi
1064 2288 1269 2343 scilicet
1308 2288 1361 2342 in
1398 2287 1655 2357 operibus

113 2374 262 2439 bouis,
284 2375 421 2430 sicut
443 2378 633 2444 vincar,
671 2379 725 2432 in
763 2380 883 2435 uvis
910 2379 1168 2449 permittit
1201 2381 1403 2450 percuti
1437 2395 1465 2433 a
1490 2395 1652 2449 grau-

113 2467 235 2530 dine,
264 2475 314 2522 et
358 2484 547 2525 eorum
581 2471 789 2526 fructus
829 2471 1052 2536 destrui,
1092 2472 1343 2528 videlicet
1392 2490 1420 2528 a
1462 2475 1656 2544 despe-

115 2556 293 2610 ratione
333 2567 660 2615 aaternorum
704 2562 991 2627 bonorum,
1046 2580 1165 2633 quze
1197 2579 1290 2632 per
1340 2565 1655 2634 grandinem

113 2646 466 2703 convenienter
504 2650 788 2719 accipitur.
820 2652 1041 2707 Grando
1078 2654 1330 2715 nimirum
1372 2664 1455 2710 est
1516 2671 1675 2726 aqua

114 2750 211 2803 qua:
235 2737 281 2791 in
319 2740 551 2796 nubibus
580 2743 701 2797 ειειί
727 2744 1059 2815 congelatur.
1105 2744 1259 2801 Unde
1295 2762 1426 2802 sane
1466 2748 1657 2818 despe-

115 2827 230 2882 ratio
252 2828 446 2884 dicitur
470 2834 697 2902 grando.
732 2833 874 2888 Nihil
904 2835 1047 2890 enim
1075 2836 1219 2891 aliud
1246 2845 1330 2891 est
1352 2837 1657 2907 desperatio

114 2934 249 2986 quam
278 2921 540 2977 bonorum
564 2924 865 2981 cmlestium
904 2927 1018 2996 spei
1041 2928 1363 2999 congelatio.
1396 2929 1496 2995 Qui
1530 2944 1658 2985 vero

113 3010 350 3080 desperat,
380 3014 643 3068 inutiliter
670 3015 871 3085 aliquid
901 3018 1025 3073 boni
1054 3028 1328 3087 operatur.
1374 3018 1440 3073 Et
1484 3037 1656 3076 moros

113 3121 261 3158 eorum
298 3107 560 3175 permittit
604 3109 809 3178 percuti
843 3110 896 3163 in
931 3111 1144 3179 pruina,
1192 3111 1244 3165 id
1269 3120 1352 3166 est
1397 3114 1654 3182 quosdam

111 3196 188 3262 qui
228 3196 486 3252 fructiferi
527 3212 648 3254 esse
681 3200 942 3254 deberent
986 3199 1039 3253 in
1082 3200 1238 3255 bonis
1272 3203 1544 3271 operibus,
1592 3205 1658 3257 ad

112 3284 486 3341 similitudinem
518 3303 793 3343 mororum
824 3304 943 3358 qua:
970 3290 1263 3345 fructiferae
1293 3305 1418 3346 sunt
1441 3296 1660 3363 permit-

114 3374 165 3427 tit
187 3376 277 3440 uri,
306 3386 358 3431 et
394 3393 582 3432 eorum
613 3379 750 3434 bona
795 3395 958 3450 opera
991 3384 1259 3448 consumi,
1292 3385 1335 3439 si
1382 3400 1485 3453 qua
1533 3396 1660 3441 sunt

116 3465 171 3517 ah
211 3468 327 3522 odio
370 3478 560 3524 contra
602 3471 929 3539 proximum,
974 3475 1116 3542 quod
1163 3474 1338 3528 aufert
1379 3476 1659 3531 charitatis

112 3552 343 3619 ardorem,
371 3559 513 3615 sicut
537 3561 726 3628 pruina
751 3577 907 3617 mane
927 3578 1087 3633 quam
1112 3566 1269 3636 vulgo
1290 3567 1499 3636 [rimam
1525 3569 1660 3624 dici-

113 3659 228 3709 mus,
274 3649 452 3704 aufert
488 3651 619 3706 solis
660 3650 952 3708 fervorem.
1011 3653 1242 3725 ideoque
1291 3659 1469 3712 odimn
1515 3670 1659 3716 recte

112 3738 272 3804 pruina
301 3740 519 3796 dicitur.
553 3743 704 3799 Unde
726 3744 963 3801 Joannes
1002 3748 1169 3803 dicit:
1211 3769 1229 3800 ι
1260 3751 1360 3817 Qui
1388 3751 1503 3808 odit
1549 3753 1658 3808 fra-

112 3834 225 3882 trem
251 3845 424 3900 suum,
454 3833 722 3890 homicida
751 3845 852 3891 est.
886 3838 952 3892 Et
973 3839 1175 3895 scimus
1202 3847 1455 3910 quoniam
1480 3847 1659 3901 omnis

113 3918 347 3979 homicida
375 3940 484 3980 non
515 3926 676 3982 habet
705 3928 870 3982 vitam
898 3929 950 3983 in
1001 3946 1058 3986 se
1088 3944 1396 3989 manentem
1423 3935 1472 4007 (I
1494 3937 1654 3992 Joan.

111 4023 178 4075 ιιι,
209 4012 308 4082 t5.)
339 4034 358 4067 ι

171 4099 227 4153 Et
257 4105 471 4158 tradidit
484 4107 727 4176 jumenta
754 4125 931 4163 eorum
959 4111 1227 4181 grandini,
1258 4112 1308 4166 id
1338 4123 1422 4167 est
1446 4115 1658 4169 destru-

112 4192 272 4259 ctioni,
311 4212 430 4266 qua:
458 4213 553 4267 per
583 4197 900 4269 grandinem
929 4201 1210 4271 accipitur,
1235 4217 1300 4256 eo
1327 4204 1470 4271 quod
1497 4220 1657 4274 gran-

110 4281 167 4336 do
190 4298 382 4342 messes
420 4298 477 4343 et
506 4288 714 4344 fructus
740 4291 1047 4358 quassando
1077 4292 1325 4346 destruit.
1354 4294 1419 4346 Et
1449 4294 1549 4348 hoc
1574 4305 1659 4350 est

111 4372 428 4435 intransitive
452 4381 707 4450 positum,
739 4398 803 4437 ac
825 4383 870 4438 si
898 4383 1105 4438 diceret
1134 4402 1145 4436 :
1182 4384 1453 4451 Quosdam
1481 4387 1547 4441 de
1576 4388 1658 4442 his

1756 556 1901 627 hanc.
1924 556 2173 611 vindicta:
2198 573 2290 627 per
2317 556 2527 626 angelos
2555 559 2741 623 malos,
2772 560 2821 613 id
2847 570 2931 616 est
2975 579 3068 632 per
3095 563 3329 619 ollicium

1754 648 2091 704 diaholorum
2134 658 2409 720 operatur.
2455 650 2685 722 Exponit
2724 662 2901 706 autem
2940 670 3034 722 per
3079 658 3332 711 similitu-

1754 737 1933 793 dinem
1957 740 2204 794 ordinem
2222 740 2488 806 vindictte,
2520 756 2641 797 cum
2670 742 2909 813 adiungit
2938 762 2950 796 :
2979 744 3079 798 Per
3102 762 3331 815 quorum

1756 826 2067 896 angelorum
2095 825 2351 890 officium,
2385 828 2541 894 riam,
2579 828 2633 883 id
2660 839 2744 884 est
2772 830 3180 900 amplitudinem
3209 833 3332 900 facit

1754 918 1952 973 semita:
1996 919 2091 973 ira:
2126 935 2255 986 sure,
2283 918 2333 972 id
2365 930 2447 975 est
2472 922 2727 990 parvitati
2752 922 3003 977 vindictze
3026 938 3157 977 suae.
3183 922 3336 989 Quod

1755 1016 1839 1061 est
1864 1007 2043 1063 dicere
2069 1026 2081 1064 :
2112 1007 2245 1064 Cum
2283 1010 2430 1077 prius
2466 1009 2704 1066 vindicta
2752 1011 2819 1067 ad
2864 1012 3082 1067 modum
3132 1012 3339 1067 semita:

1758 1113 1923 1167 parva
1954 1100 2025 1155 sit
2071 1108 2123 1154 et
2161 1101 2368 1165 stricta,
2417 1101 2531 1172 ipse
2566 1117 2663 1171 per
2707 1104 3017 1173 angelorum
3071 1103 3335 1157 malorum

1756 1191 1992 1247 officium
2073 1208 2324 1265 magnam
2394 1205 2450 1249 et
2526 1193 2759 1265 amplam
2840 1210 2960 1249 eam
3031 1195 3179 1251 facit.
3272 1194 3339 1248 Et

1760 1288 1994 1342 ostendit
2048 1288 2317 1358 quomodo
2368 1289 2519 1359 prius
2558 1289 2746 1345 semita
2799 1290 2891 1355 sit,
2934 1305 3057 1344 cum
3122 1289 3269 1343 addit
3316 1305 3330 1343 :

1759 1373 1898 1430 Vere
1927 1378 2074 1445 prius
2104 1377 2294 1432 semita
2330 1386 2443 1439 est;
2472 1393 2595 1431 nam
2634 1378 2783 1448 prius
2826 1395 2927 1431 non
2966 1378 3135 1447 parcit
3173 1377 3271 1439 eis,
3304 1392 3337 1430 (ι

1758 1479 1923 1521 morte
1950 1469 2246 1521 animarum
2268 1485 2474 1527 earnm.
2500 1468 2778 1523 liberando
2799 1483 2911 1523 eos.
2939 1467 3037 1522 llic
3055 1482 3153 1536 per
3172 1466 3338 1537 lypta.

1761 1566 1847 1612 ten
1884 1558 2199 1627 intelligitur
2243 1559 2386 1628 quod
2419 1560 2568 1628 prius
2596 1559 2851 1614 interficit
2880 1573 2974 1613 cos
3021 1558 3249 1613 interius
3284 1558 3335 1611 in

1759 1648 2041 1703 animabus
2065 1650 2408 1705 excaecando.
2440 1649 2686 1705 Ostendit
2718 1649 2879 1721 312
2910 1649 3071 1704 etiam
3101 1662 3329 1719 quomo-

1761 1740 1828 1793 do
1871 1740 2163 1796 vindictam
2197 1741 2428 1810 amplam
2472 1740 2635 1795 faciat
2666 1749 2725 1794 ut
2767 1741 2936 1805 viam,
2980 1755 3102 1794 cum
3144 1738 3331 1792 addit:

1690 1808 1730 1862 Β
1758 1830 1824 1884 Et
1850 1842 2132 1901 postquam
2173 1834 2227 1887 in
2259 1808 2545 1888 animabus
2577 1832 2843 1887 interfecti
2871 1841 3016 1897 sunt,
3050 1831 3334 1897 concludit,

1757 1923 1808 1977 id
1834 1931 1917 1977 est
1951 1923 2067 1977 finit
2112 1924 2165 1977 in
2193 1933 2357 1977 morte
2381 1923 2647 1992 corporali
2668 1923 2911 1993 jumenta
2935 1936 3143 1989 eorum,
3174 1921 3225 1975 id
3256 1933 3338 1977 est

1757 2014 1901 2083 ipsos
1948 2013 2229 2084 Aigyptios
2270 2011 2518 2081 jumenta
2577 2014 2874 2067 existentes
2939 2011 3337 2065 irrationabiles

1756 2104 1965 2158 scilicet
1989 2102 2337 2171 utjumenla.
2376 2103 2471 2158 Vel
2510 2103 2632 2158 sic:
2686 2103 2816 2158 Dico
2859 2101 2999 2172 quod
3042 2103 3179 2156 viam
3217 2102 3337 2169 fecit

1755 2195 1951 2249 semita:
1997 2196 2092 2249 ira:
2133 2212 2262 2259 sure,
2319 2204 2374 2250 et
2424 2195 2525 2251 hoc
2565 2194 2724 2250 modo
2769 2195 2983 2265 quidem
3038 2193 3164 2248 facit
3202 2192 3339 2247 iram

1756 2284 1988 2352 amplam
2036 2292 2095 2338 ut
2140 2283 2301 2348 viam,
2335 2299 2455 2354 qua:
2491 2284 2640 2354 prius
2688 2284 2875 2338 stricta
2899 2292 2984 2337 cst
3024 2291 3083 2336 ut
3119 2282 3337 2337 semita.

1759 2376 1891 2429 Nam
1924 2389 2028 2429 non
2056 2375 2232 2445 parcit
2260 2375 2361 2441 eis,
2389 2383 2448 2429 ut
2474 2389 2503 2428 a
2534 2384 2709 2429 morte
2736 2373 3038 2428 animarum
3080 2388 3174 2428 eos
3203 2372 3339 2426 libeo

1762 2477 1860 2527 ret.
1893 2467 1987 2522 sed
2018 2467 2273 2522 interficit
2311 2481 2405 2522 eos
2437 2468 2490 2521 in
2526 2466 2709 2521 anima
2745 2466 3087 2529 excaecando,
3128 2470 3184 2519 et
3219 2465 3339 2519 finit

1759 2558 1811 2611 in
1842 2568 2027 2622 morte,
2075 2556 2129 2612 id
2171 2566 2255 2613 est
2301 2556 2558 2612 interﬁcit
2595 2556 2835 2625 jumenta
2888 2571 3089 2619 eorum,
3124 2553 3335 2609 scilicet

1759 2648 2226 2703 mansuetudinem
2271 2657 2326 2704 et
2360 2657 2587 2704 caeteras
2618 2647 2865 2712 virtutes,
2901 2646 2947 2699 si
2993 2660 3113 2714 quae
3153 2644 3205 2698 in
3256 2644 3338 2699 eis

1759 2749 1903 2807 sunt,
1932 2755 2029 2810 per
2062 2738 2612 2810 superabundantiam
2641 2738 2894 2792 vitiorum
2925 2754 2939 2791 :
2964 2752 3081 2807 quae
3110 2737 3339 2791 virtutes

1761 2847 1856 2900 per
1884 2832 2129 2901 jumenta
2158 2831 2530 2902 designantur,
2554 2845 2620 2885 eo
2646 2831 2789 2900 quod
2819 2840 3099 2884 mansueta
3127 2829 3340 2882 anima-

1761 2923 1829 2976 lia
1885 2930 2033 2987 sunt,
2077 2930 2131 2975 et
2182 2936 2300 2990 qua:
2351 2921 2718 2975 sustentacula
2762 2929 2888 2974 sunt
2932 2918 3231 2983 hominum,
3281 2926 3340 2971 ut

1764 3015 2020 3069 iumenta.
2048 3014 2112 3068 Et
2144 3028 2246 3068 non
2277 3014 2617 3067 solummodo
2645 3011 2906 3083 ignobiles
2938 3010 3213 3075 interficit,
3244 3011 3339 3064 sed

1760 3112 1813 3158 et
1834 3102 2050 3171 percutit
2079 3111 2251 3157 morte
2271 3118 2418 3156 omne
2447 3102 2849 3171 primogenitum
2864 3100 2917 3153 in
2933 3109 3073 3154 terra
3098 3097 3332 3168 zEgypti,

1763 3194 1813 3247 id
1842 3201 1925 3249 est
1953 3207 2140 3248 omnes
2170 3192 2286 3248 illos
2313 3193 2402 3261 qui
2431 3201 2558 3247 sunt
2583 3192 2854 3262 digniores
2880 3200 2935 3246 et
2990 3190 3243 3260 przecipni
3282 3191 3333 3243 in

1765 3301 1973 3346 terrena
2009 3289 2261 3361 Egypto.
2308 3288 2726 3360 Primogenitutn
2764 3302 2861 3359 pro
2898 3287 3125 3358 diguiori
3166 3285 3337 3356 ponit,

1761 3397 1825 3435 eo
1850 3381 1991 3450 quod
2023 3380 2377 3451 primogenita
2403 3394 2523 3433 esse
2547 3376 2758 3433 soleant
2784 3376 3048 3447 digniora.

1755 3506 1760 3529 τ
1832 3474 1897 3527 Ει
1926 3483 2084 3529 antea
2110 3487 2269 3542 quam
2292 3472 2565 3542 digniores
2582 3478 2755 3524 morte
2780 3469 3023 3539 corporis
3047 3467 3336 3537 percutiat,

1762 3581 1830 3621 ne
1865 3564 2066 3635 aliquid
2097 3566 2222 3621 boni
2263 3566 2332 3620 sit
2362 3564 2414 3618 in
2441 3564 2541 3628 eis,
2583 3561 2725 3632 quod
2766 3561 2957 3616 salutis
3004 3574 3124 3615 esse
3175 3574 3338 3614 causa

1762 3657 1950 3727 ροεείι,
1984 3656 2212 3711 destruit
2239 3655 2498 3724 primitias
2528 3653 2694 3707 omnis
2730 3652 2925 3705 laboris
2948 3666 3149 3715 eorum,
3177 3650 3229 3703 id
3254 3657 3342 3703 est

1762 3750 2022 3821 permittit
2049 3749 2333 3803 annihilari
2360 3764 2454 3818 per
2476 3745 3023 3818 superabundantiam
3047 3745 3337 3809 malorutn,

1760 3842 1941 3897 omnia
1974 3840 2239 3909 praecipua
2273 3848 2326 3893 et
2350 3839 2490 3893 bona
2533 3853 2694 3906 opera
2725 3838 2776 3891 in
2830 3838 3027 3906 quibus
3060 3835 3341 3889 laborave-

1763 3942 1907 3999 runt,
1939 3934 1992 3985 ia
2028 3929 2376 3984 taternaculis
2403 3930 2587 3992 Cham,
2615 3929 2666 3982 id
2696 3939 2777 3983 est
2815 3927 3253 3998 inprimogcnitis
3282 3927 3338 3979 in

1761 4032 1899 4076 terra
1946 4020 2164 4089 ίιίθῃριὶ
2213 4019 2304 4088 qui
2348 4028 2472 4074 sunt
2518 4018 2863 4073 tabernacula
2912 4016 3102 4080 Cham,
3158 4015 3208 4069 id
3255 4024 3341 4069 est

1762 4114 2063 4168 habitacula
2087 4112 2264 4166 callidi
2296 4112 2466 4167 hostis
2487 4111 2703 4175 diaboli,
2729 4111 2819 4181 qui
2844 4108 3147 4177 emphatice
3167 4106 3337 4161 Cbam

1760 4209 1978 4272 dicitur,
2002 4208 2052 4263 id
2099 4219 2181 4263 est
2217 4206 2502 4262 calliditas.
2548 4205 2616 4258 Et
2644 4205 2712 4259 ab
2753 4205 3002 4258 omnibus
3046 4202 3129 4256 his
3166 4200 3341 4254 vindi-

1761 4299 1880 4361 ctis,
1923 4298 2093 4367 aufert
2132 4297 2266 4351 Deus
2304 4295 2553 4366 populum
2600 4311 2756 4347 suum
2799 4294 2888 4363 qui
2926 4291 3140 4361 reliquit
3171 4289 3339 4359 (Egy-

1760 4401 1932 4460 ptum,
1964 4391 2095 4443 sicut
2126 4405 2240 4443 ores
2264 4403 2412 4452 snas,
2442 4388 2492 4440 id
2528 4395 2610 4441 est
2656 4396 2843 4455 utpote
2876 4385 2994 4440 illos
3034 4385 3101 4439 de
3140 4383 3338 4454 quibus

111 4468 184 4535 qui
213 4469 259 4523 in
306 4470 539 4542 Aigypto
579 4483 727 4539 sunt,
760 4490 824 4529 ex
874 4484 984 4530 toto
1015 4477 1268 4541 destruit,
1309 4478 1399 4545 qui
1443 4479 1658 4535 irratio-
1692 4491 1734 4543 1)
1763 4482 1923 4535 habet
1956 4495 2140 4534 curam
2172 4479 2312 4534 sicut
2338 4487 2520 4548 pastor
2544 4478 2608 4533 de
2644 4478 2852 4531 ovibus.
2887 4477 2951 4530 Et
2977 4475 3235 4545 quosdam
3270 4475 3341 4529 de

111 4560 332 4617 uabiliter
355 4578 414 4619 se
441 4565 658 4630 habent,
681 4578 736 4621 et
762 4568 923 4624 nimis
945 4569 1275 4639 voluptuose,
1307 4581 1364 4624 ut
1392 4570 1655 4641 jumenta.

111 4646 164 4700 Et
197 4656 560 4720 possessionem
605 4660 967 4726 quorundam,
1008 4677 1208 4726 eorum,
1261 4663 1465 4718 scilicet
1494 4678 1656 4733 opera

110 4737 226 4795 bona
251 4757 365 4811 qua:
388 4745 487 4814 ipsi
515 4747 811 4816 possident,
837 4751 997 4804 tradit
1022 4751 1129 4820 igni
1154 4751 1218 4806 ad
1246 4750 1654 4817 destruendum,

110 4830 152 4885 id
178 4842 252 4887 est
272 4840 530 4905 permittit
552 4841 840 4895 annihilari
868 4858 963 4912 per
993 4844 1215 4897 nimium
1246 4844 1340 4899 ira:
1363 4843 1652 4909 fervorem,

108 4936 207 4989 qna:
236 4927 311 4982 eis
353 4931 571 4987 assidue
617 4932 947 4987 dominatur.
989 4935 1120 4988 Dico
1148 4935 1290 5004 quod
1325 4934 1392 4989 de
1431 4934 1654 5004 quibus‘

109 5014 209 5069 dam
237 5018 371 5074 hanc
399 5022 690 5077 vindictam
734 5025 957 5093 accipit,
989 5033 1047 5079 ut
1090 5026 1171 5081 eis
1212 5026 1293 5081 ira
1322 5026 1650 5091 dominetur,

108 5115 150 5157 et
174 5107 220 5160 in
263 5112 520 5179 quosdam
555 5115 754 5170 emittit
802 5118 1116 5187 terugiuem,
1162 5126 1216 5172 et
1259 5127 1483 5174 caeteros
1532 5119 1653 5173 aliis

109 5201 278 5266 modis,
324 5213 383 5258 ιιι
425 5208 780 5278 ostendimus,
832 5212 1008 5281 punit.
1062 5212 1127 5266 Et
1174 5221 1233 5267 ut
1274 5212 1653 5267 universaliter

106 5288 295 5350 dicam:
322 5296 379 5351 In
403 5313 495 5354 eos
536 5314 724 5356 omnes
753 5304 842 5372 qui
874 5304 1162 5375 {Egyplttm
1212 5304 1513 5374 relinquere
1555 5320 1651 5360 no-

108 5377 224 5449 lunt,
255 5389 409 5443 mittit
459 5391 599 5447 Dens
644 5393 799 5462 iram,
836 5395 890 5450 id
939 5406 1020 5451 est
1056 5411 1304 5467 magnam
1359 5396 1650 5452 vindictam

104 5468 448 5542 indignationis
468 5498 602 5545 sua,
618 5497 798 5552 parva:
821 5484 1069 5541 vindicta:
1090 5499 1199 5541 suae
1223 5486 1646 5542 subsecutivam.

105 5560 200 5620 lloc
225 5579 402 5625 autem
428 5587 495 5627 ne
520 5574 766 5630 videatur
800 5577 1138 5633 intransitive
1176 5578 1399 5646 dictum,
1429 5580 1650 5650 exponit

104 5672 206 5713 cum
233 5663 399 5731 addit,
429 5667 633 5724 scilicet
656 5669 1065 5739 indignationem
1087 5671 1240 5725 mittit
1266 5671 1319 5724 in
1350 5688 1458 5738 eos,
1485 5673 1537 5728 id
1563 5682 1647 5728 εει

104 5764 299 5810 oarvam
334 5759 643 5827 vindictam,
673 5771 717 5816 et
748 5763 904 5828 iram,
939 5762 988 5817 id
1028 5771 1110 5819 εει
1146 5762 1426 5831 majorem,
1463 5775 1509 5819 et
1551 5766 1643 5820 tri-

1762 4570 1956 4640 populo
1988 4583 2107 4633 suo,
2133 4568 2222 4637 qui
2254 4568 2379 4623 licet
2405 4568 2610 4637 egressi
2642 4567 2957 4639 deAZgypto
2982 4566 3334 4629 infidelitatis,

1761 4660 1998 4715 nondum
2030 4668 2207 4714 tamen
2233 4668 2596 4728 pervenerunt
2623 4659 2687 4711 ad
2710 4674 2857 4713 mare
2880 4658 3145 4722 Rubrum,
3172 4658 3225 4712 id
3254 4666 3340 4711 est

1760 4754 1825 4809 ad
1871 4752 2098 4824 gratiam
2146 4751 2422 4821 baptismi,
2471 4754 2567 4805 sed
2621 4752 2797 4806 adhuc
2843 4761 2971 4807 sunt
3015 4751 3068 4805 in
3122 4751 3338 4807 deserto

1758 4846 1901 4917 quod
1944 4854 2025 4900 est
2065 4846 2203 4899 inter
2249 4843 2539 4915 .Egyptum
2574 4854 2628 4898 et
2675 4860 2825 4901 mare
2874 4845 3142 4909 Rubrum,
3172 4844 3222 4898 id
3254 4852 3337 4898 εει

1757 4952 1877 4991 cum
1906 4936 2297 4999 tantmnmodo,
2328 4945 2379 4989 ut
2410 4936 2787 4992 cateclinmeni
2824 4939 3068 4995 notitiam
3097 4938 3337 4994 habeant

1758 5029 1900 5092 fidei,
1931 5036 1986 5083 et
2015 5029 2190 5082 adhuc
2228 5029 2337 5082 sint
2370 5028 2419 5082 in
2463 5029 2747 5085 sterilitate
2781 5031 3044 5085 benorum
3081 5046 3330 5101 operum,

1754 5136 1983 5190 quorum
2016 5120 2193 5174 nullus
2242 5128 2418 5189 potest
2468 5121 2670 5190 aliquid
2704 5123 2806 5177 nisi
2849 5131 2967 5193 post
3002 5123 3327 5191 baptismum

1754 5214 1997 5283 adipisci,
2025 5212 2170 5267 ducit
2210 5228 2305 5283 per
2345 5213 2615 5268 desertum
2651 5215 2714 5268 ad
2750 5229 2901 5270 mare
2947 5214 3210 5279 Rubrum,
3261 5231 3329 5269 ne

1756 5304 1979 5358 redeant
2010 5303 2072 5358 ad
2104 5303 2392 5375 Egyptum,
2434 5314 2683 5375 tanquam
2720 5321 2921 5374 gregem
2952 5319 3129 5369 suum,
3154 5305 3203 5359 id
3250 5315 3334 5358 est

1754 5404 1938 5465 utpote
1984 5396 2104 5451 illos
2136 5397 2226 5465 qui
2248 5395 2360 5464 jam
2406 5412 2537 5467 grex
2576 5395 2691 5465 ejus
2730 5411 2825 5464 per
2876 5396 3031 5449 fidem
3072 5396 3330 5449 existunt.

1755 5488 1818 5542 Et
1844 5488 2062 5542 adducit
2084 5502 2176 5541 eos
2201 5488 2266 5541 de
2294 5489 2508 5541 deserto
2542 5486 2844 5541 sterilitatis
2879 5487 2945 5540 ad
2981 5486 3327 5554 baptismum,

1751 5582 1803 5635 in
1826 5598 1913 5649 spe
1931 5580 2241 5636 salvationis
2275 5579 2496 5649 positos.
2522 5579 2586 5633 Et
2608 5591 2789 5649 postea
2824 5596 2926 5635 non
2969 5580 3159 5634 timent
3190 5577 3330 5632 Pha-

1752 5689 1987 5738 raonem,
2006 5673 2055 5728 id
2078 5681 2160 5727 est
2183 5672 2541 5739 diabolum,'et
2566 5672 2809 5728 inimicos
2827 5689 3034 5737 eorum,
3051 5673 3100 5727 id
3113 5680 3195 5727 est
3211 5686 3333 5741 pec-

1748 5774 1926 5823 catum
1947 5763 2230 5836 originale,
2247 5770 2300 5818 et
2320 5764 2548 5819 actualia
2577 5781 2695 5836 qtae
2717 5766 3133 5835 cgeruut,opcrit
3152 5781 3320 5820 mare.
