3840 6338
520 349 646 408 tom
1097 348 1154 404 s.
1200 348 1545 406 BttUNO-NIS
1583 343 2225 404 cauruusrmonuu
2262 342 2743 400 INSTITUTORIS
2782 342 2932 398 oro.
2969 342 3149 399 rans
3174 344 3214 397 ι.
3635 352 3747 411 1052

513 461 567 516 id
591 470 674 516 est
702 460 929 515 destruit
957 460 1293 531 baptismum.
1326 461 1387 514 Et
1413 459 2094 530 postiiaplismttt-ttindttcil
2128 466 2170 524 Α
2203 454 2461 509 mittendo
2485 469 2549 510 ex
2583 463 2693 510 toto
2720 455 3055 511 defecerunt.
3097 457 3251 523 Quod
3276 458 3410 514 dicit
3437 477 3449 512 :
3482 480 3580 517 non
3600 478 3745 522 εαιιο.

511 556 663 609 eosin
684 566 905 609 utentem
924 555 1353 622 sunciﬁcationis
1373 572 1499 617 sure,
1518 555 1568 608 id
1591 564 1674 609 est
1697 555 1746 607 in
1776 554 2097 620 Et-c'esiam,
2198 547 2405 600 dierum
2437 547 2731 600 ῑεδιίηιοηὶα
2769 548 2885 617 εἰπε
2914 565 2933 612 ἱ
2962 558 3010 603 ει
3046 560 3339 611 «reﬂerqu
3372 569 3444 616 ω,
3474 554 3605 610 idem
3640 571 3741 623 est;

515 658 572 700 ut
604 646 712 701 sint
734 646 850 715 ejus
883 647 1177 715 tilii.quam
1204 647 1313 715 ipse
1342 646 1729 701 sanctificando
1754 645 2094 700 excelsamin
2197 636 2290 691 80d
2317 637 2382 690 ad
2416 636 2688 691 CU'IlUlUm
2734 637 2969 695 miseriae
3002 654 3190 694 eorum
3222 641 3473 698 inculcat.
3513 645 3611 701 Sed
3640 666 3743 705 cum

510 741 805 795 virtutibus
830 741 957 794 l'ccit
982 741 1046 793 ad
1073 740 1284 794 modum
1323 740 1540 794 montis.
1577 739 1830 803 Montem,
1875 739 2094 807 inquam
2197 729 2328 783 diCit
2358 746 2371 782 ε
2401 727 2523 782 Νοη
2548 740 2875 783 servaverunt
2897 741 3130 799 pactum,
3160 734 3403 789 ostendit
3427 750 3518 791 eos
3538 737 3629 793 hoc
3646 755 3746 808 pro-

510 848 663 899 quem
717 832 987 901 acquisivit
1037 840 1209 885 morte
1252 846 1371 895 sua,
1400 831 1613 884 dextera
1648 831 1784 899 ejus,
1809 830 1858 883 id
1894 840 1975 885 est
2006 830 2094 883 Fi-
2195 818 2408 874 miSisse
2438 835 2452 883 ἲ
2487 828 2543 873 0'-
2592 819 2643 872 Ῐη
2685 819 2788 874 hoc
2804 821 3039 907 βτίινίυε
3081 830 3233 877 “mal
3259 839 3424 893 (illam
3452 825 3497 879 Si
3519 841 3616 881 ηοιι
3638 845 3743 898 pro-

512 923 615 976 lius
644 922 778 988 ejus.
829 922 932 978 Per
956 924 1055 979 hoc
1096 932 1275 977 autem
1309 936 1407 978 nos
1451 923 1715 978 obnoxios
1748 923 1854 976 Deo
1896 923 2089 988 reddit,
2196 909 2488 965 ηὶίδίδεθηι·
2520 909 2585 964 Ei
2630 925 2753 965 cum
2786 910 2917 966 die“
2971 927 3266 970 conversos
3323 929 3447 970 esse
3496 917 3548 969 in
3593 934 3745 975 arcum

512 1017 945 1085 quandoquidem
983 1024 1155 1070 morte
1192 1032 1287 1070 sua
1336 1031 1435 1071 nos
1464 1015 1771 1085 acquisivit.
1821 1014 1910 1070 Vel
1939 1031 2028 1085 qut

2230 1016 2427 1064 ravum,
2458 1000 2525 1055 ad
2574 1000 2980 1057 similitudinem
3040 1013 3255 1074 patrum
3303 1006 3480 1061 innuit
3508 1023 3595 1063 eos
3628 1010 3745 1067 ince-

508 1110 785 1179 acquisivit
831 1110 1064 1172 dextera,
1095 1108 1144 1162 id
1177 1117 1260 1163 est
1308 1108 1548 1178 potentia
1594 1108 1830 1163 dexterae
1860 1107 1996 1176 ejus.

2232 1092 2428 1159 isse,et
2464 1092 2530 1147 ad
2575 1092 2983 1149 similitudinem
3036 1105 3251 1165 patrum
3294 1097 3573 1155 defecisse.
3618 1100 3743 1168 Quod

510 1207 565 1251 ut
598 1214 786 1253 secure
817 1198 867 1250 in
897 1207 1077 1251 monte
1115 1197 1375 1260 habitent,
1422 1206 1476 1249 ct
1506 1197 1622 1250 sine
1663 1196 2088 1265 perturbatione,
2192 1182 2409 1249 gl‘m'il's
2454 1190 2537 1237 εει
2590 1198 2750 1253 quam
2805 1199 2911 1240 "0“
2962 1186 3220 1256 Ῐηείρθΐθ·
3275 1188 3343 1243 El-
3395 1193 3745 1248 οοηίίιαωηηι

510 1287 657 1353 ejccit
680 1304 711 1340 a
736 1286 869 1354 facie
916 1304 1093 1340 eorum
1137 1298 1331 1357 gentes,
1363 1288 1413 1340 id
1458 1296 1540 1341 est
1571 1286 1814 1356 propellit
1844 1287 1973 1342 vitia
2021 1286 2088 1341 ab
2192 1290 2306 1326 6’1""
2348 1275 2399 1327 ίη
2429 1275 2585 1341 iram,
2620 1276 2673 1331 id
2697 1286 2779 1331 εει
2801 1288 3100 1347 coegerunt
3122 1281 3189 1335 ad
3223 1281 3520 1337 Ὓῖηάίειδῐη
3547 1285 3596 1337 ίη
3622 1288 3745 1339 60m-

508 1394 695 1434 eorum
720 1378 1026 1448 praesentia,
1063 1392 1129 1432 ne
1175 1379 1381 1447 possint
1405 1378 1484 1432 eis
1511 1377 1778 1432 dominari
1809 1394 1823 1431 :
1864 1391 1983 1447 qua}
2009 1378 2091 1431 di-
2192 1364 2284 1417 bus
2317 1366 2672 1422 sacriﬁcando
2704 1367 2807 1423 ritu
2837 1370 3076 1439 gentium
3109 1388 3122 1424 :
3153 1371 3382 1427 collibus
3416 1372 3543 1428 dico
3567 1376 3682 1439 suis,
3705 1378 3745 1431 id

507 1478 706 1525 cuntur
737 1479 924 1540 gentes
963 1479 1264 1538 propterea,
1316 1468 1442 1539 quia
1492 1469 1724 1523 maxima
1769 1478 1855 1523 est
1902 1483 2087 1524 eorum
2190 1468 2271 1512 εει
2302 1474 2333 1512 3
2367 1473 2427 1514 80
2462 1459 2717 1524 inventis.
2750 1474 2855 1514 non
2891 1477 2921 1515 θ
2964 1460 3074 1518 Deo
3099 1464 3407 1532 praeceptis.
3446 1464 3743 1535 Pricceptum

509 1561 826 1626 multitudo;
857 1570 1071 1632 gentem
1102 1561 1299 1631 quippe
1344 1560 1597 1624 dicimus,
1643 1561 1938 1615 maximam
1987 1559 2087 1614 ho-
2189 1552 2331 1605 enim
2363 1559 2481 1605 eral
2503 1551 2555 1605 in
2597 1551 2733 1622 lege,
2763 1567 2829 1605 ne
2858 1553 2980 1624 quis
3022 1556 3077 1609 in
3106 1554 3325 1610 collibus
3367 1567 3589 1626 propter
3630 1559 3745 1614 loco-

509 1652 715 1705 mitium
749 1652 1173 1706 multitudinem.
1210 1649 1276 1704 Et
1306 1651 1489 1705 dividit
1529 1651 1603 1705 eis
1651 1660 1841 1705 terram
1862 1650 2088 1720 prontis-
2190 1654 2309 1692 ιὐῐῐὶ
2356 1637 2753 1695 ίῐηιιὶυηίῑίιίίιιη
2784 1640 2893 1695 Πεο
2941 1642 3321 1699 sacriﬁcaret:
3357 1646 3451 1699 sed
3504 1646 3662 1701 solum
3702 1648 3743 1700 in

504 1748 688 1813 sionis,
717 1747 922 1802 scilicet
954 1748 1091 1802 dona
1122 1746 1355 1815 Spiritus
1377 1745 1569 1811 sancti,
1600 1753 1656 1799 et
1702 1745 1805 1799 hoc
1847 1753 2000 1803 sorte,

2227 1728 2412 1797 amplo,
2462 1738 2555 1784 aut
2588 1729 2644 1784 in
2696 1731 3070 1798 tabernaculo,
3100 1741 3192 1788 aut
3222 1734 3277 1789 in
3326 1735 3446 1791 loco
3484 1737 3652 1807 aliquo
3692 1739 3743 1792 ad

506 1846 590 1890 est
630 1837 819 1906 gratis.
875 1836 1032 1890 Sorte
1060 1850 1191 1890 sane
1235 1850 1332 1904 pro
1358 1836 1527 1906 gratis
1573 1835 1806 1902 ponitur,
1840 1848 1906 1888 eo
1948 1847 2022 1900 qu

2233 1834 2297 1873 oc
2326 1834 2460 1887 opus
2501 1830 2838 1876 consecrato.
2870 1820 2972 1892 Ipsi
3005 1838 3135 1879 vero
3161 1825 3216 1879 in
3245 1824 3467 1880 collibus
3516 1829 3615 1882 ritu
3643 1842 3745 1898 gen-

509 1927 636 1981 illud
665 1930 808 1995 quod
839 1928 996 1981 datur
1026 1934 1191 1993 sorte,
1241 1926 1399 1980 datur
1436 1925 1624 1993 gratis.
1657 1924 1801 1977 Dona
1835 1922 2025 1977 nimiru

2227 1913 2325 1975 ium
2356 1911 2724 1976 immolabant,
2755 1921 2810 1967 et
2836 1914 2980 1984 quod
3014 1915 3165 1983 pejus
3204 1926 3343 1982 erat,
3376 1933 3484 1973 non
3528 1921 3643 1983 Deo,
3670 1923 3743 1976 sed

507 2019 680 2071 sant-ti
706 2017 939 2087 Spiritus
962 2032 1057 2085 per
1090 2027 1286 2070 terram
1313 2016 1689 2085 promissionis
1714 2016 2023 2085 designantt‘

2230 2001 2514 2070 rulptilibus
2540 2003 2674 2069 suis,
2724 2002 2775 2057 id
2806 2014 2889 2060 est
2919 2004 3077 2059 idolis
3103 2020 3132 2059 a
3157 2021 3217 2061 se
3246 2006 3431 2063 factis.
3464 2008 3532 2063 Et
3557 2010 3605 2063 in
3632 2012 3746 2064 scul-

507 2126 573 2165 eo
602 2110 743 2179 quod
772 2110 942 2180 gratis
975 2126 1003 2163 a
1042 2109 1151 2163 Ι)ςο
1183 2108 1471 2173 donentur,
1500 2109 1639 2163 sicut
1682 2118 1823 2162 terra
1858 2109 2088 2177 promis-
2188 2094 2399 2165 P‘mbus
2434 2095 2567 2159 δαῖεν
2596 2094 2648 2149 id
2685 2103 2771 2150 εει
2807 2096 2861 2151 in
2904 2097 3188 2153 επνίίῖίῑῖῖε
3242 2098 3510 2154 ilJOIOI’HDI
3556 2117 3744 2155 ευοωῐιι

508 2202 675 2256 sionis
704 2202 871 2272 gratis
906 2202 1029 2257 illiis
1054 2199 1220 2255 Israel
1249 2199 1373 2251 data
1422 2207 1521 2254 est.
1565 2200 1694 2255 Dico
1722 2201 1865 2269 quod
1899 2198 2024 2254 divit

2228 2196 2617 2254 rovocaverunt,
2650 2188 2702 2244 id
2729 2196 2811 2243 est
2852 2188 2903 2241 vi
2946 2197 3240 2259 coegerunt
3265 2204 3392 2245 eum
3437 2191 3507 2244 ad
3557 2193 3744 2247 cernula-

508 2295 590 2350 eis
640 2296 810 2365 gratis
850 2296 986 2349 dona
1033 2294 1265 2363 Spiritus
1310 2295 1507 2359 sancti,
1555 2303 1607 2349 et
1654 2294 1757 2348 hoc
1810 2292 2087 2361 intequali-
2189 2279 2403 2341 "onem.
2435 2277 2487 2331 id
2512 2277 2683 2332 estad
2722 2276 2942 2330 nimiam
2975 2277 3133 2334 iram.

509 2395 608 2446 ter,
628 2385 720 2440 sed
752 2387 804 2439 in
836 2385 1091 2454 funiculo,
1118 2385 1168 2439 id
1193 2394 1277 2440 est
1304 2386 1356 2439 in
1383 2399 1633 2440 mensura
1667 2383 2081 2449 distributionis,
2257 2367 2467 2420 Ααάίυίε
2493 2368 2635 2422 enim
2669 2366 2828 2432 Deus.
2874 2367 2926 2423 id
2956 2376 3041 2423 εει
3075 2369 3461 2426 θηῖητθειιέτιῖι
3490 2370 3627 2427 Dens
3668 2387 3745 2428 eos

506 2487 564 2533 ut
587 2479 678 2532 uni
701 2478 917 2546 quidem
950 2477 1142 2546 magis,
1164 2476 1252 2531 alii
1284 2491 1412 2531 vero
1440 2475 1638 2542 minus,
1667 2483 1825 2544 prout
1846 2474 1977 2541 vult,
2007 2476 2087 2529 di-
2186 2457 2513 2527 sculptilibus
2544 2457 2880 2513 sacriﬁcasse
2911 2476 2924 2512 ³
2957 2458 3099 2529 (lum!
3136 2459 3235 2531 iPsi
3268 2476 3375 2516 ηοη
3402 2463 3667 2531 Imm-‘3'“-
3693 2463 3745 2515 εί

510 2571 767 2625 stribuat.
816 2569 973 2625 Unde
1016 2570 1307 2639 Apostolus
1353 2570 1483 2626 dicit
1524 2585 1537 2621 :
1584 2590 1602 2619 ι
1654 2568 1954 2637 Unicuique
1996 2585 2026 2623 n

2226 2552 2309 2607 leo
2342 2556 2531 2619 sprevit
2562 2566 2676 2616 eos,
2713 2561 2762 2606 et
2812 2553 2997 2623 redigit
3029 2552 3198 2609 Israel
3226 2556 3378 2610 valde
3411 2558 3481 2610 ad
3530 2559 3742 2623 nihilum,

507 2671 681 2718 strum
711 2661 833 2715 data
863 2668 946 2715 est
988 2661 1190 2731 gratia,
1220 2661 1514 2715 secundum
1557 2675 1865 2714 mensuram
1910 2658 2084 2712 dona-
2187 2642 2240 2697 id
2263 2651 2345 2697 θεῖ
2386 2642 2522 2698 ﬁlios
2546 2642 2712 2699 Israel
2737 2644 2981 2714 ΡθΠηῘεῘί
3017 2645 3183 2717 τεάῖεῖ
3211 2647 3281 2701 ad
3312 2647 3534 2702 nimiam
3563 2649 3744 2704 deSW‘

507 2753 671 2807 tionis
725 2751 925 2806 Christi
974 2751 1199 2816 (Ephes.
1236 2767 1308 2815 tv,
1342 2751 1417 2821 7).
1454 2770 1473 2802 r
1524 2749 1817 2805 Funiculus
1866 2749 2023 2818 quide

2227 2734 2443 2800 tionem,
2477 2749 2573 2801 per
2604 2734 2917 2790 instantiam
2965 2735 3432 2804 Philisthaeorum,
3469 2747 3523 2794 et
3548 2749 3743 2795 caztero-

505 2860 605 2914 pro
631 2857 881 2897 mensura
911 2842 1151 2914 ponitur,
1183 2858 1249 2898 eo
1280 2842 1421 2912 quod
1470 2840 1709 2898 funiculo
1743 2850 1885 2896 terra
1914 2840 2084 2895 soleat
2187 2844 2304 2883 rum
2337 2828 2783 2883 circunstantium
2830 2827 3196 2883 inimicorum.
3234 2829 3302 2884 Et
3334 2830 3439 2885 hoc
3472 2832 3625 2886 modo
3646 2832 3742 2900 qui-

503 2936 826 2991 inensurari.
2187 2924 2308 2978 dem
2355 2920 2602 2991 permisit
2657 2934 2752 2975 eos
2787 2919 2956 2991 redigi
3011 2920 3079 2973 ad
3118 2920 3371 2988 nihilum,
3414 2921 3539 2991 quia
3584 2920 3741 2990 repulit

576 3007 642 3060 El
662 3006 851 3076 ejectis
891 3006 1037 3061 Villis
1066 3006 1193 3075 facit
1223 3005 1479 3070 habitare.
1517 3004 1568 3059 id
1599 3013 1683 3060 est
1732 3002 1977 3058 damnari
2028 3002 2083 3057 ἱη
2186 3014 2580 3069 tabernaculum
2623 3015 2758 3083 Silo,
2786 3018 2837 3072 id
2872 3027 2953 3072 est
2990 3018 3312 3087 contempsit
3347 3018 3740 3079 tabernaculum,

503 3099 878 3163 tabernaculis,
906 3099 958 3155 id
1003 3110 1085 3154 est
1127 3100 1178 3153 in
1213 3097 1535 3153 habitaculis
1583 3112 1771 3152 eorum
1803 3096 2077 3157 vitiorum,
2111 3150 2155 3179 ρ
2189 3104 2439 3175 inquam,
2470 3124 2652 3176 suum,
2683 3111 2826 3179 quod
2865 3118 2979 3165 erat
3022 3109 3074 3163 in
3115 3108 3228 3165 suo
3268 3110 3520 3175 civitate;
3570 3111 3620 3165 ίη
3654 3125 3741 3179 quo

502 3192 669 3245 tribus
714 3190 926 3256 Israel,
976 3190 1027 3245 id
1079 3198 1161 3245 est
1194 3188 1629 3261 congregationis
1696 3186 1931 3242 fidelium
1991 3185 2082 3254 qui
2111 3185 2156 3212 υ
2191 3195 2536 3251 tabernaculo
2576 3213 2701 3252 arca
2741 3207 2890 3263 erat,
2934 3208 2990 3254 et
3030 3199 3117 3253 ubi
3149 3199 3251 3254 sibi
3282 3214 3311 3254 a
3342 3200 3537 3270 populo
3566 3200 3744 3255 sacriﬁ-

504 3291 630 3338 sunt
688 3276 936 3337 videnies
1012 3282 1177 3337 Deum
1259 3281 1313 3336 in
1393 3279 1866 3349 contemplatione,
1939 3277 2085 3343 quod
2188 3285 2455 3342 cabatur:
2496 3289 2917 3356 tabernaculum,
2965 3291 3208 3361 inquam,
3256 3293 3525 3358 suum,id
3553 3300 3633 3347 est
3656 3292 3739 3347 sibi

501 3384 587 3429 est
627 3375 806 3430 dicere
851 3392 867 3426 :
915 3374 1068 3429 Facit
1126 3373 1268 3443 ipsos
1321 3372 1491 3428 factos
1539 3370 1702 3427 Israel
1760 3385 1879 3426 esse
1932 3370 2085 3423 inha-
2186 3386 2579 3443 consecratum,
2612 3394 2718 3434 non
2761 3381 2937 3447 idolis,
2986 3383 3073 3437 ubi
3120 3383 3234 3453 ipse
3266 3384 3545 3439 habitavit.
3585 3384 3647 3438 Et
3687 3398 3742 3438 ne

504 3465 786 3528 hitatores,
847 3465 896 3518 id
953 3472 1036 3518 est
1092 3464 1481 3527 dominatores,
1558 3462 1610 3517 id
1683 3469 1766 3517 est
1844 3471 2084 3518 rectores
2185 3468 2462 3524 videretur
2505 3470 2558 3524 in
2598 3472 2946 3528 tabernaculo
2980 3473 3227 3530 localiter
3263 3475 3558 3541 habitasse,
3586 3475 3739 3529 deter-

503 3554 665 3623 313
692 3555 774 3608 sui
807 3552 994 3619 ipsius.
1039 3553 1128 3622 qui
1182 3553 1329 3620 prius
1372 3563 1527 3606 erant
1575 3550 1879 3605 llabilacula
1927 3551 2085 3605 Vilio-
2185 3561 2357 3615 minat
2382 3578 2504 3616 cum
2529 3564 2676 3618 addit
2704 3582 2720 3619 :
2746 3564 2813 3619 In
2842 3566 3159 3630 horninibus,
3184 3567 3397 3622 scilicet
3426 3567 3671 3622 habitavit
3692 3567 3738 3619 in

504 3660 648 3704 rum,
678 3644 730 3697 id
759 3650 842 3697 est
871 3643 970 3696 sub
1003 3640 1134 3713 jugo
1162 3642 1438 3697 vitiorum.
1471 3640 1742 3710 Sequitur.
1771 3643 1834 3694 Et
1862 3650 2020 3695 tentat

2221 3654 2537 3710 tibernaculo
2576 3656 2629 3709 in
2675 3657 3106 3714 sacrificantibus
3138 3659 3208 3714 ibi
3238 3657 3442 3714 Judmis
3479 3674 3579 3714 non
3615 3658 3737 3712 loca-

505 3745 649 3798 νηηιν
686 3744 741 3789 ει
764 3742 960 3789 ﬁdem
993 3749 1161 3802 usque
1197 3734 1264 3789 ad
1291 3733 1450 3788 “nem
1478 3732 1685 3803 Psalmi-
1727 3733 1878 3800 Ουοά
1915 3733 1994 3787 Sic
2015 3732 2081 3787 ad
2186 3744 2328 3810 liter,
2356 3746 2448 3800 sed
2476 3746 2769 3803 secundum
2808 3748 3202 3805 inhabitantem
3230 3750 3460 3819 gratiam
3494 3748 3737 3804 inhabita-

504 3827 737 3882 litteram
763 3825 1036 3897 jungitur:
1062 3826 1281 3882 Ostendi
1312 3828 1453 3895 quod
1475 3827 1616 3881 Deus
1640 3825 1776 3881 filios
1804 3826 1964 3880 Israel
1994 3826 2083 3879 de-
2184 3836 2285 3901 vit,
2316 3838 2550 3906 quandi"
2593 3840 2839 3896 homines
2885 3838 3127 3906 fuel-uni,
3159 3842 3556 3897 ταιίοηοδίηιοτ
3581 3855 3633 3895 se
3657 3841 3737 3893 ha.

502 3920 653 3973 duxit
685 3934 780 3988 per
808 3918 1102 3981 desertum,
1130 3927 1185 3973 et
1208 3917 1413 3972 induxit
1446 3918 1499 3971 in
1526 3928 1749 3972 montem
1779 3918 2082 3987 sancti/ica-
2185 3929 2374 3985 bemes
2402 3938 2459 3984 υι
2494 3930 2775 3998 homines;
2815 3947 2879 3987 ac
2907 3932 2953 3989 si
2998 3933 3143 3989 dicat
3180 3951 3194 3986 ε
3229 3932 3366 4000 Quia
3405 3950 3466 3989 se
3492 3933 3737 3988 inhoneste

500 4012 680 4079 tionis,
708 4019 765 4068 et
785 4020 991 4066 caetera
1022 4009 1190 4065 multa
1222 4010 1477 4065 beneﬁcia
1501 4009 1745 4065 contulit.
1777 4010 1843 4064 Et
1869 4011 1965 4080 ipsi
1999 4020 2081 4065 ta-
2185 4020 2511 4089 habuerunt,
2560 4033 2615 4078 ει
2653 4038 2747 4079 eos
2787 4032 2843 4080 ει
2885 4038 3075 4080 θοι-πη,
3126 4026 3396 4081 sacriﬁcia
3446 4026 3651 4096 sprevit,
3689 4034 3736 4077 et

500 4122 625 4161 men
656 4104 832 4160 adhuc
866 4113 1211 4167 tenfaverunt,
1242 4101 1540 4156 hmsitando
1570 4116 1636 4154 an
1674 4109 1854 4170 posset
1879 4116 1971 4157 eos
2015 4141 2016 4149 χ

2220 4113 2345 4167 tiam
2375 4114 2781 4171 tabernaculum
2812 4116 2864 4171 in
2905 4132 3013 4187 quo
3060 4117 3465 4183 sacrificabant,
3498 4119 3613 4172 licet
3649 4116 3730 4171 sibi

500 4199 733 4253 inimicis
773 4199 862 4268 qui
894 4198 944 4252 iit
991 4196 1218 4252 circuitu
1282 4203 1439 4250 erant
1482 4194 1913 4268 circumquaque]
1958 4196 2084 4250 libe-
2184 4205 2487 4260 dedicatum
2517 4217 2680 4263 esset,
2713 4207 2815 4263 per
2846 4210 2950 4264 hoc
2979 4217 3160 4264 autem
3196 4210 3340 4279 quod
3363 4224 3461 4279 pro
3487 4210 3562 4265 eis
3586 4210 3733 4263 ιειυετ.

500 4306 642 4356 rare,
679 4300 725 4345 el
769 4288 1205 4344 exacerbaverunt
1260 4286 1423 4341 Deum
1464 4288 1724 4342 excelsum
1777 4296 1964 4341 contra
1998 4299 2084 4339 se—
2183 4297 2433 4353 naculum
2483 4301 2754 4366 sprevisse
2804 4301 2955 4366 dicit,
3001 4317 3096 4357 eos
3124 4302 3277 4357 valde
3320 4302 3549 4357 odibiles
3596 4300 3733 4356 fuisse

498 4384 664 4454 ipsos-
695 4384 757 4438 Et
800 4383 903 4437 hoc
944 4381 1102 4437 modo
1142 4381 1358 4457 quidem
1404 4381 1836 4435 exacerbaverunt
1867 4397 1884 4436 :
1913 4376 2000 4443 EI.
2030 4379 2081 4434 id
2186 4390 2381 4447 innuit.
2411 4390 2477 4446 Et
2516 4391 2621 4447 illis
2648 4392 2862 4462 spretis,
2889 4393 3109 4447 tradidit
3140 4394 3193 4448 in
3224 4395 3571 4460 captivitatem
3598 4393 3731 4448 virtu-

500 4483 584 4531 εει
610 4475 814 4530 δοῖιίοοι
861 4490 962 4528 ηοη
1008 4473 1364 4528 custodierunt
1406 4472 1730 4536 testimonia,
1843 4480 1920 4526 881
1947 4485 2080 4539 ριέθ-
2110 4491 2157 4551 D
2184 4493 2283 4538 (em
2327 4499 2529 4549 εονηηι,
2643 4492 2728 4538 εει
2764 4499 2947 4538 arcam
2983 4500 3103 4553 qua;
3145 4484 3199 4539 in
3231 4484 3575 4539 [abemaculo
3616 4489 3725 4541 erat,

500 4575 654 4637 cepta
689 4568 823 4636 ejus,
874 4581 992 4636 qua:
1031 4565 1132 4619 sub
1182 4564 1488 4621 testimonio
1527 4563 1695 4636 Moysi
1731 4564 1809 4619 eis
1838 4564 2016 4617 deder:

2209 4575 2335 4643 :ujus
2383 4575 2635 4644 prmsidio
2683 4574 2735 4629 in
2776 4575 2929 4630 bellis
2962 4575 3129 4631 fortes
3159 4584 3346 4643 erant,
3379 4577 3599 4648 ideoque
3637 4574 3725 4629 vir-

500 4657 565 4712 Et
593 4658 982 4713 contemnendo
1016 4657 1133 4728 ejus
1166 4668 1456 4728 praecepta,
1500 4668 1794 4713 averterunt
1814 4674 1868 4711 se
1888 4673 1917 4711 a
1948 4658 2016 4712 De

2210 4682 2270 4720 us
2310 4682 2497 4722 eorum
2531 4667 2832 4733 dicebatur,
2868 4668 2985 4738 capi
3014 4669 3258 4739 permisit
3289 4669 3358 4723 ab
3388 4668 3668 4740 Allophylis
3688 4667 3723 4719 in

502 4747 570 4802 Et
596 4765 698 4802 non
743 4758 1093 4803 servaverunt.
1107 4760 1342 4816 pactum,
1387 4751 1530 4822 quod
1566 4766 1689 4806 cum
1737 4765 1801 4804 eo
1859 4751 2016 4820 pepig

2209 4758 2416 4811 naxima
2470 4756 2585 4812 Silo
2623 4758 2843 4813 civitate
2879 4758 2931 4811 in
2971 4773 3076 4826 qua
3126 4767 3245 4812 erat
3267 4773 3388 4813 eam
3430 4757 3725 4826 capientibus

503 4847 645 4904 rant,
693 4854 816 4893 cum
860 4840 1258 4909 promiserunt,
1308 4842 1449 4910 quod
1497 4841 1644 4897 omni
1693 4852 1934 4908 tempore
1980 4840 2078 4909 ipsi
2183 4849 2240 4920 (Ι
2265 4849 2388 4920 Reg.
2428 4865 2500 4915 iv,
2532 4849 2648 4916 il),
2677 4864 2742 4903 ne
2768 4865 2891 4904 arca
2930 4858 3119 4918 postea
3160 4849 3363 4906 Judreis
3408 4860 3549 4905 esset
3590 4861 3723 4905 causa

504 4930 1281 4999 obedirent,sigentesafacie
1306 4947 1492 4988 eorr'm
1510 4933 1775 5003 ejiceret:
1812 4930 1875 4985 Et
1900 4948 2081 5003 quem»
2180 4940 2414 4995 virtutis.
2450 4939 2519 4993 Et
2567 4940 3009 5007 pulchritudinem
3059 4956 3242 4994 eorum
3283 4942 3506 4996 tradidit
3551 4942 3601 4993 in
3638 4955 3727 4992 ma-

499 5025 783 5078 admodum
811 5033 984 5093 patres
1015 5040 1193 5077 eorum
1233 5028 1461 5079 conversi
1492 5038 1609 5079 sunt
1651 5027 1705 5079 in
1735 5043 1915 5081 arcum
1956 5044 2080 5096 pra-
2181 5050 2277 5088 nus
2325 5033 2543 5098 inimici,
2568 5032 2894 5089 Philislhiim
2926 5034 3151 5089 scilicet.
3189 5032 3632 5088 Pnlcltritudinem
3659 5045 3723 5082 ar-

499 5135 639 5185 tum,
668 5119 720 5173 id
751 5128 833 5174 est
858 5118 923 5173 ad
946 5117 1355 5173 similitudinem
1380 5119 1674 5176 infidelium
1712 5130 1927 5191 patrum
1954 5135 2079 5175 suo-
2179 5138 2298 5179 eam
2350 5121 2510 5186 dicit,
2541 5137 2703 5192 quam
2735 5131 2787 5178 et
2811 5123 3052 5177 virtutem
3087 5124 3297 5178 vocavit
3325 5140 3339 5174 :
3378 5123 3472 5178 sed
3495 5120 3627 5175 aliud
3651 5118 3725 5170 ilc-

497 5227 640 5277 rum,
672 5211 761 5281 qui
808 5211 973 5266 Deum
1018 5207 1357 5265 oli‘endertmt
1395 5211 1626 5275 assidue,
1676 5219 1957 5281 postquam
1997 5211 2078 5266 eis
2179 5213 2581 5281 notat,scilicet
2620 5228 2739 5268 eam
2784 5212 2950 5268 fuisse
2990 5227 3230 5275 causam,
3255 5211 3420 5283 314
3453 5222 3611 5280 quare
3631 5204 3726 5276 pul-

494 5302 754 5358 beneficia
788 5302 953 5356 nmlta
987 5299 1313 5365 contulerat,
1340 5301 1568 5354 conversi
1600 5311 1719 5355 sunt
1751 5302 1804 5357 in
1827 5300 2071 5356 similitu-
2177 5305 2293 5360 chri
2331 5305 2559 5360 interius
2591 5304 2644 5358 in
2673 5304 2964 5359 virtutibus
2991 5305 3126 5358 adeo
3171 5302 3387 5367 fierent,
3415 5317 3535 5357 cum
3563 5300 3608 5354 ei
3633 5295 3727 5351 culo

494 5399 618 5453 dine
641 5397 815 5468 pravi,
848 5397 901 5452 id
947 5406 1031 5452 est
1080 5395 1270 5451 inertis
1314 5409 1497 5450 arcus.
1548 5394 1681 5448 Nam
1726 5395 1869 5450 sicut
1916 5409 2076 5449 arcus
2179 5408 2289 5452 tum
2338 5397 2403 5451 ad
2434 5397 2695 5452 honorem
2724 5394 3114 5467 persolverent.
3146 5393 3225 5449 Ne
3262 5393 3426 5460 igitur
3453 5392 3565 5462 ejus
3586 5400 3725 5444 causa

494 5506 693 5560 pravus
725 5504 848 5545 cum
892 5490 1043 5559 prius
1092 5488 1409 5547 intenditur.
1461 5485 1849 5555 aliquantulum
1890 5486 2071 5556 ejicit;
2176 5487 2386 5557 pulchri
2432 5485 2659 5540 ulterius
2705 5494 2889 5540 essent
2915 5499 3035 5539 eam
3073 5498 3169 5553 per
3197 5483 3614 5539 Philisthzcorum
3659 5476 3725 5527 in-

494 5592 681 5653 postea
721 5597 850 5637 vero
896 5580 1158 5653 paulatim
1191 5577 1539 5641 remittendo,
1590 5591 1658 5630 ex
1703 5583 1814 5631 toto
1844 5575 2024 5630 deficit
2056 5592 2071 5641 ;
2176 5579 2428 5633 stantiam
2456 5578 2536 5633 eis
2563 5575 2800 5632 abstulit.
2832 5576 2897 5631 Et
2941 5576 3120 5631 ablata
3146 5591 3293 5642 arca,
3318 5573 3560 5629 conclusit
3586 5583 3725 5638 popu-

494 5675 575 5728 sic
608 5682 662 5728 et
695 5672 793 5741 ipsi
828 5673 976 5743 prius
1016 5672 1068 5727 in
1106 5669 1391 5741 praeceptis
1424 5668 1516 5723 Dei
1560 5667 1713 5723 valde
1758 5667 2073 5736 promissio-
2176 5670 2283 5725 tum
2312 5669 2595 5725 Iudaicum
2640 5668 2789 5738 prius
2826 5684 2982 5722 suum
3008 5668 3061 5721 in
3099 5666 3295 5737 gladio,
3324 5666 3375 5721 id
3403 5675 3484 5721 est
3511 5655 3721 5732 permisil

496 5764 895 5831 nihusintcnsi,
929 5770 982 5818 et
1012 5761 1401 5835 aliquantulum
1435 5758 1662 5833 operati,
1697 5758 1954 5832 paulatim
1990 5775 2066 5814 rc-
2177 5760 2321 5817 ﬁniri
2375 5767 2551 5815 morte
2614 5759 2666 5813 in
2712 5757 3062 5829 percussione
3108 5756 3272 5829 gladii
3325 5754 3723 5811 l‘hilisthu‘owIn
