3840 6338
144 411 246 468 1055

999 401 1362 458 EXPOSi’l‘iO
1412 411 1480 457 ω’
1507 397 1842 455 ί”κ).ιῙλΜΟδ.
1877 426 1943 436 -
1975 394 2168 450 ΡΒΜ..
2197 392 2456 448 LXXVII.

3176 391 3316 448 1034

101 495 108 528 ἶ
143 523 180 595 (1
195 523 292 592 Reg.
307 516 487 586 tv,tO).
509 515 633 571 Dico
651 513 993 585 populum,et
1008 515 1651 577 utvebementiusdicam,
1684 519 1728 574 Α
1759 511 1974 576 stecula,
2001 510 2050 564 id
2081 519 2162 564 est
2202 509 2254 564 in
2299 515 2581 572 aeternum,
2607 507 2661 561 in
2709 505 3042 564 Hierusalem
3101 509 3329 565 scilicet.

143 611 435 670 hereditatem
462 623 629 671 suam,
655 605 707 660 id
750 615 830 662 est
854 605 978 661 illos
1008 622 1146 676 quos
1173 607 1323 676 prius
1345 603 1654 660 excoluerat

143 713 184 759 ut
205 699 536 770 hereditatem
577 697 790 767 sprevit,
829 706 883 753 et
915 698 1089 752 occidi
1143 697 1406 767 permisit.
1453 695 1508 749 In
1551 695 1652 751 hoc

143 803 280 851 autem
306 792 505 863 gravius
527 807 618 846 eos
663 799 837 857 notat,
879 807 1001 846 cum
1031 791 1180 860 prius
1223 791 1368 845 dicat
1395 787 1654 845 charissi-

143 899 228 939 mos
251 883 414 947 fuisse,
457 893 636 950 postea
667 896 798 936 vero
829 881 970 934 malo
1009 881 1204 938 merito
1235 895 1334 936 suo
1366 881 1655 937 vilissimas

141 972 372 1028 exstitisse.
407 970 469 1025 Et
509 971 743 1026 ostendit
773 986 801 1024 a
831 970 1076 1040 partibus
1102 972 1371 1041 quomodo
1401 971 1652 1042 populum

141 1063 269 1118 occidi
307 1061 567 1132 permisit,
601 1076 721 1116 cum
763 1063 910 1116 addit
943 1059 1121 1116 :Vere
1161 1063 1368 1131 sprevit.
1407 1061 1540 1117 Nam
1563 1063 1651 1132 ju-

141 1168 436 1208 venenorum
481 1151 710 1206 ﬁliorum
749 1151 934 1218 Israel,
982 1152 1073 1222 qui
1108 1151 1362 1208 fortiores
1403 1161 1559 1208 erant
1586 1152 1653 1207 ad

141 1244 450 1314 proeliandum,
499 1243 740 1308 comedit,
771 1243 822 1298 id
850 1252 935 1298 est
963 1245 1172 1299 comedi
1218 1245 1467 1314 permisit
1495 1245 1651 1313 ignis,

141 1337 266 1390 idest
299 1334 468 1388 fervor
507 1333 758 1408 iraejDei.
807 1333 960 1400 Quod
1008 1343 1093 1389 est
1139 1334 1358 1390 dicere:
1391 1333 1654 1402 Quoniam

140 1428 197 1482 eis
217 1434 315 1482 erat
336 1427 488 1482 nimis
529 1427 719 1490 iratus,
747 1443 926 1481 eorum
944 1427 1160 1495 juvenes
1189 1425 1256 1480 ab
1281 1425 1513 1480 inimicis
1533 1440 1654 1495 per-

141 1517 251 1570 misit
279 1517 457 1571 occidi.
493 1515 558 1571 Et
586 1517 810 1588 virgines
851 1533 1031 1571 eorum
1060 1516 1254 1586 partim
1282 1516 1496 1581 occisae,
1532 1531 1656 1586 par-

142 1605 210 1660 titn
237 1622 348 1663 vero
394 1617 637 1677 stuprum
685 1623 1009 1677 passm,non
1047 1619 1166 1661 sunt
1214 1607 1279 1660 ab
1308 1607 1427 1660 aliis
1453 1607 1656 1661 lamen-

141 1705 264 1761 tata;
291 1711 347 1752 ac
367 1696 408 1752 si
438 1696 579 1753 dicat
619 1715 632 1751 :
664 1698 834 1752 Tanta
864 1711 994 1768 ergo
1029 1696 1130 1753 fuit
1164 1697 1487 1767 persecutio,
1515 1697 1655 1768 quod

141 1801 216 1839 non
253 1787 338 1842 luit
378 1788 542 1843 otium
581 1787 738 1843 flendi
770 1790 1039 1861 virginum
1075 1799 1304 1845 mortem
1333 1797 1388 1843 et
1422 1797 1653 1858 raptum.

1756 602 1868 658 Hoc
1896 611 2076 656 autem
2109 601 2174 656 de
2205 598 2532 671 signiﬁcanti
2577 597 2910 655 Hierusalem
2939 599 3043 655 dici
3096 616 3199 654 non
3249 616 3334 671 po-

1759 701 1885 761 test,
1920 701 1978 746 ut
1999 691 2070 746 sit
2095 691 2318 762 fundata
2359 689 2410 743 in
2437 688 2652 756 sa'cula,
2677 704 2796 743 cum
2829 698 3012 758 postea
3057 689 3215 744 fuerit
3246 690 3338 744 de-

1757 793 1990 848 structa;
2025 783 2118 837 sed
2151 783 2219 838 de
2267 781 2506 837 Ecclesia
2554 780 2853 848 signiﬁcata
2884 794 2978 848 per
3007 779 3336 834 Hierusalem

1757 875 1957 929 dictum
1986 880 2089 940 est,
2116 873 2218 927 etsi
2257 882 2452 926 caetera
2479 872 2640 925 verba
2670 871 2956 926 vidcantur
2977 869 3128 940 juxta
3159 871 3328 923 histo-

1760 965 1894 1019 riam
1924 979 2042 1019 essc
2066 963 2261 1034 posita.
2297 963 2430 1018 Cum
2472 972 2650 1016 autem
2682 961 2833 1030 ponit
2864 961 2965 1014 hoc
2997 959 3138 1029 quod
3177 960 3336 1026 adhi-

1756 1057 1977 1112 storiam
2003 1056 2104 1128 legi
2133 1071 2238 1112 non
2263 1064 2458 1126 potest,
2477 1054 2650 1109 innuit
2675 1055 2937 1125 psalmum
2969 1054 3127 1108 istum
3154 1067 3256 1107 non
3274 1053 3341 1107 ad

1757 1149 2034 1205 historiam
2066 1149 2346 1218 legendum
2375 1162 2494 1204 esse
2521 1147 2855 1216 simpliciter.
2885 1146 3010 1200 Dico
3045 1144 3186 1216 quod
3214 1161 3340 1198 san-

1757 1241 2006 1309 cti/icium
2037 1241 2314 1309 wdificavit
2347 1258 2361 1295 ;
2393 1239 2760 1308 Sancti/icium
2797 1239 2916 1293 dico
2957 1239 3090 1292 sicut
3135 1238 3344 1290 unicor-

1757 1333 1922 1396 nium,
1947 1331 1998 1386 id
2021 1341 2104 1386 est
2125 1340 2305 1400 utpote
2327 1331 2672 1384 unicornium.
2695 1329 2847 1397 Quod
2871 1337 2953 1384 est
2973 1329 3154 1383 dicere
3184 1325 3342 1380 :Tale

1757 1423 2130 1484 sanctiﬁeium,
2149 1423 2199 1476 in
2219 1437 2325 1492 quo
2341 1420 2441 1475 sibi
2470 1420 2758 1476 unicornes
2771 1419 3151 1474 sacriﬁcabant
3175 1434 3188 1469 :
3215 1418 3345 1474 ﬁde-

1758 1514 1834 1570 les
1865 1515 2072 1569 scilicet
2093 1514 2263 1569 Judaei
2300 1513 2391 1584 qui
2424 1512 2715 1566 unicornes
2747 1512 2875 1566 dicti
2913 1521 3059 1576 sunt,
3093 1526 3158 1566 eo
3198 1511 3343 1580 quod

1759 1621 1921 1661 unum
1945 1619 2109 1661 cornu
2133 1605 2422 1670 habebant,
2438 1604 2490 1659 id
2511 1613 2592 1660 est
2624 1603 2781 1659 ﬁdem
2806 1604 2966 1659 unius
2991 1603 3082 1658 Dei
3104 1603 3341 1671 ﬁrmam,

1757 1706 1814 1752 et
1851 1699 1903 1752 in
1929 1698 2098 1752 altum
2131 1697 2460 1761 tendentem,
2477 1697 2542 1750 ad
2569 1694 2784 1750 modum
2809 1711 2977 1751 cornu
3001 1710 3119 1766 quae
3141 1709 3227 1748 res
3251 1694 3343 1749 ﬁr-

1761 1805 1848 1844 ma
1877 1798 1982 1855 est,
2008 1798 2062 1844 et
2091 1789 2142 1843 in
2171 1789 2336 1844 altum
2365 1802 2708 1845 excrescens.
2738 1789 2870 1843 Dico
2899 1788 3154 1858 quoniam
3184 1787 3347 1858 elegit

141 1875 394 1934 Sacerdotes
417 1897 596 1935 eorum
636 1856 954 1948 ceciderit—nt,
979 1883 1030 1937 id
1068 1891 1154 1937 est
1196 1882 1392 1936 mortui
1435 1856 1580 1945 sunt,
1604 1881 1658 1935 in
1688 1856 1733 1914 Β
1763 1882 1922 1954 315
1953 1883 2144 1936 tribum
2187 1882 2348 1944 Iuda,
2380 1890 2440 1936 ut
2483 1881 2606 1936 inde
2635 1895 2818 1953 regem
2851 1856 3147 1950 acciperet,
3186 1890 3232 1934 et
3273 1856 3340 1934 ex

139 1964 288 2033 gladio,
313 1968 361 2024 id
384 1979 464 2024 est
492 1969 544 2026 in
594 1971 966 2040 persecutione
993 1972 1178 2042 gladii,
1207 1981 1261 2027 et
1302 1987 1407 2027 non
1433 1979 1557 2028 sunt
1586 1971 1662 2026 la-

139 2060 332 2125 mentati,
357 2061 525 2132 Oplmi
568 2063 821 2120 videlicet
846 2074 900 2119 et
954 2064 1186 2120 Phincos
1213 2065 1305 2120 ﬁlii
1337 2065 1452 2120 Heli
1482 2079 1663 2120 sacer-

138 2148 241 2203 dotis
261 2149 306 2220 (l
329 2150 442 2222 Reg.
467 2169 540 2219 IV,
579 2153 689 2223 tt),
713 2170 777 2210 eo
811 2156 954 2224 quod
1000 2170 1096 2225 per
1122 2155 1408 2227 ingluviem
1440 2156 1661 2210 meliora

137 2243 333 2299 sacriﬁcii
361 2244 526 2300 frusta
554 2248 972 2318 subripuissent.
1003 2247 1069 2302 Et
1107 2250 1282 2304 vidule
1328 2266 1508 2304 eorum
1537 2265 1663 2320 par-

139 2330 208 2384 tim
241 2332 428 2403 occisae,
476 2336 680 2406 partim
730 2335 992 2392 incestum
1037 2353 1210 2409 passae
1241 2355 1344 2393 non
1380 2337 1664 2410 ploraban-

138 2430 217 2476 tur.

187 2511 240 2567 Et
271 2524 378 2585 post
404 2525 608 2573 tantam
660 2520 1092 2589 persecutionem
1141 2520 1356 2577 tandem
1403 2522 1662 2577 excitatus

138 2612 206 2666 est,
220 2604 260 2658 id
277 2609 618 2664 estcxcitatus
644 2610 794 2664 visus
820 2619 903 2664 est
928 2611 1208 2674 Dominus,
1225 2612 1532 2667 miserendo
1559 2612 1660 2679 eis,

141 2693 251 2759 prius
269 2698 508 2766 existens,
536 2709 790 2772 tanquam
817 2703 1100 2768 dormiens,
1131 2703 1182 2757 id
1215 2713 1299 2758 est
1322 2705 1514 2759 similis
1533 2706 1662 2760 dor-

143 2783 305 2852 mienti,
330 2790 448 2844 dum
478 2806 574 2848 eos
627 2791 783 2863 afﬂigi
829 2793 1187 2863 permitteret.
1239 2793 1304 2846 Et
1334 2810 1438 2848 non
1471 2795 1664 2850 similis

142 2873 288 2932 leniter
310 2880 615 2950 dormienti,
667 2885 759 2939 sed
795 2895 1045 2955 tanquam
1077 2895 1256 2954 potens
1297 2885 1602 2954 crapulatus
1629 2903 1662 2939 a

140 2965 239 3035 vino,
260 2969 304 3024 id
333 2981 410 3026 est
452 2973 650 3029 similis
681 2974 898 3030 cuilibet
942 2974 1169 3044 potenti,
1197 2973 1344 3044 quia
1387 2975 1504 3029 vino
1540 2991 1662 3028 cra-

139 3060 320 3126 palatus,
348 3072 398 3118 et
439 3065 607 3122 nimio
647 3082 836 3122 somno
880 3081 1204 3137 oppressus,
1255 3083 1360 3122 non
1417 3067 1664 3138 providet

1763 1976 1876 2046 ipsa
1905 1975 2044 2030 tribu
2075 1973 2224 2043 elegit
2253 1973 2418 2027 David
2443 1987 2645 2028 servum
2668 1989 2842 2037 suum,
2874 1972 2926 2026 id
2954 1981 3036 2026 est
3058 1971 3222 2025 David
3247 1985 3345 2040 per

1761 2067 1943 2121 omnia
1969 2065 2071 2121 sibi
2098 2065 2441 2121 obedientem
2463 2073 2522 2120 ut
2551 2081 2788 2120 servum.
2820 2065 2886 2119 Et
2915 2064 3148 2130 sustulit,
3181 2064 3232 2118 id
3262 2071 3348 2118 est

1762 2157 2071 2212 sublimavit
2091 2173 2208 2210 eum
2232 2157 2297 2210 de
2318 2157 2559 2227 gregibus
2585 2156 2756 2210 ovium
2783 2163 3084 2225 acceptum.
3115 2153 3190 2210 Ne
3214 2170 3349 2230 vero,

1762 2247 2039 2303 videretur
2061 2250 2126 2302 de
2156 2247 2284 2302 illud
2315 2245 2594 2304 causative
2621 2262 2741 2302 esse
2777 2248 3036 2316 positum,
3065 2257 3124 2301 ut
3151 2247 3345 2316 sacpius

1765 2341 2012 2406 habetur,
2050 2341 2298 2396 addendo
2338 2341 2668 2396 determinat
2707 2341 2790 2396 sic
2824 2359 2836 2396 :
2878 2338 3100 2396 Scilicet
3139 2341 3348 2408 accepit

1761 2447 1883 2487 eum
1912 2435 1976 2486 de
1998 2433 2098 2488 hoc
2123 2433 2265 2503 quod
2291 2442 2408 2487 erat
2436 2443 2551 2502 post
2578 2432 2822 2501 fetanlcs,
2855 2433 2906 2487 id
2940 2440 3025 2486 est
3059 2441 3181 2500 post
3215 2447 3346 2486 oves

1764 2525 1934 2594 patris
1956 2525 2037 2580 sui
2065 2525 2220 2581 .lesse
2251 2539 2478 2596 pascens
2506 2540 2598 2579 eas
2627 2522 2679 2596 (Ι
2709 2523 2836 2594 Reg.
2862 2541 2916 2590 χ,
2949 2523 3037 2594 t9)
3068 2538 3082 2576 :
3111 2539 3348 2592 pascere,

1766 2615 1816 2668 id
1847 2622 1930 2669 est
1972 2615 2038 2668 ad
2075 2616 2403 2684 pascendum
2437 2614 2603 2669 Jacob
2631 2631 2834 2668 servum
2866 2631 3038 2668 suum.
3087 2613 3237 2680 Quod
3267 2621 3353 2668 est

1764 2705 1944 2761 dicere
1971 2723 1984 2759 :
2013 2705 2089 2760 Ad
2127 2706 2228 2760 hoc
2257 2720 2380 2760 eum
2418 2705 2484 2759 de
2511 2713 2730 2774 pastore
2759 2690 2934 2773 elegit,
2966 2712 3020 2756 ut
3051 2719 3144 2758 rex
3175 2703 3348 2756 factus

1764 2803 2012 2866 pasceret
2032 2793 2198 2848 Iacob
2225 2811 2427 2848 servum
2455 2811 2630 2859 suum,
2663 2794 2713 2847 id
2741 2802 2825 2848 est
2849 2803 2994 2848 recte
3019 2793 3352 2862 gubernaret

1765 2886 2006 2956 pastorio
2032 2884 2154 2955 jure
2179 2881 2460 2938 Iudaicum
2491 2882 2744 2952 populum
2777 2881 2987 2937 Domini
3025 2897 3249 2935 servum.
3279 2880 3346 2935 Et

1764 2974 1889 3044 quia
1917 2973 2128 3028 dixerat
2158 2988 2384 3036 servum,
2428 2986 2495 3026 ne
2530 2971 2780 3026 videatur
2819 2987 2939 3026 eum
2987 2971 3345 3040 depressisse,

1764 3065 1934 3130 addit,
1957 3073 2004 3118 et
2051 3047 2244 3128 Israel,
2286 3063 2530 3133 inquam,
2583 3061 2634 3116 id
2665 3071 2747 3116 est
2777 3060 3057 3116 Judaicum
3087 3061 3342 3132 populum
3415 3077 3417 3079 ί

138 3147 293 3254 domui,
335 3155 427 3209 etsi
455 3156 546 3209 liat
585 3157 640 3210 in
665 3171 728 3211 ea
763 3157 1124 3212 tumultuosus
1145 3157 1379 3213 hostium
1407 3158 1660 3214 assultus.
1692 3193 1736 3254 C
1768 3155 2122 3209 hmreditatem
2152 3169 2303 3208 suam
2331 3153 2676 3216 existentem,
2709 3151 2759 3206 id
2783 3161 2867 3207 est
2893 3167 3052 3220 quem
3087 3152 3347 3206 Dominus

139 3233 185 3290 Et
217 3243 454 3316 excitatus
479 3248 734 3316 percussit
758 3248 992 3305 inimicos
1022 3267 1146 3305 suos
1177 3249 1539 3316 Philistbreos,
1571 3249 1660 3319 qui

139 3341 214 3382 non
237 3332 292 3387 ad
315 3335 422 3406 ejus
469 3337 787 3403 vindictam,
822 3339 916 3394 sed
957 3341 1140 3410 potius
1181 3343 1248 3396 ad
1275 3340 1660 3396 contumeliam

139 3418 242 3479 ﬁlios
283 3425 434 3484 Israel
475 3431 748 3500 persecuti
801 3432 1036 3498 fuerant,
1066 3433 1120 3488 in
1166 3435 1477 3502 posteriora,
1509 3432 1560 3488 id
1583 3441 1666 3488 est

138 3508 176 3561 in
198 3517 441 3583 podicibus
461 3535 556 3576 eos
591 3521 786 3576 morbo
811 3522 1133 3592 gravissimo
1162 3524 1447 3592 percussit,
1481 3531 1540 3577 ut
1567 3537 1664 3592 pu-

139 3608 324 3668 trescere
347 3609 565 3667 taceret.
593 3611 659 3666 Et
686 3627 781 3681 per
807 3613 946 3668 hanc
968 3616 1394 3684 percussionem,
1421 3614 1567 3669 dedit
1585 3615 1666 3669 eis

137 3698 464 3764 sempiternum
505 3702 879 3774 opprobrium.
915 3703 1036 3758 Haec
1074 3703 1218 3758 enim
1261 3704 1538 3773 percussio
1585 3703 1666 3759 eis

137 3796 156 3834 ιι
177 3785 339 3846 iudicis
373 3791 688 3864 frequenter
717 3796 784 3849 ad
833 3795 1129 3850 maximum
1176 3795 1524 3866 opprobrium
1556 3795 1661 3849 im-

135 3890 366 3949 l’foperata
391 3894 490 3940 est.
513 3887 578 3941 Et
610 3896 896 3956 postquam
920 3885 1110 3958 adepta
1141 3887 1535 3950 misericordia,
1568 3887 1662 3943 ﬁlii

136 3965 256 4024 Israel
275 3988 440 4045 regem
473 3975 575 4030 sibi
608 3975 724 4030 dari
763 3990 795 4028 a
823 3976 930 4030 Deo
961 3984 1352 4046 poposcerunt,
1383 3989 1447 4028 ex
1486 3975 1665 4046 aliqua

135 4055 364 4118 duodecim
409 4067 684 4130 tribuum,
728 4067 916 4136 repulit
959 4067 1214 4121 Dominus
1272 4067 1664 4123 tabernaculum

133 4145 298 4222 Ioseph,
341 4157 390 4212 id
428 4167 513 4213 est
559 4158 856 4213 maximam
907 4158 1302 4214 multitudinem
1354 4160 1526 4216 tribus
1569 4160 1662 4218 Jo-

135 4243 254 4312 seph,
291 4263 402 4318 quae
427 4251 609 4320 potior
650 4250 958 4317 videbatur,
980 4251 1332 4322 contempsit,
1368 4269 1434 4308 ne
1485 4254 1553 4311 de
1602 4271 1665 4312 ea

135 4347 272 4404 regem
305 4342 544 4413 eligeret.
584 4342 1015 4398 Tabernaculum
1056 4360 1155 4414 pro
1183 4349 1528 4403 multitudine
1570 4364 1666 4419 po-

135 4421 206 4487 nit,
227 4443 281 4482 eo
299 4435 434 4500 quod
462 4433 534 4488 ibi
556 4435 830 4490 exercitus
861 4435 1149 4492 multitudo
1169 4439 1342 4494 soleat
1369 4441 1660 4496 demorari.

1767 3256 2019 3320 procurat
2043 3254 2226 3315 utpote
2251 3261 2400 3300 suam
2432 3245 2821 3300 hrereditatem.
2852 3244 2983 3299 Dico
3005 3245 3145 3314 quod
3172 3244 3352 3298 Domi-

1767 3357 1869 3396 nus
1898 3340 1964 3395 ad
1993 3341 2095 3395 hoc
2116 3355 2238 3394 eum
2260 3339 2409 3410 elegit
2437 3346 2496 3392 ut
2519 3345 2789 3408 pasceret,
2823 3345 2877 3390 et
2911 3337 3024 3406 ipse
3051 3337 3187 3392 bene
3209 3338 3350 3406 pavit

1767 3445 1853 3486 eos
1881 3431 1935 3486 in
1968 3430 2288 3495 innocentia,
2322 3429 2372 3482 id
2399 3438 2482 3484 est
2522 3429 2574 3482 in
2607 3427 2852 3498 exemplo
2882 3427 3206 3481 innocentiae
3233 3444 3350 3480 cor-

1767 3521 1846 3574 dis
1885 3521 1988 3586 sui,
2025 3521 2202 3574 dando
2227 3519 2436 3574 scilicet
2460 3518 2540 3574 eis
2570 3517 2624 3572 in
2652 3531 2710 3572 se
2744 3517 3050 3587 exemplum
3092 3516 3350 3570 innocen-

1769 3614 1876 3664 ιιω.
1912 3609 1976 3664 Et
1993 3609 2216 3664 deduxit
2239 3626 2325 3664 eos
2343 3609 2406 3663 de
2431 3607 2575 3663 bono
2597 3608 2650 3662 in
2682 3607 2898 3672 melius,
2927 3608 2984 3661 in
3007 3606 3351 3661 intellectibus

1784 3715 2036 3754 manuum
2066 3716 2305 3764 suarum,
2339 3699 2391 3752 id
2438 3707 2520 3754 est
2551 3699 2604 3752 in
2641 3697 2942 3752 rationibus
2971 3711 3195 3768 operum
3227 3712 3354 3751 suo-

1770 3805 1908 3845 rum.
1955 3790 2108 3858 Quod
2150 3800 2234 3846 est
2278 3791 2460 3846 dicere
2504 3808 2520 3846 :
2562 3791 2719 3846 Dedit
2757 3790 2835 3845 eis
2865 3789 3168 3860 exemplum
3217 3789 3353 3843 bene

1766 3884 2025 3955 operandi
2048 3899 2144 3954 per
2163 3898 2328 3955 opera
2352 3899 2444 3939 sua
2477 3899 2594 3954 qum.
2616 3899 2720 3938 non
2745 3893 2948 3940 temere
2969 3891 3225 3954 operatus
3247 3891 3350 3948 est,

1769 3979 1861 4032 sed
1886 3991 1984 4046 per
2010 3977 2360 4032 rationabiles
2391 3976 2715 4032 intellectus.

1840 4069 2044 4123 Horum
2088 4068 2255 4140 igitur
2304 4067 2371 4122 M
2426 4083 2681 4123 versuum
2727 4067 3031 4123 litteratura
3083 4066 3348 4135 exposita,

1768 4159 2083 4230 allegoriam
2111 4158 2425 4214 eorumdem
2471 4158 2823 4229 attingamus.
2873 4158 2988 4212 Dixi
3027 4158 3169 4228 quod
3209 4157 3351 4211 Deus

1769 4256 1947 4310 aufert
1983 4254 2165 4310 fideles
2199 4269 2326 4310 suos
2355 4253 2445 4324 qui
2479 4262 2603 4309 sunt
2630 4252 2860 4323 populus
2887 4269 3027 4316 suus
3067 4268 3095 4306 a
3129 4253 3352 4307 damna-

1771 4347 2005 4402 tionibus
2031 4362 2170 4418 quas
2214 4347 2314 4416 ipsi
2355 4345 2662 4416 patiuntur,
2692 4345 2780 4414 qui
2813 4344 2866 4398 in
2908 4344 3140 4416 IEgypto
3169 4359 3349 4397 rema-

1769 4447 1934 4493 nent:
1967 4437 2296 4507 etquoniam
2323 4436 2526 4490 inducit
2568 4449 2660 4490 eos
2693 4435 2744 4488 in
2779 4444 3013 4490 montem
3040 4435 3352 4491 saueiiﬁca-

134 4511 331 4578 Ostendit
363 4539 492 4596 ergo
534 4541 564 4580 a
608 4526 838 4597 digniori
887 4538 1044 4598 parte
1067 4569 1084 4594 ,
1121 4528 1290 4584 Deum
1335 4531 1533 4587 tribum
1571 4532 1661 4589 Jo-
1693 4533 1737 4588 D
1766 4529 1942 4596 tionis,
1967 4537 2022 4585 et
2051 4538 2242 4584 caetera
2266 4528 2524 4584 beneﬁcia
2555 4529 2634 4583 eis
2663 4525 2896 4582 confert.
2920 4527 2984 4581 Et
3014 4527 3111 4596 ipsi
3143 4535 3348 4593 tamen,

135 4608 232 4674 seph
265 4617 666 4686 contempsisse.
709 4616 844 4672 Vere
893 4619 1094 4673 tribum
1136 4619 1332 4690 Ioseph
1363 4621 1572 4690 repulit,
1598 4640 1666 4680 ne

135 4694 252 4754 deca
291 4720 463 4774 regem
506 4709 753 4776 eligeret.
787 4708 920 4762 Nam
950 4719 1020 4775 et,
1057 4710 1108 4766 id
1139 4719 1222 4766 est
1266 4712 1430 4766 etiam
1474 4713 1666 4768 tribum

138 4782 339 4852 ΕΡΙιναὶπι
369 4797 457 4852 ﬁlii
486 4797 688 4868 Joseph
721 4817 823 4853 non
869 4800 1042 4870 elegit,
1071 4809 1130 4856 ut
1173 4801 1240 4855 de
1263 4817 1326 4857 ea
1363 4817 1542 4873 regem
1571 4818 1664 4859 ac-

133 4878 310 4949 ciperet,
341 4905 458 4959 quae
497 4893 716 4961 dignior
764 4908 890 4961 pars
939 4903 1058 4948 erat
1107 4895 1280 4950 tribus
1313 4895 1543 4964 Joseph;
1576 4897 1667 4952 sed

133 4969 246 5040 elegit
269 4980 447 5035 tribum
473 4981 642 5046 Juda,
681 4993 741 5038 ut
763 4985 829 5038 de
856 4999 920 5038 ea
947 4999 1124 5056 regem
1155 4987 1442 5057 acciperet.
1465 4987 1533 5042 Et
1561 5003 1664 5044 non

134 5059 261 5152 elegit
297 5071 525 5142 aliquem
578 5075 751 5129 locum
806 5077 858 5130 in
914 5093 1021 5142 quo
1075 5079 1346 5135 habitaret
1375 5081 1441 5135 de
1487 5082 1666 5152 aliqua

136 5148 317 5213 aliarum
363 5164 620 5228 tribuum,
659 5174 718 5220 ut
759 5166 908 5222 locus
963 5168 1050 5224 ille
1079 5179 1227 5225 esset
1270 5179 1433 5242 caput
1472 5148 1664 5243 regni;

135 5246 204 5299 ξιξ-1
241 5265 476 5311 montem-
504 5256 632 5312 Sion
677 5259 839 5330 elegit
877 5277 1027 5331 quem
1075 5261 1256 5316 dilexit
1287 5281 1300 5317 :
1332 5263 1665 5320 Hierusalem

136 5335 301 5396 srilicet
325 5345 478 5417 elegit
513 5357 575 5403 ut
605 5359 748 5405 esset
770 5359 932 5420 caput
966 5352 1114 5423 regni
1143 5369 1157 5418 ;
1193 5369 1314 5424 qua:
1352 5353 1668 5424 designatur

135 5439 308 5516 aparte
331 5441 537 5498 scilicet
571 5458 665 5512 per
693 5453 919 5498 montem
963 5445 1014 5499 in
1047 5461 1153 5516 quo
1195 5447 1299 5502 sita
1345 5457 1462 5504 erat
1501 5450 1666 5505 turris

137 5515 256 5578 Sion.
287 5527 348 5582 Et
373 5542 493 5600 post
519 5533 814 5603 wdiﬁcavit,
856 5535 908 5588 id
952 5543 1035 5590 est
1067 5515 1332 5594 aediﬁcari
1382 5539 1511 5596 fecit
1545 5558 1668 5596 san-

137 5609 345 5700 f‘iﬁcium
373 5638 545 5690 situm,
579 5624 628 5678 id
661 5635 747 5680 est
775 5627 1179 5683 tabernaculum
1208 5639 1478 5696 sanctum,
1523 5629 1666 5700 quod

139 5696 216 5790 fuit
232 5717 343 5762 ante
365 5714 618 5785 templum
643 5732 672 5770 a
695 5715 858 5770 David
885 5731 1010 5787 rege
1033 5710 1230 5772 factum
1254 5720 1308 5773 in
1350 5729 1486 5776 terra
1510 5696 1665 5790 quant

139 5786 356 5860 fundavit.
381 5805 430 5862 id
459 5817 542 5863 est
585 5824 742 5878 quam
791 5786 1001 5862 ﬁrmam
1051 5818 1104 5866 ct
1154 5810 1398 5868 stabilem
1451 5786 1576 5869 fecit
1611 5813 1665 5867 in

1769 4637 1892 4677 cum
1921 4637 1951 4676 a
1984 4621 2078 4676 Dei
2105 4621 2400 4676 tentatioue
2424 4629 2478 4674 et
2501 4620 2920 4675 cxacerbatione
2947 4620 3190 4675 contuitu
3217 4621 3353 4675 tanti

1768 4710 2014 4766 beneficii
2046 4725 2263 4766 cessare
2290 4710 2550 4765 deberent
2587 4709 2844 4776 ulterius,
2869 4710 3164 4764 secundmn
3191 4725 3353 4780 quos-

1767 4802 1890 4856 dam
1916 4807 2122 4857 tentant
2151 4801 2328 4856 adhuc
2351 4801 2518 4855 Deum
2549 4816 2645 4869 per
2669 4801 2847 4854 varias
2878 4801 3114 4857 haereses
3139 4818 3151 4855 :
3180 4813 3234 4856 et
3263 4818 3356 4856 ex-

1770 4893 2029 4950 acerbant
2087 4892 2251 4948 Deum
2300 4893 2577 4948 excelsum
2631 4893 2883 4962 operibus
2941 4894 3071 4948 suis.
3133 4893 3197 4947 Et
3233 4894 3352 4947 hoc

1771 4987 1928 5041 modo
1965 4985 2173 5040 scilicet
2197 4986 2546 5050 exacerbaut,
2572 4985 2696 5054 quia
2727 5001 2832 5038 non
2863 4985 3173 5040 custodiunt
3201 4985 3346 5039 testi-

1771 5079 1972 5145 monia,
1998 5079 2049 5132 id
2076 5087 2161 5134 est
2188 5077 2338 5130 ﬁrma
2369 5087 2637 5148 praecepta
2666 5077 2782 5145 ejus
2811 5078 3116 5132 testimonio
3141 5086 3352 5146 aposto-

1771 5172 1942 5226 lorum
1975 5170 2101 5225 data
2133 5168 2337 5225 scilicet
2377 5185 2480 5224 non
2519 5170 2851 5231 custodiunt,
2893 5179 2952 5222 ut
2991 5166 3350 5236 eorumjussu

1769 5279 1798 5318 a
1827 5263 1982 5318 malis
2010 5262 2263 5333 operibus
2296 5261 2582 5316 desistant.
2630 5262 2695 5316 Et
2730 5261 3044 5332 negligendo
3086 5271 3351 5331 pr:ecepta

1769 5355 1904 5425 ejus,
1954 5364 2207 5410 avertunt
2251 5369 2309 5410 se
2358 5355 2424 5409 ab
2465 5369 2531 5408 eo
2576 5352 2754 5408 eundo
2793 5360 2912 5420 post
2957 5353 3249 5407 diabolum.
3291 5353 3355 5408 Et

1769 5465 1891 5504 cum
1931 5447 2276 5519 promiserint
2308 5447 2360 5501 in
2389 5446 2656 5515 baptismo
2678 5459 2736 5498 se
2760 5459 3033 5514 nunquam
3064 5446 3227 5499 Deum
3257 5447 3352 5500 de-

1771 5549 2034 5605 serturos,
2065 5555 2160 5610 per
2189 5539 2290 5593 hoc
2335 5537 2475 5606 quod
2504 5545 2862 5601 seavertunt,
2902 5537 2954 5591 in
2985 5551 3050 5592 eo
3085 5552 3189 5591 non
3238 5552 3358 5592 ser-

1770 5637 1899 5684 vant
1943 5637 2157 5700 pactum
2203 5626 2343 5696 ejus,
2398 5625 2540 5695 quod
2583 5639 2765 5679 secum
2805 5625 3143 5694 pepigerunt,
3187 5641 3244 5681 se
3282 5626 3354 5681 illi

1775 5736 1986 5791 semper
2011 5719 2340 5782 obedituros,
2371 5717 2414 5772 si
2438 5717 2516 5771 eis
2541 5724 2767 5787 peccata
2793 5717 3077 5784 originalia
3094 5726 3148 5772 et
3171 5727 3358 5773 actua-

1773 5813 1840 5866 lia
1886 5811 2186 5867 remitteret
2235 5828 2246 5862 :
2290 5809 2402 5876 sed,
2443 5809 2892 5878 quemadmodum
2924 5819 3107 5880 patres
3138 5824 3354 5875 eorum,
