3856 6322
487 364 622 420 1055

485 484 873 535 convertuntur
901 492 954 528 tn
987 490 1169 528 arcum
1199 487 1439 542 pravum,
1478 469 1527 523 id
1554 464 1725 521 estad
1756 450 2062 515 similitudil

487 584 605 622 nem
634 580 1037 622 anteeessorum
1062 564 1379 620 inﬁdelium,
1406 573 1632 630 quorum
1659 555 1749 608 ﬁlii
1773 552 2054 606 dicuntur:

486 673 591 711 non
620 659 916 712 secundum
955 654 1381 725 generationem,
1419 649 1511 704 sed
1540 644 1831 701 secundum
1856 639 2060 695 erroris

486 746 866 810 imitationem,
908 752 1298 798 convertuntur
1341 740 1392 792 in
1435 733 1839 791 similitudinem
1881 728 2055 800 pravi,

487 837 537 890 id
564 846 649 891 est
676 836 866 892 inertis
880 834 1165 903 arcus,qui
1191 846 1308 887 cum
1334 828 1484 899 prius
1510 823 2059 891 intendituraliqnan-

488 925 657 980 tutum
695 926 926 997 trajicit,
971 932 1027 978 et
1067 920 1325 991 paulatim
1353 918 1420 971 ad
1461 916 1730 971 defectum
1761 912 1926 968 venit.
1968 910 2059 964 Sic

487 1024 542 1072 et
582 1017 682 1085 ipsi
714 1017 863 1087 prius
898 1015 1042 1069 circa
1067 1012 1332 1082 baptisma
1371 1023 1559 1078 parum
1592 1014 1899 1077 operantcs,
1936 1010 2059 1072 post

487 1124 547 1163 ex
585 1118 699 1164 toto
732 1108 999 1162 deﬁciunt.

556 1199 812 1269 Exposito
858 1199 958 1251 hoc
1002 1195 1235 1265 qualiter
1271 1209 1394 1248 eum
1448 1192 1778 1253 exacerbant,
1840 1189 2058 1259 exponit

486 1305 699 1359 quoque
740 1290 968 1358 qualiter
998 1296 1225 1352 tentant,
1260 1301 1381 1341 cum
1415 1284 1660 1354 adiungit
1702 1301 1714 1338 :
1756 1284 1885 1338 Dico
1914 1282 2057 1349 quod

487 1391 714 1436 tentant.
748 1382 811 1435 Et
839 1381 938 1435 hoc
966 1381 1125 1433 modo
1158 1388 1387 1442 tentant,
1412 1378 1557 1448 quod
1591 1377 1641 1430 itt
1670 1376 1805 1430 iram
1837 1374 2055 1444 quidam

484 1475 758 1531 concitant
789 1490 932 1539 eum,
974 1475 1064 1544 qui
1107 1475 1158 1528 in
1189 1473 1413 1529 collibus
1445 1474 1578 1539 suis,
1610 1473 1663 1527 id
1687 1480 1770 1527 est
1799 1472 1850 1525 in
1881 1471 2056 1525 luere-

484 1565 631 1619 sibus
665 1566 777 1621 suis
806 1581 925 1634 quae
966 1581 995 1619 a
1040 1565 1255 1619 sublimi
1295 1565 1544 1635 superbia
1585 1564 1893 1634 procedunt
1930 1562 2056 1615 dttm

484 1657 606 1711 novi
636 1667 689 1711 et
733 1658 957 1713 subtiles
986 1658 1157 1713 videri
1199 1665 1464 1726 quaerunt.
1508 1657 1735 1725 Ideoque
1766 1670 1860 1725 per
1893 1654 2058 1710 colles

482 1748 834 1818 designantur
862 1750 951 1818 qui
998 1748 1256 1803 sublimes
1300 1757 1426 1804 sunt
1462 1765 1474 1801 :
1510 1756 1563 1802 et
1601 1748 1818 1816 quidam
1865 1761 2059 1814 provo-

482 1851 606 1897 cant
634 1857 756 1897 eum
788 1844 854 1896 ad
882 1843 1303 1907 :emnlationem,
1345 1842 1395 1897 id
1434 1850 1517 1897 est
1559 1842 1627 1896 ad
1657 1840 1878 1895 nimiam
1918 1840 2055 1895 iram

482 1933 537 1987 in
572 1932 899 2002 sculptilibus
939 1934 1071 1999 suis,
1110 1934 1161 1988 id
1189 1942 1271 1988 est
1316 1933 1368 1986 in
1408 1932 1806 1988 sacriﬁcatione
1835 1930 2057 1999 sculpti-

484 2021 612 2078 lium
639 2038 877 2078 suorum.
915 2022 1065 2090 Quod
1094 2033 1176 2078 est
1204 2024 1381 2078 dicere
1410 2038 1423 2076 :
1468 2021 1602 2078 Vere
1630 2023 1796 2078 Deunt
1829 2028 2054 2076 tentant.

484 2112 615 2167 Nam
654 2114 779 2169 dum
818 2125 937 2184 post
975 2115 1243 2185 baptisma
1280 2115 1498 2184 quidam
1535 2129 1593 2168 se
1636 2115 1929 2168 ltaeresibus
1961 2128 2059 2166 tm-

486 2204 708 2273 plicant,
756 2206 975 2275 quidam
1026 2213 1206 2260 autem
1260 2204 1417 2259 idolis
1476 2205 1669 2257 iterum
1722 2203 2056 2268 sacriﬁcant,

486 2296 651 2350 Deum
691 2312 812 2352 esse
859 2298 1203 2366 impotentem
1257 2298 1324 2352 ad
1369 2297 1736 2351 ulciscendum
1786 2304 2055 2364 reputant.

484 2386 589 2442 Sed
617 2398 795 2445 tamen
844 2390 984 2445 Deus
1030 2392 1142 2446 hsce
1178 2392 1348 2455 audit,
1382 2392 1433 2445 id
1462 2402 1542 2446 est
1570 2390 1970 2453 animadvertit,
2004 2396 2058 2443 et

482 2481 687 2548 spernit
715 2494 823 2541 eos,
857 2496 991 2550 ques
1021 2483 1168 2551 prius
1196 2483 1389 2536 charos
1417 2481 1622 2546 habuit,
1649 2489 1701 2535 et
1743 2480 1878 2534 adeo
1908 2495 2059 2549 sper-

483 2573 562 2626 nit
589 2574 731 2641 qnod
764 2573 917 2628 valde
951 2575 1162 2644 redigit,
1194 2574 1245 2628 id
1284 2582 1369 2629 est
1416 2574 1581 2644 redigi
1616 2572 1882 2642 permittit
1912 2573 2058 2641 ipsos

482 2663 573 2730 qui
618 2664 767 2732 prius
792 2674 950 2718 erant
989 2665 1171 2729 Israel,
1204 2666 1272 2718 ad
1306 2665 1526 2719 nihilum
1563 2664 1870 2719 sanctitatis
1894 2680 2057 2733 quam

485 2754 631 2823 prius
672 2756 956 2811 habt-bant.
992 2755 1084 2810 Vel
1116 2757 1183 2809 ad
1215 2755 1457 2823 nihilum,
1504 2756 1556 2810 id
1599 2764 1683 2811 est
1726 2756 1792 2808 ad
1822 2770 2056 2809 massam

485 2856 848 2914 peccatorum,
876 2864 972 2918 per
1005 2863 1165 2917 quam
1193 2847 1410 2902 veniunt
1440 2848 1509 2901 ad
1540 2846 1759 2901 nihilum
1801 2847 2058 2901 sanctita-

486 2935 573 2989 tis.
629 2937 693 2991 Et
730 2939 950 3006 exponit
996 2939 1264 3008 quomodo
1310 2938 1534 3008 spernit,
1580 2939 1701 2993 sic:
1748 2937 1878 2993 Dico
1917 2938 2059 3007 quod

486 3028 653 3101 religi
702 3031 964 3098 permittit
1010 3031 1074 3085 ad
1112 3029 1360 3094 nihilum,
1414 3039 1632 3100 propter
1676 3030 1814 3084 mala
1867 3032 2056 3084 merita

486 3136 673 3177 eorum
702 3141 714 3176 :
746 3131 798 3178 et
826 3138 922 3188 per
943 3122 1044 3177 hoc
1070 3123 1233 3193 redigi
1260 3122 1518 3191 permittit
1541 3123 1606 3175 ad
1639 3122 1885 3186 nihilum,
1913 3122 2055 3191 quod
2088 3128 2129 3187 C

489 3214 696 3282 repellit
726 3230 754 3268 a
782 3215 952 3283 gratia
983 3215 1086 3281 sui,
1126 3214 1517 3267 tabernaculum
1550 3213 1682 3281 Silo,
1712 3214 1763 3268 id
1794 3222 1874 3267 est
1898 3213 2058 3267 abru-

487 3304 703 3371 ptionis.
732 3304 843 3357 Silo
881 3304 1023 3358 enim
1056 3306 1443 3373 interpretatur
1469 3304 1711 3371 abruptio
1740 3302 1941 3357 scilicet
1966 3316 2058 3356 eos

487 3397 577 3467 qni
603 3399 750 3469 prius
774 3409 929 3453 erant
955 3400 1366 3464 tabernaculum,
1395 3399 1446 3453 in
1472 3414 1577 3468 quo
1612 3399 1723 3468 ipse
1745 3397 2060 3467 Spiritaliler

488 3490 742 3544 manebat
776 3509 788 3542 :
821 3491 1029 3560 repellit
1056 3507 1084 3544 a
1109 3492 1280 3558 gratia
1305 3492 1407 3552 sui,
1437 3491 1559 3559 quia
1589 3504 1646 3545 se
1672 3489 1739 3541 ab
1761 3504 1825 3543 eo
1850 3490 2061 3541 abrum-

487 3589 622 3647 punt
656 3596 754 3651 per
798 3582 1045 3637 haeresim
1074 3593 1128 3637 et
1159 3583 1517 3637 idololatriatn
1547 3592 1603 3637 ct
1634 3583 1829 3636 malam
1870 3596 2058 3650 opera-

492 3670 713 3725 tionem.
752 3671 815 3725 Et
842 3673 967 3742 quia
993 3674 1205 3727 dixerat
1235 3674 1652 3739 tabernaculum,
1694 3682 1748 3728 et
1774 3689 1878 3728 non
1905 3673 2061 3727 addi-

490 3762 645 3816 derat
666 3778 839 3827 suunt,
873 3764 1064 3833 repetit
1093 3772 1149 3817 ttt
1180 3764 1341 3819 addat
1373 3765 1451 3820 sic
1488 3783 1499 3817 :
1532 3764 1696 3836 3'16
1727 3763 2062 3819 Tabernacn-

489 3851 627 3917 lum,
654 3853 893 3923 inquam,
926 3872 1101 3921 suum,
1134 3857 1219 3908 ubi
1249 3857 1497 3910 habitavit
1539 3856 1834 3910 secundttm
1880 3856 2065 3924 inope-

494 3952 700 3999 rantem
731 3947 979 4015 gratiam,
1025 3947 1079 3999 in
1125 3946 1417 4000 hominibus
1457 3946 1664 4000 scilicet
1695 3946 1965 4009 habitabit,
2011 3946 2063 4000 id

489 4044 573 4089 est
607 4036 786 4091 tandiu
829 4036 1045 4091 fuerunt
1086 4035 1202 4104 ejus
1243 4036 1670 4102 tabernaculum,
1698 4045 1752 4091 et
1783 4037 1833 4090 in
1865 4038 1944 4091 eis
1970 4038 2064 4089 ha-

492 4125 694 4191 bitarit,
725 4128 960 4196 qttandiu
994 4128 1238 4182 homines
1268 4126 1506 4193 fuerunt,
1534 4129 1585 4182 id
1616 4137 1700 4182 est
1731 4128 2065 4184 rationabili-

491 4225 576 4273 ter
607 4235 665 4273 se
700 4220 976 4274 habentes.
1007 4220 1071 4273 Et
1093 4228 1373 4289 postquam
1417 4234 1510 4275 eos
1538 4220 1765 4290 repellit,
1800 4221 1981 4283 tradit,
2015 4221 2066 4274 id

492 4318 577 4366 est
615 4310 750 4363 tradi
786 4312 1049 4378 perm'ttit
1096 4310 1331 4363 virtutem
1375 4327 1553 4364 eorum
1597 4310 1651 4364 in
1691 4310 2064 4380 captivitatem,

492 4404 698 4457 scilicet
745 4403 970 4457 liberum
1016 4403 1301 4457 arbitrium
1349 4418 1536 4458 eorum
1583 4404 1725 4472 quod
1768 4404 1914 4473 prius
1951 4411 2068 4456 erat

493 4491 728 4559 ﬁrmum,
751 4502 826 4557 et,
856 4503 915 4547 ιιι
943 4496 1011 4547 ita
1044 4494 1237 4557 dicam,
1279 4494 1599 4559 virtuosum,
1623 4495 1870 4563 permisit
1894 4494 2067 4564 capti-

494 4585 629 4646 vari,
662 4584 715 4639 id
743 4593 827 4639 est
855 4585 1123 4638 inﬁrmum
1157 4593 1213 4639 et
1242 4585 1509 4654 impotens
1541 4586 1607 4638 ad
1639 4585 1771 4637 bene
1797 4585 2065 4654 agendum

496 4674 633 4737 ﬁeri,
679 4677 745 4730 ad
786 4677 1190 4731 similitudinem
1235 4677 1430 4746 captivi
1464 4676 1553 4746 qui
1601 4677 1799 4731 virtute
1839 4690 1932 4731 sua
1974 4691 2067 4729 ne-

493 4769 609 4835 quit
643 4768 742 4822 ttti.

567 4858 630 4911 Et
659 4858 1095 4928 pulchritudinem
1134 4859 1443 4914 interiorem
1476 4858 1793 4914 innocentiae
1829 4867 1884 4913 et
1910 4868 2069 4914 caete-

497 4967 677 5006 rarnm
710 4953 966 5005 virtutum
998 4968 1175 5005 eorum
1224 4951 1483 5019 permittit
1512 4965 1631 5005 esse
1665 4952 1717 5006 in
1750 4967 1935 5005 manus
1967 4952 2069 5005 ini.

495 5044 637 5106 inici,
666 5043 718 5097 id
756 5050 838 5097 est
883 5043 934 5095 in
964 5051 1229 5111 potestate
1263 5039 1481 5093 diaboli.
1522 5040 1674 5106 Quod
1710 5050 1793 5095 est
1832 5042 2015 5096 dicere
2051 5059 2065 5095 :

497 5132 598 5185 Pro
630 5132 783 5188 malis
812 5132 1018 5188 meritis
1047 5146 1254 5193 eorum,
1288 5131 1550 5199 permittit
1592 5131 1732 5185 Deus
1771 5146 1866 5199 per
1901 5131 2069 5199 impc-

499 5231 607 5278 tum
646 5222 842 5279 diaboli
872 5219 1161 5277 annihilari
1192 5220 1245 5274 in
1272 5221 1350 5275 eis
1375 5221 1691 5275 innocentia:
1719 5221 2070 5289 pulchritudi-

496 5333 631 5383 nem,
676 5325 731 5372 et
761 5316 913 5370 liberi
946 5313 1155 5368 arbitrii
1197 5313 1449 5375 virtutem,
1483 5322 1540 5366 ttt
1568 5321 1838 5381 nequeant
1865 5312 1954 5366 illo
1992 5312 2067 5365 uti

495 5409 634 5465 sicut
663 5409 833 5479 prius.
869 5406 1081 5477 Repetit
1115 5414 1293 5459 autem
1325 5403 1790 5473 aequipollentibus
1827 5403 2067 5467 vocibus,

495 5501 635 5572 quod
660 5494 796 5556 dixit
825 5519 837 5554 :
873 5497 1060 5569 repulit
1084 5497 1476 5551 tabernaculum
1508 5495 1639 5562 Silo,
1676 5506 1734 5550 ut
1768 5512 1863 5565 per
1888 5505 2071 5564 partes

495 5593 762 5658 ostendat,
789 5591 867 5647 sic
896 5610 907 5644 :
937 5590 1067 5644 Dico
1095 5588 1234 5659 quod
1263 5588 1425 5643 tradit
1456 5588 1509 5642 in
1540 5588 1882 5658 captivitatem
1910 5588 2070 5642 virtu-

498 5694 596 5738 t-m
621 5701 824 5749 eorum,
857 5696 903 5738 et
943 5683 1045 5738 hoc
1081 5682 1256 5747 modo,
1284 5682 1531 5736 conclusit
1570 5679 1816 5750 populum
1843 5694 1993 5733 suum
2018 5678 2070 5731 in

498 5776 695 5846 gladio,
740 5778 793 5833 id
837 5784 919 5833 est
959 5774 1232 5832 concludit
1274 5774 1325 5828 in
1366 5774 1597 5829 vindicta
1642 5787 1737 5827 sua
1780 5771 1917 5834 illos,
1973 5784 2066 5837 qut

1064 357 1123 411 S.
1166 294 1516 412 Βιιυιίιοθιιδ
1553 338 2061 408 CAR'I'I'IUSIANOI

2163 335 2192 388 »ι
2228 330 2709 390 INSTITUTORIS
2744 329 2894 388 opp.
2935 308 3180 386 causa

3575 333 3680 391 i056

2090 453 2135 511 Α
2165 448 2313 517 prius
2339 454 2493 500 erant
2523 444 2749 515 populus
2777 459 2926 499 suus.
2950 442 3103 508 Quod
3129 450 3212 497 est
3239 441 3417 498 dicere
3444 462 3456 498 :
3482 444 3683 518 Compre-

2165 539 2349 595 hendit
2384 554 2478 593 eos
2508 538 2560 592 in
2591 538 2827 591 vindicta
2871 550 2991 601 sua,
3022 550 3052 589 a
3082 534 3433 590 similitudine
3469 537 3591 593 illius
3614 545 3683 611 qni

2162 630 2215 684 in
2251 643 2471 684 carcere
2495 628 2857 683 concluditur.
2881 626 3017 692 Quia
3049 624 3225 695 gladio
3254 622 3313 677 ﬁt
3333 625 3566 682 vindicta.
3591 629 3685 687 ﬁla.

2160 721 2280 775 dius
2307 735 2404 789 pro
2434 720 2670 774 vindicta
2702 719 2938 788 ponitur.
2974 716 3107 770 Dico
3128 714 3402 785 populum,
3428 726 3496 783 et,
3522 728 3574 772 ut
3595 737 3685 776 ma-

2153 811 2243 879 jus
2275 810 2402 881 quid
2449 809 2649 876 dicam,
2701 807 3059 863 hazreditatem
3095 823 3248 860 suam
3286 806 3507 876 spernit,
3548 809 3591 863 id
3626 822 3687 868 est

2161 902 2280 957 illos
2307 902 2395 971 qui
2429 901 2578 971 prius
2604 908 2758 953 erant
2784 914 2878 953 sua
2912 897 3205 952 btereditas
3236 898 3477 966 spernit:
3508 901 3684 956 conclu.

2160 992 2334 1047 dendo
2357 1008 2451 1048 eos
2481 992 2535 1046 in
2565 990 2760 1061 gladio.
2788 987 3003 1055 Quanto
3025 1003 3157 1043 vero
3180 1002 3275 1042 eos
3304 984 3531 1043 ostendit
3557 989 3687 1047 fuisse

2159 1085 2457 1149 cltariores,
2487 1092 2638 1137 tanto
2665 1096 2759 1136 eos
2786 1079 2963 1134 innuit
2986 1094 3109 1134 cum
3134 1078 3301 1148 spreti
3331 1077 3456 1143 sint,
3484 1094 3590 1134 esse
3614 1083 3689 1135 mi-

2158 1176 2413 1230 seriores.
2447 1172 2698 1229 Ostendit
2736 1186 2865 1241 ergo
2902 1184 2998 1240 per
3038 1179 3223 1239 partes
3254 1168 3535 1223 vindictam
3562 1186 3687 1240 quam

2161 1265 2225 1319 de
2252 1264 2330 1319 eis
2352 1263 2538 1328 sumit,
2568 1262 2645 1318 sic
2678 1278 2690 1314 :
2727 1260 2863 1317 Vere
2893 1258 3169 1314 concludit
3195 1273 3291 1314 eos
3319 1258 3373 1313 itt
3401 1259 3685 1317 vindictam:

2161 1355 2291 1410 Nam
2315 1356 2531 1426 juvenes
2553 1370 2733 1408 eorum
2752 1352 2975 1407 comedit
2997 1352 3154 1420 ignis,
3180 1350 3232 1405 id
3256 1360 3341 1407 est
3360 1366 3450 1407 eos
3473 1354 3556 1421 qui
3577 1355 3689 1423 prius

2159 1457 2313 1502 erant
2355 1445 2615 1514 iuvenum
2665 1456 2814 1498 more
2849 1441 3018 1496 fortes
3064 1441 3276 1497 scilicet
3321 1440 3376 1496 in
3423 1443 3685 1508 virtutibus,

2157 1533 2708 1606 perntittitconsumi,
2742 1542 3007 1588 eteorum
3041 1532 3297 1585 virtutem
3333 1532 3690 1602 annihilaripet'

2161 1629 2336 1700 ignem
2367 1624 2820 1694 concupiscentia:
2846 1622 2939 1691 qui
2963 1621 3273 1675 dominatur
3300 1621 3399 1675 eis.
3431 1621 3491 1674 Et
3515 1623 3689 1693 virgines

2158 1735 2358 1784 eorum,
2400 1717 2451 1770 id
2481 1723 2564 1771 est
2607 1714 2679 1768 illi
2709 1712 2800 1782 qui
2834 1712 2985 1782 prius
3017 1720 3176 1766 erant
3206 1726 3361 1765 more
3390 1711 3629 1779 virginum
3649 1715 3687 1768 in

2091 1792 2132 1845 Β
2160 1807 2262 1861 ﬁde
2297 1814 2353 1860 et
2398 1802 2703 1858 innocentia
2745 1800 3070 1868 incorrupti,
3116 1814 3241 1854 cum
3287 1809 3689 1854 consumuntura

2158 1895 2325 1961 vitiis,
2362 1909 2470 1948 non
2517 1893 2886 1946 lamentantur
2910 1891 2976 1944 ah
3007 1889 3264 1944 Ecclesiae
3298 1888 3541 1958 prmlatis.
3572 1889 3691 1956 Quod

2158 1996 2241 2043 est
2262 1986 2442 2040 dicere
2474 1999 2488 2038 :
2521 1984 2668 2038 Adeo
2696 1983 2747 2036 in
2776 1982 3066 2051 reprobum
3099 1995 3318 2035 sensum
3350 1988 3406 2035 et
3438 1980 3486 2034 itt
3512 1981 3694 2051 profun-

2159 2080 2384 2134 ditatem
2417 2077 2673 2130 vitiorum
2724 2075 3087 2139 adducuntur,
3128 2071 3275 2142 quod
3319 2071 3459 2125 nulla
3496 2088 3607 2128 cura
3630 2084 3694 2129 est

2159 2169 2226 2224 de
2262 2169 2362 2231 eis,
2398 2166 2654 2222 Ecclesiae
2681 2164 3010 2236 pastoribus,
3050 2177 3225 2234 neque
3258 2163 3325 2217 de
3346 2177 3522 2217 eorum
3546 2165 3693 2234 perui-

2160 2255 2262 2318 cie,
2292 2267 2454 2322 quam
2494 2251 2676 2305 divino
2712 2248 2915 2318 judicio
2951 2247 3134 2301 vident
3164 2248 3492 2318 contingere,
3530 2248 3695 2303 lamen-

2162 2354 2359 2398 tantur.
2418 2343 2485 2397 Et
2533 2342 2698 2396 etiam
2754 2339 3065 2396 sacerdotes
3098 2354 3307 2403 eorum,
3350 2340 3439 2409 qui
3482 2342 3691 2409 pmcipui

2159 2444 2277 2484 esse
2309 2429 2585 2494 deberent,
2614 2435 2668 2481 et
2694 2426 2828 2481 alios
2864 2424 3113 2494 exemplo
3143 2441 3242 2478 suo
3269 2421 3336 2478 ad
3369 2425 3522 2479 vitam
3551 2427 3689 2480 addu-

2159 2535 2303 2587 cere,
2335 2519 2490 2573 malis
2521 2519 2772 2586 operibus
2806 2518 2919 2571 suis
2954 2515 3296 2583 exigentibus
3328 2517 3562 2571 cadunt:
3593 2532 3692 2570 san-

2160 2610 2344 2664 ctitate
2394 2622 2554 2676 quam
2604 2606 2752 2677 prius
2801 2604 3091 2667 habebant,
3135 2604 3189 2656 in
3220 2604 3415 2671 gladio,
3453 2604 3500 2658 id
3546 2613 3619 2659 est
3654 2606 3692 2658 in

2158 2700 2394 2755 vindicta
2425 2697 2804 2755 exczecationis
2835 2695 2950 2750 Dei.
2992 2693 3060 2747 Et
3090 2694 3259 2747 vidua:
3288 2709 3463 2748 eorum
3494 2712 3580 2748 non
3604 2695 3696 2764 plo-

2162 2800 2349 2846 rantur
2392 2791 2599 2845 scilicet
2631 2787 2785 2843 multi
2829 2788 2969 2841 inter
3002 2786 3165 2855 ipsos,
3210 2787 3305 2854 qui
3341 2786 3485 2855 prius
3517 2786 3694 2840 fuerunt

2160 2883 2361 2937 similes
2396 2883 2590 2947 viduis,
2622 2888 2834 2935 mortuo
2863 2879 2914 2932 in
2940 2878 3019 2931 eis
3043 2877 3266 2940 mundo,
3291 2878 3376 2930 cui
3401 2879 3694 2931 adhaeserant

2162 2982 2218 3026 ut
2253 2972 2446 3026 mulier
2472 2972 2688 3034 marito,
2726 2976 3093 3038 apostatantes
3122 2966 3249 3020 facti
3289 2981 3321 3019 a
3370 2968 3631 3020 sanctitate
3657 2977 3694 3021 et

2162 3064 2486 3135 perfectione
2514 3060 2600 3113 illa
2634 3058 2789 3113 malis
2827 3058 3036 3112 meritis
3056 3056 3168 3110 suis
3198 3056 3420 3119 cadunt,
3450 3065 3500 3109 et
3534 3056 3592 3110 ad
3615 3056 3696 3111 hoc

2164 3156 2415 3209 vitiorum
2463 3151 2774 3213 deveniunt,
2810 3150 2954 3220 quod
2992 3149 3058 3204 de
3103 3162 3292 3203 eorum
3336 3148 3694 3203 damnatione:

2163 3245 2406 3300 ﬁdelibus
2443 3258 2549 3297 non
2589 3241 2849 3311 ploratur.

2231 3330 2533 3384 Notandum
2570 3328 2636 3381 de
2681 3324 3045 3396 perfecturum
3076 3323 3427 3379 damnatione
3471 3325 3575 3380 ideo
3610 3325 3694 3395 agi,

2162 3431 2219 3475 ut
2260 3436 2354 3490 per
2385 3421 2485 3474 hoc
2524 3418 2642 3473 illos
2676 3418 2763 3487 qui
2795 3417 2971 3470 minus
2998 3415 3220 3485 perfecti
3264 3426 3410 3480 sunt,
3439 3433 3466 3470 ει
3493 3419 3696 3486 peccatis

2161 3518 2432 3566 exterreat
2461 3528 2474 3563 :
2507 3507 2939 3580 quandoquidem
2975 3507 3045 3560 illi
3080 3508 3171 3575 qtti
3198 3509 3336 3562 adeo
3368 3508 3569 3578 perfecti
3596 3518 3697 3563 sunt

2164 3610 2221 3654 ιιι
2268 3601 2576 3655 sacerdotes
2620 3598 2749 3664 sint,
2800 3596 2884 3651 vel
2921 3594 3170 3664 juvenes,
3226 3597 3311 3652 vel
3346 3599 3585 3669 virgines,
3632 3600 3699 3653 vel

2162 3687 2334 3741 viduae
2378 3686 2642 3747 dicantur,
2693 3683 2773 3737 sic
2809 3682 2965 3736 malis
3007 3683 3220 3737 meritis
3262 3683 3379 3738 suis
3407 3684 3531 3738 adeo
3553 3698 3700 3737 exem-

2164 3782 2375 3827 cantnr.
2423 3770 2652 3825 Ostensa
2697 3768 2863 3838 igitur
2908 3768 3249 3837 quorundam
3286 3769 3380 3837 qui
3411 3778 3524 3838 post
3554 3768 3700 3838 bapti-

2165 3877 2338 3916 smum
2393 3860 2460 3914 ad
2505 3860 2633 3912 vitia
2679 3863 3029 3912 revertuntur
3074 3855 3219 3925 justa
3262 3857 3616 3922 damnatione,
3650 3871 3701 3909 ne

2167 3953 2440 4008 videretur
2468 3950 2660 4018 aliquis
2685 3950 2736 4002 itt
2779 3956 3001 4017 peccata
3031 3954 3154 4014 post
3182 3945 3457 4015 baptisma
3487 3947 3698 4002 reciden-

2169 4044 2298 4097 tiunt
2342 4041 2540 4097 salvari
2583 4054 2686 4092 non
2721 4052 2897 4107 posse,
2927 4045 2982 4091 et
3010 4037 3088 4092 sic
3114 4036 3429 4092 auferretur
3456 4037 3589 4091 locus
3612 4050 3703 4105 p03-

2167 4134 2424 4197 nitcntiae,
2450 4131 2788 4200 quorundam
2805 4127 3160 4182 recidentium
3189 4126 3538 4181 salvationem
3554 4136 3703 4179 osten-

2168 4223 2263 4286 dit,
2296 4237 2417 4276 cum
2447 4220 2691 4290 adjungit
2728 4220 2806 4273 sic
2836 4233 2849 4271 :
2881 4218 3011 4272 Dico
3049 4217 3191 4286 quod
3226 4218 3367 4271 Deus
3416 4217 3623 4285 repellit,
3661 4225 3705 4268 et

2167 4314 2220 4365 in
2250 4310 2425 4381 gladio
2468 4310 2716 4381 populum
2743 4324 2896 4361 suum
2927 4306 3220 4371 concludit,
3263 4307 3360 4376 qui
3409 4315 3527 4375 post
3564 4306 3705 4374 bapti-

2172 4415 2345 4454 smum
2370 4414 2490 4453 eum
2520 4406 2688 4452 tentat
2716 4406 2768 4451 et
2796 4396 3107 4451 exacerbat.
3144 4395 3209 4450 Et
3241 4405 3422 4449 tamen
3446 4394 3701 4449 secundum

2172 4489 2431 4560 quosdam
2456 4503 2641 4543 eorum
2668 4486 2956 4541 salvandos
2982 4488 3251 4541 excitatur
3278 4486 3554 4553 Dominus,
3581 4485 3707 4539 redu-

2170 4584 2339 4637 cendo
2379 4596 2472 4636 eos
2507 4580 2573 4634 ad
2617 4595 2716 4634 se:
2754 4580 3012 4634 Dominus
3040 4579 3161 4633 dico
3203 4579 3447 4634 existens
3492 4589 3704 4647 tanquam

2170 4674 2447 4735 dormiens,
2490 4672 2543 4725 id
2571 4680 2653 4727 est
2682 4671 2876 4725 similis
2906 4670 3218 4737 dormienti,
3251 4672 3543 4726 secundum
3566 4668 3707 4722 maxi-

2171 4779 2312 4817 mam
2347 4777 2535 4817 eorum
2577 4771 2787 4831 partem
2818 4777 2979 4830 quam
3030 4760 3308 4817 concludit
3350 4762 3406 4814 in
3453 4760 3628 4830 gladio,
3662 4764 3707 4809 ut

2170 4856 2415 4927 superius
2442 4855 2674 4911 ostendi.
2717 4855 2783 4909 Et
2826 4869 2930 4908 non
2976 4853 3171 4909 similis
3202 4852 3397 4907 leviter
3438 4848 3707 4909 dormienti,

2171 4950 2264 5002 sed
2294 4947 2533 5001 existens
2556 4956 2805 5016 tanquam
2817 4954 3020 5014 potens,
3045 4942 3097 4995 id
3122 4950 3206 4997 est
3221 4952 3474 5011 tanquam
3499 4941 3709 5011 princeps

2172 5039 2364 5108 aliquis
2390 5039 2693 5107 crapulatus
2715 5054 2748 5090 a
2773 5036 2914 5100 vino,
2938 5034 2991 5088 id
3014 5042 3098 5089 est
3122 5033 3275 5088 valde
3298 5031 3588 5101 ebrius,qui
3611 5043 3708 5098 grao

2172 5132 2310 5187 viter
2322 5132 2583 5185 dormiens
2596 5130 2776 5183 domui
2787 5143 2896 5182 sum
2910 5126 3110 5179 nullam
3125 5141 3313 5180 curam
3330 5123 3591 5195 impendit.
3605 5120 3709 5174 Dico

2171 5221 2459 5284 excitatur,
2499 5228 2553 5273 et
2578 5219 2680 5273 hoc
2711 5218 2867 5272 modo
2898 5216 3106 5272 scilicet
3127 5215 3180 5269 in
3202 5215 3519 5283 quibusdam
3537 5211 3710 5267 excita-

2176 5322 2282 5368 tur.
2309 5312 2549 5367 Percutit
2582 5310 2816 5366 stimulis
2841 5309 3177 5380 ptenitentia:
3200 5321 3317 5372 eos,
3355 5308 3588 5362 inimicos
3608 5314 3710 5357 suos

2172 5406 2468 5459 existentes
2491 5403 2627 5458 male
2653 5386 2915 5457 vivendo.
2930 5401 3062 5453 Dico
3084 5399 3319 5469 percutit
3340 5414 3455 5464 eos,
3469 5407 3513 5451 et
3528 5407 3711 5466 porcus»

2173 5496 2324 5550 sione
2346 5494 2820 5550 scilicetteudente
2845 5493 2898 5545 in
2919 5492 3209 5559 posteriora
3232 5489 3453 5553 saecula,
3476 5488 3521 5541 id
3543 5493 3621 5540 est
3640 5481 3711 5535 tali

2174 5588 2518 5657 percussione
2562 5601 2680 5654 qua:
2721 5596 2905 5653 postea
2947 5584 3108 5637 durat
3149 5596 3244 5650 per
3288 5595 3498 5635 omnem
3527 5585 3711 5632 atatem

2175 5679 2333 5749 317
2362 5694 2569 5731 eorum.
2594 5678 2659 5731 Et
2688 5679 2811 5746 quia
2839 5677 2941 5731 hoc
2967 5676 3199 5729 obscure
3227 5672 3471 5737 dixerat,
3497 5666 3707 5737 exponit.

2174 5786 2295 5825 cum
2348 5768 2494 5823 addit
2528 5787 2539 5821 :
2574 5768 2703 5823 Dico
2746 5768 2891 5836 quod
2924 5780 3017 5821 eos
3045 5765 3278 5835 percutit
3328 5765 3381 5818 in
3429 5758 3708 5818 posteriora;
