3840 6338
125 351 232 408 1057

996 342 1359 400 ΕΧΡΟΞΙΤΙΟ
1406 341 1474 397 lN
1503 341 1838 399 PSALMOS.
1865 375 1932 384 --
1973 343 2164 399 PSA]...
2207 305 2509 400 Lxxviu.‘

3206 352 3344 409 1058

122 465 236 538 quod
259 472 335 520 est
356 461 572 518 dicere:
601 459 958 531 Opprohrium
989 459 1383 529 sempiternum
1415 459 1507 512 dat
1535 459 1614 513 eis
1635 498 1648 520 ,
1686 465 1727 518 Α
1756 458 2061 514 Judmorum
2099 460 2332 514 ﬁdelium
2381 459 2691 516 sublimavit
2733 478 2857 518 eum
2879 504 2893 530 ,
2950 465 3229 522 adducens
3275 468 3329 522 iu

124 567 170 615 ut
202 555 416 626 quandiu
465 553 682 620 vivunt,
730 552 1081 622 opprobrium
1129 552 1197 607 de
1257 549 1498 622 peccatis
1552 549 1664 604 suis

123 649 321 704 habeam
342 653 394 700 et
415 643 736 716 pteniteant.
758 643 1024 710 Quoniam
1049 643 1214 714 igitur
1239 643 1305 698 de
1329 641 1663 712 quorundam

125 740 261 794 Deum
288 736 603 792 tentantium
635 744 690 790 et
715 737 1156 790 exacerbantitun
1190 735 1558 802 damnatione,
1612 743 1666 790 et

126 829 178 885 de
201 825 515 897 quorundam
549 834 737 894 egerat
761 825 1086 891 salvatione,
1142 833 1196 880 et
1223 825 1326 878 hoc
1353 838 1458 878 nou
1490 828 1667 878 deter-

126 921 388 975 tniuavcrat
419 917 510 988 qui
545 917 654 972 sint
681 917 772 987 qui
804 917 1123 986 perdantur,
1177 916 1268 986 qui
1297 930 1427 970 vero
1454 915 1664 969 salven-

125 1023 208 1078 tur,
234 1010 539 1066 determinat
561 1011 663 1064 hoc
691 1023 812 1064 cum
843 1009 1151 1080 subjungit:
1183 1008 1313 1062 Dico
1340 1006 1482 1076 quod
1505 1019 1670 1076 quos-

131 1105 228 1159 dam
277 1101 501 1173 percutit
539 1101 773 1156 stimulis
800 1103 1154 1172 pmnitentize.
1185 1100 1254 1155 Et
1281 1099 1421 1154 idem
1453 1103 1664 1170 repellit

126 1213 148 1251 a
185 1195 254 1251 sui
278 1195 441 1266 gratia
472 1194 870 1249 tabernaculum
905 1192 1133 1263 Ioseph,
1185 1193 1236 1247 id
1287 1203 1369 1248 est
1417 1193 1536 1249 illos
1566 1193 1656 1263 qui

125 1304 220 1343 cum
247 1287 386 1357 prius
416 1286 534 1358 ejus
560 1285 956 1340 tabernaculum
999 1295 1213 1351 essent,
1247 1285 1300 1338 in
1332 1284 1530 1356 quibus
1566 1287 1668 1340 ha-

125 1377 304 1442 bitavit;
332 1375 638 1431 eﬁiciuntur
659 1376 848 1445 Ioseph
871 1417 885 1442 ,
913 1376 965 1430 id
991 1384 1073 1430 est
1100 1375 1306 1431 similes
1330 1376 1521 1446 Ioseph
1550 1393 1569 1430 :
1605 1383 1663 1430 ut

125 1471 234 1524 sicut
251 1469 329 1522 ille
343 1467 589 1522 venditus
606 1468 656 1522 in
673 1466 966 1538 ZEgyptum
996 1467 1114 1529 fuit,
1137 1469 1207 1523 ita
1225 1468 1324 1538 ipsi
1350 1483 1446 1537 per
1471 1483 1667 1522 carna-

126 1561 224 1613 lium
256 1557 578 1628 voluptatum
615 1559 880 1629 pretium,
913 1573 1051 1629 quas
1085 1558 1502 1627 amplectuntur,
1551 1573 1670 1614 sese

127 1650 166 1703 in
190 1649 458 1721 Egyptum
505 1650 774 1716 vendant,
807 1649 857 1704 id
895 1658 977 1704 est
1011 1649 1064 1704 in
1093 1647 1439 1704 aﬁlictionem
1486 1649 1668 1719 perdi-

129 1741 253 1796 tionis
274 1750 506 1798 :eternae.
539 1741 694 1808 Quod
733 1752 818 1798 est
857 1742 1040 1798 dicere
1071 1759 1084 1794 :
1130 1741 1253 1796 lllos
1283 1741 1373 1812 qui
1420 1756 1672 1811 perseve-

128 1841 275 1888 ranter
293 1831 655 1904 voluptatibus
686 1833 1039 1905 acquiescunt
1067 1848 1097 1888 a
1127 1848 1184 1888 se
1217 1807 1435 1903 repellit
1469 1851 1482 1887 :
1511 1833 1663 1902 juxta
1704 1807 1745 1866 Β

127 1921 235 1989 quod
277 1921 508 1992 legitur:
550 1941 570 1974 ‹
605 1922 746 1977 Caro
791 1932 846 1978 et
893 1923 1114 1992 sanguis
1155 1937 1384 1992 regnum
1431 1922 1527 1977 Dei
1562 1938 1666 1978 non

127 2009 425 2078 possidebunt
453 2011 508 2082 (Ι
549 2010 676 2066 Cor.
725 2027 816 2078 xv,
850 2011 962 2082 50).
1001 2032 1021 2064 ι
1065 2012 1132 2067 Ει
1175 2013 1302 2083 quia
1350 2012 1508 2067 multi
1540 2023 1664 2067 sunt

127 2099 193 2167 qui
221 2101 413 2156 tametsi
440 2095 816 2174 vo!uptatibus
846 2119 952 2158 non
995 2113 1218 2169 vacant,
1251 2112 1431 2160 tamen
1459 2103 1608 2174 juste
1637 2121 1665 2159 a

128 2189 210 2244 Deo
234 2191 341 2246 aliis
369 2192 526 2249 malis
577 2195 788 2250 meritis
837 2196 952 2251 suis
982 2195 1340 2266 repelluntur,
1375 2197 1525 2252 addit
1555 2215 1568 2253 :
1601 2197 1668 2252 Et

127 2295 205 2336 non
244 2282 378 2355 eligit
428 2285 495 2340 ad
527 2285 888 2341 salvationem
935 2288 1128 2340 tribum
1166 2286 1436 2358 Ephrem,
1487 2288 1539 2342 izl
1584 2297 1669 2343 est

131 2369 462 2428 universaliter
505 2387 700 2428 omnes
731 2374 953 2445 impios,
991 2374 1080 2444 qui
1113 2384 1241 2430 sunt
1272 2376 1476 2432 similes
1505 2377 1664 2433 tribui

125 2457 347 2528 Ephrem,
395 2463 772 2533 relinquentes
813 2465 1024 2520 scilicet
1070 2464 1366 2521 Ecclesiam
1398 2477 1453 2521 et
1483 2483 1666 2537 perse-

124 2561 325 2608 verantes
353 2554 403 2608 in
436 2555 642 2610 diaboli
674 2555 1044 2628 subjectione,
1069 2557 1212 2612 sicut
1239 2558 1411 2612 tribus
1435 2559 1663 2630 Ephrem

125 2642 279 2714 legitur
300 2645 635 2703 Hierusalem
667 2649 988 2720 reliquisse,
1021 2657 1076 2704 et
1105 2651 1156 2705 in
1192 2666 1356 2722 regno
1377 2650 1664 2727 Jeroboam

127 2747 274 2794 contra
320 2739 411 2795 Dei
457 2741 800 2796 voluntatem
855 2743 1174 2811 perstitisse.
1227 2743 1293 2796 Et
1329 2743 1471 2798 idem
1519 2741 1666 2814 eligit

127 2831 276 2883 tribum
302 2831 466 2899 Juda,
524 2833 578 2888 id
611 2842 697 2888 est
727 2834 1130 2890 multitudinem
1171 2834 1580 2896 conﬁtentium,
1613 2833 1665 2888 id

128 2929 186 2974 est
206 2921 510 2979 laudantium
541 2927 712 2981 Deum
740 2935 1242 2996 perscverauter,et
1261 2939 1448 2995 Opere,
1473 2934 1528 2981 et
1547 2940 1664 2993 ore,

131 3020 168 3064 ct
214 3015 373 3070 corde.
403 3013 539 3070 Juda
578 3015 778 3086 quippe
824 3017 1080 3086 confessio
1107 3018 1516 3087 interpretatur.
1550 3015 1667 3070 Tri-

129 3102 217 3156 buni
239 3105 366 3160 Juda
394 3107 513 3163 dico
540 3105 742 3163 faCtam
771 3121 868 3177 per
894 3109 1124 3178 gratiam
1176 3107 1270 3162 Dei
1318 3118 1545 3161 montem
1566 3148 1580 3173 ,
1611 3106 1663 3161 id

94 3268 100 3276 ι
129 3204 189 3248 est
211 3197 253 3250 in
290 3200 572 3256 virtutibus
603 3200 929 3267 sublimem,
981 3207 1036 3256 et
1081 3198 1244 3266 Sion,
1279 3201 1331 3255 id
1360 3208 1442 3255 cst
1467 3209 1668 3255 (eterna

131 3288 465 3354 speculantem.
500 3289 674 3358 Quem
707 3302 934 3346 montem
961 3289 1178 3357 dilexit,
1204 3291 1325 3346 ideo
1355 3290 1480 3360 quia
1514 3304 1670 3344 mons

131 3389 192 3433 est
214 3391 258 3435 et
281 3379 420 3438 Sion.
468 3383 536 3438 Et
579 3399 646 3438 ex
681 3383 795 3454 ipsa
827 3382 968 3438 tribu
1017 3382 1293 3452 wdi/icavit
1321 3381 1667 3451 sancti/icium

129 3488 267 3540 suum,
293 3477 340 3531 id
366 3487 442 3534 est
475 3487 729 3534 sanctum
759 3479 1014 3548 templum
1034 3494 1190 3535 suum
1221 3479 1272 3532 in
1299 3494 1405 3548 quo
1436 3477 1663 3540 habitet,

129 3564 289 3620 scilicet
308 3566 602 3625 Ecclesiam
626 3583 690 3624 ex
719 3569 798 3624 eis
813 3569 1116 3624 constituit.
1142 3567 1514 3623 Sauctilicium
1537 3567 1661 3622 dico

132 3650 359 3712 fundatum
411 3661 460 3714 iu
515 3669 698 3726 terra,
746 3661 798 3715 id
837 3669 923 3716 est
965 3661 1017 3716 in
1065 3660 1472 3716 similitudinem
1506 3669 1665 3714 terrae

130 3755 253 3810 quam
281 3747 517 3804 fundavit
547 3751 764 3805 lirn'tam
802 3761 856 3805 et
881 3751 1243 3816 immobilem,
1274 3767 1444 3821 usque
1477 3751 1528 3805 in
1555 3767 1672 3805 om-

130 3833 194 3886 uia
233 3839 410 3894 saecula
461 3842 564 3896 ista
619 3841 957 3895 dunturam.
1011 3842 1231 3897 Scilicet
1275 3843 1485 3897 ﬁrmam
1541 3841 1671 3896 facit

129 3939 216 3982 cam
251 3939 298 3985 et
329 3932 656 3990 immobilem
678 3973 692 3999 ,
739 3935 806 3990 ad
853 3934 1265 3990 similitudinem
1303 3943 1496 3998 terrae,
1524 3936 1670 4005 quod

133 4015 299 4078 ﬁrmum
323 4024 650 4082 elementum
671 4034 777 4094 est,
803 4026 856 4082 id
879 4035 965 4081 est
996 4025 1277 4082 immobile
1304 4034 1360 4081 et
1389 4026 1480 4081 diu
1513 4040 1667 4080 utan-

129 4122 296 4167 surum.

180 4200 287 4260 Dico
324 4207 463 4279 quod
494 4209 862 4265 sanctiﬁcium
915 4225 1072 4265 suum
1120 4209 1353 4266 aediﬁcat
1392 4209 1668 4265 funuanuo

131 4290 225 4350 illud
247 4297 292 4354 in
329 4301 570 4359 Ecclesia
601 4320 614 4356 :
651 4301 838 4370 Sicut,
861 4303 914 4358 id
942 4312 1026 4360 est
1075 4311 1262 4374 utpote
1307 4303 1666 4360 sanctiﬁcium

131 4385 410 4448 unicornium
429 4434 444 4458 ,
475 4394 530 4448 id
561 4402 644 4449 est
668 4393 774 4450 tale
800 4393 1160 4450 sanctiﬁcium
1184 4395 1326 4464 quod
1351 4407 1416 4450 ex
1446 4396 1672 4451 unicor-.

1769 547 2010 602 notitiam
2040 550 2298 619 gentium.
2331 548 2595 615 Quoniam
2626 561 2805 605 autem
2833 553 3045 609 dixerat
3066 596 3080 618 ,
3107 553 3342 624 sustulit,

1766 648 1822 692 et
1853 639 2073 692 verbutn
2113 639 2254 693 istud
2284 639 2556 709 signiﬁcat
2584 639 2913 696 ablutionem
2933 683 2947 708 ,
2973 659 3040 698 ne
3067 645 3346 700 videretur

1767 745 1889 784 eum
1921 745 1952 784 a
1977 730 2169 784 notitia
2199 729 2566 800 apostolorum
2599 733 2909 798 abstulisse,
2935 751 3057 789 cum
3089 736 3346 792 innocen-

1771 822 1897 876 tiam
1928 823 2167 894 gentium
2195 822 2413 876 adduxit
2433 832 2492 878 Ill.
2518 825 2860 892 determinet,
2893 826 3076 880 addit:
3105 828 3230 884 Dico
3254 830 3348 884 ab-

1769 913 1919 968 stulit
1940 929 2061 970 eum
2094 915 2156 968 tle
2178 917 2417 986 gregibus
2441 916 2634 983 ovium,
2664 917 2870 972 scilicet
2901 919 3112 986 accepit
3141 933 3262 972 eum
3281 919 3349 974 de

1771 1003 1873 1058 hoc
1908 1005 2050 1072 quod
2090 1013 2206 1058 erat
2233 1013 2354 1074 post
2377 1001 2637 1071 fetantcs,
2668 1005 2720 1059 id
2751 1015 2834 1060 est
2866 1021 3068 1077 regens
3102 1007 3348 1076 doctrina

1769 1106 1864 1146 sua
1880 1091 2149 1162 apostolos
2163 1107 2190 1145 a
2209 1092 2560 1148 similitudine
2576 1095 2809 1162 pastoris
2827 1095 2916 1165 qui
2938 1097 3074 1166 regit
3089 1112 3216 1151 oves
3230 1107 3353 1168 post

1769 1199 1863 1238 eas
1889 1183 2166 1239 incedens.
2199 1183 2465 1239 Dicuntur
2493 1185 2710 1254 quidem
2743 1187 2970 1255 apostoli
3004 1201 3244 1257 congrue
3273 1186 3352 1242 fe-

1773 1281 1976 1339 tautcs,
2009 1289 2074 1330 eo
2102 1275 2244 1344 quod
2267 1274 2413 1330 fetus
2443 1274 2550 1330 Deo
2577 1275 2784 1329 faciunt
2805 1317 2818 1340 ,
2843 1277 2968 1329 dum
3003 1276 3140 1331 ﬁdela
3161 1291 3189 1331 s
3215 1275 3354 1331 ﬁlios

1771 1365 1881 1418 Deo
1896 1364 2306 1434 perdoctrinam
2326 1365 2564 1434 pariunt.
2579 1364 2732 1432 Quod
2755 1374 2837 1419 est
2853 1365 3034 1420 dicere
3056 1383 3069 1420 :
3089 1366 3219 1420 Cum
3242 1367 3356 1438 ipse

1771 1453 1825 1507 iu
1852 1455 2044 1508 notitia
2069 1463 2522 1524 essetpaucorum
2540 1455 2799 1522 ﬁdelium,
2827 1457 2950 1510 inde
2971 1470 3094 1510 eum
3119 1459 3351 1529 :zccepit,

1772 1545 1824 1600 id
1874 1555 1958 1600 est
2005 1545 2060 1599 in
2111 1546 2475 1614 cognitionem
2523 1547 2764 1617 gentium
2821 1556 2874 1602 et
2927 1547 3354 1602 dominationem

1771 1638 2085 1709 protelavit.
2116 1639 2250 1694 Cum
2282 1649 2442 1694 vocat
2478 1639 2600 1695 illos
2645 1655 2780 1710 quos
2827 1641 2979 1711 prius
3009 1623 3233 1712 regebat
3276 1639 3354 1694 fe—

1775 1743 1984 1800 tantcs,
2011 1732 2190 1787 innuit
2233 1732 2488 1802 quoniam
2518 1747 2612 1788 eos
2652 1747 2758 1788 non
2799 1733 3058 1788 deseruit.
3089 1733 3354 1804 lujustum

1771 1826 1916 1881 enim
1953 1834 2128 1891 esset,
2162 1840 2284 1880 cum
2315 1825 2547 1880 fetantes
2574 1835 2778 1892 essent,
2807 1840 2929 1881 eum
2964 1840 3058 1882 eos
3081 1827 3357 1882 deserere.

1772 1918 1902 1972 Dico
1929 1918 2072 1986 quod
2120 1917 2295 1972 David
2345 1917 2496 1988 elegit
2544 1935 2780 1987 pascere,
2807 1919 3046 1986 scilicet,
3081 1918 3132 1974 id
3163 1927 3247 1974 est
3291 1919 3358 1976 ad

1769 2007 2100 2078 pascendum
2130 2007 2375 2061 doctrina
2404 2007 2927 2077 etexemploJacob
2949 2025 3154 2063 servum
3180 2025 3356 2075 suum,

1770 2098 1822 2152 id
1856 2107 1939 2153 est
1988 2098 2244 2169 gentilem
2276 2097 2531 2167 populum
2569 2098 2764 2152 fortem
2810 2109 2999 2154 contra
3030 2100 3158 2154 vitia
3191 2101 3362 2155 lucta-

1773 2199 1974 2254 torem,
1997 2189 2163 2260 318
2207 2199 2262 2242 ct
2289 2188 2342 2242 in
2372 2189 2626 2245 omnibus
2655 2189 2702 2246 ei
2741 2190 3106 2246 obedientem.
3137 2192 3243 2246 Per
3270 2191 3360 2246 Ja-

1770 2282 1871 2336 cob
1901 2284 2116 2352 quidem
2167 2282 2241 2337 illi
2295 2283 2670 2353 designantur,
2724 2285 2818 2355 qui
2854 2285 3032 2341 adhuc
3079 2287 3131 2340 in
3182 2288 3357 2341 activa

1770 2385 1897 2429 sunt
1927 2375 2036 2430 vita
2062 2374 2298 2430 viriliter
2329 2357 2616 2431 luctantes.
2653 2377 2720 2432 Et
2751 2395 2964 2448 pascere
2995 2378 3165 2433 Israel
3194 2380 3361 2433 lueri-

1769 2466 1982 2521 ditatem
2015 2466 2223 2521 scilicet
2251 2482 2405 2520 suam
2439 2483 2852 2539 usquequaque,
2883 2469 2934 2524 id
2967 2479 3052 2524 est
3079 2470 3353 2540 perfectos

1769 2558 2211 2618 contemplationi
2242 2568 2498 2614 vacantes
2525 2577 2537 2613 :
2567 2561 2692 2630 quia
2715 2559 2828 2629 jam
2862 2570 2992 2615 sunt
3013 2561 3358 2616 hmreiitaria

1768 2650 2041 2721 possessio
2065 2650 2298 2706 Domini.
2334 2650 2465 2706 Dico
2495 2651 2639 2720 quod
2685 2651 2840 2722 elegit
2878 2669 2995 2707 eum
3022 2660 3082 2706 ut
3111 2650 3279 2707 Jacob
3307 2664 3364 2707 et

1767 2742 1932 2798 lsrael
1956 2753 2223 2812 pasceret.
2257 2742 2323 2797 Et
2354 2743 2468 2813 ipse
2489 2744 2626 2814 pavit
2657 2761 2744 2799 eos
2772 2746 2826 2798 in
2851 2746 3178 2811 innocentia,
3204 2745 3256 2800 id
3277 2759 3362 2801 ρει

1770 2833 1824 2889 in
1857 2835 2103 2906 exetnplo
2134 2835 2457 2890 innocentia:
2487 2837 2669 2891 cordis
2703 2837 2782 2891 sui
2811 2845 2865 2892 et
2892 2837 3117 2892 deduxit
3151 2852 3248 2892 eos
3293 2839 3358 2893 de

1769 2926 1912 2981 bono
1960 2925 2012 2979 in
2060 2925 2253 2980 melius
2291 2927 2347 2980 in
2394 2927 2756 2982 intellectibus
2803 2943 3059 2982 manuum
3107 2943 3356 2995 suarum,

1769 3017 1823 3072 id
1869 3027 1953 3072 est
2008 3017 2061 3072 in
2118 3017 2364 3086 exemplo
2403 3033 2627 3088 operum
2674 3033 2939 3074 suorum:
2979 3034 3099 3089 qua:
3125 3034 3230 3074 non
3283 3029 3360 3074 tc-

1771 3124 1922 3164 mere
1956 3109 2112 3175 fecit,
2161 3109 2254 3164 sed
2305 3109 2718 3164 rationabilihus
2766 3109 3152 3166 intellectibus.
3205 3109 3358 3176 Quod

1773 3208 1856 3254 est
1884 3199 2063 3254 dicere
2097 3214 2111 3253 :
2151 3198 2303 3254 Fecit
2332 3214 2427 3254 eos
2470 3199 2569 3254 sibi
2599 3199 2906 3255 confortncs
2931 3200 2984 3254 in
3017 3200 3357 3266 innocentia,

1772 3300 1826 3347 et
1874 3291 2238 3346 intellectibus
2300 3291 2756 3358 rationabilibus,
2807 3293 2948 3346 unde
3001 3293 3361 3362 procederent

1773 3381 1914 3436 bona
1949 3397 2146 3451 opera,
2185 3395 2304 3452 qum
2335 3395 2432 3452 per
2475 3395 2670 3436 manus
2711 3381 3086 3452 designantur,
3119 3397 3184 3438 eo
3213 3382 3358 3453 quod

1774 3474 2025 3529 manibus
2049 3488 2360 3544 operemur.

2185 3563 2254 3618 lN
2295 3562 2625 3619 PSALMUM
2664 3562 2978 3631 Lxxvun

1844 3655 2053 3711 Titulus
2080 3656 2462 3726 septuagesimi
2489 3655 2687 3708 octavi.
2711 3654 2959 3709 l’salmus
2981 3655 3181 3726 Asnph.
3207 3654 3358 3722 Quod

1771 3749 1850 3802 sic
1881 3749 2169 3818 exponitur
2200 3762 2218 3800 :
2249 3747 2502 3819 .Psalmus
2539 3747 2640 3801 iste
2675 3755 2759 3802 est.
2787 3747 2961 3816 Asaph
2983 3787 2998 3813 ,
3029 3747 3080 3802 id
3109 3757 3192 3803 est
3224 3747 3359 3803 ﬁde-

1771 3838 1840 3893 lis
1872 3839 2312 3910 congregationis
2344 3848 2669 3909 martyrnm,
2696 3837 2996 3892 videntium
3028 3839 3354 3908 persecutio

1771 3946 1897 3986 netu
1953 3930 2206 3986 Ecclesiae
2272 3929 2566 3984 maximam
2629 3929 2970 3998 compassive
3025 3929 3357 3994 dolentium,

1771 4024 2017 4094 quietiam
2046 4023 2307 4079 Ecclesia:
2337 4023 2578 4078 membra
2607 4021 2805 4076 debilia
2838 4036 2936 4092 per
2969 4020 3218 4075 timorem
3261 4021 3356 4074 tri-

1771 4114 2107 4170 bulationum
2136 4115 2206 4170 ab
2229 4115 2412 4185 impiis
2435 4112 2808 4182 incorporari;
2834 4112 3080 4182 quaedam
3103 4125 3233 4165 vero
3257 4109 3340 4165 for

1773 4207 1982 4262 tissima
2018 4207 2144 4277 quia
2190 4207 2384 4262 cedere
2429 4205 2622 4260 nolunt
2667 4202 2974 4258 inﬁdelibus
3008 4201 3272 4268 interﬁci,
3305 4210 3358 4255 et

1770 4316 1957 4356 eorum
1986 4300 2305 4372 sanguinem
2339 4297 2520 4353 viliter
2552 4307 2611 4350 ut
2637 4309 2833 4366 aquam
2864 4284 3184 4358 elIundi,et
3213 4281 3356 4346 rnor-

1773 4392 1936 4446 ticiua
1967 4406 2155 4446 eorum
2187 4389 2484 4444 inhumane
2523 4385 2717 4441 bestiis
2763 4393 2818 4438 et
2847 4382 3162 4438 volatilibus
3193 4381 3356 4452 tradi.

132 4474 250 4534 nibus
271 4494 503 4552 constat,
534 4494 593 4541 et
626 4501 694 4541 ex
731 4487 938 4543 sanctis
968 4487 1102 4544 viris
1123 4527 1138 4552 ,
1167 4489 1378 4543 scilicet
1408 4489 1500 4558 qui
1547 4488 1668 4543 ideo
1700 4496 1744 4550 D
1773 4483 1927 4540 Unde
1956 4481 2141 4536 ﬁdeles
2167 4477 2516 4550 opprobrium
2549 4483 2676 4532 sunt
2708 4474 2930 4540 vicinis,
2958 4481 3014 4528 et
3045 4471 3222 4528 illusio
3251 4472 3357 4526 iui-

133 4564 335 4626 dicuntur
359 4577 648 4632 uuicornes
668 4617 682 4642 ,
713 4591 778 4632 eo
824 4579 966 4648 quod
997 4594 1161 4633 unam
1189 4579 1345 4634 bona:
1374 4578 1668 4636 voluntatis

132 4660 444 4722 etcharitatis
484 4668 839 4724 concordiam
899 4671 1145 4732 lirmam,
1201 4677 1256 4724 et
1305 4667 1372 4724 ad
1423 4669 1666 4726 coelestia

133 4752 384 4836 tendentem
433 4761 702 4827 habeant,
753 4763 822 4816 ad
868 4761 1280 4817 similitudinem
1324 4777 1492 4817 cornu
1524 4763 1667 4836 quod

132 4833 251 4896 lirma
275 4861 354 4902 res
397 4859 510 4916 est,
544 4859 601 4906 et
646 4850 716 4905 ad
746 4852 1030 4921 superiora
1069 4852 1314 4907 tendens.
1355 4833 1567 4923 thuia
1598 4853 1667 4909 ad

131 4927 208 4988 hoc
235 4941 578 4998 sanctiﬁcium
627 4943 1006 4999 aadiﬁcandum
1051 4944 1230 4999 nullus
1279 4946 1664 5016 prophetatum

133 5031 172 5076 ει
197 5038 487 5089 ceterorum
539 5035 776 5090 ﬁdelium
808 5036 1056 5104 ‘idoneus
1101 5035 1231 5104 fuit,
1265 5037 1430 5108 elegit
1458 5037 1526 5092 ad
1564 5039 1667 5093 hoc

133 5124 237 5180 opus
258 5133 317 5175 ex
349 5138 527 5180 massa
574 5124 813 5181 ﬁdelium
851 5127 1022 5182 David
1053 5141 1266 5182 servum
1303 5141 1490 5194 suum,
1521 5127 1666 5182 scili-

133 5214 198 5259 cet
229 5207 482 5271 Christum
519 5231 710 5272 verum
763 5233 926 5273 manu
960 5218 1188 5285 fortem,
1237 5235 1455 5274 servum
1507 5235 1665 5274 suum

133 5301 375 5359 secundum
391 5307 804 5376 humanitatem,
829 5310 1037 5365 scilicet
1058 5308 1158 5365 sibi
1178 5309 1665 5366 ﬁdeliterobedien-

134 5391 241 5455 18m.
261 5402 307 5448 et
330 5397 380 5452 in
401 5400 548 5455 nullo
576 5401 952 5458 resultantem.
981 5401 1048 5456 Et
1074 5401 1316 5471 sustulit,
1348 5403 1399 5458 id
1423 5411 1510 5458 est
1531 5407 1660 5458 sub-

134 5473 332 5542 blimavit
370 5505 522 5558 eum,
554 5491 617 5546 de
653 5493 891 5564 gregibus
929 5494 1131 5558 ovium,
1163 5492 1216 5548 id
1245 5500 1331 5548 est
1368 5491 1434 5546 de
1479 5493 1662 5550 multi-

135 5568 282 5629 tudine
301 5583 630 5650 quorundam
679 5585 917 5640 lidelium
958 5582 1266 5640 Judteorum
1295 5583 1662 5656 apostolorum

135 5662 302 5748 scilicet
325 5680 374 5727 et
391 5683 730 5744 cancrorum,
753 5669 854 5748 qui
874 5676 1248 5734 tantummodo
1269 5676 1386 5748 ejus
1411 5676 1662 5732 notitiam

137 5746 380 5819 habebant.
429 5765 583 5833 Quod
624 5781 706 5828 est
752 5746 978 5828 dicere:
1014 5771 1088 5827 De
1121 5746 1312 5829 notitia
1361 5783 1659 5850 paucorum

1771 4575 1948 4629 micis.
2001 4571 2133 4627 Orat
2181 4571 2345 4626 etiam
2388 4567 2631 4623 ﬁdelium
2663 4563 2912 4621 collectio
2964 4577 3031 4618 ne
3078 4563 3220 4619 Deus
3264 4578 3360 4618 eos

1768 4666 2046 4737 permittat
2078 4678 2242 4720 causa
2288 4669 2640 4734 peccatorum
2696 4672 2919 4714 suorum
2959 4657 3013 4711 in
3051 4655 3356 4712 tribulatio-

1769 4758 1930 4814 nibus
1960 4753 2224 4821 deﬁcere,
2257 4760 2320 4808 ut
2367 4751 2490 4808 aliis
2537 4751 2629 4807 det
2677 4747 2986 4818 exemplum
3032 4748 3256 4812 orandi,
3289 4762 3358 4801 ie

1769 4851 2023 4908 deﬁciant
2068 4849 2120 4903 in
2154 4845 2522 4902 tribulatione.
2563 4841 2892 4901 Couccssive
2938 4843 3103 4897 etiam
3147 4841 3258 4912 agit
3287 4841 3354 4894 de

1767 4942 2126 5015 quorumdam
2152 4939 2590 4994 adversariorum
2617 4951 2836 4993 suorum
2861 4933 3208 4988 damnatione
3233 4948 3354 5002 pcr-

1767 5035 2065 5090 dendorum
2086 5074 2100 5099 ,
2128 5041 2182 5088 et
2215 5033 2282 5087 de
2320 5031 2494 5086 salute
2520 5029 2876 5100 quorumdam
2907 5037 3025 5082 orat
3057 5023 3348 5082 salvaudo-

1767 5144 1909 5184 rum.
1944 5125 2057 5181 lloc
2077 5134 2258 5180 autem
2283 5124 2426 5195 quod
2451 5123 2708 5180 Ecclesia:
2731 5121 3136 5178 tribulationem
3168 5129 3368 5174 osten-.

1767 5221 1879 5285 dit,
1925 5235 1986 5274 ea
2035 5218 2264 5275 utilitate
2307 5217 2470 5281 facit,
2511 5224 2572 5272 ιιι
2620 5225 2864 5288 posteros
2894 5215 3161 5275 instruat,
3196 5212 3241 5266 si
3274 5211 3355 5266 eis

1767 5310 2145 5366 tribulatioues
2193 5325 2291 5380 pro
2335 5308 2556 5364 Christo
2603 5307 2929 5373 inferantur,
2987 5320 3091 5359 non
3153 5304 3353 5362 debere

1766 5404 2003 5473 graviter
2039 5403 2212 5467 ferre,
2246 5417 2367 5458 cum
2401 5403 2502 5456 hoc
2529 5401 2668 5455 idem
2703 5400 2924 5456 audiant
2954 5398 3140 5454 ﬁdeles
3167 5397 3352 5468 primi-

1768 5497 1906 5552 tivos
1930 5498 2236 5566 pertulisse.

1836 5586 2012 5655 Deus,
2055 5597 2300 5642 venerunt
2343 5592 2549 5655 gentes,
2589 5583 2642 5639 id
2672 5591 2756 5640 est
2797 5581 3072 5656 gentiliter
3103 5580 3351 5637 viventes

1766 5679 1880 5735 sive
1922 5678 2091 5734 Judaei
2121 5678 2234 5734 sive
2267 5676 2530 5743 Gentiles,
2567 5675 2778 5732 scilicet
2809 5674 3057 5730 nationes
3091 5673 3269 5745 impire
3295 5681 3350 5724 et

1767 5769 2157 5827 crudelissima:
2186 5778 2456 5824 venerunt
2485 5767 2686 5836 impetu
2718 5766 3005 5822 barbarico
3033 5767 3085 5819 in
3119 5765 3349 5820 Ita-redi-
