3840 6338
482 295 506 349 l
516 292 617 348 059

1066 285 1124 341 S.
1164 280 1511 338 BRUNONIS
1549 280 2191 337 CARTHUSIANOIKUM
2232 280 2718 338 lNSTlTUTORIS
2749 279 2900 338 OPP.
2938 279 3120 336 PARS
3149 281 3191 335 Ι.

3525 307 3528 310 ·
3591 289 3700 344 illm

478 413 640 457 tatem
669 411 810 454 tuam
858 399 912 453 in
952 396 1251 452 Ecclesium
1284 395 1512 450 scilicet.
1552 391 1620 448 Et
1661 395 1790 463 quia
1823 408 1924 447 non
1961 394 2052 449 de-
2084 403 2126 451 Α
2156 395 2414 460 irasceris,
2446 395 2605 448 idest
2631 411 2802 465 usque
2828 395 2894 449 ad
2924 409 3085 464 quem
3109 395 3326 451 modum
3349 396 3451 452 erit
3499 399 3603 456 haec
3637 403 3702 459 in

481 492 872 548 terminaverat
914 489 982 544 ad
1035 487 1164 557 quid
1211 486 1262 539 in
1313 485 1609 540 Ecclesium
1661 477 1962 548 venissent,
1993 500 2060 540 ne

479 590 764 651 putaretur
791 579 857 632 ad
908 581 1106 632 bonum
1151 590 1246 628 eos
1294 573 1500 629 ineant
1546 573 1788 639 venisse,
1823 573 2058 630 ostendit

477 671 607 742 quid
656 670 709 724 in
755 684 819 724 ea
863 667 1143 722 venientes
1189 663 1485 720 eﬁ‘ecerunt
1530 680 1653 719 cum
1703 665 1892 720 addit:
1930 666 2059 720 Dico

477 769 724 818 uenerunt
749 799 764 822 ,
793 766 848 813 et
889 757 1163 813 venientes
1201 755 1496 825 polluerunt
1528 755 1917 811 conformanda
1955 757 2057 813 sibi

477 851 775 920 quosdam,
804 849 896 917 qui
937 857 1092 904 erant
1123 847 1274 916 prius
1312 855 1550 899 sanctum
1597 845 1844 917 templum
1885 858 2054 901 tuum.

478 939 547 995 Et
590 939 962 993 interﬁciendo
1007 937 1290 1001 fortiores,
1346 948 1632 1004 posuerunt
1682 937 2056 1006 Hierusalem,

480 1041 534 1086 ιιι
563 1041 644 1084 est
684 1029 980 1084 Ecclesium
1011 1028 1068 1081 in
1091 1027 1384 1081 custodiam
1404 1067 1418 1092 ,
1465 1027 1521 1082 id
1552 1037 1634 1082 est
1663 1027 1715 1082 in
1747 1028 2056 1084 similitudi-

480 1134 602 1174 nem
631 1118 888 1174 custodize
929 1133 1237 1187 pomorum,
1287 1116 1502 1172 scilicet
1546 1113 1599 1172 in
1645 1119 2055 1175 similitudinem

477 1211 767 1283 cujuslibet
797 1210 1044 1265 vili..simi
1079 1211 1278 1281 tngurii
1310 1211 1403 1265 siti
1440 1210 1492 1264 in
1538 1211 1826 1280 pomeriis,
1865 1211 1917 1264 in
1950 1225 2056 1282 quo

477 1307 650 1362 solent
677 1321 893 1361 manere
923 1305 1209 1370 custodes,
1236 1286 1329 1375 qui
1365 1320 1526 1376 poma
1556 1304 1870 1362 custodiunt
1891 1312 2051 1358 ante-

475 1413 635 1467 quam
668 1395 1020 1463 colligantur;
1053 1396 1249 1464 quibus
1294 1395 1569 1460 collectis,
1617 1396 1890 1466 tugurium
1925 1395 2054 1462 illud

473 1488 762 1543 deseritur.
803 1486 894 1542 Sic
920 1497 976 1542 et
1009 1487 1246 1542 Ecclesia
1293 1487 1538 1542 collectis
1581 1487 1766 1549 multis
1808 1487 2054 1544 ﬁdelibus

471 1594 570 1649 per
601 1588 830 1634 mortem
861 1579 1075 1634 deserta
1113 1578 1175 1633 ﬁt
1221 1586 1276 1633 et
1314 1578 1454 1634 vilis.
1487 1577 1600 1636 Non
1652 1575 1825 1632 solum
1874 1585 2053 1633 autem

473 1671 812 1726 Hierusalem
841 1672 1116 1728 desertam
1148 1671 1398 1728 fecerunt
1427 1688 1524 1742 per
1549 1681 1778 1726 mortem
1813 1670 2050 1726 fortissi-

474 1777 687 1816 morum
720 1762 990 1826 ﬁdelium;
1043 1763 1137 1818 sed
1165 1763 1326 1817 etiam
1356 1763 1498 1833 quod
1519 1761 1672 1840 valde
1702 1762 2056 1817 inhumanum

466 1862 585 1918 est,
635 1863 922 1924 posuerunt
983 1853 1293 1920 morticina,
1341 1855 1392 1909 id
1441 1863 1526 1910 est
1571 1864 1782 1908 mortua
1831 1869 2057 1924 corpora

469 1959 735 1996 servorum
789 1952 1033 2009 tuorum,
1103 1959 1224 2013 qua:
1285 1943 1580 1999 crudeliter
1636 1944 2054 2011 interfecerunt,

471 2051 615 2087 escas
657 2034 954 2088 volatilibus
998 2034 1144 2100 cteli,
1186 2045 1232 2088 et
1274 2051 1456 2089 carnes
1499 2044 1800 2088 sanctorum
1848 2046 2055 2088 tuorum

474 2141 573 2196 pro
611 2135 664 2183 te
705 2127 1041 2194 occisorum,
1071 2142 1225 2182 escas
1255 2127 1430 2182 bestiis
1473 2137 1645 2182 terrw.
1679 2126 1831 2194 Quod
1862 2136 1946 2181 est
1970 2127 2056 2180 di-

473 2233 600 2272 cere
642 2236 654 2271 :
698 2217 812 2272 Non
867 2217 1206 2274 solummodo
1248 2217 1540 2273 crudeliter
1573 2233 1668 2272 eos
1709 2217 2053 2280 occiderunt,

473 2311 566 2363 sed
599 2309 741 2378 quod
767 2309 1042 2365 crudelius
1071 2318 1184 2374 est,
1213 2324 1307 2364 eos
1347 2309 1558 2365 occisos
1593 2309 1646 2364 in
1677 2324 1935 2380 corpore,
1965 2324 2053 2363 va-

474 2400 713 2456 latilibus
741 2411 797 2455 et
829 2401 1018 2456 bestiis
1062 2401 1126 2455 ad
1175 2401 1565 2456 comedendum
1595 2410 1910 2470 posuerunt.
1941 2400 2056 2456 Non

473 2491 602 2546 dicit
627 2490 918 2545 volatilibus
961 2491 1076 2544 caeli
1097 2509 1142 2546 et
1177 2491 1349 2546 bestiis
1391 2501 1544 2546 terra:
1570 2493 1637 2547 ad
1665 2491 2052 2557 differentiam;

471 2581 568 2636 sed
599 2596 723 2636 cum
756 2581 906 2635 addit
941 2579 1054 2635 caeli
1101 2589 1149 2634 et
1197 2591 1376 2647 tet-rw,
1405 2589 1559 2634 notat
1585 2595 1772 2636 eorum
1803 2580 2056 2636 intentio-

385 2733 392 2738 I
473 2687 598 2728 nem
644 2667 996 2726 suavissimam
1029 2671 1234 2726 scilicet
1263 2671 1404 2741 quod
1438 2675 1504 2726 ad
1535 2673 1637 2728 hoc
1663 2673 1743 2728 eis
1770 2673 2056 2728 morticina

471 2763 844 2834 esponebant,
879 2778 984 2818 non
1014 2763 1354 2818 solummodo
1401 2772 1460 2818 ut
1502 2764 1623 2820 inde
1661 2763 2050 2831 reﬁcerentur;

472 2855 567 2909 sed
597 2862 657 2908 ut
682 2869 744 2908 ea
779 2853 1084 2909 frustratim
1111 2869 1208 2926 per
1239 2862 1440 2910 terram
1469 2864 1524 2910 et
1554 2848 1733 2910 aerem
1771 2855 2052 2928 disperge-

473 2955 632 3011 rent,
664 2960 730 3000 ne
760 2962 789 3000 a
825 2945 1156 3002 Christianis
1188 2947 1595 3018 colligerentur.
1624 2947 1694 3016 Et
1725 2934 1930 3003 nullum
1972 2966 2056 3006 re—

471 3042 712 3104 spectum
748 3034 927 3090 damni
972 3045 1066 3090 aut
1116 3036 1506 3092 misericordia:
1555 3038 1608 3091 in
1653 3052 1842 3094 eorum
1879 3049 2054 3096 morte

473 3131 895 3193 repntaverunt;
948 3123 1041 3180 sed
1080 3124 1378 3193 eﬁuderunt
1423 3128 1729 3197 sanguinem
1764 3144 1943 3182 eorum
1971 3129 2051 3184 vi-

472 3215 666 3281 riliter,
702 3225 772 3282 et
820 3215 940 3271 sine
977 3226 1228 3286 respectu
1284 3218 1466 3273 damni
1513 3218 1773 3290 alicujus,
1803 3230 2054 3292 tanquam

471 3321 660 3374 aquam
693 3305 744 3359 in
771 3307 925 3377 cujus
951 3305 1213 3364 eﬁ'usione
1248 3323 1423 3378 neque
1455 3309 1829 3366 misericordia
1859 3312 2055 3383 aliquis

474 3403 723 3450 movetur
739 3437 753 3463 ,
774 3413 946 3468 neque
965 3400 1217 3454 damnum
1238 3390 1454 3468 aliquOd
1477 3411 1772 3472 reputatur.
1794 3402 1857 3456 Et
1880 3404 2052 3458 nonin

481 3483 648 3554 319
669 3501 772 3541 uno
794 3491 908 3542 so'o
937 3487 1054 3543 loco
1077 3504 1266 3544 eorum
1293 3491 1598 3560 sanguinem
1620 3491 1939 3561 effuderunt,
1961 3493 2056 3547 sed

473 3584 519 3627 et
545 3576 596 3626 in
623 3577 846 3628 circuitu
871 3575 1226 3645 Hierusalem,
1245 3578 1296 3632 id
1310 3586 1393 3634 est
1416 3579 1648 3635 circuitu
1667 3580 1830 3635 totius
1847 3579 2054 3648 mundi,

475 3665 782 3734 ubicunque
833 3675 919 3720 est
970 3667 1334 3737 Hierusalem,
1373 3671 1426 3726 id
1479 3680 1564 3727 est
1603 3672 1864 3729 Ecclesia.
1902 3674 2054 3742 Quod

473 3753 765 3810 estdicere
789 3773 802 3808 :
835 3755 1044 3825 Ubique
1071 3767 1336 3814 terrarum
1359 3762 1677 3830 effuderunt,
1704 3766 1829 3836 quia
1856 3766 2058 3837 ubique

477 3856 746 3901 terrarum
771 3847 993 3904 dilatata
1029 3859 1112 3905 est
1140 3851 1403 3908 Ecclesia.
1437 3853 1504 3908 Et
1543 3871 1646 3910 non
1671 3872 1875 3926 paucos
1906 3860 2053 3914 acci-

477 3939 704 4003 derunt,
732 3939 827 3993 sed
875 3947 956 3992 tot
997 3949 1129 4008 quot
1177 3957 1280 3994 non
1319 3954 1430 3996 erat
1479 3945 1715 3999 ﬁdelium
1759 3956 2057 4004 conventus

475 4035 756 4096 superstes
784 4029 875 4098 qui
905 4028 1172 4098 sepeliret,
1205 4031 1258 4084 id
1287 4040 1370 4086 est
1405 4047 1510 4088 non
1544 4044 1864 4103 supererant
1893 4046 1969 4091 tot
1995 4038 2057 4091 ﬁ-

482 4119 712 4184 delium,
742 4120 834 4190 qui
864 4118 1110 4174 sullicere
1151 4131 1374 4192 possent
1417 4124 1483 4177 ad
1533 4122 1901 4192 sepeliendum
1939 4142 2057 4183 car-

482 4225 616 4279 pora
647 4210 974 4265 occisorum.

547 4301 610 4356 Et
639 4301 718 4357 sic
739 4301 918 4356 viliter
949 4309 1006 4357 et
1030 4301 1149 4358 sine
1171 4302 1376 4359 ultione
1427 4303 1738 4374 manifesta,
1795 4315 1916 4364 tuos
1937 4323 2058 4378 per-

475 4393 648 4448 mittis
673 4391 934 4459 interﬁci;
961 4408 1059 4449 nos
1081 4393 1281 4448 residui
1319 4405 1376 4450 et
1418 4397 1754 4466 superstites,
1798 4397 1926 4467 facti
1970 4416 2060 4453 su-

474 4501 594 4538 mus
618 4487 971 4555 opprobrium,
993 4487 1044 4541 id
1066 4496 1332 4541 estcausa
1355 4489 1627 4558 opprobrii
1646 4491 1824 4545 vicinis
1848 4493 2058 4558 nostris,

480 4573 534 4626 id
559 4581 642 4627 est
661 4574 772 4630 illis
789 4575 887 4645 qui
903 4573 1134 4644 jamjam
1165 4576 1232 4630 ad
1271 4577 1429 4632 ﬁdem
1483 4578 1728 4648 exempla
1771 4581 1938 4635 nostri
1973 4597 2064 4637 ac-

481 4665 674 4719 cedere
694 4666 962 4732 volebaut,
989 4667 1196 4723 scilicet
1207 4669 1296 4724 eis
1319 4669 1664 4740 opprobrium
1686 4680 1770 4726 est
1794 4673 1936 4740 quod
1963 4688 2061 4727 un-

482 4769 646 4825 quam
679 4755 833 4810 nobis
858 4757 1183 4812 conformari
1212 4759 1515 4814 voluerunt.
1557 4758 1625 4812 Et
1649 4759 1729 4814 his
1753 4762 1841 4829 qui
1861 4770 1981 4816 sunt
2009 4762 2062 4814 in

483 4845 704 4900 circuitu
726 4856 902 4900 nostra
926 4847 978 4903 id
1001 4858 1084 4904 est
1111 4851 1352 4920 quisnnt
1383 4852 1437 4906 in
1460 4853 1824 4922 elongatione,
1871 4853 2060 4909 inﬁde—

482 4938 564 4993 les
589 4952 971 5008 usquequaque
1013 4950 1070 4996 et
1123 4944 1192 4998 ad
1243 4945 1400 5000 ﬁdem
1449 4944 1751 5002 nullatenus
1791 4949 2063 5004 accedere

483 5029 759 5097 volentes,
781 5030 910 5085 facti
931 5047 1116 5087 sumus
1141 5035 1480 5090 subsannatio
1505 5053 1599 5108 per
1611 5048 1819 5108 gestum
1851 5041 1985 5106 nasi,
2005 5051 2062 5096 ut

483 5133 774 5193 corrugent
801 5137 962 5179 nares
991 5125 1058 5178 ad
1078 5123 1400 5181 derisioncm
1450 5130 1652 5195 nostri;
1685 5140 1732 5184 et
1761 5131 1936 5186 illusio
1967 5149 2063 5202 per

482 5213 673 5278 verba,
698 5223 757 5268 ut
782 5214 1168 5270 contumeliosa
1192 5216 1352 5271 verba
1380 5217 1432 5270 in
1463 5233 1561 5273 nos
1587 5232 1860 5276 evomant.
1907 5221 2059 5288 Quod

482 5313 571 5361 est
595 5306 775 5361 dicere
803 5325 816 5360 :
851 5308 1108 5363 Derident
1134 5323 1232 5364 nos
1258 5318 1311 5364 et
1339 5299 1492 5380 gestu
1515 5323 1569 5366 et
1594 5315 1791 5369 verbis.
1821 5315 2061 5372 Subsan-
2107 5345 2110 5348 -

486 5414 640 5464 nare,
663 5411 746 5456 est
774 5417 962 5456 nasum
992 5418 1056 5458 ex
1079 5402 1304 5472 alicujus
1325 5404 1582 5474 despectu
1615 5421 1930 5480 corrugare.

561 5490 631 5546 Ut
657 5507 786 5548 vero
816 5502 1002 5563 postea
1022 5495 1221 5563 solvat;
1251 5511 1319 5551 es
1345 5496 1510 5552 nimia
1559 5502 1949 5568 compassione,
1983 5503 2061 5559 sic

489 5586 837 5654 quaestionem
865 5586 1029 5643 facit:
1063 5589 1190 5645 Dico
1215 5589 1356 5660 quod
1381 5591 1461 5646 sic
1479 5590 1658 5645 viliter
1675 5607 1771 5646 nos
1798 5594 2061 5664 permittis

490 5675 672 5746 allligi,
695 5687 748 5733 et
782 5679 832 5733 in
851 5681 953 5736 hoc
976 5681 1174 5738 videris
1198 5669 1398 5739 iratus.
1418 5683 1486 5739 Et
1502 5701 1786 5756 usquequo,
1820 5685 2058 5755 Domine,

2166 475 2254 542 tua
2279 485 2330 538 in
2361 484 2548 539 nobis?
2576 485 2724 550 Quod
2754 493 2837 540 est
2873 486 3052 540 dicere
3077 503 3090 540 :
3148 486 3232 540 Ad
3259 486 3389 556 quid
3417 488 3639 546 deveniet
3661 495 3701 546 in

2163 578 2316 632 nobis
2347 577 2460 632 haec
2486 577 2597 631 ira?
2630 577 2954 632 lrascerisne
2975 578 3027 631 in
3048 577 3228 646 ﬁnem,
3261 577 3314 634 id
3335 587 3500 633 estex
3526 591 3638 645 tota,
3660 594 3704 638 ut

2161 668 2376 738 penitus
2399 684 2495 722 nos
2525 667 2756 738 perdas?
2797 667 3058 737 Sequitur
3099 667 3295 722 solutio
3323 668 3404 723 sic
3435 687 3448 722 :
3474 667 3599 725 Vere
3622 689 3707 727 non

2162 759 2414 815 irasceris
2443 761 2493 814 in
2524 759 2706 826 ﬁnem,
2737 761 2831 815 sed
2861 759 3001 814 zelus
3025 769 3169 826 tuus,
3204 761 3256 816 id
3282 769 3365 816 est
3410 761 3522 817 lucc
3559 779 3709 833 perse-

2160 851 2323 917 cutio,
2357 867 2478 921 quae
2503 867 2608 906 non
2637 861 2723 906 est
2753 850 2921 915 zelus,
2955 851 3164 905 scilicet
3184 850 3400 906 videtur
3424 852 3580 919 zelus,
3608 870 3707 909 cum

2160 948 2340 996 tamen
2388 943 2464 996 sit
2507 955 2718 996 summa
2745 941 3136 1008 misericordia,
3172 943 3483 996 accendetur
3510 943 3558 997 in
3585 944 3712 1000 nobis

2159 1033 2290 1088 velut
2312 1033 2468 1102 ignis,
2495 1033 2545 1088 id
2568 1043 2652 1087 est
2677 1034 2742 1086 ad
2769 1031 3177 1088 similitudinem
3203 1033 3364 1104 ignis,
3413 1034 3607 1090 scilicet
3651 1038 3710 1089 si-

2159 1133 2249 1180 cut
2287 1124 2425 1194 ignis
2448 1140 2580 1179 auro
2610 1122 2903 1189 adhibitus,
2935 1125 3124 1179 sordes
3155 1125 3200 1180 si
3243 1140 3364 1194 quze
3409 1125 3460 1179 in
3510 1140 3570 1179 eo
3613 1137 3713 1181 Sunt

2157 1216 2360 1283 expiat,
2388 1224 2442 1268 et
2471 1214 2521 1268 ei
2546 1207 2774 1269 nitorem
2803 1214 3210 1280 subministrat;
3267 1215 3348 1270 sie
3374 1224 3430 1270 et
3464 1215 3592 1288 ignis
3636 1219 3713 1270 tri-

2157 1304 2496 1360 bulationum
2524 1304 2575 1359 in
2612 1306 2768 1360 nobis
2790 1321 2896 1361 non
2923 1307 2991 1359 ad
3042 1305 3448 1361 incommodum
3502 1319 3712 1362 n05trum

2157 1411 2438 1460 accensus,
2473 1395 2659 1450 sordes
2681 1396 3052 1464 peccaminum
3081 1395 3300 1462 delebit,
3327 1406 3382 1452 et
3411 1395 3585 1468 gloria:
3608 1398 3701 1453 nito

2158 1501 2270 1540 rem
2297 1485 2624 1555 praecipuum
2650 1485 2893 1540 donabit.
2939 1483 3066 1555 Agit
3097 1492 3280 1539 autem
3330 1486 3632 1541 concessive
3663 1487 3714 1539 de

2164 1567 2528 1646 quarumdam
2557 1574 2854 1630 inﬁdelium
2881 1575 3248 1641 damnatione,
3283 1590 3410 1630 cum
3431 1575 3715 1631 addit:l)ico

2155 1669 2298 1738 quod
2325 1669 2600 1722 morticina
2624 1684 2893 1722 servarunt
2943 1677 3152 1722 tuorum
3182 1679 3549 1738 exposuerunt
3572 1669 3716 1723 bestiis

2087 1740 2131 1799 Β
2159 1769 2206 1814 et
2237 1757 2534 1813 volatilibus
2561 1798 2576 1824 ,
2633 1767 2689 1814 et
2719 1760 3025 1830 sanguinem
3054 1776 3234 1815 eorum
3283 1759 3575 1828 eﬁ'uderunt
3621 1770 3717 1814 tan-

2157 1867 2313 1920 quam
2341 1866 2554 1920 aquam.
2586 1850 2654 1904 Et
2683 1850 2808 1920 quia
2860 1851 2975 1906 haec
3019 1850 3266 1905 fecerunt
3297 1865 3312 1903 :
3340 1851 3565 1920 E/funde
3607 1851 3716 1904 iram

2158 1951 2302 1997 tuam
2334 1943 2388 1996 in
2414 1953 2608 2012 gentes,
2645 1958 2762 2012 quae
2787 1951 2836 1996 te
2865 1959 2966 1997 non
3015 1954 3295 2009 noverunt;
3332 1957 3396 1998 ac
3429 1943 3475 1997 si
3503 1943 3716 1998 diceret:

2159 2033 2464 2089 Vindictam
2497 2042 2642 2088 tuam
2675 2032 2790 2104 jam
2822 2035 3055 2090 interius
3098 2035 3151 2090 in
3183 2049 3279 2090 eos
3309 2032 3521 2101 lndisti,
3574 2049 3718 2090 esca:-

2157 2127 2334 2181 cando
2361 2126 2414 2180 in
2454 2126 2664 2193 anima;
2698 2127 2937 2182 concedo
2966 2141 3181 2197 quoque
3228 2133 3289 2180 ut
3326 2141 3448 2181 eam
3478 2125 3715 2187 eﬁ‘uudas,

2159 2217 2211 2270 id
2239 2225 2322 2270 est
2343 2217 2586 2272 exterius
2614 2215 2809 2271 fundas
2838 2218 2890 2271 in
2910 2232 3136 2287 corpora
3168 2217 3221 2271 in
3245 2216 3453 2284 futuro,
3487 2219 3716 2272 mittendo

2158 2323 2354 2379 corpus
2377 2318 2431 2363 et
2457 2310 2694 2364 animam
2727 2310 2779 2364 in
2808 2311 3108 2381 gehennam
3139 2310 3301 2382 ignis.
3342 2309 3409 2362 Et
3434 2310 3550 2365 ideo
3575 2310 3717 2378 effun-

2158 2397 2242 2463 de,
2271 2399 2394 2470 quia
2419 2408 2466 2453 te
2491 2416 2594 2454 non
2617 2410 2886 2467 noverunt,
2918 2401 2970 2455 id
3000 2409 3084 2455 est
3125 2399 3510 2470 prtcdicatione
3559 2409 3715 2454 nostra

2158 2489 2225 2543 ad
2249 2489 2322 2543 tui
2353 2489 2596 2544 notitiam
2627 2491 2811 2546 venire
2834 2491 3204 2563 neglexerunt.
3255 2491 3326 2546 Et
3351 2494 3406 2548 in
3439 2510 3588 2562 regna
3611 2506 3716 2561 gen-

2160 2581 2292 2635 timn
2319 2581 2528 2650 effunde
2559 2583 2718 2648 iram,
2763 2598 2876 2653 qua:
2911 2599 3092 2638 nomen
3141 2595 3286 2637 tuum
3343 2601 3448 2638 non
3483 2585 3714 2636 inrocare-

2158 2684 2300 2729 runt.
2357 2674 2542 2744 Regna
2598 2682 2652 2728 et
2692 2683 2878 2743 gentes
2929 2689 3027 2744 pro
3063 2675 3250 2729 eodem
3301 2675 3392 2729 bic
3425 2675 3598 2738 habet,
3640 2671 3716 2726 sed

2159 2765 2316 2819 aliam
2340 2780 2559 2821 causam
2592 2765 2762 2830 addit,
2788 2779 2958 2834 quare
2980 2780 3145 2835 super
3167 2781 3262 2820 eos
3286 2765 3368 2819 ira
3410 2760 3709 2824 ellundatur,

2157 2855 2365 2910 scilicet
2402 2855 2527 2925 quia
2557 2870 2660 2908 non
2692 2855 3104 2917 invocaverunt,
3148 2854 3198 2907 id
3252 2863 3338 2908 est
3368 2853 3494 2924 quia
3549 2865 3712 2906 nomen

2157 2947 2276 3012 Dei,
2307 2945 2448 3017 quod
2471 2954 2553 3000 est
2583 2945 2863 3007 Dominus,
2889 2943 3143 2998 invocare
3164 2943 3542 3012 neglexerunt.

2230 3035 2294 3088 Et
2326 3033 2445 3088 ideo
2467 3033 2643 3087 adhuc
2679 3033 2911 3102 effunde,
2947 3033 3071 3102 quia
3119 3033 3451 3086 comederunt
3477 3030 3648 3092 Iacob,
3672 3029 3713 3082 id

2155 3133 2240 3180 est
2265 3124 2656 3178 devoraverunt
2681 3122 2865 3177 ﬁdeles
2890 3123 2982 3191 qui
3003 3130 3159 3176 erant
3180 3122 3474 3176 luctatores
3487 3121 3583 3187 tui,
3613 3134 3713 3189 par-

2159 3223 2290 3280 tem,
2321 3223 2378 3268 ut
2401 3213 2658 3280 diximus,
2714 3214 2797 3268 sui
2834 3212 3218 3268 conformitate
3246 3214 3564 3284 polluendo,
3612 3211 3712 3266 reli-

2155 3323 2292 3378 quos
2314 3316 2496 3361 autem
2524 3304 2842 3361 occidendo.
2876 3305 2943 3360 Et
2966 3305 3300 3362 comedenda
3335 3304 3522 3371 Jacab,
3569 3305 3712 3358 locum

2155 3400 2268 3469 ejus
2296 3398 2678 3467 desoluverunt,
2708 3399 2760 3453 id
2789 3407 2875 3454 est
2926 3397 3048 3453 illos
3094 3398 3183 3467 qui
3226 3396 3514 3452 valuerunt
3538 3397 3587 3451 in
3615 3395 3712 3448 loco

2157 3490 2272 3560 ejus
2311 3491 2377 3546 ad
2410 3491 2567 3546 ﬁdem
2617 3491 2912 3546 succedere
2961 3489 3342 3555 desolaverunt,
3393 3487 3712 3558 perterrente

2155 3596 2250 3636 eos
2276 3591 2453 3636 morte
2475 3582 2642 3652 ipsius
2669 3580 2854 3637 Iacob.
2891 3580 2985 3635 Vel
3016 3580 3185 3634 locum
3210 3580 3327 3650 ejus
3359 3580 3708 3640 desolavcrunt,

2159 3674 2456 3730 Ecclesium
2495 3673 2704 3729 scilicet
2725 3674 2776 3728 in
2799 3689 2904 3744 qua
2927 3675 3220 3728 secundum
3252 3673 3510 3730 unitatem
3542 3671 3711 3726 lideiet

2157 3765 2442 3820 cliaritatis
2463 3763 2807 3818 concorditer
2837 3764 3150 3829 manebant,
3179 3761 3296 3831 ejus
3329 3773 3501 3819 morte
3528 3759 3708 3818 desola-

2159 3869 2266 3913 tam
2313 3857 2580 3913 fecerunt.
2646 3857 2750 3912 Pro
2790 3857 2984 3925 seipsis
3041 3867 3248 3923 autem,
3300 3865 3461 3911 orant
3521 3850 3710 3909 siczﬁe

2157 3948 2407 4020 gentibus
2427 3947 2776 4004 concedimus
2805 3959 2862 4002 ut
2889 3948 2968 4003 ira
2995 3956 3084 4002 tua
3110 3947 3163 4002 in
3188 3963 3283 4002 eas
3295 3946 3604 4002 eﬁ‘undatur.
3623 3941 3709 3996 Pro

2159 4042 2314 4096 nobis
2341 4054 2468 4094 vero
2501 4054 2775 4110 rogantes,
2805 4049 2866 4094 ut
2891 4054 2991 4094 nos
3016 4053 3115 4108 pro
3144 4039 3515 4108 iniquitatibus
3541 4031 3708 4090 nostris

2159 4133 2397 4202 antiquis
2433 4132 2665 4187 deﬁcere
2695 4147 2800 4186 non
2821 4131 3067 4201 patiaris.
3104 4131 3187 4184 Ne
3214 4131 3508 4184 memineris
3549 4125 3708 4192 iniqui-

2159 4235 2328 4278 tatum
2353 4235 2652 4279 nostrarum
2680 4225 3038 4295 antiquarum,
3068 4225 3195 4296 quia
3227 4224 3279 4277 in
3309 4223 3614 4294 baptismate
3639 4231 3707 4271 rc-

2161 4315 2340 4370 missae
2377 4323 2523 4380 sunt,
2560 4314 2768 4370 scilicet
2799 4315 2924 4384 quia
2953 4326 3136 4386 postea
3171 4315 3344 4369 ineas
3369 4314 3558 4385 partim
3594 4307 3707 4364 rcci-

2091 4416 2134 4474 D
2163 4405 2357 4470 dimus,
2381 4420 2488 4459 non
2517 4405 2659 4474 ipsas
2681 4421 2708 4458 a
2736 4406 2894 4460 nobis
2916 4420 3086 4474 usque
3117 4405 3184 4458 ad
3235 4405 3580 4459 novissimum
3599 4413 3708 4469 quas

2165 4497 2410 4550 drantem
2441 4497 2627 4564 exigas
2653 4495 2870 4564 (Matth.
2902 4514 2952 4564 v,
2976 4495 3089 4564 9.6),
3141 4504 3194 4550 et
3245 4511 3344 4564 pro
3393 4497 3475 4549 lns
3511 4491 3706 4547 deﬁcere

2164 4590 2466 4658 permittas.
2497 4589 2590 4644 Vel
2617 4591 2948 4660 iniquitatum
3002 4590 3340 4661 antiquarum
3382 4605 3514 4660 quas
3559 4593 3705 4657 patres

2164 4683 2335 4735 nostri
2359 4683 2768 4748 commiserunt,
2819 4698 2939 4752 qua:
2972 4693 3147 4738 tamen
3197 4691 3400 4737 nostra:
3446 4690 3564 4736 sunt
3607 4690 3704 4732 cum

2164 4785 2348 4824 earnm
2383 4772 2673 4841 participes
2697 4771 2908 4826 ﬁamus.
2936 4771 3110 4827 Aliter
3133 4772 3276 4826 enim
3321 4787 3430 4827 non
3475 4771 3705 4841 oporteret

2164 4862 2231 4917 de
2254 4863 2334 4918 eis
2368 4864 2581 4929 timere,
2606 4863 2708 4919 nisi
2735 4863 2938 4919 conscii
2959 4877 3200 4918 essemus
3225 4877 3326 4918 nos
3352 4863 3562 4918 easdem
3603 4870 3704 4928 par-

2165 4955 2412 5025 ticipare.
2444 4955 2614 5011 Filius
2637 4957 2781 5011 enim
2807 4971 2912 5011 non
2941 4957 3175 5026 portabit
3192 4957 3529 5026 iniquitatem
3548 4948 3703 5021 patris.

2165 5046 2208 5100 si
2233 5047 2405 5101 eidem
2437 5047 2706 5116 iniquitati
2732 5062 3012 5102 assensum
3037 5061 3142 5101 non
3168 5045 3499 5101 adhibuerit.
3527 5039 3610 5094 Vel
3627 5035 3704 5090 ini.

2161 5140 2418 5209 quitatam
2447 5140 2810 5210 antiquarum,
2835 5141 2885 5195 id
2912 5149 2993 5193 est
3016 5137 3127 5207 jam
3157 5138 3318 5209 longa
3343 5150 3574 5206 tempore
3598 5143 3703 5202 prm-

2165 5229 2464 5295 teritarum,
2496 5240 2617 5300 post
2645 5229 2909 5300 baptisma
2937 5239 3115 5284 tamen
3173 5227 3462 5283 factarum.
3524 5225 3637 5280 Dico
3661 5232 3704 5272 ιιι

2162 5323 2455 5376 memineris
2481 5323 2844 5393 iniquitatum;
2870 5323 2962 5376 sed
2985 5321 3148 5392 320
3176 5323 3280 5375 cita
3327 5320 3592 5388 anticipent
3634 5323 3705 5365 πίε

2161 5411 2552 5474 misericordiae,
2584 5412 2636 5467 id
2658 5420 2742 5466 est
2771 5410 3148 5466 miserationes
3178 5419 3306 5476 tute,
3351 5408 3548 5465 scilicet
3569 5406 3703 5458 bene-

2163 5505 2284 5560 ﬁcia
2312 5503 2700 5560 misericordiae
2724 5513 2849 5557 tute.
2893 5503 3045 5566 Quod
3078 5511 3163 5557 est
3191 5503 3372 5557 dicere
3401 5518 3414 5554 :
3441 5501 3703 5566 Antequam

2167 5595 2233 5650 ad
2258 5593 2527 5649 defectum
2552 5609 2616 5648 ex
2649 5593 2929 5648 debilitate
2976 5592 3278 5658 veniamus,
3309 5591 3560 5647 citissime
3603 5583 3700 5637 sub-

2163 5689 2386 5744 veniunt
2419 5687 2572 5742 nobis
2603 5686 2802 5742 auxilia
2834 5684 3224 5743 misericordia:
3253 5695 3377 5742 tum.
3427 5684 3490 5738 Et
3517 5689 3702 5737 necesse
