3840 6338
128 334 218 395 root
948 311 1314 371 exrosmo
1364 310 1429 365 IN
1469 305 1811 365 rsanuos.
1841 302 2133 359 —-I’SAL.
2163 301 2394 358 LXXIX.
2916 304 2919 305 ν
3102 301 3280 387 ἤιοδὲ

125 456 182 504 est
206 450 249 498 ut
273 433 555 504 anticipant,
578 435 697 503 quia
728 446 819 500 per
858 437 1139 499 peccatum
1190 427 1319 480 Adm
1357 424 1485 494 [arti
1515 439 1605 476 διι-
1638 427 1682 483 Λ
1712 422 1913 489 septies
1946 417 2119 487 majus
2143 417 2527 488 iinproperium
2579 415 2630 470 itt
2677 419 2838 473 corde
2884 434 3067 475 eorum
3123 436 3283 491 quam

126 533 351 593 musuimis
371 542 625 599 pauperes,
650 522 859 578 scilicet
888 536 1011 575 cum
1035 519 1183 588 prius
1207 530 1472 587 pauperes
1513 527 1603 567 cs-
1708 512 1863 566 nobis
1917 510 2417 580 imprOpcravcrint.
2472 507 2534 562 Et
2577 508 2678 562 hoc
2699 521 2781 564 est
2807 524 2869 563 ac
2904 511 2946 565 si
2972 510 3151 567 dicat:
3184 511 3288 563 Fat:

125 641 274 689 senius,
302 622 346 675 id
368 598 441 675 est
466 615 837 672 insulh'eientes
859 628 957 683 per
976 627 1096 676 nos,
1144 609 1300 663 nimis
1352 623 1605 677 pauperes
1710 610 1767 656 ut
1788 601 1988 671 septies
2028 609 2233 654 tantum
2284 598 2383 652 sibi
2415 600 2781 668 improperent
2820 611 3075 667 quantunt
3131 603 3289 658 nobis

123 716 210 784 {acti
241 727 413 773 sumus,
442 707 491 762 id
519 713 599 761 est
638 704 799 758 nimis
844 701 1226 757 insuliicientes
1282 706 1333 752 el
1381 697 1604 752 debiles.
1712 693 2217 764 improperaverint,
2243 691 2384 761 quod
2417 692 2481 745 de
2514 691 2615 745 hoc
2663 691 2820 745 nobis
2878 692 3280 765 impmperavc-

126 804 225 871 Ergo
248 801 349 869 quia
378 810 549 851 smnus
600 794 754 847 nimis
798 808 1073 862 pauperes,
1105 790 1301 845 oDeus
1333 787 1604 851 salutaris,
1714 797 1836 843 runt
1877 788 1931 842 in
1984 787 2146 843 corde
2189 795 2488 857 gementes.
2536 784 2641 839 Per
2678 788 3039 856 scptenarium
3095 794 3288 863 quippe

126 894 253 947 idest
293 888 518 943 Salvator
552 895 734 939 uoster
782 898 877 951 per
908 892 1134 936 mortem
1166 881 1367 944 crucis,
1416 879 1610 947 adjuva
1712 894 1997 934 numerum
2019 918 2033 944 ,
2087 876 2536 946 multiplicitatem
2580 876 3054 948 improperationis
3079 920 3094 944 ,
3129 896 3288 950 quam

126 999 187 1035 nos
210 981 262 1034 ad
297 978 521 1032 inimicos
546 975 909 1029 devincendos
954 981 1009 1027 et
1061 964 1526 1040 incorporaudos:
1562 977 1609 1021 et
1713 972 1813 1027 sibi
1840 972 2017 1027 facere
2044 971 2262 1033 debent,
2307 969 2567 1025 ostendit.
2624 970 2749 1026 Sive
2794 985 2891 1040 per
2925 974 3289 1042 scpteuarium

123 1073 238 1125 libera
259 1085 353 1134 nos,
376 1082 437 1123 ue
463 1067 754 1121 vincamur.
779 1064 846 1117 Et
875 1064 977 1119 hoc
1013 1079 1119 1117 non
1170 1069 1392 1133 propter
1417 1060 1610 1115 merita
1713 1062 2041 1134 septiformis
2065 1061 2330 1130 accipitur
2374 1060 2565 1129 gratia,
2599 1076 2710 1131 qua
2764 1061 2956 1116 imbuti
3004 1063 3106 1117 sibi
3149 1066 3292 1132 quod

124 1164 385 1220 nostrazsed
406 1171 602 1233 prapter
627 1161 849 1231 gloriam
875 1161 1098 1215 nominis
1139 1162 1236 1225 tui,
1274 1158 1503 1222 scilicet,
1554 1167 1613 1212 ut
1714 1157 1855 1212 male
1885 1162 2110 1227 egerunt
2152 1151 2525 1224 multipliciter
2578 1153 3042 1224 improperabuut.
3085 1156 3294 1212 Dicitur

122 1272 260 1311 nomen
284 1266 411 1311 tuum
441 1255 558 1309 inde
581 1251 929 1324 glorificetur.
986 1250 1054 1305 Et
1083 1265 1151 1305 ne
1193 1267 1221 1304 a
1259 1248 1612 1321 praesentibus
1714 1260 1893 1305 autem
1925 1262 2018 1302 cor
2040 1246 2211 1311 sinus,
2240 1260 2304 1299 eo
2328 1244 2469 1316 quod
2492 1245 2555 1299 al
2588 1246 2800 1300 modum
2849 1246 2999 1303 sinus
3023 1259 3292 1305 secretum

123 1345 295 1415 peccatis
323 1345 683 1413 impediantur,
708 1343 964 1411 propitius
986 1350 1094 1394 esto
1119 1339 1345 1408 peccatis
1394 1338 1607 1403 nostris,
1713 1340 1785 1395 sit
1809 1348 1864 1393 et
1897 1337 2086 1392 latens.
2130 1336 2259 1391 Dico
2313 1336 2469 1390 redde
2508 1335 2586 1390 eis
2617 1336 2988 1407 improperium
3041 1340 3291 1408 ipsorum.

120 1434 395 1503 pneseutibus
416 1431 734 1502 indulgendo
766 1449 777 1485 :
805 1440 1013 1502 propter
1033 1448 1218 1485 nomen
1241 1441 1408 1492 tuum,
1432 1440 1489 1483 ut
1514 1430 1612 1484 hac
1717 1429 1830 1483 Nos
1876 1439 2047 1482 autem
2088 1427 2132 1482 si
2166 1427 2268 1481 hoc
2303 1425 2496 1481 feceris
2535 1426 2830 1483 existentes
2878 1430 3102 1499 papa/ns
3146 1440 3293 1496 tuus,

118 1526 334 1579 occasione
361 1525 722 1595 magniticetur
748 1538 944 1579 nomen
984 1532 1154 1577 tuum.
1193 1522 1260 1575 Et
1299 1522 1419 1576 ideo
1449 1521 1611 1575 libera
1713 1531 1785 1586 et,
1808 1529 1868 1574 ut
1893 1520 2063 1590 magis
2091 1518 2293 1585 dicam,
2317 1519 2612 1574 existentes
2633 1536 2749 1575 oves
2764 1531 3111 1590 pasrutetuaz,
3137 1538 3296 1593 quas,

118 1616 413 1679 accedamus,
455 1631 513 1667 ne
543 1614 674 1667 forte
703 1613 880 1667 dicant
927 1613 982 1665 in
1021 1612 1284 1681 gentibus,
1332 1610 1384 1666 id
1412 1619 1495 1665 est
1547 1623 1615 1663 ne
1715 1610 2187 1665 scilicetdoctrina
2212 1608 2390 1678 pascis
2416 1617 2471 1663 et
2497 1609 2761 1679 sapientia
2786 1610 3055 1677 interiori,
3079 1613 3293 1682 conﬁtc-

118 1713 251 1774 gentes
268 1704 428 1759 dicant
454 1704 549 1759 hoc
578 1703 724 1773 quod
770 1702 993 1758 stultum
1036 1711 1091 1757 et
1120 1701 1397 1757 fortuitum
1447 1710 1610 1766 esset,
1647 1763 1684 1774 ἢ
1716 1700 1889 1755 bimur
1913 1700 2003 1755 tibi
2033 1700 2087 1755 in
2111 1698 2379 1763 smculum,
2435 1697 2486 1753 ill
2517 1707 2602 1754 est
2630 1700 2967 1757 laudabimus
2995 1708 3049 1756 te
3076 1711 3129 1757 et
3174 1718 3293 1770 ore,

117 1802 263 1858 scilicet
284 1817 342 1856 ne
367 1802 539 1857 dicant
573 1820 585 1855 :
616 1800 719 1855 Ubi
747 1811 820 1855 est
848 1801 989 1854 Deus
1019 1800 1238 1854 eorum?
1265 1814 1328 1853 ac
1354 1798 1398 1853 si
1424 1798 1607 1852 dicat:
1647 1763 1688 1822 Β
1715 1803 1769 1850 et
1790 1796 1974 1860 corde,
1998 1802 2053 1849 et
2078 1795 2236 1865 321
2276 1808 2459 1863 opere,
2489 1794 2727 1864 quandiu
2753 1797 3007 1852 saeculum
3032 1797 3136 1854 hoc
3167 1800 3295 1855 erit.

117 1892 185 1960 Ipsi
212 1892 467 1949 Christiani
490 1894 771 1964 jactabant
814 1907 873 1946 se
902 1893 1066 1947 Deum
1110 1893 1333 1956 habere,
1374 1890 1464 1960 qui
1514 1904 1612 1945 eos
1714 1885 1777 1940 Et
1808 1885 1972 1940 etiam
2008 1883 2435 1939 annuntiabimus
2467 1883 2676 1939 laudem
2716 1894 2883 1954 tuam,
2916 1896 2968 1943 el
2990 1888 3042 1943 in
3081 1906 3296 1958 genera-

118 1983 247 2038 ﬁrmos
266 1994 309 2039 et
331 1994 629 2041 constantes
658 1985 880 2050 faceret,
918 2000 985 2038 ne
1016 1985 1293 2038 cederent.
1323 1983 1390 2036 Et
1418 1982 1505 2037 ubi
1531 1990 1609 2036 est
1715 1977 1852 2030 tione
1880 1976 2039 2045 hujus
2069 1975 2251 2029 mundi
2286 1991 2301 2029 :
2327 1982 2381 2029 et
2409 1975 2587 2029 eundo
2626 1990 2798 2047 usque
2831 1978 2883 2030 in
2913 1982 3294 2047 generationem

117 2074 252 2127 modo?
278 2075 349 2129 vel
382 2091 638 2145 nusquam
678 2085 793 2139 est;
832 2074 913 2127 vel
941 2076 984 2128 si
1017 2088 1243 2143 usquam
1285 2082 1388 2139 cst,
1446 2072 1612 2143 impo-
1717 2068 1949 2121 futuram
1973 2105 1986 2131 ,
2039 2066 2257 2136 quando
2309 2080 2536 2136 corpora
2590 2074 2773 2122 nostra
2811 2068 3294 2139 regeneraltnntur.

117 2172 196 2219 tens
215 2175 298 2222 est.
327 2167 445 2223 Orat
470 2181 681 2237 quoque
727 2182 825 2237 pro
871 2176 1022 2237 parte
1051 2166 1448 2232 salvandorum,
1495 2167 1573 2221 sic
1598 2184 1612 2222 ;
1717 2159 1867 2227 Quod
1896 2168 1978 2214 est
2003 2160 2181 2213 dicere
2209 2176 2221 2211 :
2249 2158 2316 2212 ΕΙ.
2339 2159 2427 2213 hic
2448 2158 2785 2214 laudabimus
2829 2169 2902 2226 te,
2935 2171 2989 2215 et
3017 2161 3068 2216 iu
3116 2162 3298 2216 futuro

116 2254 280 2312 Oramus
304 2267 355 2313 ut
380 2259 586 2315 liberes,
1717 2249 2378 2305 annuntiabintuslaudem
2406 2260 2576 2314 tuam,
2631 2249 2684 2303 id
2721 2260 2805 2305 est
2858 2253 3300 2309 annuntiabimus

160 2346 305 2404 Ethoc
325 2350 476 2403 etiam
504 2365 728 2406 oramus
774 2358 834 2404 ut
863 2350 993 2404 ultio
1035 2350 1306 2420 sanguinis
1354 2365 1615 2403 servorum
1720 2342 2025 2398 infidelibus
2052 2341 2141 2411 qui
2166 2340 2253 2395 hic
2289 2349 2341 2395 te
2367 2339 2661 2411 negligant,
2686 2348 2740 2394 to
2778 2340 3106 2399 laudabilem
3157 2359 3296 2411 esse,

116 2445 263 2488 tuorum
288 2439 366 2509 qui
389 2441 582 2509 effusus
611 2450 708 2494 est.
737 2440 882 2496 Ultio
925 2441 1045 2495 dico
1094 2440 1337 2495 facienda
1392 2458 1421 2497 a
1473 2452 1524 2496 te
1564 2442 1618 2494 in
1723 2452 1817 2509 per
1842 2437 2265 2508 magnitudinem
2290 2433 2698 2506 gloriﬁcationis
2729 2445 2948 2491 nostrzn.

116 2526 339 2582 nationibus
363 2531 597 2597 gentium
624 2532 936 2596 innotescat,
974 2532 1026 2585 id
1057 2540 1141 2587 est
1172 2542 1355 2602 aperta
1385 2533 1476 2587 fiat
1506 2533 1612 2588 exi-
2149 2528 2217 2583 IN
2266 2526 2599 2583 PSALMUM
2642 2527 2878 2583 LXXIX.

116 2622 216 2669 .iens
233 2633 383 2671 coram
407 2620 567 2674 oculis
616 2621 830 2685 nostris,
867 2621 919 2675 id
955 2632 1037 2676 est
1070 2624 1412 2678 manifestam
1458 2625 1510 2678 in
1542 2624 1622 2677 eis
1805 2624 1835 2678 Γ
1843 2624 2005 2678 itulus
2052 2620 2432 2692 septuagesimi
2473 2620 2621 2674 noni.
2676 2618 2743 2673 In
2777 2620 2934 2689 linem
2959 2638 3052 2691 pro
3091 2622 3171 2676 Itis
3214 2624 3302 2692 qui

116 2699 303 2758 titionem
327 2722 531 2775 exerce,
579 2724 745 2779 quam
777 2710 950 2766 oculis
976 2713 1276 2768 videamus.
1330 2714 1396 2766 Et
1423 2723 1480 2767 ut
1511 2714 1622 2767 lucc
1724 2724 2113 2770 commutantur
2142 2714 2490 2766 testimonium
2519 2710 2713 2781 Asaplt.
2750 2711 2997 2767 Psalntus
3024 2730 3120 2783 pro
3144 2716 3303 2786 Assy-

115 2790 204 2847 allio
224 2813 374 2851 coram
416 2801 577 2856 oculis
606 2805 801 2857 nostris
822 2804 1127 2868 innotescat,
1174 2806 1391 2859 introeat
1424 2814 1490 2861 ad
1522 2809 1620 2863 hoc
1726 2806 1838 2859 riis.
1873 2805 2025 2871 Quod
2057 2805 2134 2858 sic
2164 2804 2472 2872 exponitur:
2507 2800 2612 2856 Iste
2642 2802 2876 2871 psalmus
2904 2812 2985 2859 cst
3016 2820 3183 2874 agens
3210 2822 3303 2872 pro

117 2892 152 2936 ut
168 2886 218 2939 sit
240 2887 284 2941 in
311 2903 575 2961 conspectu
614 2903 730 2960 tuo,
788 2894 841 2949 id
869 2896 1032 2950 estin
1072 2897 1479 2967 beneplacentia
1535 2908 1621 2954 tua
1725 2897 1806 2950 Itis
1846 2897 1934 2966 qui
1966 2897 2313 2948 immutantur
2351 2894 2403 2946 in
2437 2892 2626 2960 ﬁnem,
2670 2893 2722 2947 id
2770 2903 2853 2949 est
2896 2904 2950 2950 et
2994 2895 3302 2952 lumborum

115 2980 272 3041 gemitus
292 2987 709 3053 compeditorum,
738 2987 947 3043 scilicet
992 2990 1267 3044 orationes
1315 3006 1452 3059 quas
1501 3007 1622 3045 cum
1728 2992 1797 3045 et'
1824 2988 2064 3060 gentium
2100 2985 2365 3051 utilitate,
2417 2984 2508 3053 qui
2562 2984 2774 3039 scilicet
2816 2983 2981 3041 Judtei
3019 2997 3068 3041 et
3120 2998 3305 3057 gentes

115 3068 329 3129 gemitibus
357 3090 448 3143 pro
469 3075 569 3132 hac
599 3075 804 3132 ultione
834 3077 1129 3146 fundimus,
1156 3080 1245 3151 qui
1269 3096 1457 3136 sumus
1486 3097 1628 3136 com-
1657 3104 1699 3162 α
1734 3079 2159 3137 imtnutabttntur
2209 3078 2273 3131 de
2319 3085 2586 3131 vetustate
2634 3076 2687 3129 in
2733 3078 3048 3133 novitatem.
3099 3080 3165 3133 Et
3207 3080 3307 3136 hoc

114 3158 225 3223 pediti
255 3163 334 3226 tui,
366 3166 568 3222 scilicet
612 3168 776 3223 vincti
811 3171 1069 3239 compede
1091 3180 1481 3241 przeceptorum
1513 3183 1629 3226 tuo-
1667 3158 1699 3162 ﬂ
1732 3174 1787 3227 in
1816 3174 2005 3239 liuent,
2038 3170 2090 3224 id
2122 3177 2204 3224 est
2234 3170 2286 3223 in
2325 3167 2745 3239 perfectionem:
2786 3168 2872 3222 hic
2917 3168 3126 3224 scilicet
3156 3185 3305 3224 com-

115 3262 211 3313 nnn,
237 3253 305 3306 vel
332 3256 484 3311 vincti
518 3273 619 3326 pro
653 3267 705 3314 te
736 3260 998 3329 compede
1034 3261 1468 3317 tribulationum.
1527 3260 1631 3314 Ex-
1732 3264 2085 3318 mutabuntur
2122 3277 2185 3316 ex
2220 3261 2711 3331 parte,sccundum
2759 3260 3015 3315 virtutum
3057 3261 3309 3316 honesta-

112 3338 216 3397 ponit
245 3350 404 3398 autem
436 3346 611 3415 ipsam
641 3347 923 3415 ultionem,
967 3365 1089 3404 eum
1123 3350 1309 3404 addit:
1340 3350 1469 3405 Dico
1501 3351 1628 3404 ultio

1793 3374 1871 3422 ιιι;
1908 3368 1962 3410 ct
1990 3357 2042 3409 in
2078 3354 2258 3408 futuro
2291 3353 2585 3407 secundum
2614 3352 2797 3423 gloria:
2825 3351 3115 3421 perfectam
3148 3368 3306 3409 accu-

114 3426 499 3505 ίηηοιεεεαιμιιιω
529 3438 669 3493 ultio
700 3438 917 3507 quidem
951 3440 1021 3494 sit
1049 3440 1183 3495 hmc-
1239 3441 1391 3508 Insas
1444 3449 1631 3511 gentes
1733 3448 2100 3503 mulationem.
2148 3444 2240 3500 Vel
2268 3446 2321 3499 irt
2349 3444 2536 3513 ﬁnem,
2579 3444 2739 3498 idest
2770 3444 2820 3499 in
2853 3444 3126 3501 Christum
3156 3462 3308 3501 com-

112 3518 232 3577 {actas
250 3526 371 3593 ﬁlios
401 3531 675 3601 spiritales
731 3534 1164 3601 mortiﬁcatorum
1209 3535 1416 3603 posside
1444 3548 1463 3585 :
1493 3551 1554 3591 ac
1586 3537 1629 3590 si
1734 3540 2086 3593 mutabuntur
2116 3536 2325 3592 scilicet
2355 3536 2407 3589 in
2439 3534 2875 3590 conformitatcm
2910 3536 3025 3606 ejus
3072 3539 3309 3605 redacti,

113 3613 249 3672 dicat:
284 3622 379 3676 Fac
426 3634 483 3679 ut
526 3628 657 3697 ipsa:
687 3626 780 3680 filii
828 3628 995 3681 nostri
1034 3628 1161 3681 fiant
1206 3647 1219 3682 :
1266 3644 1363 3697 per
1395 3639 1630 3685 nostram
1734 3634 1823 3702 qui
1872 3631 1992 3684 finis
2034 3639 2117 3684 est
2149 3628 2443 3698 prophetia:
2480 3636 2532 3681 et
2571 3628 2724 3697 h-gis.
2760 3628 2826 3681 Et
2872 3639 2956 3683 est
3001 3629 3164 3685 etiam
3213 3633 3312 3688 iste

112 3709 476 3769 predicationem
508 3718 815 3786 acquisiue,
846 3719 935 3787 qui
995 3735 1092 3788 pro
1142 3730 1192 3775 te
1242 3723 1634 3777 mortificamur
1733 3720 1967 3793 psalmus
1999 3734 2161 3790 agens
2195 3735 2289 3787 pro
2323 3719 2575 3787 Assyriis,
2611 3719 2661 3772 i'd
2686 3727 2771 3773 est
2812 3734 2910 3788 pro
2949 3720 3180 3776 utilitate
3213 3723 3314 3779 As-

112 3793 309 3871 incarne,
332 3804 439 3877 jugi
465 3809 837 3865 tribulatione.
868 3810 933 3863 Et
964 3819 1084 3880 post
1110 3826 1202 3867 eas
1222 3814 1449 3882 posside,
1478 3814 1527 3867 id
1552 3824 1634 3869 cst
1735 3811 2032 3883 syriorum,
2064 3809 2368 3864 Judmorum
2405 3808 2611 3864 Scilicet
2642 3811 2731 3879 qui
2764 3810 2949 3867 dicunt
2977 3828 3035 3867 se
3062 3815 3314 3886 Assyrios

115 3885 178 3941 tibi
196 3897 337 3950 subde
359 3907 408 3952 et
429 3915 573 3971 rege.
610 3900 675 3954 Et
704 3900 810 3955 hoc
839 3900 925 3955 f'ac
967 3904 1252 3956 secundum
1310 3904 1632 3973 ntagnitudi-
1736 3918 1855 3958 esse
1889 3918 2011 3957 cum
2041 3916 2144 3955 non
2176 3902 2303 3963 sint,
2336 3900 2543 3956 scilicet
2572 3901 2759 3957 dicunt
2788 3919 2848 3959 se
2876 3906 3168 3975 dirigentes
3195 3926 3315 3964 esse

112 3991 191 4031 nem
209 3983 380 4040 brachii
409 3992 506 4056 tui,
541 3991 594 4045 id
626 3999 708 4045 est
734 3993 1030 4047 secundum
1072 3993 1497 4063 magnitudinem
1522 4011 1631 4047 ma-
1739 3997 1791 4050 in
1822 3994 1971 4065 lege,
2008 4010 2128 4049 cum
2172 3995 2352 4064 potius
2384 3993 2455 4048 ibi
2505 3995 2613 4050 sint
2653 3996 3073 4067 distorquentes.
3128 4000 3190 4053 Et
3231 4012 3314 4056 est

112 4078 196 4132 sua:
219 4072 527 4135 fortitudinis
564 4090 691 4148 tuae,
716 4080 923 4136 scilicet
955 4081 1097 4151 quod
1128 4082 1284 4137 fortis
1337 4091 1391 4136 et
1446 4091 1637 4153 potens
1738 4087 1979 4156 psalmus
2012 4087 2114 4142 iste
2144 4086 2496 4141 testimonium
2538 4087 2712 4157 Asaplt
2751 4098 2804 4143 et
2840 4089 3009 4145 fidelis
3039 4103 3091 4146 et
3128 4094 3315 4147 infide-

112 4175 151 4212 τε
176 4164 226 4217 ad
253 4168 343 4223 hoc
365 4174 657 4241 agendum.
690 4171 805 4228 Hoc
832 4184 1013 4228 autem
1053 4176 1193 4244 quod
1223 4177 1362 4230 Deus
1390 4190 1486 4231 eos
1511 4192 1637 4246 pos-
1739 4179 1824 4235 lis.
1858 4179 2058 4235 Fidelis
2087 4179 2302 4249 quidem
2342 4179 2522 4248 Asaph
2562 4189 2644 4234 est
2688 4180 3053 4236 testiinonium
3085 4185 3318 4238 creduli-

114 4252 745 4330 sidehitvocatultiouem,
778 4280 900 4321 cum
936 4267 1068 4321 utile
1122 4268 1193 4322 sit
1247 4268 1343 4333 eis,
1406 4278 1461 4324 et
1507 4269 1638 4323 ultio
1742 4272 1868 4327 tatis
1906 4271 2049 4339 ejus,
2101 4271 2309 4327 scilicet
2356 4271 2478 4338 quia
2520 4270 2657 4326 bene
2699 4271 2873 4326 credit
2920 4273 3145 4327 salutem
3195 4290 3315 4330 esse

114 4359 188 4401 non
211 4352 357 4408 soleat
390 4359 563 4427 accipi
588 4357 693 4412 nisi
737 4358 789 4411 iu
842 4359 1074 4426 malum;
1118 4360 1211 4414 sed
1247 4375 1344 4429 per
1388 4360 1641 4415 simiiitu-
1742 4379 1838 4434 per
1871 4362 2176 4428 Christum,
2213 4376 2337 4416 cum
2377 4360 2543 4415 dicit:
2577 4360 2813 4416 Ostende
2845 4360 3032 4417 faciem
3073 4373 3218 4419 tuam
3264 4379 3317 4421 et

114 4435 245 4496 dinem
279 4445 467 4502 dicitur
495 4449 651 4503 ultio.
684 4449 839 4504 Sicut
868 4450 1013 4505 enim
1045 4451 1219 4506 victor
1254 4453 1319 4506 de
1346 4452 1502 4508 hoste
1552 4468 1641 4506 su-
1675 4448 1717 4500 Ῐ)
1744 4454 1874 4511 salvi
1907 4454 2127 4508 erimus.
2161 4450 2394 4506 quidelis
2419 4452 2636 4521 quidem
2668 4451 2850 4523 Asaph
2893 4454 2994 4508 hoc
3036 4455 3194 4511 modo
3238 4468 3323 4512 est

114 4543 298 4594 peratoa
327 4554 403 4605 se,
434 4541 580 4595 hanc
607 4541 863 4597 ultionem
901 4542 1096 4611 saepius
1126 4542 1345 4611 accipit,
1370 4543 1509 4613 quod
1543 4544 1641 4596 du-
1747 4544 2144 4609 testimonium,
2181 4552 2235 4597 ut
2270 4558 2390 4597 eam
2424 4543 2704 4597 convincat
2736 4559 2921 4600 errare
2952 4546 3017 4601 de
3047 4546 3148 4603 hoc
3178 4551 3325 4618 quod

116 4621 284 4679 citeum
318 4639 435 4699 post
457 4647 515 4686 se
547 4633 615 4685 ad
653 4631 861 4686 libitum
886 4647 1066 4698 suum,
1099 4643 1153 4687 et
1179 4633 1407 4688 vinculis
1436 4634 1638 4699 nectit;
1746 4637 2020 4693 Christum
2055 4644 2216 4705 negat
2242 4650 2365 4690 esse
2393 4634 2746 4698 salvatorem,
2779 4653 2900 4691 eum
2931 4648 3118 4708 aperte
3143 4651 3324 4696 οειρη.

114 4713 167 4767 sic
190 4727 233 4771 et
261 4720 389 4777 Deus
413 4724 533 4779 illos
547 4725 751 4794 quisibi
775 4725 924 4795 prius
939 4725 1077 4781 male
1100 4726 1305 4798 agendo
1326 4738 1643 4796 repugnant,
1748 4729 1840 4783 dat
1868 4725 2292 4781 destructionem
2329 4725 2537 4781 Juaaici
2567 4727 2745 4796 populi
2778 4727 2979 4783 Christi
3014 4738 3326 4801 contempo-

114 4816 183 4868 PCI‘
208 4812 576 4875 prmdicatores
632 4815 872 4870 devictos
925 4816 1008 4870 sui
1052 4831 1313 4887 sequaces
1360 4815 1541 4880 eflicit,
1594 4826 1648 4871 et
1749 4817 1897 4871 rauci
1921 4857 1935 4881 ,
1967 4830 2087 4886 qua:
2124 4815 2203 4869 eis
2235 4816 2489 4887 contigit,
2525 4830 2590 4870 eo
2629 4816 2768 4885 quod
2807 4816 2980 4886 ipsum
3016 4819 3324 4889 Christum,

113 4890 282 4951 vinculo
302 4913 692 4973 praeceptorum
730 4919 949 4959 suorum
978 4906 1164 4959 nectit.
1751 4910 2087 4965 Salvatorem
2129 4922 2251 4963 esse
2305 4919 2654 4977 negaverunt.
2704 4907 2850 4964 llauc
2900 4909 3062 4980 igitur
3112 4912 3330 4967 destru-

163 4986 270 5045 Dico
299 4997 519 5062 posside,
555 5006 603 5050 et
634 4996 759 5067 quia
814 4997 928 5067 ipse
978 4998 1133 5054 nobis
1169 4998 1454 5069 opprobria
1516 4999 1648 5055 iul‘e-
1752 5000 1983 5056 ctionem
2019 4999 2294 5066 ostendit,
2328 4999 2419 5054 tibi
2472 5000 2640 5055 dicit:
2687 4999 3004 5056 Destruxisti
3045 5005 3327 5057 maceriam

115 5079 243 5135 tendo
285 5085 375 5142 tibi
413 5088 823 5159 improperant,
879 5089 983 5145 illis
1037 5090 1191 5145 factis
1239 5091 1419 5145 vicinis
1459 5091 1651 5145 nostris
1752 5092 1886 5160 ejus,
1914 5103 2019 5148 etc.
2052 5090 2118 5146 Et
2149 5091 2286 5146 bene
2318 5091 2518 5146 dicitur
2557 5106 2718 5161 agere
2755 5108 2852 5161 pro
2883 5092 2966 5146 his
2999 5093 3089 5161 qui
3137 5093 3332 5147 immu-

116 5173 371 5232 accedendo
398 5180 464 5233 ad
489 5180 675 5246 fidem,
710 5181 865 5235 redde
888 5183 941 5236 in
966 5183 1108 5248 sinu,
1167 5182 1218 5236 id
1254 5193 1337 5237 est
1386 5183 1437 5236 in
1485 5184 1652 5237 corde
1757 5182 2041 5247 labuntur,
2072 5190 2124 5236 et
2152 5197 2246 5252 pro
2273 5179 2523 5252 Assyriis.
2549 5181 2808 5238 Collectio
2838 5198 3067 5251 namque
3095 5183 3332 5241 fidtlium

115 5272 254 5317 eorum
279 5270 568 5340 septuplum
612 5271 1042 5341 improperiorum
1092 5274 1369 5341 ipsorum:
1402 5274 1565 5342 quod,
1600 5273 1683 5328 id.
1755 5271 1910 5341 longe
1956 5281 2081 5326 ante
2130 5270 2332 5327 Christi
2366 5282 2577 5342 tempus
2627 5274 2899 5339 existens;
2952 5274 3033 5328 vel
3078 5274 3166 5329 illa
3210 5292 3333 5346 quae

114 5356 247 5407 esteo
270 5360 399 5426 quod
431 5362 873 5431 exprobrauerunt
895 5365 1007 5431 tibi,
1050 5364 1291 5431 Domine,
1342 5367 1496 5420 nobis
1553 5380 1651 5435 op-
1757 5365 1901 5419 circa
1936 5372 2145 5434 tempus
2177 5364 2293 5433 ejus
2321 5364 2588 5428 existens,
2631 5379 2754 5417 eum
2799 5364 2983 5419 videre
3014 5367 3243 5433 meruit,
3276 5379 3336 5423 ut

114 5443 348 5506 probrium
406 5451 708 5509 inferendo.
761 5454 915 5522 Quod
952 5466 1032 5511 est
1064 5458 1289 5513 dicere:
1329 5457 1462 5524 Quia
1501 5459 1656 5513 nobis
1761 5454 1980 5509 Sitneou
2012 5456 2191 5523 justus
2220 5463 2273 5509 et
2323 5453 2688 5517 Nathanahel,
2730 5464 2782 5510 et
2814 5455 2995 5509 eteteri
3037 5455 3221 5526 plures
3252 5460 3335 5513 itt-

116 5525 492 5607 improperando
521 5542 616 5598 tibi
658 5559 871 5615 quoque
913 5550 1369 5618 exprobrauerunt,
1422 5548 1508 5605 fac
1563 5565 1657 5604 eas
1761 5548 2062 5604 traducitur
2100 5550 2152 5603 in
2188 5550 2290 5604 hoc
2326 5549 2564 5619 psalmo,
2599 5562 2666 5601 ex
2708 5548 2874 5602 nimia
2910 5547 3192 5605 aﬂ‘ectionc
3243 5554 3349 5605 ad-'

118 5622 245 5681 nobis
267 5643 357 5698 per
382 5632 545 5688 fidem
582 5635 810 5704 vicinas,
860 5647 915 5694 et
958 5654 1057 5708 pro
1101 5639 1425 5711 improperio
1471 5655 1655 5697 eorum
1761 5651 1952 5697 ventus
1983 5640 2185 5697 Christi
2234 5655 2323 5710 qut
2371 5639 2594 5693 nimium
2646 5638 2747 5708 ipsi
2783 5638 3029 5693 difl'ertur
3059 5642 3338 5711 suspirans

120 5713 245 5771 nobis
267 5729 318 5774 et
347 5723 437 5779 tibi
470 5724 635 5796 facto,
672 5729 827 5783 redde
868 5731 945 5785 eis
978 5731 1061 5786 hic
1095 5733 1394 5801 prmmium,
1453 5734 1657 5789 scilicet
1762 5741 1814 5785 et
1848 5747 2010 5788 orans
2044 5742 2098 5786 ut
2132 5734 2268 5786 Deus
2299 5731 2457 5785 Pater
2485 5731 2704 5787 mittens
2732 5747 2853 5786 cum
2886 5748 3046 5804 quem
3075 5732 3338 5789 missurus
