3856 6322
505 288 635 344 1065

1095 280 1152 335 S.
1193 278 1543 336 B‘RUNONIS
1579 269 2218 335 CARTllUSlANOllUM
2259 270 2747 328 lNSTl’l‘UTORlS
2786 270 2935 328 OPP.
2975 269 3157 325 PARS
3190 270 3230 325 I.

3598 277 3701 339 NN

501 413 616 467 est,
650 415 744 472 per
775 398 944 469 ipsius
972 395 1263 451 adventum
1293 401 1575 446 convertat
1604 400 1658 444 et
1687 388 1855 443 salvet
1885 400 2076 438 omnes
2109 389 2152 444 Α
2184 381 2295 435 veni
2321 421 2335 445 ,
2378 382 2451 436 ita
2489 382 2695 437 scilicet
2745 382 2866 437 dico
2926 382 3073 444 veni,
3113 391 3170 434 ut
3224 380 3397 435 salvos
3436 382 3581 449 facias
3616 405 3702 454 nos;

505 495 560 548 itt
594 502 838 559 tempore
865 487 1038 558 gratia
1083 483 1391 545 salvamlos,
1433 491 1539 536 tam
1587 489 1771 549 gentes
1799 492 1959 545 quant
1992 474 2085 528 iu-

503 585 668 640 dzeos.
700 581 834 637 Orat
858 592 1074 650 quoque
1101 590 1197 647 pro
1226 585 1379 644 parte
1403 573 1708 627 Judmorum
1756 570 1806 621 in
1838 569 1941 621 ﬁne
1981 566 2087 620 sal-

505 675 838 739 vandormn,
876 680 929 726 et
959 668 1195 725 ostendit
1236 666 1656 719 destructionem
1708 656 2042 713 Hierusalem
2069 695 2083 720 ,

504 766 630 836 quia
663 762 994 819 visitationis
1031 775 1141 816 sum
1170 767 1378 825 tempus
1408 771 1510 809 non
1543 751 1811 822 cognovit.
1847 748 1959 802 l’loe
1992 763 2087 800 au-

506 867 613 911 tent
643 857 763 910 ideo
781 854 1004 919 facil,ut
1029 847 1358 905 ostendendo
1380 851 1641 915 quantum
1664 841 1911 896 habuerit
1932 839 2087 893 Chri-

506 949 575 1003 sti
604 946 868 1001 adventus
896 940 1251 999 desiderium,
1286 946 1340 991 et
1384 936 1546 990 etiam
1582 931 1917 987 ostendendo
1960 944 2084 999 per-

506 1039 767 1093 ditionem
797 1047 1015 1096 eorum,
1050 1030 1139 1099 qui
1173 1042 1294 1083 eum
1325 1024 1572 1080 venerari
1604 1022 1986 1092 neglexerunt,
2017 1020 2086 1073 ad

508 1129 675 1198 ipsius
700 1124 1097 1181 venerationem
1126 1135 1223 1173 nos
1248 1118 1533 1188 proniores
1562 1117 1769 1170 reddat.

579 1218 683 1283 Qui
718 1216 848 1285 regis
889 1209 1057 1266 Israel
1091 1210 1318 1263 intende.
1352 1207 1504 1274 Quod
1529 1216 1609 1262 est
1639 1208 1848 1261 dicere:
1877 1203 1920 1259 Ο
1950 1205 2088 1258 Deus

508 1311 669 1364 Pater
697 1324 784 1378 qui
817 1305 948 1376 regis
983 1301 1153 1357 Israel
1183 1301 1389 1356 scilicet
1426 1300 1609 1355 ﬁdeles
1654 1300 1719 1353 de
1758 1298 1956 1354 Judaais
1998 1297 2089 1351 de-

508 1398 750 1454 ducendo
781 1398 846 1451 de
881 1395 1071 1450 virtute
1102 1392 1155 1447 in
1197 1392 1482 1455 virtutem,
1509 1405 1731 1444 oramus
1768 1389 2002 1453 intende,
2037 1386 2088 1441 id

503 1502 589 1547 est
616 1492 878 1544 intentum
912 1496 961 1541 te
989 1486 1074 1540 fac
1112 1485 1166 1539 in
1205 1483 1376 1554 ipsius
1412 1482 1575 1538 Israel
1607 1481 1888 1551 regimine.
1938 1479 2001 1532 Et
2032 1488 2087 1532 tu

501 1584 592 1653 qui
626 1581 841 1635 deducis
869 1578 1100 1647 Ioseph,
1146 1576 1196 1630 id
1245 1586 1327 1629 est
1356 1575 1587 1629 deduces
1637 1571 1887 1644 populum
1918 1569 2092 1641 genti-

508 1676 610 1729 lem
640 1671 1061 1728 convertendum
1092 1667 1158 1723 de
1186 1666 1417 1723 bouooin
1461 1665 1673 1727 melius,
1713 1664 1803 1734 qui
1854 1662 1957 1716 erit
1994 1660 2090 1715 Jo-

505 1766 663 1837 seph,
698 1765 749 1819 id
783 1772 868 1819 est
896 1768 1298 1830 augmentatus,
1330 1758 1568 1822 intende,
1600 1756 1651 1810 id
1689 1762 1774 1810 est
1822 1755 2087 1807 intentum

509 1865 561 1911 te
590 1856 675 1912 fac
719 1856 783 1909 ad
822 1854 1021 1923 Joseph
1060 1852 1457 1914 deducendum,
1491 1864 1553 1904 ac
1589 1849 1633 1903 si
1663 1847 1804 1902 dicat
1840 1864 1851 1898 :
1885 1844 2017 1911 Quia
2044 1853 2093 1896 te

509 1958 783 2021 potentem
814 1961 933 2002 esse
962 1944 1341 2016 cognoscimus
1361 1982 1376 2007 ,
1413 1940 1479 1994 ad
1524 1940 1686 1995 Israel
1716 1937 2008 2009 regendum
2041 1942 2093 1987 et

511 2040 710 2111 Joseplt
753 2034 1244 2107 augmentandum,
1288 2042 1343 2087 et
1390 2032 1492 2086 hoc
1536 2030 1726 2099 spiritu
1780 2025 2094 2098 pr0pltetico

512 2131 891 2203 prtevidemus,
924 2125 1067 2197 quod
1104 2126 1206 2179 hoc
1237 2132 1527 2192 utrumque
1563 2120 1751 2184 facies,
1788 2132 2007 2173 oramus
2040 2126 2091 2169 ttt

513 2223 740 2279 festines
770 2221 836 2276 ad
868 2220 1080 2273 iutense
1113 2214 1406 2284 regendum
1446 2222 1500 2268 et
1528 2210 1922 2266 deducendum.
1968 2208 2096 2262 Dico

512 2315 659 2385 quod
689 2312 883 2381 Josep/t
917 2309 1167 2363 deduces.
1200 2304 1401 2374 Joseph
1440 2303 1581 2365 dico,
1618 2310 1672 2354 ut
1720 2316 1899 2363 ovem,
1935 2299 1985 2351 id
2015 2307 2097 2351 est

515 2410 702 2473 utpote
724 2416 878 2456 ovem
904 2412 1064 2468 quem
1083 2394 1287 2450 scilicet
1304 2408 1369 2448 ex
1385 2407 1518 2447 cane
1533 2406 1655 2444 man
1667 2396 1881 2443 suetum
1900 2388 2030 2440 facis
2043 2394 2100 2440 ut

518 2510 673 2551 ovem
697 2488 1076 2555 dico,intende,
1102 2495 1156 2541 et
1180 2487 1281 2540 hoc
1307 2482 1467 2539 modo
1480 2481 1730 2535 videlicet
1752 2498 1765 2533 :
1799 2478 1877 2533 Tu
1909 2479 2098 2548 quise-

518 2586 608 2639 de:
622 2578 1084 2653 superCIzerubim,
1102 2575 1153 2630 id
1170 2582 1253 2629 est
1270 2573 1358 2642 qui
1378 2579 1793 2642 perseveranter
1815 2567 2027 2622 habitas
2047 2576 2102 2621 et

519 2674 814 2731 dominaris
834 2671 885 2724 in
904 2666 1216 2724 caelestibus
1241 2663 1466 2735 spiritus
1485 2703 1501 2726 ,
1523 2662 1614 2732 qui
1637 2671 1762 2715 sunt
1776 2658 2065 2714 Cherubim
2084 2697 2097 2720 ,

519 2766 679 2821 idest
708 2762 845 2834 pleni
879 2758 1106 2815 scientia
1140 2766 1243 2811 tuae
1265 2753 1626 2826 cognitionis,
1657 2751 2015 2820 manifestare,
2050 2748 2102 2802 id

519 2866 604 2911 est
635 2853 980 2908 manifestum
1017 2858 1068 2903 te
1106 2846 1193 2901 fac
1230 2862 1327 2917 per
1373 2844 1565 2909 ﬁdem,
1595 2858 1771 2896 coram
1814 2838 2098 2910 Epltraitn,

520 2946 815 3017 Benjamim
837 2953 882 2997 et
910 2941 1173 3005 Manasse,
1206 2938 1257 2993 id
1293 2944 1370 2993 est
1397 2951 1578 2992 coram
1610 2932 1857 2989 ﬁdelibus
1901 2931 2102 2984 utrius-

2124 1729 2165 1783 Β

2187 481 2242 527 et
2278 474 2363 529 hic
2409 490 2437 527 a
2479 475 2715 543 peccatis
2746 483 2801 529 et
2831 474 2882 528 in
2915 472 3110 528 futuro
3141 472 3381 543 perfecta
3424 474 3704 545 salvatioae;

2187 564 2326 617 sicut
2354 564 2419 616 ad
2467 562 2704 632 priorem
2734 563 2988 632 populum
3029 563 3261 627 venisti,
3288 563 3565 618 secundum
3588 571 3707 623 auxi-

2190 654 2322 708 lium
2355 654 2572 724 gratize,
2607 661 2667 706 nt
2705 653 2772 707 ab
2799 652 3177 723 Aigyptiorum
3225 653 3480 708 servitute
3516 669 3597 710 eos
3632 659 3714 710 sal-

2186 756 2361 796 vares.
2405 742 2534 795 Dico
2574 734 2754 818 salvos
2789 741 2957 810 facias
2997 757 3090 794 nos
3120 756 3139 795 :
3169 752 3222 794 et
3252 757 3377 807 nos,
3406 741 3591 796 scilicet
3621 757 3715 800 ante

2192 842 2398 901 tempus
2429 829 2630 885 Christi
2663 831 2989 897 existentes,
3019 830 3110 899 qui
3146 845 3271 884 eum
3305 844 3412 883 non
3442 831 3714 898 videbimus,

2190 923 2241 977 id
2274 931 2357 977 est
2392 921 2670 991 eripiendo
2704 936 2734 974 a
2767 921 3025 987 tenebris,
3064 921 3118 975 in
3158 922 3356 990 quibus
3386 930 3496 990 post
3534 932 3714 977 mortem

2188 1014 2549 1069 detinebimur
2577 1028 2675 1083 pro
2708 1014 2954 1084 originali
2993 1025 3251 1084 peccato;
3299 1024 3354 1069 et
3393 1013 3563 1069 ﬁdeles
3586 1020 3716 1071 nostri

2192 1105 2524 1171 conformes,
2570 1103 2658 1172 qui
2694 1103 2746 1157 in
2788 1112 3027 1173 tempore
3057 1103 3174 1172 ejus
3204 1112 3393 1170 erunt,
3431 1104 3669 1173 eripiendo
3694 1124 3717 1159 ει

2190 1196 2426 1266 peccatis
2470 1214 2482 1250 :
2528 1209 2789 1267 utrosque
2823 1205 3002 1251 autem
3042 1206 3097 1250 et
3134 1212 3261 1261 nos,
3309 1194 3510 1249 scilicet
3540 1206 3586 1249 et
3621 1211 3719 1260 eos,

2190 1288 2336 1342 salva
2363 1288 2599 1358 perlecta
2630 1288 2925 1344 salvatione
2959 1286 3012 1340 in
3043 1286 3244 1341 futuro.
3286 1285 3544 1352 Quoniam
3580 1298 3717 1340 autem

2194 1379 2616 1434 indeterntinate
2672 1378 2879 1433 dixerat
2925 1377 3071 1433 salva
3125 1392 3247 1440 nos,
3298 1377 3468 1446 ipsam
3522 1377 3722 1432 salvatio-

2192 1489 2313 1527 nem
2335 1474 2573 1543 exponit,
2598 1473 2710 1529 sic:
2744 1472 2891 1538 Dico,
2920 1472 3087 1526 salva.
3115 1471 3183 1524 Et
3207 1473 3311 1524 hoc
3338 1469 3496 1523 modo
3519 1470 3719 1537 quidem:

2190 1570 2234 1626 Ο
2266 1571 2408 1625 Deus
2435 1570 2645 1624 ostende
2671 1568 2856 1638 faciem
2882 1577 3049 1630 tuam,
3083 1566 3135 1620 id
3158 1573 3242 1620 est
3267 1563 3462 1617 Filium
3491 1563 3573 1630 qui
3599 1562 3723 1616 facies

2194 1673 2281 1718 tua
2310 1678 2547 1734 congrue
2582 1662 2797 1727 dicitur,
2828 1676 2893 1715 eo
2922 1660 3064 1729 quod
3111 1674 3207 1729 per
3243 1672 3370 1712 cum
3402 1654 3723 1724 cognosceris,

2194 1758 2334 1811 sicut
2363 1765 2506 1811 totus
2530 1772 2626 1827 per
2646 1754 2837 1811 faciem
2866 1756 3027 1809 homo
3051 1750 3420 1821 cognoscitur,
3445 1763 3507 1801 ac
3526 1748 3566 1801 si
3589 1748 3724 1803 dicat:

2193 1846 2388 1900 Filium
2434 1855 2579 1899 tuum
2622 1844 2710 1913 qui
2753 1843 3046 1898 secundum
3092 1839 3235 1909 quod
3284 1838 3427 1891 Deus
3464 1845 3541 1889 est
3580 1835 3726 1888 invisi-

2195 1938 2356 2001 bilis,
2403 1938 2484 1993 fac
2530 1935 2835 2000 incarnari;
2882 1944 2935 1989 et
2974 1934 3053 1987 sic
3091 1945 3216 1986 eum
3257 1928 3530 1983 hominem
3573 1925 3728 1979 factum

2196 2029 2462 2084 visibilem
2493 2029 2737 2083 ostende.
2769 2026 2834 2080 Et
2869 2041 2969 2095 per
3008 2023 3200 2077 faciem
3235 2029 3511 2074 ostensam
3543 2031 3731 2071 comma

2198 2140 2310 2188 nos,
2351 2123 2557 2179 scilicet
2586 2138 2683 2176 nOs
2700 2122 2811 2191 jam
2844 2129 2972 2172 tunc
3006 2125 3250 2170 mortuos
3271 2128 3370 2181 per
3395 2126 3517 2166 eum
3545 2122 3731 2163 converte

2199 2227 2227 2265 a
2268 2212 2502 2268 tenebris
2531 2212 2596 2267 ad
2626 2211 2831 2274 lucem;
2858 2216 2910 2262 et
2933 2205 3089 2259 nobis
3117 2202 3430 2257 conformes
3456 2200 3645 2252 futuros
3667 2196 3732 2265 qui

2199 2308 2305 2362 vivi
2345 2298 2527 2371 erunt,
2564 2313 2795 2358 converte
2826 2317 2854 2355 a
2884 2298 3031 2353 vitiis
3062 2297 3129 2350 ad
3160 2295 3391 2349 virtutes
3411 2333 3425 2355 ,
3459 2301 3510 2346 et
3536 2291 3596 2345 ab
3622 2290 3733 2358 igno-

2200 2400 2375 2454 rantia
2404 2397 2472 2452 ad
2513 2397 2587 2451 tui
2624 2394 2915 2465 perfectam
2955 2389 3340 2460 cognitionem.
3386 2383 3450 2435 Et
3485 2385 3580 2437 hoe
3616 2381 3733 2435 modo

2200 2492 2328 2547 salvi
2356 2489 2549 2543 etimus
2574 2501 2762 2541 omnes
2793 2485 2845 2538 in
2881 2482 3082 2542 futuro,
3114 2477 3357 2548 perfecta
3390 2473 3677 2530 salvatione.

2277 2582 2505 2653 Ingemit
2536 2590 2714 2633 autem
2743 2575 2976 2630 ﬁdelium
3010 2569 3257 2626 collectio
3288 2583 3409 2635 qua:
3440 2564 3524 2619 hic
3552 2562 3734 2633 agit,de

2204 2674 2459 2731 dilatione
2479 2665 2901 2738 exspectationis
2924 2677 3033 2718 sua:
3055 2659 3263 2729 agendo
3286 2658 3402 2711 sic:
3429 2654 3553 2708 Dico
3573 2653 3734 2705 ostende

2205 2768 2398 2838 faciam
2427 2774 2591 2817 tuam.
2630 2760 2695 2814 Et
2724 2773 2845 2814 cum
2886 2756 3051 2825 ipsius
3089 2751 3246 2807 faciei
3275 2749 3626 2805 ostensionem
3658 2748 3735 2798 dit-

2205 2858 2350 2913 feras
2378 2874 2391 2910 :
2428 2870 2463 2911 ο
2496 2853 2711 2909 Domine
2740 2850 2913 2914 Deus,
2942 2847 2993 2900 id
3030 2854 3114 2900 est
3155 2852 3371 2899 creator
3397 2842 3625 2896 virtutum
3658 2854 3738 2913 ei,»

2207 2947 2450 3011 lestium,
2487 2957 2750 3013 quousque
2787 2937 3065 3001 irasceris,
3099 2935 3151 2988 id
3188 2942 3271 2987 est
3318 2947 3488 3000 usque
3520 2931 3579 2983 ad
3607 2944 3737 2998 quan-

525 3056 630 3110 que
694 3036 905 3108 populi,
956 3034 1046 3105 qui
1110 3046 1232 3087 cum
1261 3029 1420 3084 modo
1458 3028 1566 3083 sint
1596 3026 1689 3080 ﬁlii
1722 3023 1957 3094 adoptivi
1993 3037 2105 3091 pcr-

2213 3049 2325 3094 tum
2356 3035 2614 3104 temporis
2644 3031 2913 3086 videberis
2941 3030 3109 3082 iratus
3139 3025 3294 3079 nobis
3319 3038 3426 3077 non
3459 3021 3741 3090 respiciente

521 3128 744 3184 ditionis
793 3134 849 3182 et
896 3125 1024 3190 irae,
1066 3121 1197 3176 ﬁent
1246 3135 1275 3174 a
1326 3129 1378 3172 te
1429 3116 1738 3185 Benjamin,
1780 3113 1831 3167 id
1877 3121 1959 3165 est
2013 3110 2104 3162 lilii

523 3224 794 3285 dexterae,
839 3216 1046 3273 scilicet
1092 3214 1184 3268 ﬁlii
1228 3210 1464 3281 adoptivi
1516 3223 1612 3278 per
1664 3206 1859 3270 fidem,
1902 3204 1993 3273 qni
2041 3202 2105 3255 ad

525 3312 807 3367 dexteram
840 3304 1138 3377 majestatis
1169 3312 1274 3357 tua:
1303 3298 1712 3355 collocabantur
1738 3296 1787 3348 in
1820 3294 2030 3356 futuro;
2057 3302 2111 3345 ct

525 3418 649 3456 cum
708 3400 818 3454 sint
869 3394 1083 3453 steriles
1140 3393 1195 3447 in
1249 3389 1504 3461 operibus
1552 3387 1739 3451 bonis,
1797 3384 1963 3438 facies
2016 3400 2110 3439 cus

531 3494 785 3564 Epltraim
807 3532 821 3557 ,
850 3492 904 3545 id
932 3498 1014 3544 est
1045 3489 1097 3541 in
1138 3487 1269 3540 bono
1297 3481 1678 3554 fructi/iratae;
1705 3495 1718 3544 ;
1750 3487 1803 3533 et
1838 3494 1958 3534 cum
2003 3476 2111 3531 sint

530 3589 584 3638 in
628 3581 855 3636 terrenis
894 3593 953 3633 se
983 3577 1337 3637 delectantes,
1373 3571 1538 3625 facies
1584 3584 1699 3630 eos,
1751 3567 2028 3632 Manasse,
2061 3564 2111 3617 id

534 3681 621 3727 est
671 3680 882 3724 terrena
939 3665 1341 3721 oidiviscentes.
1409 3660 1694 3731 Benjamin
1749 3659 1947 3729 quippe
2013 3656 2113 3725 [dii

534 3766 783 3819 dexterte.
838 3760 1091 3831 Ephraim
1133 3766 1313 3811 autem
1378 3753 1539 3824 322
1590 3750 1952 3821 fructiﬁratio.
1999 3747 2111 3802 Ma-

536 3870 724 3911 nasses
752 3868 879 3909 vero
918 3850 1102 3905 oblivio
1150 3849 1562 3916 interpretatur;
1596 3842 1888 3899 Cherubim
1935 3848 2113 3893 autem

536 3946 805 4017 plenitudo
837 3942 1066 3998 scientia:
1113 3940 1331 3995 dicitur.
1374 3937 1439 3991 Et
1469 3936 1572 3991 hoc
1616 3944 1701 3991 est
1735 3949 1798 3988 ac
1839 3931 1883 3987 si
1928 3932 2112 3985 dicat:

536 4037 615 4092 Tu
664 4039 751 4104 qui
784 4035 895 4105 jam
923 4048 981 4087 es
1025 4032 1075 4086 in
1130 4030 1320 4085 notitia
1347 4028 1690 4100 angelorum,
1725 4026 1777 4079 in
1816 4023 2013 4095 quibus
2040 4023 2121 4076 in-

537 4137 818 4183 cessanter
849 4125 1082 4190 habitas,
1110 4122 1401 4179 manifesta
1443 4121 1605 4173 etiam
1655 4127 1705 4171 te
1737 4118 1787 4171 in
1830 4114 2021 4170 notitia
2054 4115 2116 4167 ﬁ-

536 4220 735 4275 delium
770 4218 1047 4286 utriusque
1091 4213 1295 4285 populi.
1330 4213 1432 4268 Per
1467 4209 1759 4265 Cherubim
1809 4215 1991 4262 autem
2025 4206 2115 4275 qui

536 4327 665 4382 pars
703 4317 829 4365 sunt
876 4307 1180 4363 cmlestiunt
1228 4304 1545 4376 spirituum,
1596 4300 1772 4355 omnis
1807 4297 2119 4369 angelorum

2210 3130 2276 3183 de
2301 3141 2512 3181 summa
2540 3121 2895 3192 dispositione
2925 3128 3013 3172 tua
3039 3133 3197 3184 super
3219 3113 3510 3167 orationem
3537 3110 3650 3164 serti
3669 3109 3739 3167 tui,

2212 3219 2418 3275 scilicet
2472 3231 2577 3271 non
2635 3211 2953 3282 conqlendo
3007 3207 3149 3278 quod
3212 3220 3436 3259 oramus
3488 3213 3541 3255 ut
3593 3201 3740 3255 faciem

2217 3309 2497 3372 ostendas,
2531 3306 2621 3376 qui
2652 3319 2841 3360 sumus
2870 3300 3098 3372 populus
3130 3298 3224 3352 tibi
3260 3296 3502 3351 serviens
3537 3294 3584 3348 in
3614 3290 3744 3344 enini.

2211 3404 2312 3459 bus
2344 3411 2501 3472 prout
2528 3411 2817 3469 possumus
2851 3415 2862 3448 :
2896 3409 2959 3449 ac
2987 3394 3031 3448 si
3061 3392 3205 3446 dicat
3235 3405 3251 3444 :
3289 3388 3426 3454 Quia
3457 3395 3644 3442 tantum
3667 3382 3739 3434 dii-

2214 3470 2357 3556 fers,
2386 3488 2542 3543 nobis
2580 3500 2702 3541 esse
2746 3486 2917 3538 iratus
2959 3494 3210 3550 appares.
3247 3478 3467 3532 Etcum
3499 3482 3664 3543 potens
3692 3470 3745 3522 sis

2216 3583 2279 3636 ad
2309 3581 2411 3635 hoc
2439 3577 2733 3650 agendum,
2774 3574 3031 3629 Dominus
3083 3570 3225 3626 enim
3254 3582 3337 3631 es,
3366 3576 3425 3621 et
3468 3566 3597 3618 Deus
3624 3558 3746 3615 male

2217 3674 2377 3727 stium
2405 3670 2696 3730 virtutum,
2730 3667 3046 3734 inquantum
3082 3662 3183 3715 hoc
3213 3657 3514 3713 dill‘erendo
3541 3654 3673 3708 nobis
3692 3651 3750 3702 τί-

2218 3761 2432 3817 deberis
2463 3762 2652 3815 iratus.
2683 3757 2914 3813 Oramus
2943 3762 2999 3807 ut
3031 3752 3224 3807 faciem
3261 3749 3542 3804 ostendas.
3574 3746 3750 3798 Verum-

2222 3865 2401 3909 tamen
2447 3852 2579 3908 certi
2624 3864 2811 3906 sumns
2851 3861 3021 3916 quare
3070 3842 3225 3899 nobis
3264 3856 3373 3895 non
3419 3837 3648 3895 conferes
3681 3847 3751 3903 per
3842 3864 3843 3883 ι

2220 3960 2343 4000 eum
2394 3944 2603 4013 copiam
2663 3949 3005 3994 terrenarum
3060 3934 3424 3996 deliciarum;
3479 3929 3566 3984 sed
3616 3925 3752 3994 potius
3842 3990 3843 3999 χ

2224 4046 2511 4107 postquam
2547 4031 2784 4096 venerit;
2818 4046 2909 4083 nos
2950 4029 3042 4097 qui
3073 4026 3315 4078 vivemus
3341 4030 3397 4076 et
3432 4020 3480 4075 ei
3511 4013 3755 4073 adhaerebi-
3842 4006 3843 4015 “

2223 4141 2369 4190 ntus,
2412 4122 2605 4177 cibabis
2647 4136 2781 4191 pane
2823 4119 3199 4186 lacrymarum.
3254 4112 3409 4178 Quod
3450 4119 3529 4163 est
3574 4106 3750 4160 dicere:

2223 4216 2328 4271 I’ro
2359 4229 2425 4270 eo
2469 4213 2735 4283 Iacrymas
2775 4208 2974 4264 multas
3019 4206 3318 4275 patiemur,
3362 4201 3561 4269 quibus
3595 4192 3753 4250 cibabis

2226 4321 2342 4368 nos,
2379 4303 2430 4357 id
2461 4310 2545 4356 est
2573 4297 2921 4355 confirmabis
2949 4304 3007 4349 ut
3040 4307 3209 4363 pane,
3244 4300 3512 4361 quatenus
3549 4291 3750 4341 constan-

540 4403 829 4459 multiludo
884 4400 1167 4469 accipitur.
1218 4398 1348 4453 Dico
1400 4396 1502 4450 hoc
1560 4393 1720 4448 modo
1772 4390 2012 4456 intende,
2064 4399 2197 4467 ut”
2229 4399 2394 4452 tiores
2434 4394 2761 4455 clliciamur;
2814 4390 2954 4444 sicut
2993 4402 3133 4456 pane
3181 4384 3395 4438 cibatus
3435 4380 3753 4435 conﬁrmatur.

545 4490 913 4547 manifesteris
941 4504 1121 4544 coram
1154 4486 1421 4553 ﬁdelibus,
1448 4493 1501 4539 et
1529 4483 1633 4539 hoc
1665 4481 1824 4537 modo
1851 4482 2014 4536 etiam
2042 4482 2123 4535 in-

546 4583 718 4637 tende.

617 4673 807 4727 Excita
844 4671 1129 4739 potentiam
1181 4679 1325 4722 tuam
1354 4709 1368 4735 ,
1407 4666 1457 4721 id
1502 4673 1587 4720 est
1626 4662 1886 4718 beneﬁcia
1922 4660 2126 4732 signiﬁ-

546 4776 666 4824 cata
698 4766 904 4838 pridem
928 4780 1025 4835 per
1053 4764 1312 4820 miracula
1337 4761 1590 4833 potentiae
1614 4769 1717 4814 tua:
1737 4800 1750 4823 ,
1778 4774 1840 4813 ac
1871 4758 1913 4812 si
1947 4757 2120 4825 dicatg’:

550 4858 641 4913 llla
672 4856 932 4912 miracula
978 4870 1097 4925 qua:
1129 4855 1181 4909 in
1212 4854 1378 4925 priori
1418 4852 1613 4923 pepulo
1654 4859 1902 4919 potenter
1934 4863 2126 4918 Opera-

549 4958 639 5004 tus
669 4964 749 5014 cs,
777 4946 1054 5016 eripiendo
1082 4960 1174 5000 eos
1202 4945 1265 4999 de
1297 4943 1550 5015 Aigypto,
1580 4950 1635 4996 et
1686 4936 2128 5008 interrumpendo

549 5058 701 5097 mare
738 5048 792 5096 et
819 5050 1060 5111 petram,
1091 5046 1145 5092 et
1188 5044 1384 5092 caetera
1418 5034 1649 5104 agendo,
1680 5048 1800 5102 qua:
1840 5047 1959 5086 cum
1993 5045 2129 5099 pra:-

551 5134 707 5189 terita
753 5133 889 5197 sint,
939 5131 1191 5186 videntur
1234 5142 1355 5183 esse
1405 5140 1655 5190 mortua,
1700 5133 1908 5190 exetta,
1953 5123 2003 5176 id
2048 5131 2132 5176 est

552 5226 817 5281 resuscita
849 5266 865 5293 ,
912 5223 1122 5279 scilicet
1167 5220 1234 5275 ad
1279 5219 1597 5274 memoriam
1643 5217 1809 5272 reduc
1857 5214 2133 5283 operando

552 5317 607 5374 in
636 5318 877 5373 Ecclesia
904 5315 1168 5371 beneﬁcia
1208 5314 1304 5367 abs
1336 5322 1385 5367 te
1416 5312 1504 5366 eis
1545 5319 1789 5379 operata.
1830 5306 1926 5361 Vel
1962 5307 2132 5360 excita

550 5408 867 5479 potentiam,
900 5406 953 5462 id
996 5415 1080 5461 est
1128 5403 1389 5458 beneﬁcia
1432 5398 1791 5473 significantia
1837 5398 2131 5467 potentiam

554 5509 703 5555 tuam
728 5499 935 5571 pridem
961 5506 1260 5569 operatam.
1293 5493 1354 5547 Et
1376 5496 1478 5548 hoc
1501 5493 1661 5547 modo
1692 5491 1907 5560 quidem
1933 5491 2131 5545 excita:

563 5589 691 5646 Veni
707 5592 1000 5647 secundum
1026 5588 1285 5644 auxilium
1316 5588 1381 5640 ad
1407 5585 1838 5655 nos.Etexponit
1866 5586 2136 5656 quomodo

556 5686 769 5746 veniat.
808 5699 875 5739 ne
929 5682 1095 5738 locale
1148 5679 1332 5734 venire
1375 5680 1794 5750 intelligerent-.15
1820 5719 1834 5744 ,
1864 5679 1977 5734 sic:
2009 5678 2135 5735 Dico

2225 4487 2384 4543 Juxta
2412 4486 2554 4556 quod
2584 4482 2709 4538 alibi
2749 4481 2978 4535 habetur
3011 4496 3023 4530 :
3058 4495 3076 4528 ε
3110 4476 3274 4530 Panis
3305 4490 3402 4529 cor
3424 4470 3641 4527 hominis
3660 4480 3753 4519 colt-

2228 4579 2403 4632 ﬁrmat
2433 4574 2604 4646 (Psal.
2634 4590 2753 4640 cnt,
2784 4571 2892 4640 14).
2930 4590 2948 4621 ι
2978 4569 3045 4623 Ει
3072 4567 3221 4620 dabis
3249 4565 3399 4618 nobis
3427 4573 3615 4633 potant,
3638 4558 3756 4611 idest

2227 4669 2481 4740 gaudium
2512 4668 2567 4720 in
2596 4665 2839 4734 lacryntis
2858 4704 2874 4728 ,
2903 4660 3110 4716 scilicet
3150 4667 3208 4712 ut
3236 4657 3493 4727 lacrymaa
3522 4652 3655 4708 nobis
3676 4649 3757 4702 sint

2227 4777 2391 4818 causa
2429 4757 2639 4831 gaudii,
2679 4757 2804 4826 quia
2853 4768 2951 4825 per
2988 4766 3083 4807 eas
3126 4749 3263 4805 certi
3314 4748 3521 4803 erimus
3561 4738 3755 4814 praemii;

2230 4854 2372 4908 sicut
2393 4828 2553 4922 potus
2577 4849 2688 4902 vini
2713 4847 2910 4902 laetitiae
2936 4858 3098 4899 causa
3124 4851 3207 4898 est
3232 4840 3460 4895 bibenti.
3489 4837 3635 4892 Juxta
3651 4828 3759 4901 quod

2229 4944 2356 4999 alibi
2395 4920 2591 5012 legitur
2622 4957 2636 4994 :
2676 4959 2694 4991 ι
2734 4939 2927 4993 Vinum
2957 4934 3193 4990 ltetiﬁrat
3228 4948 3323 4987 cor
3355 4928 3585 4984 hominis
3613 4920 3758 4995 (ibid.

2233 5039 2341 5110 l5).
2376 5056 2393 5089 υ
2440 5036 2570 5088 Dico
2598 5032 2740 5104 quod
2786 5030 3040 5101 gaudium
3084 5026 3233 5081 dabis
3268 5025 3322 5078 in
3364 5022 3603 5092 lacrymis
3632 5014 3759 5069 nobis.

2232 5131 2299 5185 In
2347 5127 2591 5199 lacrymis
2639 5126 2758 5180 dico
2788 5122 2978 5177 dandis
3008 5121 3061 5174 in
3102 5136 3349 5173 mensura
3376 5156 3391 5181 ,
3443 5115 3632 5170 scilicet
3662 5118 3762 5176 quis

2233 5238 2339 5278 non
2363 5223 2516 5276 dabis
2545 5220 2683 5275 ultra
2713 5218 2951 5281 modum,
2984 5215 3077 5271 sed
3105 5228 3226 5268 cum
3253 5224 3531 5273 mensura,
3562 5214 3613 5261 ut
3637 5196 3763 5272 palati

2233 5314 2501 5385 possimus
2533 5326 2600 5367 ne
2631 5311 2969 5373 deﬁciamus,
2996 5306 3149 5376 juxta
3189 5305 3317 5360 illud
3357 5300 3627 5373 Apostoli:
3656 5313 3672 5345 ι
3701 5292 3766 5385 Flf
3842 5358 3843 5363 η

2235 5405 2369 5459 delis
2399 5403 2539 5459 Deus
2566 5444 2579 5468 ,
2632 5402 2721 5473 qui
2769 5417 2873 5456 non
2905 5399 3143 5469 patietur
3180 5410 3278 5450 vos
3316 5392 3509 5448 tentari
3552 5400 3695 5457 supra
3729 5379 3766 5433 id

2235 5495 2376 5565 quod
2400 5495 2623 5566 potestis
2649 5492 2697 5565 (1
2728 5492 2850 5547 Cor.
2878 5510 2932 5556 x,
2966 5490 3072 5561 15).
3110 5507 3128 5540 ›
3161 5488 3298 5555 Quia
3321 5487 3531 5541 dixerat
3551 5482 3767 5545 larrgma-

2237 5604 2374 5652 rum,
2408 5587 2581 5641 innuit
2611 5584 2986 5641 tribulationes
3019 5597 3114 5636 eos
3140 5596 3260 5636 esse
3288 5592 3568 5649 passuros,
3597 5580 3767 5644 partem
3842 5592 3843 5645 ξ

2238 5694 2465 5749 quarum
2498 5676 2773 5745 ostendit,
2826 5673 3072 5732 addendo
3102 5673 3179 5731 sic
3216 5691 3228 5727 :
3264 5671 3395 5727 Dico
3437 5667 3570 5739 quod
3613 5658 3769 5718 cibari:
3842 5704 3843 5709 η
