3840 6338
115 365 216 422 1065

933 355 1298 414 EXPOSITIO
1336 355 1404 412 IN
1435 357 1846 415 PSALMOS.—
1877 359 2072 415 PSAL.
2103 361 2318 417 LXXIX

3160 379 3296 438 ιοδϐ

109 485 306 541 ιιοσριιιιε
331 468 663 537 lacrymarum
696 479 714 518 :
746 475 801 522 et
835 467 1448 542 vere'laerymabimur;
1483 484 1607 522 nam
1642 479 1682 532 Α
1717 470 1847 522 lium
1885 470 2154 540 principes
2195 472 2274 526 eis
2313 475 2652 541 praevalendo
2688 477 2813 536 inde
2849 481 2995 552 ipsos
3028 489 3298 559 expellere

107 561 274 636 posuisti
317 557 465 629 323
519 573 630 621 nos,
671 557 724 612 id
780 567 864 612 est
921 575 1092 629 pones
1136 561 1191 612 in
1239 559 1610 613 contradictio-

108 669 191 706 nent
216 649 370 703 vicinis
397 649 606 708 nostris,
643 647 693 700 id
725 656 806 702 est
833 647 1222 702 contribulibus
1251 649 1468 712 nostris,
1509 651 1616 702 sci-

107 740 198 792 licet
231 735 482 806 permittes
520 743 575 786 ut
613 732 782 788 Judmi
823 736 914 804 qui
960 737 1122 791 vicini
1149 738 1318 795 nostri
1361 745 1504 800 sunt,
1549 738 1614 792 de

105 829 247 883 eadem
271 836 437 897 gente,
466 826 836 880 contradicant
881 827 1072 892 nobis,
1113 828 1202 898 qui
1247 837 1372 884 tunc
1415 829 1613 883 residui

106 921 282 980 erimus,
310 935 368 973 eo
397 919 534 988 quod
565 918 664 988 ipsi
700 920 1098 974 adltmrebimus
1125 937 1140 986 ;
1183 930 1231 974 et
1263 921 1423 974 iidem
1454 921 1612 975 vicini

105 1012 254 1065 inimici
281 1011 430 1064 nostri
469 1009 621 1073 facti,
667 1011 1146 1078 subsannaverunt,
1189 1013 1254 1066 id'
1280 1022 1364 1068 est
1399 1013 1612 1068 derise-

106 1114 193 1157 runt
229 1119 308 1156 nos
346 1118 436 1172 pro
476 1117 557 1156 eo.
605 1102 672 1155 Et
716 1105 962 1171 quamvis
999 1105 1113 1158 haec
1152 1105 1331 1159 omnia
1379 1105 1615 1160 sciamus

104 1211 173 1264 pro
197 1210 250 1249 eo
275 1210 364 1249 nos
390 1210 504 1248 esse
529 1210 810 1264 passuros,
844 1205 1046 1260 tamen,
1081 1196 1172 1250 tali
1204 1205 1364 1266 pacto
1394 1205 1453 1250 ut
1499 1197 1610 1266 ipse

103 1287 252 1350 veniat,
293 1286 388 1354 pati
433 1303 533 1339 non
585 1286 940 1341 formidamus
973 1287 1114 1353 ista;
1165 1289 1261 1342 sed
1298 1303 1536 1352 oramus,
1580 1305 1614 1345 ο

103 1375 203 1429 Deus
223 1377 462 1442 uirtutum,
501 1389 738 1431 (om'erte
762 1395 855 1432 nos
878 1416 896 1443 ,
929 1381 1138 1432 ostende
1179 1381 1365 1449 faciem
1397 1391 1541 1433 tuam
1567 1392 1615 1435 et

101 1467 197 1518 salvi
216 1470 403 1519 erimus.
432 1467 534 1520 Per
563 1467 664 1522 hoc
693 1479 875 1522 autem
903 1471 1046 1538 quod
1073 1485 1132 1524 se
1159 1486 1255 1540 pro
1284 1485 1347 1525 eo
1373 1471 1480 1540 pati
1509 1487 1612 1524 non

103 1555 333 1610 formidare
361 1558 569 1622 dicunt,
600 1566 662 1612 ut
707 1573 806 1628 pro
839 1574 904 1614 eo
931 1563 1039 1628 pati
1070 1576 1176 1614 non
1208 1559 1475 1630 fugiamus
1518 1577 1614 1616 nos

103 1648 330 1702 instruunt.

148 1736 273 1790 Facta
308 1739 560 1804 oratione,
611 1747 665 1795 et
702 1750 917 1796 ostensa
958 1742 1122 1797 nimia
1174 1741 1459 1800 al‘l‘eetione
1508 1761 1606 1800 sua

1719 571 1940 628 possent
1971 579 1985 614 :
2011 578 2242 631 quorum
2278 565 2428 633 plebs
2459 579 2758 625 sustentata
2803 577 3066 644 regimine
3097 593 3294 642 terram

1719 650 1978 721 implevit.
2013 654 2138 710 Sive
2168 666 2348 724 patres
2384 661 2634 729 antiquos
2660 663 2862 718 radices
2886 667 3036 738 dicit,
3059 688 3128 727 ex
3165 691 3299 745 quo-

1719 755 1838 796 rum
1883 747 2089 800 semine
2129 746 2222 800 ﬁlii
2268 761 2674 818 processerunt,
2711 763 2766 808 et
2807 763 3006 812 terram
3044 762 3298 833 impleve-

1717 840 1863 896 runt,
1893 833 2033 888 sicut
2059 837 2126 890 de
2153 837 2337 892 radice
2378 839 2642 908 pullulant
2676 845 2838 900 rami.
3257 865 3260 868 '

1788 923 1856 976 Et
1885 926 2019 980 adeo
2049 935 2244 981 terram
2277 930 2524 1000 implevit,
2551 934 2696 1002 quod
2725 937 2888 991 etiam
2918 943 3123 1008 aperuit
3149 960 3298 998 nion-

1718 1022 1794 1067 tes
1829 1016 2014 1070 umbra
2045 1018 2180 1087 ejus,
2211 1019 2262 1073 id
2289 1031 2371 1075 est
2399 1024 2552 1092 capia
2578 1023 2696 1092 ejus
2733 1043 2836 1080 non
2867 1029 3040 1084 solum
3072 1047 3300 1105 occupa-

1718 1107 1791 1160 vit
1839 1109 2054 1176 planam
2103 1120 2336 1178 terram,
2382 1116 2476 1170 sed
2525 1125 2582 1171 et
2629 1130 2880 1196 montana
2917 1121 3135 1188 Judzere,
3180 1144 3300 1196 qua:

1716 1207 1873 1252 erant
1919 1201 2088 1255 ardua
2133 1201 2250 1256 loca
2298 1213 2352 1258 et
2405 1204 2626 1273 inculta,
2669 1191 3082 1270 a.similitudine
3131 1218 3300 1273 vineae

1717 1287 2073 1355 densissimas,
2117 1300 2172 1346 et
2213 1292 2349 1348 adeo
2385 1293 2438 1348 in
2485 1296 2652 1350 altum
2691 1307 3111 1372 exscrescentis,
3155 1309 3299 1376 quod

1716 1379 1880 1432 etiam
1923 1391 2122 1435 montes
2166 1385 2351 1438 umbra
2391 1385 2504 1455 ejus
2545 1391 2777 1458 aperuit;
2821 1402 2868 1445 et
2913 1394 3126 1450 arbusta
3185 1399 3298 1466 ejus

1717 1479 2066 1537 Operueruut,
2116 1471 2170 1526 id
2221 1482 2306 1530 est
2347 1489 2771 1547 occupaverunt,
2795 1482 2976 1536 cedrus
3010 1484 3141 1551 Dei,
3167 1503 3298 1543 cura

1717 1560 1997 1628 regiminis
2017 1563 2140 1628 sui;
2188 1564 2241 1620 id
2281 1576 2365 1622 est
2408 1569 2641 1626 humiles
2684 1573 2750 1628 de
2796 1589 2860 1628 ea
2904 1577 3057 1630 vinea
3095 1579 3296 1634 sull‘ulti

1716 1650 1939 1706 fuerunt
1985 1669 2016 1708 a
2061 1655 2279 1724 plantis,
2331 1675 2360 1713 a
2405 1662 2621 1732 regibus
2665 1665 2872 1721 scilicet
2917 1676 2969 1722 et
3002 1669 3293 1738 iudicibus,

1717 1753 1769 1795 et
1793 1745 2089 1813 prophetis,
2117 1748 2208 1816 qui
2240 1747 2458 1806 fuerunt
2493 1754 2639 1809 cedri
2692 1755 2819 1822 Dei;
2859 1759 3118 1815 sublimes
3148 1764 3296 1817 scili-

101 1829 146 1883 de
179 1831 373 1886 adventu
413 1831 648 1898 Christi,
699 1838 985 1892 ostendere
1042 1839 1215 1893 tendit
1259 1839 1400 1908 quod
1449 1841 1611 1896 detri-

1718 1841 1800 1886 eet
1839 1835 1974 1889 adeo
2013 1835 2143 1891 lacti
2184 1848 2243 1892 ut
2286 1841 2459 1908 cedri,
2511 1843 2563 1898 in
2603 1847 2892 1902 sanctitate
2933 1860 2989 1904 et
3033 1853 3296 1921 sapientia

101 1931 281 1975 mentum
318 1926 548 1993 perpessi
601 1936 726 1980 sunt
767 1927 936 1983 Judati
991 1929 1258 1996 inﬁdeles,
1312 1930 1402 1999 qui
1442 1931 1611 2000 ipsius

102 2012 321 2068 adventum
357 2017 723 2087 neglexerunt.
760 2020 825 2073 Et
862 2029 919 2073 ut
942 2023 1194 2076 ostendat
1224 2024 1440 2093 dignam
1473 2025 1614 2080 hanc

98 2117 234 2156 eorum
272 2106 612 2172 perditionem
663 2123 804 2175 esse,
885 2113 1167 2180 praemittit
1215 2113 1474 2169 beneﬁcia
1531 2114 1610 2170 eis

99 2210 120 2246 ιι
142 2194 222 2250 Deo
245 2198 421 2252 collata
440 2241 454 2264 ,
484 2215 718 2270 quorum
757 2205 1042 2259 occasione
1071 2205 1384 2262 debuissent
1415 2207 1614 2263 adven-

100 2293 176 2337 tum
199 2286 270 2340 ﬁlii
298 2287 378 2342 Dei
409 2305 508 2344 non
557 2292 848 2362 negligere.
877 2293 982 2350 Seu
1011 2295 1170 2350 etiam
1198 2297 1298 2352 hac
1326 2299 1611 2356 occasione

100 2374 294 2432 beneﬁt-ia
324 2379 415 2435 ista
453 2383 756 2451 praemittit,
794 2395 851 2437 ut
884 2386 963 2439 sic
989 2396 1176 2456 postea
1209 2387 1276 2442 de
1301 2387 1610 2444 Judmorum

100 2466 334 2529 perditione
363 2472 749 2540 conquerenth
799 2482 944 2544 agat,
979 2474 1165 2530 dicens
1200 2475 1369 2530 videri
1411 2479 1607 2533 mirum

100 2557 184 2622 quia
209 2557 326 2614 Deus
349 2561 460 2625 bos,
505 2577 645 2633 quos
690 2565 824 2620 adeo
869 2565 1155 2636 diligenter
1199 2569 1370 2638 prius,
1424 2580 1608 2640 utpote

99 2647 252 2703 vineam
278 2667 432 2718 suam,
460 2655 720 2718 excoluit,
750 2656 829 2710 sic
855 2665 1042 2724 postea
1072 2659 1421 2714 vehementer
1447 2659 1607 2731 allligi

98 2740 360 2809 permiserit,
400 2755 452 2799 et
489 2763 591 2816 per
633 2747 735 2802 hoc
769 2743 1045 2804 auditores
1087 2749 1156 2804 ab
1189 2748 1485 2805 oﬂ‘ensione
1515 2752 1606 2805 Dei

100 2826 329 2896 deterreat;
356 2850 471 2888 cum
495 2835 736 2900 Iudaeos,
764 2852 898 2906 quos
926 2839 1074 2908 prius
1097 2840 1150 2893 in
1168 2848 1374 2892 tantum
1399 2840 1606 2907 dilexit,

102 2928 221 2984 usque
243 2922 380 2988 adeo,
401 2925 525 2992 quia
544 2940 672 2979 eum
701 2924 1063 2994 offenderunt,
1091 2925 1308 2999 paritas
1335 2933 1606 2986 ostendat.

99 3004 175 3063 Hoc
199 3023 350 3068 autem
378 3018 452 3071 sic
480 3018 617 3072 dicit
646 3037 658 3070 :
693 3017 915 3074 Ostendi
962 3021 1157 3076 faciem
1205 3031 1372 3088 tuam,
1419 3032 1473 3077 et
1515 3037 1610 3092 per

99 3111 179 3152 eam
216 3107 449 3171 converti,
474 3123 699 3163 oramus
728 3118 783 3164 et
807 3119 1077 3179 optamus.
1123 3113 1188 3167 Et
1213 3124 1269 3167 ut
1293 3114 1610 3168 ostendatur

1715 1929 1768 1975 et
1798 1923 2018 1990 virtute,
2069 1941 2100 1979 a
2131 1927 2490 1987 similitudine
2541 1934 2754 2003 vitium,
2811 1952 2932 2007 quae
2976 1949 3031 1993 et
3075 1943 3294 1998 arbusta

1714 2013 1996 2082 dicuntur;
2038 2033 2159 2088 quae
2182 2019 2364 2093 32a,
2399 2032 2458 2078 ut
2484 2025 2777 2084 fertiliores
2806 2030 2934 2096 sint,
2985 2047 3014 2086 a
3048 2034 3294 2089 sublimi-

1712 2103 1814 2158 bus
1861 2106 2147 2164 arboribus
2195 2121 2601 2184 sustentantur,
2655 2134 2790 2187 quas
2841 2124 3112 2190 operiunt.
3178 2125 3296 2182 Non

1713 2195 1881 2261 enim,
1921 2212 2020 2266 pro
2054 2199 2137 2254 sui
2177 2201 2473 2270 debilitate,
2523 2207 2579 2261 in
2628 2209 2793 2264 altum
2823 2219 3188 2288 excrescendo
3239 2235 3298 2275 se

1711 2287 1980 2342 sustinere
2024 2301 2264 2358 possent.
2309 2293 2560 2352 OStendit
2605 2316 2822 2372 quoque
2872 2309 3296 2377 magnitudinem

1712 2382 2046 2436 extensionis
2079 2384 2250 2453 ipsius
2280 2388 2469 2454 vineae,
2501 2407 2622 2447 cum
2659 2395 2848 2450 addit:
2876 2398 2938 2453 Et
2976 2401 3086 2470 ipsa
3114 2404 3292 2473 vinea,

1711 2486 1741 2524 a
1776 2474 1956 2529 cedris
1995 2486 2329 2545 sustentata,
2375 2487 2607 2538 extendit
2649 2503 2812 2558 usque
2856 2491 2926 2544 ad
2964 2510 3110 2549 mare
3151 2497 3297 2552 occi-

1711 2561 1926 2619 dentale
1956 2565 2198 2634 palmites
2230 2587 2374 2634 suos,
2419 2573 2473 2626 id
2515 2583 2596 2629 est
2639 2579 3017 2645 generationes
3065 2585 3295 2642 ﬁliorum

1711 2666 1956 2719 suorum,
2006 2672 2126 2724 quae
2182 2659 2435 2728 palmites
2489 2664 2766 2731 dicuntur,
2805 2683 2871 2724 eo
2907 2673 3049 2739 quod
3087 2689 3150 2728 ex
3180 2673 3298 2745 ipsa

1708 2739 1930 2797 .Iudaica
1973 2745 2126 2815 plebe
2164 2751 2505 2819 prodierint,
2547 2756 2687 2811 sicut
2723 2773 2792 2812 ex
2837 2760 3073 2816 arbustis
3129 2739 3298 2822 vineae

1712 2831 1962 2898 palmites
2010 2839 2277 2906 prodeunt
2309 2857 2326 2895 :
2365 2853 2416 2896 et
2447 2861 2609 2916 usque
2650 2850 2719 2900 ad
2755 2850 2952 2917 ﬂumen
2988 2851 3296 2923 Euphraten

1711 2927 1957 2980 extendit
1984 2932 2296 3001 propagines
2325 2935 2458 3004 ejus.
2516 2937 2847 3007 Propagines
2879 2953 3058 2998 autem
3095 2955 3151 3001 et
3182 2947 3293 3016 pal-

1713 3017 1871 3072 mites
1911 3035 2008 3089 prn
2046 3025 2236 3078 eodem
2287 3027 2468 3082 habet.
2517 3029 2678 3086 Juxta
2727 3035 2868 3103 quod
2913 3034 3154 3106 legitur:
3200 3059 3219 3092 ι
3251 3042 3296 3095 Α

1715 3106 1934 3163 flumine
1958 3126 2154 3182 magno
2176 3112 2450 3186 Euphrate
2480 3135 2650 3189 usque
2689 3125 2754 3177 ad
2785 3140 2932 3180 mare
2961 3128 3298 3188 Occidentale

99 3199 135 3242 el
153 3209 222 3261 per
242 3213 344 3252 eam
370 3200 459 3254 ﬁat
485 3202 795 3268 conversio,
832 3204 1180 3260 vehementer
1207 3207 1470 3261 orandum
1501 3217 1604 3262 est.

1718 3208 1870 3253 erunt
1899 3203 2112 3256 termini
2142 3207 2306 3258 vestri
2338 3207 2516 3274 (Deut.
2542 3227 2618 3276 xl,
2645 3211 2758 3279 24).
2802 3233 2820 3265 ι

102 3279 360 3357 Μιιιιιιιιωί,
385 3296 470 3364 qui
502 3295 656 3364 prius
681 3295 834 3350 vinea
863 3307 970 3363 tua,
989 3312 1024 3352 ο
1041 3298 1200 3365 Deus,
1224 3299 1275 3352 in
1301 3298 1456 3353 bonis
1479 3315 1612 3369 ope-

99 3379 402 3443 ribuslcrtiles
444 3389 792 3453 exstiterunt,
819 3399 1002 3460 postea
1029 3407 1155 3447 vero
1201 3391 1340 3446 male
1381 3393 1612 3448 vivendo

101 3478 256 3533 sreriles
281 3482 392 3538 laeti
417 3495 559 3550 sunt,
587 3487 715 3555 quia
749 3487 940 3542 l‘aciem
975 3489 1118 3543 illam
1151 3490 1250 3544 sibi
1283 3492 1492 3548 ostendi
1517 3508 1613 3562 per

101 3561 212 3620 ﬁdem
231 3571 538 3643 negligentet
565 3589 663 3645 per
690 3591 810 3630 eam
833 3579 1094 3643 converti,
1126 3580 1360 3648 graviter
1383 3582 1614 3650 punien-

103 3659 178 3708 tur.
210 3658 261 3714 Et
287 3671 451 3720 tamen
495 3667 699 3721 vincant
735 3666 883 3721 illam
915 3670 979 3722 de
1017 3669 1249 3740 Afyypto
1276 3673 1610 3738 transtulisti,

105 3748 254 3805 auxilio
277 3755 452 3823 gratias
479 3768 587 3812 tuae
617 3758 668 3812 in
703 3767 900 3814 terram
923 3761 1330 3830 promissionis;
1363 3771 1418 3815 et
1452 3772 1510 3816 ιιι
1537 3763 1608 3817 ibi

102 3844 236 3891 sccure
259 3855 513 3912 tnaueret,
543 3847 744 3916 ejecieti
766 3859 940 3918 gentes
973 3849 1041 3904 ab
1059 3835 1254 3905 eadem
1284 3862 1450 3918 terra,
1476 3863 1531 3905 ut
1558 3851 1610 3905 in

101 3923 251 3986 psalmo
275 3947 442 3989 Lxxvu
472 3937 675 3991 dictum
704 3946 807 4005 est,
839 3948 886 3992 et
919 3941 970 3994 in
999 3940 1118 3996 loco
1149 3944 1386 4011 gentium
1415 3941 1614 4010 ejecta-

104 4025 185 4066 rum
205 4018 424 4086 plantasti
451 4043 589 4093 eam,
629 4029 680 4083 id
714 4039 798 4084 est
829 4030 1057 4086 ﬁrmiter
1085 4047 1206 4086 eam
1251 4035 1510 4096 statuisti,
1551 4044 1612 4090 ul.

102 4099 250 4174 impetu
283 4115 570 4173 vicinarum
612 4123 892 4177 nationum
944 4126 1208 4181 dimoveri
1261 4143 1367 4180 non
1403 4138 1608 4197 posset.

103 4192 223 4253 Vinea
264 4219 381 4262 sane
401 4208 495 4264 Dei
524 4210 784 4266 Judaicus
829 4214 1057 4283 p0pulus
1098 4218 1249 4286 prius
1302 4192 1478 4272 dictus
1509 4229 1610 4287 est,

100 4296 145 4335 eo
171 4293 282 4357 quod
311 4297 372 4351 ad
415 4300 633 4354 modum
677 4301 847 4358 vincte
889 4302 1084 4360 fertilis
1127 4308 1178 4360 in
1223 4308 1362 4363 bono
1409 4307 1528 4375 fuit,
1560 4320 1615 4365 et

100 4378 186 4440 quia
210 4380 328 4440 Deus
345 4404 464 4444 eum
491 4407 590 4462 per
612 4394 868 4463 propheta
879 4411 996 4450 rum
1022 4398 1322 4452 doctrinam
1355 4401 1612 4456 excoluit.

102 4460 192 4521 Divo
213 4477 332 4541 quod
369 4460 569 4534 vineam
597 4460 910 4539 transtulisti
947 4487 1012 4540 de
1032 4486 1286 4557 Egi/pla,
1320 4499 1374 4544 et
1412 4492 1462 4544 in
1496 4491 1610 4560 ipsa

1784 3289 1918 3355 Quia
1951 3291 2116 3362 igitur
2138 3294 2277 3350 hanc
2300 3297 2508 3352 vineam
2543 3301 2677 3356 adeo
2709 3304 2992 3374 diligenter
3019 3309 3230 3378 plantas
3259 3313 3294 3379 i,

1713 3391 1767 3435 et
1796 3381 1849 3434 in
1881 3391 2086 3437 tantum
2125 3386 2396 3454 dilatasti,
2432 3401 2484 3445 et
2511 3392 2590 3447 sic
2625 3409 2747 3448 cum
2776 3411 2837 3450 ea
2875 3399 3300 3460 misericorditer

1713 3473 1900 3543 egisti;
1936 3485 1993 3530 ut
2024 3477 2149 3546 quid
2175 3479 2497 3549 deerua'isti,
2533 3486 2586 3540 id
2615 3497 2696 3542 est
2721 3489 2983 3556 destrues,
3014 3497 3300 3552 maceriam

1711 3566 1844 3636 ejus.
1881 3567 1932 3623 id
1965 3579 2048 3624 est
2083 3574 2470 3641 protertionem
2511 3587 2656 3634 luant
2689 3584 2756 3638 ab
2789 3599 2850 3638 ea
2879 3585 3167 3656 abstulsti,
3193 3605 3299 3660 qua

1713 3659 2082 3726 muniebatur,
2125 3665 2269 3720 sicut
2313 3683 2344 3721 a
2401 3670 2786 3742 circumposita
2838 3680 3072 3734 maceria
3141 3685 3300 3738 vinea

1714 3751 1990 3805 ntunitur?
2036 3753 2116 3809 Ac
2146 3756 2188 3810 si
2217 3757 2400 3812 dicat:
2429 3760 2562 3816 Cum
2612 3779 2732 3819 eam
2775 3767 2913 3822 adeo
2957 3769 3009 3823 in
3059 3780 3301 3844 tempore

1713 3855 1924 3913 patrum
1967 3862 2102 3916 quos
2142 3849 2397 3918 plantasti
2439 3854 2714 3924 dilexeris,
2752 3859 2944 3915 mirum
2975 3872 3028 3917 et
3063 3881 3300 3935 conque-

1715 3938 1941 3991 rendmn
1992 3956 2114 3996 esse
2159 3943 2392 4009 videtur,
2427 3956 2481 4002 et
2519 3964 2626 4004 non
2674 3953 2792 4007 sine
2831 3971 2990 4010 causa
3028 3961 3300 4029 praecipua

1715 4027 1982 4096 futurum,
2045 4036 2188 4103 quod
2235 4036 2314 4091 sic
2363 4052 2482 4093 eam
2539 4057 2763 4111 spernes
2808 4053 2867 4099 ul.
2906 4027 3298 4115 prolet-tionent

1715 4126 1861 4172 tuam
1895 4122 2104 4189 penitus
2140 4127 2207 4179 ab
2235 4142 2297 4181 ea
2326 4129 2557 4186 auferas.
2598 4133 2660 4187 Et
2703 4136 2827 4204 quia
2868 4140 3155 4193 maceriam
3183 4141 3300 4209 ejus

1715 4211 1986 4278 destrues,
2039 4217 2380 4284 vindemiant,
2420 4222 2472 4275 id
2520 4231 2603 4277 est
2659 4237 2977 4282 consument
3023 4245 3139 4282 eam
3192 4248 3299 4288 nou

1715 4302 1830 4354 solu
1859 4322 1886 4354 ιι
1919 4303 2120 4358 Christi
2175 4309 2429 4375 cultores,
2475 4313 2568 4365 sed
2597 4315 2785 4382 etiam,
2831 4317 2971 4384 quod
3008 4319 3054 4371 ei
3083 4321 3300 4388 gravius

1713 4403 1817 4455 est,
1845 4410 2023 4447 omnes
2043 4396 2132 4464 qui
2151 4399 2653 4468 pra'tergrediuntur
2679 4404 2836 4470 rion,
2867 4405 2918 4459 id
2945 4415 3027 4460 est
3056 4407 3302 4464 inﬁdeles

1716 4485 1962 4554 gentiles,
2015 4486 2222 4542 scilicet
2270 4490 2360 4558 qui
2413 4501 2693 4548 transeunt
2732 4495 3026 4563 Christum,
3061 4499 3302 4557 nolentes

103 4563 387 4625 translatione
431 4573 542 4628 dua:
575 4575 776 4629 itineris
818 4575 932 4646 ejus
963 4553 1248 4648 [uistiviet
1274 4553 1378 4635 hoc
1418 4597 1521 4634 non
1557 4583 1608 4636 in
1647 4553 1690 4607 D
1719 4579 1782 4628 ad
1813 4593 1934 4630 cum
1975 4581 2236 4662 accedere
2267 4597 2365 4652 per
2390 4585 2693 4640 doctrinam
2736 4589 3177 4657 praedicatorum,
3207 4596 3301 4666 qui

104 4645 370 4725 abscondito,
413 4665 509 4718 sed
543 4665 598 4717 in
623 4645 900 4735 conspectu
939 4669 1074 4740 ejus.
1107 4671 1259 4736 Quod
1288 4681 1372 4726 est
1398 4672 1607 4727 dicere:

103 4735 208 4794 Adeo
229 4760 397 4817 aperto
427 4757 623 4810 ducatu
654 4772 773 4812 eam
799 4735 1020 4827 duxisti,
1047 4773 1104 4817 ut
1135 4735 1236 4819 hoc
1261 4764 1434 4819 oculis
1462 4767 1611 4835 aspi-

101 4838 224 4897 teret,
242 4838 351 4894 dum
372 4844 538 4900 nubes
565 4847 644 4901 eis
675 4859 960 4918 appareret
991 4851 1040 4906 in
1067 4853 1170 4914 die,
1199 4863 1254 4908 et
1279 4855 1525 4910 columna
1560 4861 1610 4911 in

65 4929 216 5016 κήιιξκιε
251 4929 436 4998 (Exod.
477 4953 601 5005 xm,
627 4938 741 5009 21).
795 4940 1010 5010 Repetit
1067 4955 1246 4998 autem
1293 4947 1436 5016 quod
1477 4947 1610 5003 dixit

75 4997 293 5072 ’Plautasti
332 5039 462 5090 eam,
503 5037 564 5081 ut
602 5023 822 5084 addat:
853 5033 983 5087 Dico
1030 5037 1171 5102 quod
1218 5038 1328 5089 dux
1373 5039 1520 5107 fuisti
1563 5042 1616 5095 in

103 5109 314 5170 Conspectu
340 5115 469 5183 ejus,
502 5128 557 5173 et
580 5119 833 5190 plantasti
869 5126 1072 5179 radices
1104 5126 1240 5196 ejus,
1271 5127 1324 5182 id
1355 5138 1436 5184 est
1459 5131 1616 5200 plan-

103 5193 187 5284 tosti
210 5213 306 5253 eam
336 5205 560 5263 ﬁrmiter
594 5211 646 5266 in
684 5220 825 5268 terra
857 5216 1260 5284 promissionis;
1307 5235 1335 5272 a
1366 5221 1620 5276 similitu-

103 5276 191 5374 dine
227 5283 438 5361 arboris,
487 5299 640 5369 cujus
687 5276 950 5373 plantatio
1003 5308 1210 5362 lirmior
1255 5319 1361 5374 est,
1409 5311 1453 5366 si
1492 5328 1615 5367 eum

105 5372 316 5466 radicibus
358 5388 662 5459 plantetur,
688 5372 701 5373 γ
727 5411 891 5466 quam
939 5399 982 5454 si
1034 5399 1152 5455 sine
1193 5402 1484 5459 radicibus.
1546 5405 1615 5460 Et

104 5460 286 5526 Plﬁnlata
325 5479 570 5548 implevit,
614 5489 666 5541 id
712 5499 794 5544 est
838 5497 1122 5562 occupavit
1161 5510 1227 5549 ex
1269 5506 1383 5552 toto
1422 5509 1616 5554 terram

104 5560 428 5624 promissionis.
481 5571 575 5628 Vel
619 5579 821 5633 radices
862 5560 995 5636 dicit
1035 5584 1333 5656 principes,
1372 5603 1436 5644 ϐο
1472 5592 1614 5660 (Ιιιοά

75 5654 197 5746 in.”
227 5669 308 5709 5"“
337 5659 540 5728 Dicitem
590 5670 914 5738 sustineant,
967 5675 1107 5729 sicut
1151 5677 1300 5731 radix
1331 5679 1612 5747 arborem;

106 5735 172 5799 (illi
195 5741 389 5806 ﬁrmiter
418 5755 470 5810 in
500 5773 562 5811 ea
591 5770 718 5814 sunt
761 5763 981 5833 plantati
1000 5807 1014 5834 ,
1044 5782 1112 5824 ne
1141 5767 1436 5826 vicinarum
1479 5787 1611 5843 gen-

367 5846 632 5913 Pnnm.
691 5851 871 5916 CLII-

1717 4665 1964 4723 Cbristus
2002 4672 2086 4724 via
2119 4679 2204 4726 est
2236 4674 2302 4727 ad
2341 4675 2528 4728 vitam.
2579 4676 2828 4734 Ostendit
2864 4691 3043 4737 autem
3088 4665 3298 4754 partem

1719 4757 2184 4825 vindemiantium,
2219 4777 2341 4816 cum
2384 4763 2603 4819 subdit:
2635 4767 2764 4822 Dico
2795 4762 2952 4840 quod
3002 4773 3300 4830 vindemia~

1720 4847 1853 4903 bunt
1895 4867 2013 4905 eam
2057 4858 2559 4928 prretergredicntes
2604 4863 2789 4930 viam;
2832 4872 2887 4919 et
2948 4881 3072 4921 vere
3118 4867 3302 4923 vinde-

1726 4943 1970 4998 miabunt
2016 4962 2030 5000 :
2080 4962 2202 5000 nam
2257 4952 2623 5006 exterminabit
2670 4971 2806 5021 eam,
2852 4955 2904 5010 id
2940 4966 3022 5013 est
3059 4958 3302 5014 destruet

1723 5049 1842 5087 eam
1888 5051 2014 5104 aper
2051 5037 2115 5090 de
2152 5038 2282 5092 silva
2322 5043 2642 5111 procedens,
2675 5045 3033 5116 Vespasianus
3073 5047 3298 5112 scilicet,

1722 5127 1814 5196 qui
1841 5127 1986 5183 ﬁ'rus
2015 5131 2117 5184 erit
2146 5140 2200 5185 et
2231 5132 2539 5190 immundus
2567 5140 2816 5193 sordibus
2854 5141 3127 5206 vitiorum,
3159 5144 3302 5197 εἴσει

1722 5233 1854 5290 aper
1901 5219 2074 5276 ferum
2121 5223 2320 5279 animal
2351 5237 2433 5282 est
2471 5238 2522 5283 et
2569 5231 2865 5285 sordidum.
2917 5233 3298 5302 Vespasianus,

1719 5313 1948 5382 scilicet,
1979 5315 2275 5384 procedens
2323 5319 2388 5373 de
2440 5319 2629 5383 Roma,
2674 5335 2794 5390 qua:
2847 5321 2983 5376 bene
3032 5322 3173 5378 dicta
3222 5334 3304 5379 est

1725 5405 1877 5471 silva,
1915 5422 1980 5461 eo
2011 5409 2152 5477 quod
2195 5409 2394 5464 inculta
2433 5410 2534 5464 fuit
2562 5413 2804 5466 doctrina
2847 5421 2902 5466 et
2937 5413 3145 5468 bestiali
3179 5411 3306 5468 frri-

1724 5508 1835 5555 tate
1876 5502 2059 5569 plena,
2102 5501 2168 5556 ad
2217 5504 2624 5558 similitudinem
2675 5507 2856 5570 silvae,
2906 5522 3023 5576 qua:
3071 5505 3305 5561 incultas

1722 5589 1887 5645 habet
1940 5591 2184 5657 arbores,
2235 5603 2287 5648 et
2322 5593 2557 5648 ferarum
2595 5605 2678 5649 est
2712 5596 2990 5651 habitatio.
3048 5595 3116 5650 Et
3162 5597 3304 5666 ferus

1721 5681 2006 5752 singularis
2035 5683 2281 5753 depastus
2301 5693 2374 5739 est
2397 5701 2554 5741 eam:
2582 5685 2732 5742 Titus
2763 5687 2966 5741 scilicet
2993 5689 3082 5757 qui
3114 5688 3300 5742 eadem

1721 5771 2077 5837 similitudine
2116 5771 2315 5829 dicitur
2349 5774 2654 5847 singularis,
2705 5792 2810 5850 qua
2858 5785 2913 5831 et
2941 5777 3304 5848 Vespasianus

2903 5867 2979 5931 34
3213 5875 3238 5888 ’⁸
