3856 6322
572 453 595 498 Ι
607 440 700 496 υϋἿ

1141 441 1198 489 δ.
1238 435 1588 489 ωιωιυθιιδ
1627 433 1708 483 (Δ
1720 429 1799 481 ιιί
1815 417 2140 479 ιιυδιΑΝΟῐ

2246 417 2260 470 I
2290 413 2774 472 INSTITUTORIS
2811 411 2960 470 OPP.
3003 410 3184 465 PARS
3221 409 3242 463 ι

3655 414 3760 474 1068

564 560 723 623 pater
751 547 885 616 ejus,
913 546 1256 616 depascetur,
1284 546 1439 600 idest
1465 548 1741 597 consumet
1768 551 1918 591 eam:
1948 550 1977 588 a
2007 532 2154 588 simi-
2186 538 2229 592 Α
2261 529 2324 584 ad
2347 530 2645 586 orationem
2679 526 2968 582 revertitur
2991 524 3070 578 sic
3102 541 3117 580 :
3146 526 3276 577 DICO
3509 521 3685 580 incensa
3729 544 3769 585 ιι

481 630 489 640 ’
563 643 790 698 litudiue
829 639 1012 694 herba:
1039 653 1160 707 qua:
1191 634 1533 705 depascendo
1563 628 1916 686 consumitur.
1951 626 2149 694 Vespa-

563 735 753 790 sianus
777 730 1042 800 siquidem
1076 725 1497 784 totamJudaeam
1525 718 1846 781 devastavit,
1870 726 1924 770 et
1953 715 2148 769 mullus

563 824 879 880 Iudaeorum
910 818 1199 880 interfecit,
1234 827 1289 870 et
1319 815 1498 884 plures
1526 810 1768 879 captivos
1793 807 1963 861 duxit.
1995 805 2149 860 Titus

565 923 752 969 autent
782 910 1060 967 obsidione
1089 903 1421 960 Hierusalem
1469 899 1630 967 coepit
1673 907 1727 951 et
1765 896 2060 957 destruxit;
2095 904 2150 948 et

562 1004 869 1060 Iudaeorum
908 995 1300 1052 multitudinem
1332 989 1620 1044 maximam
1656 984 1950 1045 interfecit.
1981 994 2034 1037 et
2066 999 2150 1037 re-

561 1095 739 1163 liquos
778 1089 1090 1159 captivitate
1127 1081 1404 1150 dispersit.
1457 1079 1548 1132 Vel
1590 1078 1670 1132 sic
1703 1091 1890 1130 versus
1931 1074 2032 1128 iste
2075 1073 2150 1128 lc-

561 1187 746 1254 gitur:
781 1181 899 1235 Non
937 1177 1108 1232 solum
1149 1185 1330 1228 autem
1382 1169 1610 1240 gentiles
1658 1183 1778 1220 cum
1828 1172 2150 1220 consument

561 1275 650 1345 qui
681 1266 1176 1342 prwtergrediuntur
1218 1264 1373 1326 riam,
1417 1259 1512 1313 sed
1547 1258 1711 1313 etiam
1745 1255 2146 1318 exterminabit,

560 1364 612 1418 id
652 1370 738 1416 est
778 1359 1022 1412 destruet
1051 1368 1170 1408 eam
1209 1353 1296 1406 hic
1333 1353 1384 1406 in
1431 1350 1749 1411 virtutibus,
1786 1365 1933 1417 aper,
1978 1349 2028 1401 id
2065 1354 2149 1401 est

557 1450 801 1508 diabolus
829 1449 974 1504 ferus
1003 1457 1056 1502 et
1085 1446 1338 1501 sordidus
1375 1443 1632 1497 recedens
1660 1441 1726 1495 de
1759 1442 1910 1505 silva,
1940 1441 2148 1496 scilicet

555 1543 624 1598 de
654 1541 928 1609 gentibus,
959 1553 1078 1608 qua:
1102 1536 1318 1591 venient
1353 1535 1420 1588 ad
1448 1533 1631 1598 ﬁdem,
1663 1548 1781 1601 qua’
1811 1533 1880 1586 ab
1908 1549 1975 1587 eo
2007 1547 2148 1586 nunc

555 1642 854 1703 occupatre,
897 1630 1110 1686 inculta:
1149 1636 1275 1683 sunt
1313 1636 1370 1680 ut
1410 1626 1574 1689 silva,
1614 1634 1668 1678 et
1706 1623 1758 1677 in
1795 1623 1975 1678 futuro
2006 1624 2147 1694 [erus

558 1723 886 1793 singularis,
938 1719 1186 1775 diabolus
1243 1717 1586 1787 depascetur,
1637 1715 1689 1770 id
1735 1723 1817 1770 est
1865 1721 2150 1768 consumet

555 1832 675 1872 eam
707 1823 881 1869 morte
915 1823 1152 1878 acterna;
1195 1826 1299 1864 11011
1333 1809 1412 1863 sic
1444 1817 1502 1862 υῑ
1525 1822 1589 1861 ex
1630 1816 1742 1862 ιοιο
1772 1816 2144 1868 εοηειιιιιιιιιιτ,

2250 622 2474 689 suffossa
2500 619 2759 689 peribunt,
2794 634 2889 689 per
2908 617 3337 685 increpationcm
3365 613 3517 678 Filii;
3545 623 3592 670 et
3613 629 3662 672 ut
3680 621 3760 678 hoc

2249 712 2336 771 sit,
2370 726 2402 763 ο
2435 710 2576 764 Deus
2609 708 2793 773 Pater,
2816 707 2936 776 ﬁat,
2989 705 3041 760 id
3073 713 3158 760 est
3199 705 3380 759 veniat
3411 721 3604 770 manus,
3643 709 3684 760 id
3711 725 3770 768 est

2251 801 2488 869 potentia
2521 809 2611 852 tua
2639 814 2795 867 super
2817 798 2984 850 virum
3013 796 3244 848 dextera:
3270 805 3408 858 tute,
3443 794 3634 849 scilicet
3652 814 3769 870 s'tper

2248 891 2550 955 Christum,
2579 889 2670 958 qui
2703 888 2807 943 erit
2827 888 2910 940 vir
2934 887 3184 951 dexterw,
3218 884 3270 937 id
3301 893 3387 938 cst
3415 883 3642 951 pietatis,
3666 899 3769 944 tua.

2247 1000 2346 1052 per
2382 986 2536 1052 cujus
2581 980 2946 1038 obedientiam
2989 978 3190 1032 mundo
3237 978 3626 1046 pi-Opitiaberis.
3661 982 3774 1044 (uad

2249 1082 2332 1130 est
2359 1073 2540 1129 dicere
2573 1087 2587 1123 :
2617 1071 2694 1124 De
2715 1083 2949 1139 superna
2984 1067 3340 1136 dispositione
3373 1077 3461 1121 tua
3485 1070 3546 1122 da
3568 1071 3612 1124 ei
3634 1083 3774 1138 palen.

2251 1165 2376 1218 tiam
2397 1163 2698 1217 debellandi
2731 1160 3029 1216 diabolum.
3075 1158 3343 1225 Quoniam
3371 1170 3547 1213 autem
3577 1177 3659 1230 per
3681 1163 3770 1218 dex-

2252 1265 2422 1309 teram
2454 1270 2594 1324 smpe
2620 1254 2952 1323 prosperitas
2999 1254 3282 1322 accipitur,
3322 1268 3557 1321 congrue
3584 1271 3664 1322 per
3681 1257 3775 1310 des-

2250 1355 2419 1399 tcratn
2454 1345 2624 1412 pictas
2651 1343 2742 1396 Dei
2775 1343 3111 1412 designatur.
3149 1342 3280 1409 Qua:
3320 1344 3468 1397 enim
3499 1346 3774 1413 prosperitas

2249 1433 2419 1502 major
2448 1447 2611 1500 quam
2644 1432 2840 1485 divinae
2874 1432 3091 1501 pietatis
3117 1433 3426 1487 exhibitio?
3469 1432 3678 1501 Exponit
3703 1451 3777 1488 au-

2251 1530 2355 1576 tem
2389 1523 2509 1592 quis
2534 1523 2603 1576 sit
2635 1521 2722 1575 ille
2752 1522 2832 1574 vir
2854 1523 3112 1596 dexterae,
3141 1538 3266 1578 cum
3316 1525 3468 1578 addit
3499 1541 3513 1576 :
3547 1524 3623 1586 Et,
3651 1527 3690 1580 id
3714 1537 3778 1584 est

2246 1615 2340 1682 ﬁat
2372 1631 2557 1667 ntanus
2583 1625 2674 1666 tua
2722 1630 2879 1682 super
2913 1613 3085 1682 ﬁlium
3131 1615 3384 1676 hominis,
3428 1615 3677 1669 Christum
3699 1617 3778 1673 sci-

2247 1705 2394 1769 licet,
2421 1722 2572 1775 quem
2603 1707 2930 1775 conﬁrmasti
2958 1705 3072 1771 tibi,
3102 1716 3160 1759 ut
3192 1706 3306 1774 jam
3338 1707 3540 1761 dictum
3568 1718 3654 1762 est.
3678 1708 3777 1763 Cum

2248 1798 2400 1861 dicit,
2447 1814 2553 1875 non
2610 1799 2888 1852 hominum
2911 1838 2927 1863 ,
2970 1798 3064 1852 sed
3097 1799 3352 1862 hominis,
3385 1799 3438 1853 id
3467 1811 3548 1853 est
3576 1799 3778 1870 Virginis,

555 1913 615 1959 ut
645 1919 750 1958 non
780 1903 850 1958 sit
870 1944 884 1969 ,
914 1903 1007 1958 sed
1041 1910 1098 1954 ut
1127 1913 1339 1968 semper
1370 1897 1741 1952 consumendo
1778 1898 1828 1951 in
1863 1895 2145 1951 tormentis
2179 1877 2219 1934 Β
2248 1887 2554 1944 Judmorum
2581 1898 2792 1958 partem
2841 1889 3118 1960 deprimit,
3173 1890 3263 1959 qui
3289 1906 3416 1945 eum
3447 1891 3690 1946 hominem
3714 1909 3780 1949 so-

555 2002 804 2061 maneat;
844 2008 872 2046 a
918 1991 1271 2047 similitudine
1328 1988 1512 2044 herba:
1558 2002 1678 2057 quae
1732 1987 2042 2056 depascitur
2091 1996 2147 2040 ct

556 2101 773 2155 semper
803 2093 1006 2139 manet.

627 2174 762 2231 Orat
789 2183 968 2228 autem
995 2187 1094 2242 pro
1137 2177 1292 2240 parte
1316 2170 1478 2240 hujus
1506 2168 1680 2224 vineae
1725 2169 1778 2222 in
1815 2166 1923 2222 ﬁne
1960 2167 2143 2221 mundi

560 2265 970 2328 convertenda},
1023 2265 1101 2318 sic
1131 2281 1144 2316 :
1175 2261 1570 2332 Conquerimur
1617 2261 1684 2315 de
1728 2262 1832 2317 hoc
1877 2259 2020 2330 quod
2068 2259 2146 2314 sic

556 2356 771 2410 vineam
802 2355 867 2409 de
893 2351 1129 2424 Egypto
1163 2352 1481 2406 translatam
1513 2351 1795 2421 permittes
1823 2349 2142 2405 vindemiari

558 2454 613 2502 et
638 2443 1013 2510 exterminari,
1043 2453 1096 2498 et
1126 2443 1252 2498 licet
1279 2443 1358 2498 sic
1387 2458 1504 2496 eam
1534 2443 1815 2512 permittas
1849 2442 2005 2495 malis
2032 2456 2143 2494 me-

553 2537 675 2592 ritis
711 2539 824 2592 suis
868 2536 920 2590 in
958 2545 1112 2605 parte
1143 2533 1412 2600 consumi,
1443 2548 1663 2588 oramus
1710 2541 1909 2598 tamen,
1943 2549 1976 2586 ο
2003 2533 2142 2588 Deus

554 2628 802 2682 virtutum
844 2624 1182 2689 caelestium,
1211 2623 1300 2693 qui
1335 2631 1486 2691 potes
1528 2621 1797 2690 complere
1841 2622 1985 2691 quod
2023 2639 2146 2677 ora-

551 2735 697 2786 mus,
745 2728 1039 2773 convertere
1082 2717 1148 2771 de
1194 2715 1274 2769 ira
1325 2714 1392 2768 ad
1436 2713 1892 2778 misericordiam,
1944 2723 1998 2768 et
2042 2715 2144 2770 hoc

551 2809 714 2864 modo
749 2817 1081 2862 convertere:
1118 2804 1334 2872 Respice
1375 2802 1584 2857 scilicet
1633 2803 1698 2856 de
1729 2803 1854 2856 ccelo
1881 2802 2140 2859 caalorum

551 2899 797 2965 Christo;
831 2908 876 2952 et
909 2897 1012 2952 hoc
1059 2896 1218 2950 modo
1264 2894 1330 2949 de
1377 2907 1443 2948 eo
1490 2893 1705 2962 respice,
1753 2892 1960 2948 scilicet
2007 2895 2140 2961 vide,

551 2991 607 3046 id
639 2999 724 3045 est
752 2988 937 3044 videre
981 2988 1065 3043 fac
1116 3003 1214 3057 per
1261 2987 1452 3053 ﬁdem;
1503 2999 1550 3042 et
1594 2988 1767 3056 visita,
1813 2989 1866 3044 id
1900 2997 1984 3043 est
2013 3004 2141 3044 sana

554 3096 587 3135 a
633 3079 873 3150 peccatis
925 3078 1123 3133 rineam
1179 3079 1366 3142 istam,
1429 3078 1723 3132 secundum
1773 3087 1982 3148 partem
2039 3078 2144 3133 ﬁde

549 3179 607 3225 et
644 3169 838 3224 merito
875 3168 1148 3238 passionis
1189 3167 1399 3222 Domini
1430 3184 1498 3222 :a
1524 3168 1878 3224 similitudine
1915 3169 2139 3239 piissimi

547 3260 769 3326 medici,
814 3260 906 3330 qui
947 3258 1218 3314 inﬁrmum
1263 3259 1445 3314 visitat
1477 3269 1533 3314 et
1563 3269 1739 3313 sanat.
1787 3259 1900 3325 Vel,
1949 3260 2144 3329 respice

550 3354 615 3408 tie
653 3353 816 3420 ccelo,
875 3353 930 3407 id
979 3361 1066 3407 est
1117 3353 1183 3406 de
1238 3352 1520 3406 altitudine
1583 3351 1951 3421 dispositionis
2008 3361 2140 3418 tua};

549 3452 606 3498 et
657 3453 942 3512 postquam
993 3442 1325 3504 visitaveris,
1355 3441 1570 3511 perﬁce,
1621 3441 1674 3494 id
1717 3449 1802 3496 est
1847 3442 2144 3512 perfectura

548 3534 637 3588 fac
681 3534 738 3586 in
771 3532 1063 3586 virtutibus
1097 3548 1211 3585 eam
1247 3535 1458 3587 vineam
1500 3533 1552 3587 iu
1593 3543 1768 3602 parte,
1806 3551 1964 3604 quam
1993 3534 2144 3603 plan-

551 3627 699 3689 tavit,
750 3633 812 3679 ut
861 3624 1061 3680 dictum
1089 3635 1192 3692 est,
1245 3627 1459 3680 dextera
1507 3635 1628 3691 tua,
1680 3626 1732 3681 id
1771 3636 1854 3682 est
1906 3629 2140 3696 potentia

552 3716 940 3771 misericordia:
1005 3726 1107 3771 tua:
1160 3717 1212 3770 in
1267 3725 1409 3772 terra
1465 3715 1889 3787 promissionis;
1947 3727 1991 3771 et
2041 3717 2141 3771 hoc

552 3808 714 3862 modo
762 3808 971 3877 perﬁce,
1007 3807 1214 3863 scilicet
1251 3807 1529 3862 fundanda
1571 3822 1690 3861 eam
1721 3824 1880 3878 super
1915 3807 2137 3871 Filium,

551 3899 607 3954 id
638 3907 723 3955 est
746 3914 906 3968 super
940 3899 1098 3953 ﬁdem
1126 3909 1181 3954 et
1214 3899 1609 3968 protectioncm
1635 3896 1838 3953 Christi
1867 3898 1987 3952 Filii
2033 3900 2136 3954 tui:

550 4007 700 4060 quem
766 3987 928 4060 325
1009 3989 1369 4057 conﬁrmasti,
1437 3989 1487 4042 id
1547 3999 1630 4043 est
1696 3989 2002 4045 innocentia
2051 3992 2142 4044 lir-

549 4093 697 4132 mum
739 4077 939 4143 facies;
997 4086 1052 4132 et
1093 4078 1195 4131 hoc
1221 4077 1340 4142 tibi,
1400 4077 1452 4130 id
1497 4085 1581 4130 est
1621 4077 1688 4131 ad
1721 4078 1980 4132 honorem
2038 4080 2135 4132 tui.

555 4187 574 4220 ι
611 4169 1044 4223 Fundamentum
1106 4168 1252 4224 enim
1308 4168 1453 4222 aliud
1503 4184 1660 4224 nemo
1704 4178 1880 4238 potest
1938 4185 2139 4240 ponere

545 4268 746 4330 praeter
773 4259 822 4314 id
853 4247 996 4328 quod
1021 4255 1252 4329 positum
1277 4267 1378 4326 est,
1398 4261 1538 4329 quod
1555 4269 1636 4314 est
1660 4259 1909 4330 Christus
1932 4261 1979 4331 (I
2011 4259 2134 4314 Cor.

547 4367 632 4416 ιιι,
667 4351 776 4421 ll),
806 4371 823 4404 ι
859 4368 1021 4422 super
1043 4367 1201 4420 quem
1233 4353 1476 4422 quisquis
1505 4353 1782 4418 fundatur,
1815 4354 2005 4408 ﬁrmus
2031 4363 2134 4408 est.

545 4441 678 4497 Dico
709 4443 945 4511 perﬁce;
983 4451 1039 4498 et
1064 4459 1192 4499 vere
1215 4445 1505 4514 perficies:
1541 4461 1664 4499 nam
1688 4445 1752 4498 ab
1785 4445 2138 4514 increpatione

2248 1982 2358 2035 lum
2386 1982 2458 2036 cx'
2479 1982 2697 2035 homine
2723 1983 2963 2052 genitum
2996 1992 3383 2048 asscruerunt;
3415 1993 3468 2038 ct
3488 1983 3532 2037 si
3556 1999 3660 2038 eum
3678 1998 3778 2038 con-

2249 2073 2572 2140 ﬁrmaveris,
2603 2091 2707 2128 non
2731 2075 3046 2128 discedimus
3073 2092 3104 2128 α
3143 2085 3212 2139 te,
3270 2076 3322 2129 id
3375 2086 3460 2130 est
3497 2076 3649 2129 nostri
3679 2092 3780 2130 cor.-

2249 2165 2450 2220 lormes
2479 2165 2568 2235 qui
2599 2165 2714 2235 ejus
2751 2167 3009 2235 temporis
3040 2175 3226 2232 erunt,
3265 2165 3361 2221 tibi
3396 2181 3494 2235 per
3539 2166 3674 2220 ﬁdem
3692 2166 3780 2233 ejus

2248 2255 2476 2310 ﬁrmiter
2507 2257 2872 2320 adluerentcs,
2929 2272 3036 2310 non
3086 2257 3372 2310 discedent
3441 2274 3478 2310 a.
3523 2268 3571 2312 te
3615 2267 3777 2326 postea,

2247 2361 2425 2415 neque
2453 2355 2598 2401 metu
2627 2362 2799 2416 neque
2825 2346 3114 2400 occasione
3153 2345 3355 2414 aliqua.
3381 2345 3450 2400 Et
3498 2347 3622 2401 hanc
3651 2346 3778 2400 ﬁrmi-

2248 2446 2416 2492 tatem
2445 2453 2472 2490 a
2494 2437 2664 2494 libero
2709 2438 2937 2492 arbitrio
2966 2453 3071 2490 non
3103 2437 3415 2500 habebunt;
3448 2439 3539 2493 sed
3559 2438 3662 2493 ideo
3683 2440 3779 2506 quia

2247 2529 2622 2590 invocabimus,
2657 2528 2708 2582 id
2740 2538 2823 2583 est
2861 2528 3090 2582 interius
3140 2528 3192 2581 in
3244 2529 3574 2582 conscientia
3598 2544 3676 2581 sua
3704 2545 3774 2578 ro-

2247 2619 2445 2675 cabunt
2466 2636 2650 2673 nomen
2682 2631 2853 2683 tuum,
2881 2618 3022 2687 quod
3053 2627 3138 2674 est
3172 2618 3475 2684 Dominus;
3512 2620 3690 2675 scilicet
3708 2636 3778 2688 per

2247 2711 2350 2765 hoc
2411 2710 2718 2765 ﬁrmitatem
2774 2711 2856 2765 eis
2891 2709 3167 2774 eonferes,
3203 2711 3330 2779 quia
3378 2727 3484 2764 non
3533 2711 3681 2764 solum
3709 2726 3779 2764 me

2249 2813 2300 2857 te
2329 2802 2612 2857 Dominum
2658 2804 2951 2868 vocabunt,
2980 2803 3072 2857 sed
3100 2814 3155 2858 et
3181 2803 3364 2858 cordis
3403 2805 3708 2859 credulitate.
3732 2804 3778 2857 Et

2245 2894 2371 2964 quia
2402 2894 2757 2958 invocabant,
2791 2895 3074 2963 eiviﬁcabis
3101 2912 3220 2959 nos,
3263 2897 3316 2950 id
3342 2907 3428 2950 est
3457 2898 3719 2950 viviﬁcabis
3739 2897 3775 2948 in

2246 2984 2423 3038 anima
2443 2985 2611 3038 nostri
2636 2983 2963 3040 conformes.
2988 2985 3082 3039 Vel
3106 2987 3393 3054 riviﬁcabis
3424 3005 3516 3041 nos
3541 2989 3586 3042 iu
3619 2989 3774 3050 futuro,

2245 3085 2299 3130 et
2322 3077 2374 3129 in
2397 3091 2625 3145 corpore
2651 3084 2706 3132 et
2739 3061 2792 3131 in
2848 3078 3052 3144 anima,
3111 3077 3478 3134 viviﬁcatione
3521 3080 3777 3133 aitet-mit

2246 3177 2304 3222 ιιι
2330 3169 2429 3224 hoc
2484 3170 2576 3236 sit,
2628 3169 2851 3224 Domine
2897 3171 3040 3225 Deus
3096 3173 3373 3240 rit-tutum,
3418 3185 3641 3228 convsrte
3693 3188 3777 3233 ius,

2247 3259 2458 3312 ostende
2488 3259 2675 3327 [aciem
2714 3269 2883 3324 tuam,
2909 3271 2954 3314 et
2977 3261 3108 3314 salvi
3155 3264 3371 3316 erimus.
3403 3263 3501 3317 llic
3547 3280 3708 3318 versus
3737 3273 3777 3315 ιιι

2245 3349 2493 3418 superius
2515 3349 2833 3418 exponitur;
2866 3351 2958 3420 qui
2996 3352 3201 3406 idcirco
3241 3364 3326 3406 ter
3349 3354 3582 3424 ponitur,
3619 3364 3669 3407 ut
3691 3369 3780 3419 prr-

2244 3455 2496 3494 sonarum
2539 3437 2779 3493 Trinitas
2822 3441 3097 3514 illuuatur.
3153 3444 3232 3497 Ac
3263 3443 3306 3497 si
3333 3445 3481 3499 dicat
3513 3462 3525 3496 :
3557 3445 3650 3508 Tu,
3675 3445 3777 3498 Deus

2244 3529 2314 3583 Pu
2325 3539 2422 3594 ter,
2446 3532 2654 3583 ostende
2677 3531 2888 3598 facient,
2908 3541 2960 3585 et
2981 3540 3060 3596 tu,
3087 3532 3225 3587 Deus
3244 3531 3501 3594 Verbum,
3521 3535 3704 3587 ostende
3721 3533 3778 3600 {.2-

2243 3625 2393 3687 ciem,
2425 3623 2629 3678 scilicct
2653 3623 2989 3678 Dominieum
3015 3625 3288 3680 hominem
3318 3642 3330 3677 :
3363 3635 3420 3681 et
3445 3635 3518 3692 tu,
3551 3627 3675 3679 Deus
3691 3625 3778 3691 Spi-

2246 3716 2397 3777 ritus,
2424 3715 2636 3768 ostende
2658 3715 2868 3784 faciem.
2908 3714 3043 3782 Quia
3078 3727 3258 3772 autem
3310 3719 3445 3772 dicit
3498 3718 3628 3772 Deus
3655 3719 3776 3771 rius-

2242 3818 2372 3868 tum,
2407 3809 2615 3877 pondus
2646 3809 2806 3863 habet
2837 3824 2898 3863 ac
2928 3809 2970 3863 si
3014 3810 3160 3864 dicat
3191 3828 3204 3864 :
3238 3810 3373 3865 Cum
3430 3811 3506 3866 sis
3545 3811 3673 3865 Deus
3697 3809 3777 3863 vir-

2244 3907 2438 3962 tutum,
2461 3898 2582 3968 quis
2603 3897 2796 3954 faciem
2834 3909 2976 3952 tuam
3005 3901 3190 3954 videre
3221 3917 3326 3954 non
3356 3903 3610 3972 optaret?

2318 3981 2322 3984 ’
2684 3988 2749 4043 IN
2793 3989 3125 4046 PSALMUM
3152 3991 3368 4046 LXXX.
3827 4053 3829 4056 .

2313 4079 2508 4135 Psaltni
2557 4061 2872 4152 octogesiuti
2928 4082 3152 4136 titulus:
3189 4083 3254 4136 In
3281 4085 3440 4151 ﬁnem
3484 4100 3575 4154 pro
3598 4083 3774 4136 torcule-
3825 4143 3827 4146 ι

2241 4174 2406 4237 ribus,
2432 4173 2614 4242 quinta
2645 4171 2885 4239 Sabbati,
2934 4173 3168 4243 psalmus
3218 4174 3418 4243 Asapli.
3445 4174 3775 4229 Torcularibus

2238 4265 2456 4335 quidem
2513 4264 2797 4334 pluraliter
2832 4265 2986 4334 ponit
3034 4281 3132 4336 pro
3167 4266 3379 4320 duabus
3429 4262 3776 4328 ErclesiisJeo
3821 4329 3823 4340 Ι

2238 4355 2476 4410 dteorutu
2515 4354 2724 4410 scilicet
2773 4363 2828 4409 et
2892 4357 3168 4423 gentium;
3201 4372 3342 4426 quas
3373 4357 3426 4411 in
3483 4357 3587 4412 hoc
3621 4356 3774 4426 psalmo
3815 4345 3823 4428 j

2237 4445 2532 4514 alloquitur
2561 4446 2628 4499 ad
2667 4445 3048 4499 exsultaudum
3103 4447 3155 4500 in
3183 4447 3548 4502 viviﬁcatione
3581 4447 3772 4516 spiritui.

3823 4157 3827 4325 λ

546 4534 716 4589 rultus
744 4535 844 4600 tui,
875 4535 925 4589 id
956 4545 1040 4590 est
1067 4552 1162 4606 per
1188 4537 1452 4592 occultam
1494 4545 1549 4592 et
1589 4535 1906 4591 interiorem
1958 4536 2136 4591 inere-
2163 4555 2214 4614 ι)
2238 4546 2292 4590 et
2325 4536 2377 4590 in
2409 4534 2827 4590 mortiﬁcatione
2852 4538 3034 4590 carnis
3055 4576 3069 4601 ,
3101 4547 3155 4590 et
3181 4538 3245 4590 ad
3282 4539 3666 4606 pra‘dicaudom
3687 4535 3771 4588 aliis

544 4629 818 4694 potionem
861 4629 978 4683 Filii
1011 4629 1106 4692 tui,
1135 4631 1228 4699 qui
1270 4630 1449 4685 vultus
1482 4639 1609 4684 tuus
1639 4640 1745 4696 est,
1780 4639 1832 4685 ut
1860 4629 1972 4699 jam
2003 4631 2134 4684 satis

545 4719 748 4774 dictum
765 4730 866 4785 est,
889 4721 1127 4790 peribunt
1153 4725 1366 4778 incensa
1419 4721 1527 4792 igni
1559 4729 1606 4774 et
1652 4723 1901 4790 sit/fossa,
1925 4722 2134 4777 scilicet

543 4825 643 4878 per
669 4812 772 4867 hoc
800 4813 942 4880 quod
969 4813 1137 4868 Filius
1174 4814 1472 4883 increpabit
1501 4828 1595 4868 eos
1631 4813 1875 4879 interius,
1904 4814 2132 4868 audien-

545 4903 614 4958 do
645 4903 945 4958 doctrinam
970 4905 1381 4974 praedicatorum
1413 4904 1664 4972 peribunt
1694 4905 1746 4958 in
1778 4905 1857 4958 eis
1881 4921 2134 4975 quaecun-

545 5011 654 5064 que
680 5005 839 5052 erunt
867 4996 1101 5056 incensa.
1129 4997 1180 5050 id
1203 5006 1285 5052 est
1311 5007 1560 5065 corrupta
1608 4997 1727 5068 igne
1747 4997 2129 5066 concupiscen-

547 5086 745 5141 tiarum
780 5103 792 5138 :
825 5088 1156 5156 etut/fossa.
1213 5087 1268 5142 id
1317 5096 1399 5142 est
1442 5087 1673 5145 latenter
1705 5089 1998 5147 commissa
2041 5106 2135 5161 per

546 5178 818 5232 timorem.
857 5175 1080 5230 Scilicet
1107 5176 1160 5230 in
1188 5177 1268 5231 eis
1296 5180 1534 5247 peribunt
1551 5181 1731 5238 omnia
1763 5198 1884 5253 qua:
1910 5199 2007 5252 per
2055 5183 2136 5237 in-

495 5268 505 5292 "
545 5268 796 5324 cendium
852 5282 1036 5337 pravre
1081 5269 1537 5337 concupiscentia:
1595 5281 1650 5327 et
1703 5288 1800 5343 per
1849 5272 2130 5328 latibulum

543 5361 756 5418 timoris
781 5360 1193 5418 commiserunt.
1256 5359 1350 5415 llis
1406 5377 1638 5432 namque
1700 5366 1908 5420 duobus
1959 5365 2134 5419 modis

541 5461 801 5522 peccatur
835 5470 846 5505 :
881 5461 974 5504 aut
1016 5450 1290 5506 voluntate
1334 5451 1568 5517 scilicet,
1610 5464 1704 5506 aut
1754 5455 1965 5510 timore.
2023 5454 2129 5509 Per

541 5541 769 5599 suﬁ‘ossa
797 5542 1037 5613 quidem,
1065 5553 1284 5611 peccata
1312 5559 1433 5614 qute
1450 5559 1543 5613 per
1563 5544 1809 5598 timorem
1837 5545 1967 5599 ﬁunt
1998 5563 2127 5602 cou-

545 5635 822 5688 venienter
850 5633 1218 5704 designantur,
1243 5650 1308 5689 eo
1335 5633 1477 5705 quod
1518 5632 1748 5689 latenter
1779 5636 2120 5690 committan-

547 5739 653 5778 tur.
671 5723 778 5779 Res
793 5725 990 5794 quippe
1012 5724 1240 5782 suﬁossa
1267 5727 1417 5782 latet.
1449 5725 1562 5782 Hoc
1591 5741 1754 5780 versu
1785 5727 2121 5798 interposito,

543 5813 615 5869 ad
637 5814 1104 5871 aununtiationem
1143 5816 1332 5874 salutis
1374 5817 1722 5888 reliquiarum
1772 5817 1910 5873 illius
1934 5819 2123 5883 vineae,

2241 4637 2423 4699 aperte
2447 4637 2734 4698 utramque
2773 4628 3092 4682 admonens.
3129 4629 3359 4684 Denotat
3414 4642 3590 4684 autem
3633 4629 3770 4682 Eccle-

2240 4721 2377 4776 siam
2406 4720 2472 4775 de
2510 4717 2732 4786 Judzeis,
2759 4721 2848 4774 ubi
2880 4720 3030 4789 ponit
3058 4721 3201 4790 quod
3250 4733 3566 4792 prmceptum
3589 4721 3632 4774 in
3646 4715 3770 4772 Israel

2238 4822 2313 4867 est
2340 4829 2358 4877 ;
2395 4811 2692 4868 Ecclesium
2723 4828 2850 4867 vero
2872 4813 2938 4868 de
2961 4815 3238 4884 gentibus,
3300 4816 3391 4870 ubi
3459 4818 3624 4886 ponit,
3668 4812 3768 4866 leui-

2242 4905 2476 4958 monium
2505 4905 2558 4958 in
2585 4903 2802 4974 Ioseph.
2833 4904 3074 4975 Utraque
3095 4905 3264 4975 igitur
3293 4907 3536 4963 Ecclesia
3588 4911 3768 4962 torcular

2241 4997 2539 5061 dicitur,ea
2561 4996 2912 5051 similitudine
2955 4997 3104 5067 quia,
3135 4997 3273 5052 sicut
3296 4998 3349 5052 in
3377 4998 3768 5064 torcular-irinum

2238 5101 2294 5145 et
2321 5089 2652 5153 acinum,ita
2678 5089 2731 5142 iu
2758 5089 2998 5144 Ecclesia
3029 5102 3264 5160 utraque
3312 5091 3441 5146 boni
3470 5099 3524 5146 et
3553 5089 3658 5142 nali
3682 5102 3770 5139 ςοιι-

2241 5181 2500 5234 tineutur.
2527 5179 2660 5234 Boni
2685 5179 2930 5249 quidem,
2957 5189 3011 5235 et
3029 5181 3326 5236 secundum
3365 5188 3730 5237 sacramentum
3749 5190 3768 5224 ιι

2237 5271 2742 5342 participationem,
2799 5281 2855 5325 et
2904 5273 3203 5326 secundum
3251 5272 3487 5327 virtutes
3527 5282 3579 5326 et
3624 5271 3768 5324 bouum

2235 5358 2628 5430 Operationem,
2669 5359 2924 5413 Ecclesia:
2979 5375 3102 5428 pars
3135 5370 3291 5426 sunt;
3350 5361 3478 5414 mali
3531 5375 3646 5414 vero
3685 5365 3768 5407 L'ut-

2237 5453 2512 5506 tummodo
2529 5451 2824 5506 secundum
2849 5462 3314 5506 sacramentorum
3329 5469 3396 5523 pa
3407 5455 3524 5508 rtici
3531 5453 3764 5523 patiozum.

2233 5543 2360 5614 quia
2391 5543 2640 5600 videiicet
2668 5544 3010 5613 baptizantur
3038 5555 3090 5597 et
3114 5560 3346 5614 corpore
3377 5546 3642 5600 Dominico
3660 5551 3766 5593 com-

2230 5635 2594 5689 munieantur.
2633 5634 2807 5688 Bonos
2839 5651 2969 5706 ergo
2998 5637 3278 5704 utriusque
3311 5638 3562 5692 Beck-siue
3583 5637 3628 5688 in
3654 5630 3768 5697 huius

2229 5726 2420 5798 psalmi
2457 5727 2724 5796 principio
2752 5727 2922 5781 ﬁdelis
2948 5728 3126 5796 Asapb
3153 5737 3274 5795 post
3297 5729 3586 5783 adventura
3613 5718 3760 5779 Cbrisii

2225 5821 2294 5873 ad
2326 5817 2700 5873 cxsultaudum
2733 5819 2784 5874 in
2812 5818 3016 5887 psalmo
3056 5827 3109 5872 et
3148 5818 3359 5872 cithara
3385 5833 3438 5875 et
3467 5819 3670 5875 buccina
3694 5813 3758 5866 ad-
