3856 6322
94 327 206 392 i069

967 309 1327 366 EXPOSITIO
1366 310 1430 366 IN
1469 311 1840 370 l'SALMOS.-

1872 343 1904 368 .-
1930 311 2107 370 PSAL
2169 312 2382 369 LXXX.
3141 322 3284 382 £870

83 448 298 504 httt'lallli',
320 432 367 485 in
391 428 603 500 propria
634 441 850 497 person
892 427 957 481 ad
981 442 1075 482 eos
1104 440 1290 495 agens.
1323 431 1585 479 ueterum
1623 436 1662 490 Α
1693 441 1904 498 quoque
1929 428 2196 482 buccinate
2226 427 2372 490 tuba,
2419 425 2470 479 id
2522 434 2602 480 est
2632 440 2884 489 resonate
2930 450 3120 509 aperta
3141 456 3277 513 pm.

78 533 206 610 326
234 535 417 600 postea,
447 533 503 576 at
532 521 815 576 terribilir:
851 531 905 576 et
935 521 1368 576 anctorizahinor
1396 520 1466 573 sit
1494 519 1593 572 ad-

80 623 276 684 monitio,
301 617 359 670 ad
391 614 558 682 Inﬂos
581 623 825 683 agentem
874 613 1038 665 Deum
1084 610 1378 664 introduin
1404 651 1418 675 ,
1450 611 1592 679 ipsos

74 705 210 773 "malos
230 708 287 762 ad
313 703 656 760 ohediendum
690 705 791 757 sibi
819 704 1217 766 adhortantem,
1249 713 1304 757 et
1333 702 1588 760 beneﬁcia

77 801 276 877 quzejam
303 797 374 850 eis
397 795 615 848 contulit
660 795 1103 864 praetendentem.
1154 808 1382 863 quorum
1411 809 1592 872 ‘pcca-

75 899 192 952 sione
217 889 301 944 sibi
329 901 415 940 eos
439 885 656 939 obedire
698 885 850 939 decet
884 900 898 949 ;
953 885 1327 939 ostendentem
1382 899 1594 954 quoque

75 985 170 1057 quid
209 979 456 1044 continget
508 976 610 1029 sibi
664 991 770 1030 non
818 976 1234 1041 ofzezlientibus,
1287 976 1416 1045 quid
1465 991 1593 1031 vero

74 1071 405 1131 obedientibus.
437 1066 585 1122 Unde
615 1069 752 1122 bene
807 1068 859 1121 in
915 1067 1070 1121 titulo
1103 1069 1322 1134 ponitur
1348 1085 1444 1139 pro
1487 1079 1592 1122 tor-

73 1164 308 1226 cularibus,
339 1161 387 1214 id
439 1169 520 1214 est
569 1175 666 1228 pro
723 1159 954 1214 utilitate
1008 1155 1394 1223 Eeclesiarum,
1457 1174 1592 1228 quas

75 1261 140 1315 hic
183 1255 464 1323 alloquitur.
493 1252 668 1306 Verba
699 1267 826 1306 vero
855 1251 1016 1321 hujus
1048 1251 1181 1304 tituli
1211 1253 1290 1306 sic
1329 1251 1592 1320 adaptati-

72 1359 166 1404 tur:
197 1344 416 1398 Psalmus
440 1343 540 1396 is1e
573 1352 654 1397 est
683 1343 884 1410 Asaph,
913 1342 965 1396 id
991 1351 1066 1397 est
1102 1341 1398 1413 Synagogaz
1423 1343 1592 1397 ﬁdelis

71 1454 144 1509 pro
167 1433 495 1491 torcularibus
539 1448 702 1502 agens
752 1433 852 1486 iste
879 1434 1118 1503 psalmus
1169 1453 1182 1488 :
1234 1434 1593 1489 torcularibus

71 1530 162 1582 dico
201 1523 495 1595 signiﬁcatis
529 1539 625 1592 per
682 1525 956 1591 negotium
1019 1527 1163 1596 quod
1216 1527 1483 1596 contingit
1536 1527 1588 1580 in

71 1623 214 1690 quinta
238 1615 466 1670 Sabhati.
501 1616 695 1682 Quinta
733 1633 965 1688 namque
989 1617 1075 1673 die
1124 1619 1329 1673 ereavit
1362 1618 1502 1671 Deus
1524 1635 1589 1672 ex

69 1725 173 1778 aqua
213 1705 426 1760 volatilia
461 1702 611 1772 (Cen.
647 1720 687 1768 ι,
725 1707 842 1777 ΞΟ),
902 1708 968 1762 ad
1027 1707 1280 1764 Ecclesiae
1341 1709 1586 1778 ﬁguram.

1697 519 1996 583 dicatione,
2023 535 2143 588 quae
2176 534 2271 588 per
2298 519 2478 572 tubam
2509 519 2840 589 designatur,
2873 541 2936 582 eo
2963 533 3106 600 quod
3135 535 3277 590 ιιιικε

1696 611 1905 663 sonitus
1927 610 1998 664 sit
2029 611 2367 664 manifestus.
2401 609 2505 663 Vos
2537 610 2961 674 dicoexistentes
2987 622 3040 676 in
3065 641 3277 680 neorne-

1697 699 1806 766 nia,
1848 701 1898 754 id
1931 710 2014 756 est
2044 702 2094 755 in
2130 702 2478 756 renovatione
2512 702 2672 769 lunae,
2704 707 2911 762 scilicet
2944 711 2996 764 in
3045 731 3279 770 renova-

1698 792 1842 846 tione
1872 793 2219 848 humanitatis
2255 803 2446 848 vestrzn
2471 810 2566 864 per
2597 795 2958 864 baptismum;
2997 817 3117 870 qme
3143 805 3280 862 bene

1695 881 1818 936 luna
1851 884 2070 950 dicitur,
2104 899 2170 938 eo
2208 885 2350 953 quod
2384 885 2568 939 multis
2598 886 2964 944 anxietatibus
2992 893 3188 962 saepius
3209 897 3278 948 ad

1695 973 1910 1026 modum
1941 975 2080 1029 lunm
2112 976 2344 1030 deﬁciat.
2399 977 2551 1044 Quod
2610 987 2694 1032 est
2719 979 2901 1034 dicere
2940 997 2953 1034 :
3001 981 3137 1037 Cum
3162 983 3279 1052 jam

1695 1079 1790 1134 per
1815 1067 2139 1134 baptismum
2167 1069 2475 1131 lunuanitas
2526 1079 2704 1124 vestra
2732 1081 2990 1126 renovata
3038 1074 3131 1138 sit,
3159 1090 3282 1144 quae

1696 1174 1793 1228 per
1819 1159 1990 1213 Adam
2025 1160 2076 1213 in
2124 1171 2442 1216 ve;ustatcm
2493 1161 2805 1228 deciderat,
2863 1166 3000 1220 hanc
3050 1181 3280 1220 renova-

1697 1250 1894 1305 tionem
1927 1268 2030 1304 non
2062 1253 2332 1306 renovatis
2385 1265 2572 1324 aperte
2618 1259 2932 1325 praediuite,
2961 1267 3018 1310 ut
3041 1259 3108 1312 ad
3140 1259 3281 1316 hanc

1694 1343 1972 1396 accedant.
2001 1343 2154 1410 Quod
2184 1345 2566 1416 prmsignatum
2594 1359 2674 1402 est
2719 1349 2885 1418 priori
2923 1350 3142 1420 pepulo,
3185 1354 3280 1420 qui

1695 1433 1748 1487 in
1783 1438 2126 1490 renovatione
2161 1439 2302 1491 lunae
2353 1438 2565 1508 septimi
2601 1441 2832 1517 _mensis
2865 1443 2990 1496 tuba
3027 1443 3280 1512 clangere

1693 1528 2125 1597 prmcipiehatur.
2152 1529 2442 1584 Neonienia
2473 1533 2692 1602 quippe,
2721 1534 2860 1587 lima?
2883 1538 3170 1603 renovatio,
3194 1537 3279 1590 iu-

1696 1629 2044 1690 terpretatur.
2087 1623 2216 1676 Dico
2255 1623 2396 1692 quod
2418 1621 2531 1690 jam
2553 1626 2684 1678 estis
2710 1627 2762 1679 in
2797 1629 3063 1681 neornenia
3084 1629 3276 1684 scilice‘

1692 1709 1749 1762 in
1774 1708 1962 1771 insiqni
1993 1711 2096 1778 die,
2131 1711 2181 1765 id
2210 1713 2359 1776 estin
2393 1713 2724 1769 nobilissima
2756 1717 3002 1772 claritate
3029 1720 3282 1771 solemus-

70 1801 124 1853 IL!
152 1813 351 1866 namque
379 1796 516 1851 ﬁiios
545 1797 798 1852 Ecclesia:
822 1813 888 1852 ev
913 1815 1051 1885 aqua
1080 1800 1330 1870 baptismi
1359 1804 1587 1862 recreat,
1624 1783 1663 1840 Β
1682 1781 1829 1845 ίστίδν
1852 1780 2014 1882 id)?“
2036 1781 2566 1885 Γθνίθιίοῐξξῆ-υθξξναξ·
2594 1785 2748 1852 Quo"
2776 1795 2858 1841 εει
2886 1789 3108 1885 ἀίοθξᾮητ
3140 1790 3276 1856 Qum

69 1904 353 1959 quosomncs
403 1888 660 1942 sublimes
705 1888 757 1942 in
819 1890 1128 1945 innocentia
1188 1891 1240 1945 in
1273 1891 1594 1962 baptismate

70 1982 243 2036 laritad
287 1980 498 2034 modum
554 1981 880 2048 volatilium,
913 1982 1037 2037 licet
1059 1983 1157 2053 ipsi
1205 1994 1388 2054 postea
1405 2000 1470 2058 se
1500 2001 1597 2054 per

67 2073 162 2128 vitia
181 2072 428 2140 dejiciant.
460 2072 663 2127 Idcirco
687 2075 868 2144 itaque
891 2076 1040 2129 addit
1064 2078 1246 2147 quinta
1273 2076 1512 2142 Sabbati,
1539 2089 1594 2133 ut

67 2164 334 2216 determinet
359 2178 478 2232 qua:
513 2164 800 2218 toreularia
834 2165 922 2220 hic
961 2167 1214 2236 accipiat,
1260 2167 1346 2220 illa
1387 2169 1596 2222 scilicet

66 2271 156 2322 quze
203 2255 463 2324 designata
522 2266 649 2310 sunt
698 2272 795 2326 per
850 2258 1125 2328 negotium
1181 2259 1323 2328 quod
1369 2260 1599 2329 contigit

65 2348 209 2414 quinta
240 2345 472 2411 Sahhati,
517 2347 569 2400 id
624 2359 707 2401 est
760 2356 1050 2418 utramque
1102 2348 1413 2404 Ecclesium
1463 2351 1594 2406 Dico

65 2439 170 2505 quod
192 2439 538 2507 psalmnsi53e
565 2448 646 2492 est
678 2439 876 2508 Asaph.
914 2439 1098 2510 Asaph
1143 2441 1266 2496 dico
1301 2442 1598 2496 adhor.an-

65 2529 224 2597 tisipsa
254 2537 340 2583 tor.
360 2530 533 2584 ularia
562 2530 614 2583 in
637 2531 815 2597 linem,
866 2529 918 2584 id
975 2541 1061 2586 est
1099 2531 1152 2585 in
1207 2532 1594 2603 perfectionem

64 2619 290 2685 bonitatis,
323 2622 520 2691 partim
550 2623 765 2690 quidem
793 2623 844 2675 in
869 2623 950 2676 sui
981 2639 1205 2692 persona
1234 2626 1593 2692 adhortantis,

62 2709 216 2775 partim
239 2719 407 2763 autem
458 2711 514 2764 in
554 2725 783 2779 persona
815 2710 947 2776 Dei;
998 2713 1082 2765 vel
1138 2715 1480 2767 adhortantis
1540 2715 1596 2768 in

61 2799 200 2863 ﬂuent,
220 2799 263 2852 id
291 2799 447 2854 estin
479 2800 917 2856 conformitatetn
979 2802 1182 2856 Christi
1213 2804 1335 2858 linis
1362 2806 1594 2873 prophe-

63 2888 128 2939 tia:
148 2897 191 2942 et
232 2889 374 2959 legis,
415 2892 626 2946 scilicet
687 2901 743 2945 ut
779 2892 1025 2964 exetnplo
1061 2892 1178 2962 ejus
1217 2895 1490 2949 exsultent
1541 2895 1594 2950 in

61 2978 241 3044 pSahuo,
263 2990 311 3033 et
328 2982 557 3045 cithara,
583 2992 637 3036 et
663 2982 916 3037 buccina.

110 3068 351 3124 Exsultale
373 3071 482 3126 Deo
511 3073 744 3139 alliutori
791 3085 991 3128 nostra.
1043 3073 1123 3128 Ac
1171 3074 1216 3130 si
1266 3074 1454 3130 dicat:
1493 3076 1597 3132 Vos

59 3157 153 3213 boni
177 3160 411 3216 Ecclesia:
438 3165 724 3233 utriusque
753 3164 870 3232 ﬁlii,
908 3163 1074 3218 nolite
1127 3165 1181 3218 in
1241 3166 1472 3220 terrenis
1501 3181 1598 3221 ex-

58 3250 239 3316 sultare,
265 3255 352 3307 sed
377 3255 562 3324 po:ius
590 3257 656 3309 ad
691 3256 949 3310 honorem
979 3255 1072 3309 Dei
1104 3258 1398 3322 exsultate,
1425 3259 1477 3312 in
1512 3257 1598 3312 his

61 3338 258 3394 videlicet
282 3359 398 3412 quae
423 3344 494 3396 ad
523 3344 688 3398 Deum
734 3345 1029 3414 pertinent.
1061 3346 1126 3400 Et
1171 3346 1336 3401 nolite
1384 3347 1594 3412 timere,

57 3442 150 3481 cum
198 3432 308 3487 sitis
357 3450 457 3504 per
502 3450 597 3489 vos
637 3436 1023 3492 insuliicienles
1072 3438 1137 3492 ad
1185 3438 1592 3505 exsultandum;

57 3535 151 3573 nam
178 3523 278 3591 ipse
295 3536 376 3581 est
400 3526 621 3596 adjutor
643 3537 846 3592 noster,
876 3529 966 3599 qui
1004 3545 1100 3584 vos
1121 3530 1187 3584 ad
1219 3531 1597 3585 exsultandom

56 3614 299 3682 adiuvabit.
322 3619 396 3683 Et
440 3637 552 3675 non
601 3637 788 3691 parum
820 3623 1137 3690 exsnltetis;
1195 3624 1289 3678 sed
1339 3624 1596 3690 jubilate,

57 3703 95 3757 id
121 3708 501 3766 estintentione
539 3712 814 3768 interioris
853 3713 1079 3780 laetitiae,
1106 3731 1226 3784 qua:
1254 3716 1432 3770 verbis
1490 3731 1598 3769 non

52 3807 193 3862 potest
212 3802 490 3870 explicari,
510 3803 735 3872 jubilate
764 3803 870 3858 Deo
915 3805 1102 3868 Iacob,
1136 3807 1342 3861 scilicet
1376 3807 1482 3861 Deo
1513 3807 1596 3861 cui

49 3889 332 3954 jubilandum
357 3907 460 3961 est,
485 3899 576 3968 qui
600 3897 738 3951 Deus
758 3907 841 3951 est
863 3914 970 3952 non
996 3899 1262 3968 segnium,
1283 3899 1374 3953 sed
1400 3897 1591 3964 Iacob,

51 3981 91 4035 id
113 3996 180 4038 est
198 3988 414 4043 viriliter
439 3989 788 4054 luctantium,
815 3989 1023 4044 scilicet
1046 4004 1209 4059 quem
1239 3988 1404 4044 Iacob
1429 3988 1596 4043 Deum

52 4087 246 4143 reputat,
271 4081 586 4150 quicunque
615 4090 794 4151 neget,
827 4090 882 4136 et
912 4082 1004 4151 qui
1051 4082 1193 4136 Deus
1245 4091 1424 4136 vester
1469 4081 1597 4148 erit,

49 4165 82 4218 si
105 4165 247 4224 Iacob
277 4171 523 4227 fueritis.
554 4173 622 4228 Et
667 4188 797 4228 ecce
829 4173 882 4227 in
915 4173 1114 4244 quibus
1164 4173 1353 4228 hortor
1375 4189 1469 4228 vos
1503 4189 1597 4228 cx-

49 4258 250 4327 sultare;
281 4266 492 4320 scilicet
523 4265 859 4320 exsultanter
900 4265 1086 4317 sumite
1115 4280 1145 4318 a
1181 4266 1289 4319 Deo
1316 4265 1596 4335 psalmum,

49 4363 176 4414 quam
201 4369 294 4422 per
319 4371 416 4409 vos
441 4357 645 4411 habere
701 4373 805 4411 non
865 4357 1120 4426 potestis,
1143 4355 1347 4409 scilicet
1377 4356 1599 4424 spiritus

1680 1871 1966 1924 neornenia
2011 1882 2188 1926 vestra
2231 1873 2365 1926 nihil
2397 1875 2544 1930 aliud
2577 1885 2680 1940 est,
2726 1893 2888 1947 quam
2933 1880 3273 1938 nobilissima

1679 1969 1732 2014 et
1769 1961 2036 2031 praecipua
2069 1963 2287 2018 claritas
2315 1964 2436 2018 ﬁdei
2463 1974 2516 2019 et
2548 1966 2947 2040 intelligentizc,
2975 1986 3071 2040 per
3105 1990 3273 2044 quam

1680 2055 1750 2109 ab
1780 2056 1929 2108 omni
1954 2071 2116 2125 opere.
2143 2059 2286 2110 malo
2311 2057 2539 2112 feriatis.
2575 2058 2730 2126 Quod
2768 2077 2866 2132 per
2890 2061 3109 2119 Judzeos
3135 2081 3276 2136 prae-

1681 2147 1970 2217 ﬁguratum
1994 2159 2095 2215 est,
2119 2151 2211 2219 qui
2240 2151 2293 2204 in
2317 2150 2517 2222 insigni
2541 2161 2592 2206 et
2619 2153 2848 2208 solemni
2870 2155 2956 2210 die
2978 2158 3276 2214 neornenia:

1683 2239 1952 2294 fet-iubant
1973 2241 2042 2294 ab
2064 2241 2212 2296 omni
2242 2241 2425 2295 servili
2447 2258 2627 2312 opere.
2657 2243 2788 2298 Dico
2808 2247 3098 2312 exsultatc,
3129 2249 3276 2316 psal—

1680 2345 1830 2384 mum
1868 2331 2154 2396 sumendo,
2179 2340 2233 2384 et
2258 2339 2577 2402 tympanum
2615 2335 2796 2388 dando
2831 2345 2884 2390 et
2907 2337 3270 2393 buccinando.

1751 2423 1912 2492 327
1943 2422 2005 2475 Et
2033 2424 2134 2476 hoc
2151 2424 2589 2492 eompleredceet
2601 2442 2717 2492 vos,
2743 2429 2868 2497 quia
2883 2441 3198 2498 pra'ceptum
3220 2432 3276 2483 in

1685 2515 1856 2569 Israel
1877 2524 1973 2580 est,
2000 2516 2051 2568 id
2064 2526 2145 2569 est
2162 2515 2211 2569 in
2231 2515 2923 2590 Ecclesiaddudmigqum
2941 2521 3065 2591 jure
3079 2523 3278 2576 dicitur

1683 2605 1867 2672 Israel,
1899 2623 1963 2661 eo
1991 2609 2136 2676 quod
2163 2608 2449 2663 sublimior
2484 2609 2537 2662 in
2563 2613 3021 2682 contemplatione
3055 2613 3148 2668 Dei
3181 2615 3274 2680 sit,

1683 2718 1844 2771 quam
1874 2701 2113 2756 Ecclesia
2163 2718 2230 2756 ex
2277 2704 2560 2773 gentibus;
2599 2714 2652 2758 et
2683 2705 2785 2760 hoc
2815 2715 3145 2776 praeceptum
3195 2716 3280 2762 est

1677 2791 1963 2860 judicium,
2017 2791 2068 2845 id
2105 2801 2189 2846 est
2219 2791 2451 2861 justum.
2503 2791 2776 2846 Iudicium
2817 2795 3017 2864 quippe
3051 2795 3272 2861 dicitur,

1683 2883 1840 2952 quasi
1867 2883 1991 2952 jure
2023 2884 2245 2954 dictum.
2296 2883 2449 2939 Unde
2496 2886 2712 2955 quoties
2761 2887 2961 2941 alicubi
3003 2887 3271 2956 judicium

1682 2975 1934 3045 ponitur,
1985 2991 2161 3046 neque
2208 2975 2406 3030 falsum
2461 2978 2543 3030 vel
2596 2978 2802 3048 aliquid
2855 2979 2964 3032 tale
3014 2980 3271 3036 additur.

1685 3067 1826 3122 idem
1870 3073 1955 3121 est
2008 3081 2071 3120 ac
2117 3067 2161 3121 si
2216 3066 2428 3135 justum
2471 3076 2785 3136 poneretur.
2823 3067 2889 3121 Et
2928 3068 3030 3124 hoc
3061 3085 3269 3138 przece—

1649 3161 1836 3232 ‘ptum
1888 3160 2097 3230 justum
2154 3159 2262 3214 Deo
2305 3159 2506 3227 Iacob,
2569 3161 2741 3216 idest
2791 3171 3012 3216 strenue
3061 3164 3322 3218 Ιιιοωιι-·

1687 3255 1845 3320 tium,
1891 3264 1976 3310 est
2009 3253 2410 3309 aseribendum.
2449 3253 2527 3308 Ac
2566 3253 2611 3307 si
2650 3254 2850 3309 diceret
2887 3274 2901 3309 :
2939 3255 2995 3309 Si
3032 3257 3101 3310 ab
3146 3272 3278 3326 apo-

1687 3347 1842 3402 stolis
1894 3347 1978 3400 vel
2041 3363 2070 3400 a
2138 3345 2348 3400 caeteris
2406 3345 2645 3414 prrelatis
2697 3355 2843 3401 esset
2899 3358 3277 3418 praeceptum,

1685 3449 1830 3494 esset
1865 3440 2050 3498 utique
2081 3437 2408 3492 faciendum.
2456 3437 2673 3504 Quanto
2711 3439 2884 3510 magis
2921 3456 3052 3511 ergo
3080 3455 3204 3494 cum
3243 3455 3278 3496 a

1688 3533 1796 3586 Deo
1824 3531 1990 3586 Iacob
2017 3532 2400 3601 przceipiatur?
2427 3529 2544 3584 Non
2582 3531 2761 3585 solum
2793 3541 2975 3586 autem
3008 3542 3085 3586 est
3108 3533 3162 3585 in
3193 3531 3278 3585 Is-
3361 3579 3363 3582 .

1689 3624 1796 3677 ruet
1826 3635 2164 3694 pt'd‘t‘ﬂplum,
2197 3625 2290 3678 sed
2320 3634 2373 3680 et
2397 3624 2524 3678 illud
2551 3624 2930 3691 testimonium,
2955 3624 3007 3678 id
3033 3634 3116 3679 est
3144 3625 3279 3679 illud

1687 3728 2016 3790 praeceptum
2046 3718 2192 3787 quod
2238 3727 2470 3773 testatur
2512 3718 2894 3774 obedientibus
2934 3719 3189 3786 salutem,
3221 3727 3278 3776 et

1687 3824 1793 3862 non
1831 3808 2210 3862 obedientibns
2258 3817 2488 3862 mortem
2518 3810 2692 3877 posuit
2730 3807 2874 3864 Deus
2903 3810 2958 3863 in
2983 3807 3198 3880 Ioseph,
3223 3810 3279 3864 id

1685 3911 1770 3956 est
1799 3901 2024 3955 ﬁrmiter
2051 3900 2241 3955 statuit
2265 3900 2317 3952 in
2335 3899 2577 3954 Ecclesia
2593 3901 2812 3970 gentilis
2835 3901 3042 3970 populi,
3067 3902 3161 3972 qui
3182 3900 3279 3955 Jo-

1689 3995 1818 4063 scph
1847 3994 2068 4059 dicitur,
2093 4009 2158 4047 eo
2181 3993 2324 4063 quod
2357 3991 2426 4046 sit
2451 3992 2516 4045 ad
2541 4003 2890 4062 augmentum
2916 3993 3152 4048 additus.
3183 3991 3278 4048 Jo—

1689 4086 1820 4156 seph
1858 4085 2057 4154 quippe
2101 4092 2441 4154 augmentum
2472 4082 2876 4150 interpretatur.
2907 4081 2972 4136 Et
2999 4090 3128 4136 tunc
3154 4082 3278 4149 qui-

1688 4178 1810 4232 dem
1842 4193 1960 4230 cum
1987 4193 2084 4246 per
2109 4177 2269 4230 ﬁdem
2300 4185 2352 4228 et
2382 4173 2726 4242 baptismatis
2754 4173 3085 4226 ablutionem
3108 4171 3276 4225 exiret

1689 4270 1753 4324 de
1781 4279 1922 4323 terra
1949 4268 2195 4338 Afgypti,
2231 4267 2282 4320 id
2327 4267 2498 4321 estde
2529 4265 2840 4318 terrenitate
2883 4263 3191 4317 aﬁlietionis
3221 4271 3277 4317 et

1691 4363 2038 4417 tenebrarum
2091 4359 2428 4430 ignorantize,
2475 4356 2678 4410 audiri!
2711 4355 2780 4408 ah
2816 4353 3104 4423 inspiranti
3135 4355 3276 4409 intc-

49 4441 424 4503 vivilicationem
452 4449 506 4504 in
536 4450 837 4504 innocentia
865 4459 921 4503 et
950 4449 1242 4502 virtutibus
1273 4463 1392 4517 qua:
1437 4464 1467 4502 a
1507 4463 1597 4503 su-
1627 4465 1675 4522 ι)
1694 4455 1808 4508 rius
1832 4451 2119 4521 sapientia,
2149 4450 2288 4503 hanc
2309 4449 2545 4517 linguam
2563 4462 2722 4515 quam
2745 4460 2846 4496 non
2869 4453 3102 4510 noverat,
3127 4445 3276 4499 scili-

46 4535 206 4599 periori
232 4539 322 4594 Dei
354 4543 651 4597 clementia
685 4543 899 4604 dantur,
935 4542 1163 4611 ideoque
1191 4557 1290 4612 per
1331 4541 1598 4612 psalmum

45 4628 363 4696 accipiuntur.
391 4633 642 4688 Psalmus
665 4635 806 4688 enim
829 4643 910 4688 est
936 4635 1104 4688 melos
1127 4634 1269 4702 quod
1293 4634 1352 4686 ﬁt
1379 4633 1431 4687 in
1462 4633 1602 4702 psal-

48 4719 172 4786 terio,
203 4737 267 4776 ex
300 4725 575 4794 superiori
620 4742 900 4780 resonans.
963 4725 1030 4779 Et
1089 4736 1145 4778 nt
1187 4725 1452 4783 psalmum
1503 4738 1599 4778 SU-

45 4821 163 4863 ntere
187 4816 528 4882 mereamini,
557 4816 678 4869 date
707 4817 813 4870 Deo
838 4827 1170 4886 lyntpanum,
1202 4816 1252 4869 id
1277 4823 1361 4869 est
1413 4815 1598 4870 carnis

45 4903 510 4968 mortiﬁcationem,
552 4922 672 4976 qum
709 4922 805 4976 per
860 4918 1168 4978 tympanum
1203 4909 1398 4964 merito
1451 4908 1599 4962 acci-

43 4989 177 5056 pitur,
227 4997 368 5063 quod
420 4998 576 5051 corio
630 4999 825 5052 mortui
888 4997 1133 5050 animalis
1185 4999 1594 5066 supervestitur.

45 5077 165 5143 Quod
188 5095 265 5138 est
294 5087 523 5142 dicere:
555 5088 638 5142 Ad
679 5090 936 5143 honorem
965 5089 1056 5143 Dei
1115 5090 1440 5142 nroz-tilieate
1475 5105 1599 5142 ear-

43 5183 140 5223 nem
180 5173 400 5244 jejuniis
463 5187 523 5231 et
565 5179 802 5250 vigiliis;
861 5196 982 5232 nam
1038 5179 1364 5246 psalterium,
1417 5181 1468 5234 id
1515 5189 1600 5234 est

39 5263 230 5331 rpiritus
263 5271 599 5334 vivilicatus,
630 5271 1023 5340 estjuczmdum
1057 5271 1186 5336 Deo,
1237 5271 1286 5324 id
1314 5281 1398 5326 est
1446 5271 1599 5326 valde

36 5352 343 5429 delectabile,
368 5379 494 5416 cum
543 5363 767 5427 cit/mra,
808 5364 858 5417 id
894 5371 974 5416 est
1019 5380 1140 5417 cum
1180 5365 1599 5419 mostilieationc

35 5454 209 5517 carnis,
254 5471 375 5524 qua:
405 5472 509 5526 per
538 5457 805 5511 citharam
832 5455 1166 5523 intelligitur,
1199 5472 1317 5524 qua:
1347 5471 1412 5511 ex
1464 5455 1599 5511 infe-

37 5541 141 5593 riori
172 5555 343 5599 sonat.
384 5549 467 5600 Ae
526 5547 570 5600 si
617 5548 864 5600 diceret:
907 5544 1211 5600 Iucundum
1267 5556 1352 5599 est
1411 5547 1520 5600 Deo
1540 5556 1600 5601 ιιι

35 5636 390 5694 mortiﬁcamlo
465 5655 691 5694 carnem
759 5639 984 5707 spiritus
1028 5648 1207 5691 vester
1253 5638 1593 5705 viviﬁectur;

35 5720 306 5794 ideoqucin
340 5731 447 5788 hoc
481 5731 636 5786 dcent
661 5745 753 5786 vos
799 5729 1107 5794 exsultare;
1165 5737 1216 5782 et
1267 5730 1598 5786 exs-altenter

1693 4555 1776 4599 cet
1799 4546 1900 4598 hoc
1922 4553 2247 4613 praeceptum
2271 4539 2419 4609 quod
2444 4554 2552 4591 non
2570 4536 2797 4591 ulterius
2817 4536 3118 4590 audiverat.
3137 4534 3276 4603 Quia

1695 4634 1879 4702 lingua
1918 4636 2251 4705 pra'eipitur,
2285 4635 2468 4701 lingua
2502 4648 2598 4700 pro
2626 4641 2896 4701 prteeepto
2931 4632 3173 4700 ponitur.
3199 4630 3278 4688 Ae

1701 4714 1744 4767 si
1772 4715 1914 4768 dicat
1961 4732 1974 4768 :
2009 4714 2142 4769 Dum
2184 4715 2236 4767 in
2263 4714 2494 4786 Egypto
2520 4715 2825 4773 alliictionis
2870 4730 2926 4775 et
2972 4721 3287 4791 ignorantiae

1703 4805 1821 4868 fuit,
1849 4821 2120 4876 numquam
2159 4819 2215 4859 ut
2241 4807 2534 4864 exsultarct
2555 4809 2606 4863 in
2635 4810 2843 4880 psalmo
2867 4824 2922 4868 ct
2960 4826 3214 4885 tympano
3234 4828 3286 4871 ct

1703 4899 1830 4953 tuba
1874 4899 1923 4953 ei
1973 4909 2298 4970 przeeeptum
2341 4899 2480 4966 fuit,
2524 4903 2619 4958 sed
2658 4915 2941 4976 postquam
2991 4908 3285 4980 [Egyptum

1699 4990 1877 5051 exiit,
1939 4990 2037 5043 hoc
2097 5004 2125 5043 a
2173 4991 2399 5044 Domino
2457 5005 2784 5062 praeceptum
2843 4999 3068 5066 accepit.
3132 5000 3285 5065 Quod

1699 5082 1946 5151 equidem
1963 5097 2057 5151 per
2071 5079 2351 5136 Iudaicum
2376 5085 2624 5153 populum
2649 5099 3150 5157 privostcnsnmest,
3167 5091 3283 5159 qui,

1702 5174 1826 5226 dum
1860 5175 1909 5227 in
1937 5173 2173 5243 .I‘Egypto
2205 5173 2323 5234 fuit.
2353 5192 2628 5244 nunquam
2673 5195 2700 5231 a
2737 5179 2963 5234 Domino
2992 5182 3162 5248 legem
3188 5197 3277 5236 ac-

1701 5266 1860 5335 cepit.
1882 5265 2407 5338 Astuhi,1£gyptum
2429 5269 2635 5332 exiens,
2667 5269 2903 5322 ltubrum
2935 5286 3084 5326 mare
3113 5280 3282 5326 trans-

1701 5357 1784 5422 iit,
1813 5359 1896 5411 lex
1927 5360 1975 5412 ci
2007 5373 2035 5411 a
2069 5360 2295 5414 Domino
2321 5361 2442 5414 data
2474 5372 2576 5416 est.
2609 5361 2872 5432 Αἰςςμιυδ
2901 5378 3050 5426 sane,
3075 5365 3283 5434 afﬂictio

1699 5452 1782 5506 vel
1806 5452 2027 5506 lenebnc
2059 5454 2276 5507 dicitur.
2311 5455 2412 5507 Per
2438 5455 2541 5508 hoc
2570 5455 2736 5524 igitur
2777 5456 3119 5520 instruimur,
3154 5457 3282 5510 nulli

1699 5553 2023 5614 praeceptum
2051 5546 2156 5601 hoc
2183 5560 2302 5600 esse
2330 5545 2752 5614 praedicandum,
2777 5548 2967 5613 donec,
2989 5547 3280 5618 [Egyptian

1700 5637 2071 5707 relinquendo,
2108 5637 2446 5708 baptismatis
2475 5638 2614 5706 unda
2644 5638 2714 5692 sit
2743 5654 2981 5694 renaius.
3008 5641 3135 5695 Dico
3157 5640 3282 5693 dum

1687 5731 1859 5806 _exirct
1889 5730 1953 5784 de
1975 5739 2112 5783 terra
2135 5729 2356 5788 θυι)ίί
2379 5745 2397 5789 :
2428 5738 2481 5784 et
2504 5742 2727 5786 necesse
2751 5742 2870 5787 erat
2907 5743 2965 5789 ut
3005 5733 3128 5790 inde
3157 5748 3281 5789 cum
