3840 6338
577 331 718 431 10711
1160 370 1218 425 S.
1257 367 1603 426 BRUNONIS
1641 363 2279 426 CARTIIUSIANORUM
2317 363 2802 424 INSTITUTORIS
2837 366 2988 424 OPP.
3017 365 3196 421 PARS
3227 367 3264 420 1.
3641 374 3741 430 lim.

575 487 728 543 exire
764 483 988 548 faceret,
1019 499 1142 537 nam
1171 498 1267 554 per
1294 485 1437 538 hunc
1466 484 1670 538 exitum
1699 482 1898 537 diuertit
1919 481 2158 544 dorsum,
2192 485 2236 542 Α
2265 487 2546 550 pturarum
2578 479 2941 550 comprobabo
2976 479 3070 534 tibi
3113 487 3391 547 quatenus,
3420 497 3458 533 ιι
3483 482 3668 536 audierit
3689 503 3750 540 me

576 579 733 632 idest
755 573 1142 630 conscientiam
1168 573 1282 642 eius
1306 574 1368 626 ab
1391 573 1630 627 oneribus
1653 579 2026 643 peccatorum;
2058 569 2162 624 sci-
2266 571 2344 624 sic
2381 577 2438 622 ut
2479 569 2776 632 assentias,
2829 585 2931 620 non
2979 577 3075 620 erit
3101 569 3150 620 in
3185 581 3232 620 te
3279 567 3406 643 Deu_s
3441 585 3610 633 recens,
3637 589 3753 639 neque

578 667 879 735 licetIcum,
914 666 966 718 in
1000 647 1235 737 Aigypto
1263 663 1593 719 inﬁdelitatis
1629 664 1888 727 existens,
1920 670 2165 731 peccato-
2267 658 2532 722 adorabis,
2577 659 2627 712 id
2669 668 2753 714 est
2792 658 3134 712 veneraberis
3161 657 3320 710 Deum
3340 627 3572 737 uitatum,
3605 627 3755 718 scilicet

579 775 720 826 rum,
752 757 983 812 sarcinis
1019 766 1355 826 premeretur
1383 755 1499 823 ejus
1529 755 1878 820 conscientia,
1911 754 1978 807 ad
2011 752 2163 806 simi-
2269 763 2375 802 non
2407 749 2629 803 habebis
2651 749 2704 802 in
2734 758 2785 804 te
2814 749 3004 802 vilium
3039 749 3278 818 aliquod,
3306 735 3438 818 quod
3461 750 3699 818 adoranda,
3720 756 3755 809 id

582 849 863 902 litudinem
895 847 1036 901 dorsi
1057 847 1196 916 quod
1225 856 1478 916 gravatur
1501 845 1641 900 mole
1663 845 1848 910 nimia,
1879 844 2167 915 Egyptum
2269 847 2352 894 est
2377 835 2672 894 obediendo
2701 849 2754 895 et
2773 839 2869 909 ipsi
2887 839 3290 902 satisfaciendo,
3315 839 3471 894 Deum
3499 842 3579 896 tibi
3606 843 3755 910 lat-ias;

581 941 791 1006 exiens,
813 941 878 992 ab
905 938 1155 992 oneribus
1177 937 1278 990 illis
1308 952 1401 1006 per
1435 937 1682 1005 baptismi
1709 937 2167 1006 regenerationem
2272 929 2412 998 quod
2445 944 2638 983 recens
2664 929 2882 998 quidem
2914 938 3030 994 est,
3066 939 3120 982 et
3158 944 3188 982 a
3223 942 3422 984 rattoue
3454 945 3531 984 tua
3567 933 3755 988 alienum.

584 1029 844 1082 liberatus
871 1037 970 1082 est.
1002 1027 1149 1090 Quod
1177 1042 1273 1095 per
1302 1027 1552 1096 p0pulum
1597 1026 1757 1080 Israel
1800 1035 2173 1096 praemonstra-
2273 1020 2424 1087 Quod
2451 1030 2534 1075 est
2562 1036 2626 1075 ac
2652 1021 2696 1076 si
2729 1021 2910 1076 dicat:
2948 1021 3004 1075 Si
3041 1021 3170 1074 mihi
3213 1036 3477 1077 assensum
3507 1025 3757 1090 adhibueris,

586 1116 936 1186 tutnest,qui,
959 1115 1249 1186 ASgyptum
1267 1115 1472 1179 exiens,
1492 1123 1546 1168 et
1567 1129 1709 1167 mare
1732 1114 1973 1168 Rubrum
1997 1123 2173 1166 trans-
2275 1108 2539 1179 adiuvabo
2569 1121 2641 1174 te,
2672 1125 2740 1164 ne
2763 1110 2952 1164 vitium
2979 1109 3194 1179 aliquod
3225 1110 3315 1165 tibi
3345 1111 3635 1176 dominetur,
3661 1119 3762 1182 quod

587 1209 704 1263 iens
743 1225 770 1262 a
800 1207 1033 1276 pondere
1060 1205 1338 1266 servitutis
1380 1206 1755 1276 Egyptiorum
1801 1214 2020 1274 ereptus
2069 1213 2172 1257 est.
2274 1211 2334 1254 ut
2363 1201 2528 1254 Deum
2553 1202 2746 1255 adores
2767 1211 2822 1256 et
2855 1201 3092 1256 exeolas.
3136 1202 3202 1256 Et
3248 1218 3368 1258 vere
3398 1203 3602 1259 alienum
3634 1217 3696 1261 est
3724 1219 3761 1262 tt

590 1299 839 1369 Oportuit
863 1306 1041 1350 autem
1073 1306 1132 1351 ut
1158 1296 1226 1350 ab
1253 1297 1509 1351 oneribus
1536 1295 1752 1350 dorsum
1794 1296 1911 1365 ejus
1942 1296 2176 1348 diverte-
2277 1291 2440 1346 alium
2465 1292 2613 1347 colas
2635 1303 2688 1346 et
2721 1293 2914 1347 adores
2938 1303 3134 1362 praeter
3160 1309 3266 1348 me.

583 1399 704 1452 ret;
740 1404 864 1442 nam
879 1387 1004 1441 dum
1023 1385 1324 1457 inJEgypto
1339 1385 1438 1440 fuit
1459 1387 1670 1455 gentilis
1697 1386 1942 1455 populus,
1967 1400 2175 1450 manus,
2347 1382 2462 1452 Ego
2487 1384 2621 1438 enim
2642 1383 2808 1448 solus,
2827 1385 2916 1454 qui
2951 1385 3056 1450 tibi
3072 1385 3284 1453 loquor,
3308 1401 3415 1438 sum
3439 1381 3650 1440 Dentium
3669 1386 3764 1444 Dm

590 1481 642 1535 id
669 1488 752 1534 est
774 1495 937 1549 opera
969 1480 1082 1548 ejus
1113 1481 1398 1533 servierunt
1429 1477 1638 1532 diabolo
1666 1479 1720 1530 in
1738 1479 1979 1546 cophino,
2009 1475 2062 1529 id
2093 1483 2180 1529 est
2281 1481 2422 1541 tuus,
2449 1475 2538 1544 qui
2575 1477 2733 1528 eduxi
2755 1485 2802 1528 te
2833 1475 2897 1528 de
2919 1485 3059 1527 terra
3083 1475 3323 1544 zEgypti,
3366 1477 3550 1530 scilicet
3569 1479 3622 1531 de
3643 1487 3764 1533 terre-

581 1571 643 1626 in
683 1570 994 1640 impletione
1024 1569 1257 1638 cophini,
1287 1569 1492 1622 scilicet
1534 1568 1586 1620 in
1637 1568 1739 1622 hoc
1763 1567 1904 1636 quod
1952 1566 2179 1634 scipsos,
2283 1566 2456 1620 nitate
2484 1565 2792 1621 alllictionis
2821 1575 2875 1621 et
2907 1565 3273 1630 tenebrarum,
3304 1567 3352 1620 in
3381 1581 3527 1636 quam
3558 1584 3634 1637 per
3649 1570 3765 1624 Adam

587 1662 680 1731 qui
719 1663 987 1731 cophinus
1015 1670 1174 1715 erant
1203 1660 1427 1723 diaboli,
1462 1659 1629 1728 paleis
1655 1669 1708 1714 et
1732 1659 1842 1713 luto
1868 1658 2180 1728 implebant,
2285 1657 2598 1712 deveneras.
2631 1658 2771 1727 Ergo
2794 1657 2921 1727 quia
2958 1666 3169 1711 tantum
3203 1658 3504 1711 beneﬁcium
3532 1659 3609 1711 tibi
3629 1659 3768 1727 impen-

581 1749 645 1804 ιιι
675 1758 756 1804 est
805 1749 962 1803 malis
1016 1749 1316 1818 operibus;
1359 1764 1477 1816 quae
1523 1751 1658 1803 bene
1711 1748 1982 1802 dicuntur
2019 1747 2097 1815 pal

2286 1748 2362 1812 di,
2394 1747 2559 1800 dilata
2583 1764 2638 1800 οε
2663 1756 2829 1808 tuum,
2858 1746 2909 1800 id
2935 1753 3019 1799 est
3049 1745 3318 1815 ampliﬁca
3344 1747 3470 1800 bene
3489 1748 3763 1800 desiderando

581 1850 648 1894 et
678 1839 868 1907 lutum,
899 1855 963 1894 eo
990 1814 1133 1909 quod
1173 1814 1390 1894 sordida
1437 1847 1562 1892 sunt
1609 1839 1676 1893 ad
1722 1840 1942 1892 modum
1975 1814 2094 1902 luti,
2130 1845 2185 1891 et
2215 1814 2260 1874 Β
2287 1855 2382 1894 cor
2417 1847 2591 1898 tuum.
2631 1847 2678 1891 et
2701 1837 2920 1906 implebo
2942 1836 3077 1890 illud
3109 1814 3421 1902 virtutibus,
3449 1853 3475 1891 a
3503 1837 3769 1891 similitudine

587 1933 795 1988 habilia
844 1933 911 1988 ad
943 1933 1369 1988 comburendum
1415 1942 1618 1984 aeterno
1652 1932 1774 2002 igne
1815 1945 1965 1985 more
1999 1930 2184 1994 palea-
2247 1998 2254 2005 _
2285 1929 2415 2000 pulli
2438 1928 2750 1990 esurientis,
2775 1927 2864 1996 qui
2893 1927 3083 1981 dilatat
3113 1942 3174 1983 os
3203 1937 3262 1982 ιιι
3291 1942 3321 1980 a
3356 1944 3382 1980 a
3405 1940 3598 1996 parente
3618 1929 3772 1982 cil'ore-

593 2043 713 2081 rum
740 2043 754 2091 ;
786 2041 850 2082 ex
880 2026 1076 2095 quibus
1103 2023 1273 2093 paleis
1300 2033 1355 2077 et
1379 2023 1512 2088 luto,
1538 2023 1858 2090 semetipsos
1884 2021 2080 2075 diaboli
2107 2022 2186 2076 ci-
2287 2020 2516 2088 pleatur.
2553 2018 2721 2074 Cibus
2757 2019 2956 2088 quippe
2993 2021 3211 2084 anima),
3252 2019 3471 2073 virtutes
3503 2029 3623 2073 sunt.
3661 2019 3773 2084 Quasi

591 2116 817 2168 vitalem
849 2114 1199 2167 :t'dilicarcnl.
1239 2111 1353 2166 lloc
1383 2120 1561 2164 autem
1590 2111 1642 2162 in
1673 2110 1963 2164 Israelitico
1991 2109 2187 2180 populo
2287 2109 2457 2164 dicat:
2485 2109 2601 2164 Non
2625 2109 2962 2163 solummodo
2991 2110 3121 2162 vitia
3152 2108 3352 2180 fugias,
3381 2109 3469 2164 sed
3505 2110 3640 2162 etiam
3666 2109 3774 2161 nimis

594 2203 822 2273 contigit
851 2205 918 2256 ad
950 2203 1201 2271 ﬁguram,
1233 2203 1348 2272 qui,
1382 2201 1433 2254 in
1461 2199 1692 2270 {Egypto
1724 2216 1971 2265 manens,
2002 2202 2052 2254 in
2098 2215 2189 2254 co—
2288 2202 2520 2256 virtutes
2545 2201 2814 2266 desidera,
2840 2203 3036 2270 quibus
3061 2217 3090 2254 a
3137 2218 3227 2256 me
3267 2201 3558 2272 repleheris.
3585 2200 3773 2254 Exhorta-

589 2296 763 2362 pbino
794 2295 1060 2348 Pharaoni
1089 2295 1332 2357 servivit,
1367 2292 1634 2361 implendo
1657 2293 1902 2347 videlicet
1931 2293 2189 2362 cophinos
2292 2288 2438 2344 tione
2468 2291 2533 2343 ad
2557 2291 2727 2344 malos
2749 2289 2912 2355 facta,
2937 2291 3193 2360 quoniam
3225 2290 3367 2344 videt
3390 2306 3476 2344 eos
3497 2306 3596 2343 eam
3623 2306 3699 2340 non
3718 2304 3776 2339 sa:-

598 2383 766 2454 paleis
793 2393 846 2437 et
875 2384 1008 2449 luto,
1041 2395 1092 2438 et
1131 2386 1292 2439 dorso
1320 2384 1589 2448 deferens,
1617 2393 1696 2447 ut,
1725 2384 1771 2437 la
1803 2385 1982 2439 oribus
2013 2401 2077 2438 ex
2107 2384 2191 2438 bis
2292 2390 2590 2448 scepturos,
2623 2383 3009 2449 apostropbanr
3024 2381 3090 2433 ad
3111 2381 3388 2434 auditores
3411 2379 3547 2445 facit,
3567 2388 3684 2430 ostcn
3703 2379 3778 2428 lens

600 2473 780 2536 factis,
813 2473 934 2527 inde
959 2473 1226 2527 Pharaoni
1253 2473 1526 2527 civitatem
1563 2481 1924 2528 construeret.
2292 2469 2420 2538 quid
2456 2470 2578 2524 inde
2601 2471 2757 2524 malis
2783 2471 3014 2530 eveniet,
3047 2472 3307 2539 quoniam
3337 2471 3656 2524 inobetlientcs
3679 2478 3778 2531 sunt,

679 2564 1070 2619 Exltortatione
1101 2566 1282 2634 itaque
1309 2566 1374 2620 ad
1408 2566 1578 2620 malos
1605 2567 1768 2631 facta,
1818 2567 1987 2623 malos
2029 2571 2190 2624 etiam
2293 2567 2346 2612 et
2373 2558 2500 2628 qttid
2539 2545 2702 2612 etiam
2729 2562 2960 2614 assecuti
3000 2559 3258 2623 fuissent,
3288 2560 3330 2612 si
3358 2559 3634 2612 obelientes
3660 2555 3776 2608 etsti-

601 2654 990 2708 adhortantem
1025 2655 1190 2709 Deum
1232 2656 1310 2710 sic
1349 2657 1640 2711 introducit
1673 2677 1686 2711 :
1719 2658 1848 2713 Dico
1879 2661 2018 2728 quod
2055 2660 2117 2713 Dt

2297 2649 2506 2703 tissent.
2532 2649 2596 2703 Et
2627 2649 2727 2703 hoc
2749 2649 2870 2703 ideo
2898 2650 3048 2712 facit,
3077 2658 3134 2701 ιιι
3177 2649 3328 2718 ipsos
3352 2647 3596 2701 auditores
3629 2653 3670 2698 et
3696 2644 3777 2694 ino-

600 2746 773 2814 posuit
798 2745 930 2798 illud
953 2748 1304 2799 testimonium
1321 2748 1373 2800 in
1391 2745 1609 2818 Ioseph,
1640 2749 1800 2815 Deus,
1827 2750 1945 2804 dico
1973 2751 2071 2815 sic,
2099 2753 2192 2806 ad-
2297 2739 2623 2793 bedientium
2647 2739 3050 2792 damnationem
3073 2739 3406 2792 ostendendo
3428 2738 3489 2791 ab
3511 2732 3779 2790 inobetlientia

606 2834 828 2886 hortans
850 2849 967 2895 vos,
999 2850 1030 2888 ο
1054 2835 1294 2902 perversi
1325 2835 1605 2906 utriusque
1642 2837 1900 2892 Ecclesiae
1932 2840 2046 2894 lilii.
2083 2844 2122 2892 Α

2297 2829 2561 2893 retrahat,
2617 2837 2669 2881 et
2707 2833 3020 2882 eorumdem
3051 2826 3346 2881 utilitatem
3386 2825 3641 2886 narrando,
3670 2834 3778 2888 quam

603 2923 683 2986 di,
730 2923 953 2993 populus
1003 2942 1166 2988 meus,
1204 2926 1254 2978 id
1289 2935 1371 2980 est
1416 2937 1468 2980 tu
1508 2943 1882 2996 per-versor..."
1923 2930 2192 2995 ουιιεριίο,
2298 2918 2616 2973 habuissent
2644 2919 2690 2972 si
2713 2919 3030 2974 obedientes
3053 2920 3406 2980 exstitissent,
3433 2918 3492 2972 ad
3512 2913 3778 2971 obedientiam

605 3029 725 3082 qua:
757 3015 980 3084 populus
1009 3031 1160 3069 meus
1189 3031 1306 3070 esse
1341 3015 1590 3082 deberes,
1621 3033 1742 3072 cum
1775 3019 1827 3072 in
1870 3020 2121 3088 baptism:

2297 3010 2556 3062 attrahat.
2583 3009 2723 3074 Dixi,
2746 3024 2779 3064 ο
2805 3009 3102 3074 auditores,
3130 3011 3278 3080 quod
3300 3010 3342 3063 si
3365 3008 3566 3078 populus
3589 3021 3697 3057 meus
3718 3017 3779 3054 au-

605 3106 969 3160 obedientiam
1017 3106 1149 3160 mihi
1189 3109 1524 3176 promiseris,
1567 3110 1693 3163 audi
1719 3097 1878 3180 quod
1917 3111 2196 3181 praecipio,
2223 3150 2266 3181 ρ
2299 3100 2460 3154 dieril
2485 3117 2584 3167 me,
2615 3118 2717 3154 non
2738 3101 2835 3154 erit
2865 3101 2915 3154 in
2939 3117 2998 3154 eo
3027 3100 3163 3155 Deus
3191 3117 3388 3154 recens.
3414 3097 3782 3168 Etpotmlmmm

607 3194 688 3248 sic
739 3193 942 3248 scilicet
990 3194 1118 3247 audi
1163 3203 1223 3247 ut
1251 3198 1516 3251 assentias
1559 3196 1623 3250 Et
1643 3198 1720 3252 sic
1751 3213 1834 3252 Ille
1862 3199 2076 3266 quidem
2103 3215 2197 3252 an-
2223 3184 2268 3212 “'
2301 3209 2405 3246 non
2433 3193 2633 3246 audivit
2661 3193 3007 3248 as'sentieudo
3030 3206 3198 3247 vocem
3233 3210 3421 3260 meam,
3443 3205 3582 3260 quain
3604 3187 3679 3257 ipsi
3700 3184 3780 3243 lrci,

573 3327 576 3332 .
609 3287 726 3340 dite
754 3285 936 3348 debes,
967 3299 1088 3338 cum
1120 3285 1234 3338 hate
1260 3285 1519 3340 benelieia
1547 3287 1976 3341 tibieontulerim
2003 3306 2016 3342 :
2048 3290 2196 3343 scili-
2301 3300 2406 3339 non
2449 3286 2646 3349 verbis,
2688 3286 2779 3339 sed
2807 3285 3020 3340 occulta
3061 3285 3439 3354 inspiratione,
3466 3283 3582 3337 dans
3604 3280 3642 3333 ei
3676 3276 3780 3330 ratio-

605 3383 699 3428 cet
734 3375 1011 3433 invocusti,
1037 3375 1085 3426 id
1113 3383 1194 3428 est
1218 3375 1386 3428 orasti
1416 3391 1494 3427 me
1519 3376 1632 3444 jam
1657 3375 1721 3428 ad
1750 3379 1907 3429 tidem
1935 3369 2197 3432 conversa
2301 3388 2424 3428 nem
2465 3389 2561 3442 per
2597 3389 2756 3444 quam
2792 3389 2820 3427 a
2857 3387 2918 3427 se
2953 3371 3076 3426 vilia
3123 3385 3336 3427 retnOta
3364 3389 3462 3426 non
3495 3368 3672 3424 coleret
3698 3364 3783 3428 Ουιε

610 3467 666 3518 in
693 3464 798 3528 die,
832 3463 882 3517 id
907 3475 990 3518 est
1019 3465 1070 3517 in
1105 3473 1346 3534 tempore
1375 3465 1727 3520 tribulationis
1759 3476 1883 3521 ante
1907 3468 2194 3537 baptisma,
2300 3465 2516 3533 quidem
2547 3463 2674 3517 colit
2701 3471 2752 3517 et
2783 3463 2991 3526 adorat,
3021 3461 3167 3531 quod
3199 3463 3430 3515 alienum
3461 3468 3552 3515 est.
3579 3457 3630 3511 Et
3653 3455 3728 3507 diti
3746 3459 3780 3500 ut

608 3555 817 3608 scilicet
869 3569 992 3608 cmn
1018 3555 1132 3623 jam
1175 3556 1419 3608 notitiam
1469 3555 1698 3612 haberes
1739 3558 1883 3622 litlei,
1925 3569 1979 3612 et
2021 3569 2199 3614 tamen
2301 3555 2545 3608 dilataret
2569 3555 2703 3608 bene
2726 3543 3784 3619 desiderandooscordis,utvirtutibusillul

611 3661 714 3716 pro
760 3655 1102 3714 peccatorum
1149 3647 1483 3700 conscientia
1527 3647 1754 3702 interius
1799 3649 2199 3704 tribulationem
2301 3647 2673 3715 adimplet-em,
2706 3655 2752 3698 et
2785 3645 2954 3698 Israel
2985 3661 3086 3698 non
3119 3647 3365 3708 intendit,
3409 3644 3455 3697 id
3489 3650 3560 3695 est
3593 3633 3782 3692 ιιοηῖεείι

613 3737 836 3791 nimiam
856 3737 1140 3805 patereris,
1166 3746 1304 3790 utex
1333 3737 1429 3790 bac
1453 3737 1796 3792 tribulatione
1819 3749 1869 3792 te
1892 3739 2202 3804 liberarent;
2304 3738 2658 3791 intentionem
2683 3737 2834 3799 mihi,
2876 3747 2933 3789 ut
2964 3752 3024 3789 os
3055 3736 3270 3790 intense
3309 3737 3538 3788 dilataret
3565 3731 3784 3792 sirutpra-

613 3841 660 3883 et
687 3827 900 3882 liberavi
928 3837 979 3882 te
1005 3830 1070 3883 ab
1098 3848 1181 3883 ea.
1212 3829 1278 3884 Et
1305 3840 1490 3900 postea
1523 3835 1765 3885 exnudivi
1792 3847 1839 3887 te
1868 3844 2112 3888 orantem
2148 3836 2200 3890 iu
2303 3829 2422 3898 cepi
2453 3845 2466 3894 ;
2509 3838 2562 3883 et
2592 3829 2712 3882 i-lco
2739 3828 2913 3880 dimisi
2941 3844 3025 3880 eos
3053 3830 3143 3896 qui
3177 3827 3345 3882 Israel
3375 3841 3485 3881 esse
3512 3823 3726 3877 (ιυὺετειιιι
3752 3821 3785 3863 ε¹

615 3919 921 3972 abscondito
964 3921 1300 3987 tempestatis,
1341 3921 1391 3973 id
1429 3932 1512 3976 est
1545 3923 1597 3975 in
1639 3931 1877 3992 tempore
1918 3926 2205 3980 abscontli-
2304 3921 2591 3974 voluerunt
2611 3921 2898 3973 secundum
2925 3919 3186 3973 desideria
3216 3921 3388 3973 cordis
3413 3930 3573 3970 eorum
3595 3914 3670 3964 ire.
3692 3902 3786 3992 Acs?

617 4017 684 4063 tu:
703 4009 1095 4074 tribulationis;
1121 4010 1483 4075 seilieet,cutn
1508 4022 1624 4080 post
1650 3991 1970 4083 baptismum
1993 4017 2204 4070 occulta
2305 4010 2449 4064 dicat
2475 4027 2490 4062 :
2519 4010 2674 4064 Prius
2704 4025 2796 4064 eos
2825 4010 3041 4064 coereui
3075 4010 3178 4080 piis
3213 4008 3527 4063 verberibus.
3554 4016 3608 4056 ne
3632 4013 3703 4068 per
3724 3991 3772 4042 illi

619 4103 898 4173 suggestio
931 4101 1216 4156 suboriens
1246 4117 1309 4154 ex
1350 4118 1513 4172 prava
1541 4107 1932 4162 consuetudine
1962 4109 2206 4176 praeteri-
2304 4101 2410 4154 cita
2440 4099 2706 4154 desideria
2731 4099 3052 4154 dillluereut.
3082 4100 3189 4153 Sed
3215 4100 3340 4168 quia
3362 4096 3462 4150 vidi
3487 4096 3604 4148 hanc
3624 4083 3770 4176 raslig3

617 4205 796 4248 torum
833 4194 1106 4254 vitiorum,
1146 4193 1373 4247 interius
1407 4203 1461 4248 et
1496 4193 1862 4261 invisibiliter,
1887 4175 2133 4253 aditnodt

2279 4189 2506 4243 tionem
2538 4189 2928 4243 infructuosam
2960 4203 3100 4252 esse,
3147 4188 3324 4241 dimisi
3361 4203 3442 4240 eos
3479 4185 3548 4237 ire
3573 4175 3785 4233 secundum

618 4285 928 4339 suavissima:
957 4283 1124 4353 328
1167 4283 1499 4353 tempestatis
1532 4284 1880 4353 inquietaret,
1927 4297 1982 4342 et
2021 4288 2086 4341 ad
2115 4305 2207 4342 ca-
2307 4281 2449 4349 (ἰυοα
2474 4295 2698 4350 pravum
2729 4295 2823 4333 εον
2843 4293 3027 4332 οοτιηη
3059 4279 3419 4332 (ίθείάυῐίιιηιι-
3454 4275 3512 4328 Ei
3533 4271 3635 4340 ql‘i“
3653 4263 3788 4316 dim"

618 4378 741 4431 dem
769 4379 898 4430 vitia
933 4377 1210 4431 relleetere
1241 4387 1532 4431 conaretur
1555 4417 1570 4442 ,
1607 4388 1664 4431 ut
1700 4381 1822 4434 inde
1864 4390 1914 4436 te
1942 4383 2206 4452 eriperem
2308 4389 2414 4427 n0"
2439 4371 2665 4426 υιιθΐίυε
2685 4359 3774 4452 COSCOBI'CCRSJbIWdC"1310i"Peiusii‘“

619 4469 812 4534 orasti,
832 4486 896 4523 ne
917 4470 1010 4524 tibi
1042 4471 1384 4540 prtevaleret,
1407 4478 1462 4523 et
1489 4485 1517 4521 a
1547 4486 1632 4524 me
1658 4474 1944 4528 exauditus
1967 4491 2046 4529 es.
2067 4475 2201 4541 Quia
2237 4493 2283 4550 ι)
2311 4463 3090 4520 sistentesinadiuventionibus
3107 4462 3303 4525 suis,id
3321 4460 3460 4514 estin
3475 4453 3786 4516 malisopt‘mu’

619 4574 753 4612 vero
781 4577 883 4612 non
911 4561 1367 4614 determinavcrat
1390 4562 1658 4628 quomodo
1675 4577 1793 4615 eum
1811 4580 1837 4616 a
1853 4565 2016 4633 priori
2040 4568 2135 4621 tril;

2142 4583 2209 4619 iu-
2240 4548 2266 4550 ί
2309 4571 2429 4626 qua:
2452 4553 2549 4622 ipsi
2580 4553 2990 4612 adinvenerunt,
3027 4567 3129 4602 non
3155 4565 3218 4603 ex
3255 4549 3358 4602 Deo
3384 4548 3658 4600 habuerunt.

624 4648 844 4711 latione,
871 4651 1077 4705 scilicet
1095 4668 1122 4704 a
1146 4661 1490 4720 peccatorum
1517 4655 1844 4707 conscientia
1875 4655 2205 4722 liberaverit,
2381 4647 2646 4702 leerum
2675 4644 2719 4696 si
2743 4643 2830 4696 ille
2853 4642 2945 4712 tpti
2973 4641 3196 4711 populus
3226 4657 3367 4693 meus
3386 4652 3496 4692 esse
3520 4633 3784 4687 deberem:-

626 4741 1091 4807 deterniinatltoc,
1121 4759 1242 4796 ettm
1275 4745 1638 4800 additzAntea
1680 4761 1838 4814 quam
1883 4748 1949 4802 de
1979 4749 2209 4804 abscon-
2311 4745 2468 4799 disset
2527 4762 2606 4798 me
2666 4759 2762 4814 per
2814 4757 3116 4802 assensum.
3179 4750 3237 4792 ιιι
3284 4737 3444 4791 Deum
3505 4730 3787 4814 alienumque"

632 4829 744 4882 dito
774 4833 1108 4897 tempestatis
1133 4843 1181 4888 te
1209 4833 1518 4902 liberarem,
1542 4839 1752 4907 probavi
1782 4848 1828 4891 te
1857 4840 1997 4908 apud
2019 4857 2210 4910 aquam
2313 4837 2612 4899 adorasset,
2665 4833 2870 4888 scilicet
2896 4832 3024 4885 vitio
3053 4830 3180 4884 nulli
3221 4827 3549 4883 descrvisset,
3577 4833 3620 4873 el
3642 4811 3708 4882 ﬁ'"
3732 4805 3786 4902 θ’

627 4918 1088 4982 Contradictionis,
1131 4923 1182 4976 id
1205 4934 1289 4977 est
1324 4933 1374 4978 te
1390 4926 1615 4996 probum
1657 4935 1712 4980 et
1745 4928 2002 4980 mundum
2030 4943 2060 4981 a
2089 4911 2211 4998 pec-
2314 4929 2421 4980 ruet
2448 4942 2568 4981 esse
2589 4926 2835 4989 deberet,
2873 4926 2916 4976 si
2947 4925 3001 4976 in
3033 4922 3147 4986 viis,
3173 4919 3223 4974 id
3247 4929 3331 4974 est
3360 4919 3413 4972 in
3442 4918 3680 4986 ρηιιοεριιδ
3703 4911 3786 4998 ¹Ϊ¹¹Ἷ³

628 5011 766 5066 catis
816 5010 916 5063 leei
969 5011 1020 5063 itt
1057 5029 1193 5079 aqua
1221 5011 1700 5080 Contradictionis,
1745 5017 1952 5072 scilicet
1995 5019 2046 5070 in
2075 5034 2213 5087 aqua
2313 5016 2648 5081 ambulasset,
2678 5031 2784 5069 non
2813 5031 2898 5068 mo
2927 5030 2957 5067 u
2985 5014 3253 5082 corporis,
3281 5011 3372 5064 sed
3401 5001 3634 5061 desiderio
3657 4992 3786 5088 animi.

631 5099 990 5171 baptismais,
1049 5101 1134 5154 cui
1209 5103 1348 5157 male
1422 5107 1645 5160 vivendo
1703 5109 2050 5172 contradicis,
2108 5124 2211 5161 non
2313 5107 2523 5162 scilicet
2548 5117 2689 5161 utos
2719 5106 2896 5162 cordis
2927 5105 3228 5166 dilatasset,
3253 5114 3306 5157 et
3331 5103 3592 5154 virtutesa
3625 5101 3688 5142 me
3720 5081 3786 5131 ειιιι

629 5209 794 5262 agens
827 5189 968 5262 quod
1003 5193 1054 5246 in
1083 5207 1143 5246 ea
1175 5195 1305 5246 mibi
1333 5198 1652 5264 promisisti,
1685 5208 1740 5252 et
1767 5197 1973 5254 faciens
2002 5199 2212 5253 irritam
2316 5200 2430 5254 dari
2453 5200 2834 5263 desiderasset,
2856 5179 3787 5269 pronihilo,itlestleviter,sinelalt0rf.

629 5292 903 5357 peccando
939 5292 1132 5344 iterum
1179 5291 1408 5360 gratiam
1454 5293 1790 5348 remissionis
1845 5309 2002 5362 quam
2048 5295 2098 5347 in
2150 5310 2213 5348 ea
2315 5291 2456 5359 quod
2484 5291 2612 5344 mihi
2643 5291 2860 5359 quidem
2890 5297 3032 5341 esset
3075 5303 3174 5356 pro
3216 5287 3398 5347 nihilo,
3440 5276 3788 5362 inimicust?”

632 5381 940 5447 percepisti.
971 5382 1108 5450 lirgo
1133 5382 1258 5451 quia
1291 5382 1402 5435 btrc
1433 5381 1690 5435 beneﬁt-ia
1725 5383 1816 5437 tibi
1841 5385 2062 5450 contuli,
2089 5385 2215 5437 audi
2317 5378 3235 5444 interioreshumiliassem,scilicet,
3262 5377 3495 5430 vitiorum
3509 5358 3790 5422 eisdominan'

633 5486 717 5525 me
751 5474 1042 5526 secundum
1073 5489 1378 5540 assensum,
1411 5483 1463 5526 tu
1501 5475 1600 5542 qui
1635 5475 1799 5528 debes
1839 5490 1959 5530 esse
1993 5477 2215 5546 papulas
2319 5474 2450 5527 tittm
2479 5482 2798 5542 potestatem
2817 5473 3204 5540 deprcssissem
3228 5481 3280 5524 et
3300 5476 3630 5524 evacuassem.
3651 5469 3701 5507 ηε
3717 5459 3788 5500 ¹¹⁰¹¹

634 5579 800 5625 meus,
827 5571 873 5613 et
907 5566 1234 5616 contestabor
1259 5576 1330 5628 te,
1366 5567 1416 5618 id
1451 5573 1533 5620 est
1561 5575 1767 5620 certum
1800 5575 1850 5620 te
1883 5566 2076 5620 faciam
2112 5580 2218 5623 tcs—
2317 5564 2764 5619 eisinsultarent.
2785 5549 3788 5626 DicoIllllltiliassem,clhoclorsilalldu’“

636 5655 860 5707 tinioaio
884 5654 1066 5707 auxilii
1096 5656 1221 5719 mei,
1261 5656 1518 5722 olsrael,
1559 5666 1614 5711 tu
1661 5657 1876 5728 popule,
1919 5659 2010 5727 qui
2054 5661 2152 5713 ISI‘E

2318 5658 2534 5728 quidem
2561 5657 2785 5713 forsitan
2809 5667 3066 5726 quantum
3083 5658 3150 5711 ad
3179 5673 3258 5710 me
3280 5655 3366 5724 qui
3388 5650 3676 5716 οιιίιιῖροι⁸¹¹⁵
3691 5643 3785 5730 sui"?

635 5756 757 5797 esse
782 5743 966 5799 debes.
997 5742 1089 5797 Vel
1113 5749 1437 5801 contestabor
1459 5760 1526 5815 te,
1548 5747 1598 5804 id
1623 5757 1706 5805 est
1731 5750 2042 5810 testimonio
2069 5749 2218 5808 Scri-
2320 5751 2415 5807 scd
2439 5761 2698 5820 quantum
2725 5753 2793 5806 ad
2825 5765 3010 5806 eorum
3036 5749 3412 5804 dubitationem
3431 5758 3445 5802 ;
3466 5739 3672 5797 dubitant
3692 5729 3786 5778 emi“
