3840 6338
78 272 187 330 1073

959 260 1322 319 ΕΧΡΟΞΙΤΙΟ
1360 263 1425 318 IN
1468 261 1846 318 PSALMOS.-
1888 265 2079 323 PSAL.
2110 268 2349 326 LXXXI.

3153 288 3287 346 I074

76 408 126 446 tm
150 388 236 441 hoc
262 395 469 451 possem
517 378 717 432 facere.
751 375 816 429 Et
848 375 1102 430 misissem
1148 392 1302 445 super
1330 374 1493 445 329
1521 375 1614 427 tri-
1644 386 1687 441 Α
1716 392 1924 446 purum.
1964 379 2028 433 Et
2051 395 2155 434 non
2187 382 2293 435 erit
2330 381 2467 435 Deus
2491 395 2587 453 per
2609 388 2867 455 gratiam,
2919 388 3057 448 sicut
3108 404 3295 454 cscteri

76 481 267 535 bulantes
296 491 402 535 eos,
434 472 641 527 scilicet
668 485 829 539 super
855 470 1009 535 vitia,
1047 485 1258 523 manum
1289 486 1476 531 meum,
1510 469 1615 522 sci-

76 575 175 628 licet
193 568 476 640 potentiam
511 563 879 635 depressiouis
911 577 1065 631 mete.
1108 563 1250 615 Idem
1281 571 1461 615 autem
1510 570 1616 626 est,

73 663 266 717 inimicos
298 629 476 712 eorum
500 656 878 714 humiliassem,
918 663 1145 722 etsuper
1184 652 1490 705 tribulautes
1517 652 1618 703 mi-

74 758 215 810 sissem
264 768 476 805 manum
525 766 713 801 meum.
775 746 882 802 Sed
920 748 1046 800 dum
1096 746 1225 799 dicit
1279 744 1615 806 tribulantes,

74 854 192 900 notat
216 845 355 897 aliud
382 846 448 896 ad
473 841 902 895 exsecrationem
940 838 1219 899 vitiorum,
1251 836 1455 889 scilicet
1478 834 1620 904 quod

73 954 152 991 non
176 934 503 989 solummodo
532 932 902 995 inimicantur,
932 930 1026 984 sed
1067 938 1121 983 et
1148 927 1406 982 tribulaut
1433 942 1448 993 ;
1482 925 1622 981 unde

73 1026 283 1095 fugienda
316 1033 463 1077 sunt.

126 1120 407 1172 Notandum
430 1117 570 1185 quod
598 1130 717 1169 cum
740 1112 1012 1167 Christum
1038 1110 1331 1165 introducit
1359 1111 1425 1164 ad
1452 1109 1622 1163 malos

70 1219 299 1278 agentem,
344 1223 480 1276 quos
515 1216 690 1259 tamen
740 1206 843 1259 scit
875 1204 1286 1273 castigationem
1335 1218 1485 1256 suam
1517 1217 1620 1256 non

72 1300 409 1368 su’scepturos,
465 1306 517 1351 et
561 1297 641 1351 eis
700 1297 1148 1364 compatientem,
1207 1294 1422 1347 instruit
1478 1290 1623 1362 quod

72 1391 193 1445 malis
235 1388 469 1458 compati
524 1388 813 1449 debemus;
896 1395 949 1439 et
1004 1386 1127 1439 IICCl
1185 1384 1621 1439 adhortationem

72 1488 285 1549 spernant
305 1522 318 1541 ,
357 1488 532 1531 tamen
561 1491 654 1531 eos
682 1478 973 1530 admonere
997 1476 1287 1537 debemus,
1322 1485 1378 1527 ut
1414 1473 1623 1527 animas

74 1580 246 1624 nostras
304 1568 612 1633 salvemus,
675 1581 798 1620 cum
855 1565 1113 1619 Dominus
1166 1580 1260 1643 per
1308 1565 1625 1641 prolihetam

71 1670 292 1717 testetur:
328 1679 348 1711 ε
384 1660 439 1714 Si
467 1674 571 1712 non
598 1657 1001 1711 annnntiavcris
1051 1658 1234 1727 iniquo
1284 1655 1623 1725 iniquitatem

1717 468 1959 525 homines
1988 470 2174 527 fideles
2193 514 2208 538 ,
2237 472 2364 528 licet
2395 474 2553 529 homo
2575 476 2665 530 sit.
2708 478 2774 533 In
2807 483 2975 537 medio
2995 496 3167 542 autem
3192 531 3205 554 ,
3240 490 3299 546 id

1717 569 1798 614 est
1827 563 1918 616 sed
1951 564 2061 633 ipse
2087 575 2235 621 stans
2261 567 2311 620 in
2346 568 2542 635 medio,
2588 569 2637 624 id
2669 579 2752 625 est
2779 572 2829 627 in
2854 586 3057 644 aperto,
3090 583 3295 639 scilicet

1717 653 1957 708 existens
1987 656 2147 710 homo
2175 658 2396 713 visibilis
2415 700 2428 725 ,
2459 661 2717 730 dijudicat
2740 665 2885 730 deos,
2909 668 2959 719 id
2986 680 3065 722 est
3092 672 3295 728 discer-

1720 755 1810 799 net
1838 745 2021 801 fldeles
2071 765 2165 817 per
2202 766 2322 803 eum
2365 752 2674 820 dedicatos,
2740 760 3031 813 secundum
3087 764 3295 820 diversa

1719 836 1856 890 dona
1886 838 2105 906 spiritus
2134 855 2251 908 quae
2286 842 2363 896 eis
2402 843 2689 900 distrihuet
2714 887 2729 911 ,
2773 858 2827 902 et
2875 853 3172 906 secundum
3220 857 3301 907 di-

1720 942 1907 994 versa,
1948 938 2006 981 ut
2034 929 2168 983 alios
2221 931 2433 999 quidem
2462 936 2851 1004 evangelistas,
2905 940 3039 995 alios
3081 941 3301 996 alterius

1720 1017 1862 1071 modi
1893 1018 2138 1085 prmlatos
2169 1019 2349 1074 faciat.
2396 1022 2460 1076 Et
2504 1038 2601 1092 per
2638 1025 2738 1079 hoc
2774 1025 2950 1081 innuit
2986 1031 3127 1098 quod
3162 1032 3304 1085 Deus

1721 1108 1824 1161 erit
1854 1110 2191 1165 naturaliter.
2249 1111 2362 1165 NOn
2392 1114 2532 1169 enim
2565 1115 2701 1170 Deos
2736 1117 3046 1175 discernere
3078 1132 3260 1191 posset
3284 1164 3299 1187 ,

1726 1199 1824 1253 nisi
1858 1201 1909 1254 in
1936 1209 2125 1254 natura
2151 1203 2291 1256 Deus
2318 1205 2593 1259 existeret.
2618 1206 2758 1276 Ergo
2784 1208 2906 1276 quia
2939 1210 3078 1264 Deus
3100 1212 3222 1276 erit,
3251 1221 3306 1268 et

1723 1291 1856 1344 adeo
1878 1300 2067 1360 potens
2100 1293 2241 1361 quod
2283 1294 2687 1364 densjndicabit
2706 1339 2719 1362 ,
2747 1312 2779 1351 ο
2803 1299 3073 1369 principes
3094 1301 3308 1359 Iudaeo-

1727 1397 1865 1447 rum,
1882 1384 2418 1458 usquequojudicatis,
2442 1386 2489 1439 id
2509 1385 2928 1455 estjudicabitis,
2947 1390 3307 1461 iniquitatem?

1726 1487 1790 1527 ac
1818 1474 1861 1527 si
1894 1474 2040 1529 dicat
2071 1493 2083 1528 :
2116 1474 2464 1531 Judicavistis
2489 1478 2824 1546 iniquitatem
2851 1480 2902 1533 in
2931 1482 3308 1537 iuterfcctione

1726 1567 2128 1635 prophetarum,
2165 1579 2220 1623 et
2262 1588 2563 1641 usquequo,
2597 1571 2647 1625 id
2695 1581 2778 1625 est
2813 1588 2982 1641 usque
3032 1576 3096 1628 ad
3149 1590 3309 1643 quem

1727 1658 1943 1711 modum
1976 1656 2288 1726 judicalnitis
2321 1661 2656 1731 iniquitatem
2679 1662 3029 1732 ?judicabitis
3051 1665 3184 1719 adeo
3208 1665 3314 1720 ini-

71 1763 219 1815 suam,
246 1745 571 1815 sanguinem
594 1746 708 1813 ejus
727 1744 792 1797 de
815 1760 972 1797 manu
999 1751 1087 1797 tua
1111 1743 1381 1810 requiram
1404 1741 1620 1813 (Ezech.
1656 1750 1699 1809 Β
1729 1747 1988 1816 quitatem
2018 1789 2032 1814 ,
2081 1760 2139 1803 ut
2189 1766 2309 1805 eum
2359 1754 2447 1821 qui
2501 1753 2735 1809 fidelium
2792 1755 2933 1811 Deus
2973 1768 3056 1810 est
3090 1757 3309 1827 dignmn

68 1852 141 1900 nt,
170 1835 265 1903 18).
302 1853 323 1885 ι
362 1834 654 1903 Postquam
684 1833 849 1887 Deum
876 1834 941 1886 ad
972 1834 1142 1886 malos
1170 1842 1413 1901 agentem
1453 1831 1624 1885 intro-

68 1926 187 1981 duxit
207 1926 385 1979 ﬁdelis
406 1925 604 1994 Asaph,
627 1926 1005 1994 apostropham
1024 1926 1090 1979 ad
1104 1925 1377 1978 auditores
1398 1923 1622 1990 faciens,

69 2028 159 2072 uta
183 2016 566 2072 conformitate
588 2016 851 2091 malorum
884 2018 1158 2080 retrahat,
1203 2016 1441 2069 ostendit
1480 2016 1626 2083 quod

68 2109 159 2177 jure
183 2110 301 2163 mali
328 2109 657 2161 damnantur
683 2149 693 2171 ,
717 2108 841 2177 quia
870 2108 1160 2162 mendaces
1188 2107 1239 2161 in
1270 2106 1629 2177 promissione

68 2218 139 2254 sua
163 2211 298 2256 sunt.
329 2198 574 2267 Ostendi,
599 2214 631 2253 ο
657 2200 960 2263 auditores,
993 2200 1134 2268 quod
1165 2199 1424 2253 Dominus
1456 2188 1629 2253 malos

70 2293 360 2347 adhortatus
380 2301 485 2355 est,
515 2290 700 2345 dicens
724 2305 744 2345 :
771 2290 910 2343 Audi
931 2288 1293 2359 populus,ctc.
1320 2305 1335 2356 ;
1362 2289 1629 2343 etinimici

68 2386 276 2453 Domini,
330 2387 424 2456 qui
450 2385 678 2455 populus
706 2386 822 2453 ejus
849 2400 968 2439 esse
992 2385 1281 2447 deberent,
1319 2381 1630 2435 ccontrario

68 2481 425 2541 mentitisunl,
484 2494 588 2531 non
632 2477 963 2545 complentes
1009 2476 1150 2543 quod
1208 2475 1259 2527 in
1310 2472 1633 2542 baptismate

68 2571 423 2638 promiserunt,
453 2568 654 2624 scilicet
676 2567 838 2633 quod,
863 2564 1006 2618 vitiis
1037 2561 1280 2631 abjectis,
1311 2563 1420 2615 Deo
1448 2561 1630 2615 obedi-

70 2669 181 2714 rent.
213 2661 351 2714 Dico
378 2659 633 2728 quoniam
685 2659 883 2710 mentiti
908 2666 1059 2719 sunt,
1112 2664 1164 2709 et
1202 2656 1304 2709 hoc
1329 2655 1412 2718 ei,
1461 2655 1512 2708 id
1553 2661 1637 2707 est

70 2751 124 2805 ita
152 2753 283 2823 quod
320 2753 437 2820 ipse
463 2748 799 2804 mendacium
829 2763 1013 2802 eorum
1047 2762 1148 2800 non
1175 2747 1424 2815 ignorat,
1470 2746 1561 2800 sed
1586 2745 1634 2799 ei

69 2854 280 2912 apertum
346 2850 449 2897 est.
505 2840 573 2894 Et
616 2840 735 2895 ideo
785 2850 983 2907 tempus
1032 2837 1249 2891 ultionis
1293 2851 1479 2890 eorum
1539 2836 1635 2887 erit

70 2935 111 2987 in
132 2937 319 2989 secula
351 2942 551 2989 mterna
574 2974 587 2996 ,
636 2941 772 3002 posl‘
802 2932 902 2984 hoc
938 2929 1190 2983 saeculum
1234 2937 1462 2981 ventura
1491 2943 1506 2992 ;
1550 2925 1637 2979 vel

70 3032 238 3091 tempus
268 3064 285 3088 ,
334 3024 387 3077 id
420 3032 502 3076 est
533 3019 773 3076 defectus
820 3034 1008 3073 eorum
1064 3020 1115 3072 in
1167 3018 1489 3083 tormentis,
1541 3016 1636 3069 erit

1728 1847 1901 1891 morte
1924 1838 2220 1907 judicetis?
2264 1841 2339 1893 Et.
2366 1857 2480 1906 vos,
2512 1843 2771 1909 minores,
2801 1859 3078 1914 usquequo
3107 1848 3311 1900 sumitis

1729 1929 1889 1999 facies
1909 1941 2274 1998 peccatorum,
2327 1932 2379 1986 id
2410 1942 2492 1988 est
2548 1946 2717 2003 usque
2770 1935 3039 2004 ad‘qucm
3098 1937 3313 1990 modum

1728 2020 1956 2075 sumetis
2003 2022 2434 2076 conformitatem
2514 2024 2840 2095 principum,
2884 2028 3314 2083 antonomastice

1728 2120 2072 2182 peccatorum
2102 2113 2125 2165 ?
2158 2112 2235 2166 Ae
2265 2113 2308 2166 si
2341 2113 2482 2168 dicat
2511 2130 2525 2168 :
2565 2114 2882 2170 Conformes
2919 2114 3095 2170 effecti
3138 2115 3316 2170 fuistis

1732 2201 2039 2272 principum
2082 2201 2244 2272 330
2275 2219 2327 2254 ιιι
2357 2204 2744 2259 consentiendo
2788 2217 2974 2259 eorum
3020 2204 3221 2273 judicio
3252 2205 3321 2260 de»

1733 2309 1862 2348 nece
1886 2292 2292 2362 prOphetarum,
2322 2295 2473 2349 eritis
2494 2295 2655 2349 etiam
2684 2294 2990 2351 conformes
3017 2297 3066 2350 in
3093 2312 3315 2352 consen-

1733 2385 1912 2438 tiendo
1941 2385 2019 2438 eis
2048 2385 2112 2438 de
2150 2395 2323 2440 morte
2370 2385 2615 2440 Christi?
2660 2384 2862 2452 Nolite,
2895 2402 2990 2441 vos
3022 2386 3318 2456 principes,

1734 2473 2364 2542 iniquitatemjudicare,
2418 2476 2510 2529 sed
2544 2474 2784 2545 judicate
2823 2492 2980 2545 egeno
3013 2485 3059 2529 et
3088 2475 3318 2546 pupillo,

1736 2565 1786 2619 id
1824 2574 1905 2620 est
1946 2565 2208 2635 judicium
2253 2564 2457 2633 justum
2510 2565 2668 2620 facite
2698 2566 2766 2621 ad
2792 2567 3051 2620 honorem
3083 2565 3320 2630 Christi,

1736 2657 1824 2726 qui
1856 2671 1954 2726 pro
1972 2657 2124 2711 vobis
2154 2657 2257 2709 erit
2280 2672 2481 2726 egenus
2507 2660 2649 2725 (cum
2676 2659 2745 2711 sit
2770 2667 2948 2713 tamen
2981 2659 3119 2711 Deus
3147 2658 3319 2712 excel-

1737 2745 1885 2817 sus),
1919 2753 1971 2798 et
1996 2745 2249 2815 pupillus,
2293 2746 2343 2799 id
2372 2755 2453 2802 est
2482 2747 2701 2801 humilis
2728 2755 2783 2801 et
2810 2747 2927 2801 sine
2949 2745 3235 2813 adjutorio,
3268 2754 3319 2798 ut

1738 2837 1989 2906 pupillus.
2028 2837 2260 2906 Exponit
2292 2848 2471 2893 autem
2502 2840 2770 2908 quomodo
2799 2838 2847 2893 ei
2883 2838 3157 2910 judicent,
3190 2852 3315 2892 cum

1740 2927 2012 2998 subjungit
2044 2946 2057 2982 :
2090 2929 2218 2982 Dico
2236 2928 2506 2999 judicate,
2535 2939 2589 2984 et
2615 2930 2716 2985 hoc
2742 2929 2900 2987 modo
2938 2930 3152 3001 quidem
3169 2929 3322 2999 juds-

1743 3030 1894 3072 cate:
1923 3020 2127 3075 scilicet
2147 3021 2437 3089 jttstiﬁcate
2467 3022 2714 3075 lmmilem
2751 3032 2797 3075 et
2829 3039 3129 3092 pauperem,
3158 3024 3208 3075 id
3244 3029 3324 3075 es!

73 3125 215 3180 usque
236 3114 289 3167 in
324 3112 519 3166 srecula
538 3122 762 3164 aeterna.
789 3109 1025 3178 Tempus
1045 3123 1143 3177 pro
1166 3108 1378 3162 defectu
1395 3108 1632 3176 ponitur,
1664 3104 1706 3162 C
1741 3128 1843 3165 non
1876 3119 2209 3181 peccatorem
2239 3130 2252 3173 ;
2288 3113 2378 3165 sed
2405 3112 2607 3181 justum
2634 3128 2754 3166 eum
2788 3120 3062 3183 reputate,
3107 3111 3198 3178 qui
3227 3126 3326 3179 pro

70 3204 173 3270 qvia
197 3215 414 3274 tempus
471 3201 826 3256 defectorium
875 3209 959 3254 est
1007 3209 1061 3253 et
1092 3200 1202 3254 cito
1239 3198 1636 3251 transitorium.

72 3289 124 3343 Et
147 3294 340 3349 merito
362 3291 614 3346 deﬁcient
643 3291 696 3344 in
728 3289 955 3353 saecula;
1012 3304 1134 3341 nam
1168 3288 1241 3341 illi
1288 3287 1477 3341 nolunt
1519 3288 1643 3341 obe-

71 3381 192 3448 dire,
221 3399 351 3439 cum
403 3383 521 3437 haec
569 3381 649 3437 eis
685 3380 944 3435 beneficia
990 3378 1279 3433 contulerit
1321 3379 1549 3433 scilicet.
1574 3378 1643 3433 Et.

72 3474 353 3531 cibarit'e'os
382 3492 447 3529 ea:
469 3476 622 3543 adipe
647 3473 919 3542 frumenti,
952 3473 1003 3525 id
1028 3481 1111 3526 est
1141 3487 1203 3526 ex
1236 3470 1509 3525 frumento
1529 3472 1641 3524 ani-

72 3580 169 3619 mas
217 3568 633 3638 impinguante,
672 3563 877 3619 scilicet
911 3578 979 3616 ex
1028 3571 1370 3617 sacramento
1399 3562 1644 3632 corporis

73 3656 167 3717 sui,
195 3658 342 3725 quod
374 3657 580 3709 animas
604 3654 925 3723 iznpinguat,
955 3661 1014 3706 ut
1043 3652 1369 3706 frumentum
1394 3666 1641 3720 corpora,

70 3754 107 3796 et
126 3749 370 3801 saturavit
407 3746 526 3800 illos
552 3745 697 3798 melle
716 3744 1039 3813 procedente
1056 3743 1119 3795 de
1137 3753 1303 3811 petra,
1327 3742 1549 3805 scilicet,
1579 3740 1646 3795 de

74 3835 339 3892 dulcedine
367 3837 680 3906 sapientiae,
733 3836 799 3888 de
822 3833 1040 3889 Christo
1064 3833 1330 3898 videlicet,
1371 3832 1460 3901 qui
1493 3840 1644 3900 petra

74 3926 368 3985 ﬁrmissima
390 3939 468 3985 est
493 3969 507 3993 ,
547 3929 863 3997 prodeunte.

485 4019 552 4075 IN
594 4016 921 4073 PSALMUM
963 4015 1201 4071 LXXXI.

130 4109 337 4165 'I‘itulus
366 4109 686 4179 octogesimi
742 4106 904 4177 primi
946 4124 959 4161 :
994 4105 1241 4160 Psalmus
1283 4103 1481 4171 Asaph.
1526 4101 1642 4158 Non

74 4205 196 4269 quod
224 4206 317 4259 hic
343 4204 529 4273 Asaph
566 4203 844 4270 loquatur,
883 4201 976 4255 sed
1003 4200 1127 4270 quia
1162 4198 1429 4267 PrOpheta
1474 4196 1647 4252 incre-

74 4294 235 4358 pative
265 4309 433 4365 agens
458 4295 523 4346 ad
548 4291 817 4345 infidelem
843 4291 1024 4359 Asaph
1046 4330 1061 4354 ,
1094 4289 1145 4342 id
1175 4297 1259 4342 est
1278 4286 1644 4342 collectionem

73 4398 176 4449 qua:
204 4402 310 4439 non
334 4384 585 4453 cognovit
608 4394 818 4452 tempus
845 4380 1167 4436 visitationis
1186 4394 1295 4433 sum
1315 4420 1331 4443 ,
1351 4379 1643 4442 Christum,

1745 3202 1896 3256 vobis
1918 3216 2118 3271 pauper
2141 3211 2195 3255 et
2229 3201 2445 3256 humilis
2478 3217 2597 3257 esse
2639 3218 2743 3256 non
2795 3203 3045 3273 negliget.
3098 3200 3326 3257 Humilis

1743 3292 1833 3347 hic
1862 3292 2002 3346 idem
2034 3299 2119 3346 est
2143 3293 2283 3361 quod
2309 3302 2361 3347 et
2392 3293 2650 3363 pupillus,
2686 3303 2740 3347 et
2780 3308 2982 3362 pauper
3017 3294 3155 3348 idem
3183 3291 3327 3362 quod

1744 3397 1967 3451 egenus.
1995 3382 2129 3448 Quia
2157 3382 2198 3436 si
2230 3381 2522 3451 principes,
2566 3382 2811 3438 nolentes
2842 3398 2963 3436 eum
2997 3380 3326 3450 justilicare,

1744 3472 2032 3527 maluerint
2063 3472 2116 3526 in
2148 3483 2373 3527 mortem
2399 3473 2781 3539 condemnare,
2805 3489 2899 3528 vos
2925 3473 3136 3538 saltem,
3158 3471 3327 3542 plebs.

1744 3560 1924 3631 eripite
1947 3561 1995 3614 vi
2033 3563 2261 3629 quadam
2296 3561 2468 3630 ipsum
2497 3578 2592 3631 pro
2624 3563 2775 3617 vobis
2806 3577 3117 3631 pauperem;
3180 3568 3236 3615 et
3284 3559 3332 3616 si

1746 3653 1795 3705 vi
1825 3667 1930 3707 non
1954 3652 2132 3706 facitis
2155 3653 2253 3707 hoc
2273 3693 2287 3716 ,
2316 3652 2529 3706 liberate
2556 3651 2638 3707 vel
2687 3653 2863 3723 pretio
2892 3652 2974 3707 vel
3005 3651 3186 3721 aliquo
3225 3650 3331 3705 alio

1747 3743 1907 3795 modo
1961 3740 2107 3795 illum
2158 3758 2373 3810 egenum
2418 3742 2481 3795 de
2542 3758 2702 3795 manu
2762 3743 3069 3812 peccatoris,
3115 3739 3324 3795 scilicet

1746 3840 2013 3901 potestate
2036 3831 2367 3885 collectionis
2397 3832 2720 3901 principum,
2752 3832 2841 3901 qui
2869 3840 3184 3898 peccatores
3205 3838 3333 3884 sunt

1749 3922 2203 3986 antonomastice,
2237 3936 2306 3976 ne
2335 3921 2644 3976 facultatem
2676 3921 2910 3977 habeant
2931 3920 3091 3975 dandi
3117 3934 3240 3974 eum
3277 3919 3331 3974 in

1749 4021 1997 4067 mortem.

1820 4098 2261 4155 Ostenditautem
2288 4101 2353 4155 ad
2383 4100 2688 4157 auditorum
2714 4099 3108 4156 correctionem
3141 4111 3329 4151 eorum

1751 4189 2140 4246 incredulitatis
2193 4192 2648 4255 obstinationem,
2705 4190 2829 4243 sic:
2872 4188 2981 4257 Ego
3014 4188 3135 4240 dico
3188 4187 3331 4255 quod

1752 4279 1867 4348 ipse
1888 4277 2028 4334 Deus
2050 4280 2232 4345 stabit,
2266 4289 2321 4334 et
2345 4281 2472 4334 deos
2496 4278 2779 4348 jndicabit.
2812 4276 3111 4330 Ilocautem
3137 4276 3332 4328 nescie-

1753 4381 1896 4435 runt,
1920 4371 1970 4425 id
2001 4380 2085 4426 esl
2106 4372 2345 4425 nescient
2374 4372 2629 4434 minores,
2654 4367 3026 4424 incredulitate
3053 4382 3147 4419 sua
3161 4379 3334 4420 excae-

76 4485 216 4539 qnem
248 4449 521 4531 hominem
545 4449 736 4542 purum
771 4472 993 4524 mentita
1013 4478 1126 4534 est,
1171 4470 1337 4523 Deum
1374 4482 1494 4520 esse
1521 4482 1650 4520 eou—
1683 4449 1726 4505 ο
1755 4469 1910 4523 candi
1937 4485 1950 4521 :
1977 4482 2137 4536 neque
2163 4463 2559 4526 intellexerunt,
2616 4462 2667 4517 id
2697 4469 2779 4516 est
2818 4473 2991 4527 neque
3035 4457 3335 4528 intelligent

78 4564 259 4617 ﬁrmat.
312 4565 648 4618 Adhortatur
691 4575 903 4630 quoque
943 4559 1173 4628 majores
1214 4558 1280 4610 ad
1307 4557 1443 4610 bene
1476 4555 1543 4607 de
1587 4569 1652 4610 eo

73 4651 426 4721 iudicandum,
452 4665 507 4709 et
535 4654 770 4707 minores
800 4654 865 4707 ad
891 4668 1013 4707 eum
1052 4648 1386 4719 eripiendum
1412 4663 1427 4712 ;
1466 4655 1521 4701 et
1556 4662 1655 4716 per

78 4744 167 4799 hoc
196 4762 297 4801 nos
327 4747 547 4799 instruit
574 4786 588 4811 ,
629 4746 793 4800 etiam
834 4759 939 4800 non
970 4741 1257 4797 salvandos
1286 4739 1502 4808 pietatis
1535 4746 1651 4792 stu-

77 4836 153 4889 dio
176 4839 478 4908 corrigere;
509 4853 631 4892 cum
651 4837 769 4890 illos
815 4849 952 4904 quos
974 4833 1229 4904 praevidet
1254 4848 1281 4887 a
1308 4840 1527 4902 peccato
1549 4845 1650 4883 non

75 4942 181 4983 esse
206 4934 554 4992 revocandos,
581 4944 644 4983 ex
678 4929 841 4981 nimia
874 4936 1049 4979 tamen
1071 4924 1351 4978 aﬂ'ectione
1373 4931 1598 4976 conatur
1622 4936 1653 4974 a

78 5032 329 5084 peccato,
384 5020 726 5091 castigando,
798 5018 1099 5072 retrahere.
1150 5016 1273 5085 Agit
1326 5028 1541 5085 quoque
1586 5013 1654 5068 de

72 5108 205 5175 jnsta
244 5109 472 5164 inﬁdelis
504 5110 682 5179 Asaph
716 5107 1052 5176 perditione,
1088 5115 1141 5158 et
1184 5105 1249 5159 de
1292 5105 1532 5174 gentium
1584 5101 1653 5157 ad

78 5199 230 5253 fidem
266 5203 637 5257 conversione.

140 5291 289 5345 Deus
316 5296 446 5347 stetit
480 5295 534 5347 iu
565 5291 842 5361 Synagoga
877 5291 1115 5345 deorum.
1143 5287 1303 5355 Quasi
1333 5287 1512 5341 dicat:
1550 5284 1655 5341 Vos

78 5382 335 5437 increduli
364 5384 530 5438 Judaei
559 5422 575 5448 ,
606 5384 878 5437 Christum
910 5398 1100 5451 purum
1128 5381 1398 5435 hominem
1430 5392 1549 5431 esse
1572 5377 1658 5429 di-

76 5475 243 5538 cetis,
279 5480 364 5529 sel
394 5478 505 5545 ipse
539 5476 702 5530 stalit
738 5475 871 5528 Deus
904 5477 957 5528 in
990 5473 1265 5545 Syuagoga
1298 5472 1511 5524 deorum
1537 5511 1552 5535 ,
1608 5468 1660 5523 id

77 5579 155 5619 ρει
189 5569 457 5621 constabit
508 5567 807 5637 Synagogre
854 5565 1121 5628 ﬁdelium,
1165 5578 1300 5631 quos
1358 5561 1472 5630 ipse
1531 5562 1660 5614 deos

77 5652 245 5709 faciet
290 5670 375 5723 per
402 5657 651 5727 gratiam,
685 5668 807 5710 eum
859 5654 1026 5709 Deum
1074 5667 1219 5717 esse,
1253 5664 1359 5704 non
1389 5650 1658 5703 hominem

1757 4560 1859 4613 hoc
1882 4556 2185 4626 principes,
2218 4555 2308 4624 qui
2341 4552 2565 4621 hujusce
2619 4552 2698 4607 rei
2741 4550 3071 4605 intellectum
3132 4549 3337 4603 habere

1755 4649 2040 4711 deberent,
2068 4643 2475 4712 investigatione
2499 4654 2553 4696 et
2571 4639 2881 4697 testimonio
2903 4638 3332 4708 Scripturarum;

1753 4748 1809 4793 et
1839 4740 1958 4793 ideo
1980 4739 2032 4790 in
2062 4737 2281 4790 tenebris
2312 4734 2604 4796 ambulant,
2638 4731 3163 4788 scilicetinlencbris
3187 4730 3338 4800 igno-

1756 4827 1945 4881 rantia:
1975 4841 2086 4880 suae
2124 4825 2263 4878 Dens
2304 4838 2399 4877 eos
2436 4822 2709 4891 permittet
2738 4833 3119 4890 perseverare,
3168 4825 3225 4871 ut
3271 4816 3337 4870 de

1761 4920 1903 4971 malo
1929 4916 2202 4971 ambulent
2224 4914 2275 4967 in
2307 4913 2481 4985 pejus.
2519 4912 2576 4967 In
2610 4912 2725 4965 loco
2761 4924 2888 4965 vero
2930 4923 3116 4963 eorum
3164 4921 3337 4959 movu—

1758 5010 1951 5063 buntur
2001 5008 2066 5062 ad
2112 5008 2271 5060 fidem
2319 5005 2495 5058 omnia
2524 5004 2865 5071 fundamenta
2913 5010 3105 5063 terraz,
3157 4997 3208 5050 id
3254 5002 3338 5049 est

1757 5099 2078 5154 omnismodi
2110 5096 2378 5165 principes
2405 5104 2777 5157 terrenorum,
2814 5091 2908 5161 qui
2955 5105 3050 5144 eos
3078 5103 3205 5141 cura
3237 5101 3337 5140 sua

1759 5190 2062 5249 sustinent,
2101 5186 2328 5255 ideoque
2358 5184 2704 5238 fundamenta
2740 5182 3010 5235 dicuntur.
3040 5175 3135 5231 Vel
3164 5191 3335 5229 move-

1759 5284 1952 5337 buntur
1991 5282 2057 5333 ad
2086 5279 2242 5334 fidem
2266 5276 2589 5332 omnismodi
2642 5274 2988 5328 fundamenta
3036 5276 3232 5331 terrae,
3283 5267 3343 5323 id

1758 5384 1839 5429 cst
1863 5372 2146 5426 fnndantes
2176 5386 2323 5440 spem
2359 5377 2412 5423 et
2443 5365 2765 5422 desiderium
2796 5376 2950 5415 suum
2987 5360 3038 5413 in
3083 5359 3339 5445 terrenis.

1762 5464 2071 5519 Revertitur
2106 5472 2283 5515 autem
2321 5461 2389 5513 ad
2433 5456 2864 5513 exhortationem
2893 5467 3066 5516 suam,
3108 5467 3228 5504 cum
3259 5451 3339 5504 sic

1762 5557 1948 5610 addit:
1997 5555 2125 5608 Dico
2170 5551 2461 5621 justificate
2514 5544 2761 5600 lmmilem
2814 5553 2861 5598 et
2924 5558 3232 5611 pauperem,
3284 5549 3339 5594 et

1763 5648 1890 5702 utile
1921 5645 2136 5720 quidem
2169 5644 2375 5699 esthoc
2402 5640 2598 5695 facere.
2654 5636 2720 5689 Et
2766 5636 2864 5706 ipsi
2898 5634 3138 5689 nescierit
3165 5645 3343 5705 neque
