3840 6338
584 350 720 406 10⁸15

1150 341 1207 399 S.
1251 339 1597 397 BRUNONIS
1625 328 2273 397 CARTllUSlANORUM
2314 331 2806 390 lNSTlTUTORlS
2837 330 2988 389 OPP.
3022 331 3201 388 PARS
3241 332 3281 387 l.

3667 344 3766 403 1076

580 468 912 536 intelligent;
964 480 1057 533 ego
1094 471 1268 516 tamen
1302 462 1391 532 qui
1422 461 1691 531 Propheta
1733 473 1848 513 sum
1875 499 1889 523 ,
1929 454 2014 507 cui
2051 467 2170 506 cre-
2204 456 2242 511 Α
2277 453 2635 523 merebuntur,
2662 467 2779 519 ego,
2809 450 2899 519 qui
2938 449 3077 503 Deus
3103 458 3157 503 et
3183 453 3511 519 omnipotens
3531 463 3767 531 sum,cujus

581 563 817 619 dentium
848 568 927 614 est
959 558 1103 621 dixi,
1135 567 1190 611 et
1225 557 1344 609 dico
1377 555 1480 609 illis
1510 555 1531 608 ?
1566 554 1650 606 Dii
1681 552 1834 613 estis,
1894 549 1946 602 id
1986 556 2069 602 est
2092 546 2166 600 dii

579 656 735 712 eritis
760 668 875 714 vos,
909 651 1177 713 minores;
1231 649 1461 702 tlriﬁcati
1493 645 1719 709 scilicet,
1744 652 1801 697 ut
1833 638 2166 695 immortales

578 749 700 803 sitis
726 756 777 801 et
808 743 1169 812 impassildles
1199 741 1241 794 si
1274 742 1374 795 hoc
1406 740 1662 794 feceritis.
1732 736 1829 789 Vos
1860 724 2031 787 autem
2060 732 2164 786 mi-

581 848 765 895 nores,
788 831 876 899 qui
910 828 1088 883 facere
1116 826 1415 895 negligctis,
1444 823 1733 878 moriemini
1768 829 1941 875 morte
1971 817 2164 872 animat

578 924 689 985 hic,
723 935 776 978 et
809 932 979 975 morte
1006 919 1246 989 coporis
1280 919 1329 971 itt
1363 916 1561 982 [ιηἠῸ,
1582 914 1785 982 decepti
1816 928 1843 965 τι
1870 909 2166 976 majoribus

578 1013 773 1082 quibus
801 1012 1111 1079 ignorantur
1136 1007 1485 1062 consentietis
1517 1024 1529 1057 :
1563 1006 1694 1059 sicut
1740 1004 1971 1057 homines
2006 998 2162 1069 primi

578 1102 775 1159 mortui
808 1110 959 1164 sunt,
1003 1099 1209 1167 decepti
1255 1113 1281 1151 a
1316 1097 1557 1161 diabolo,
1602 1097 1773 1150 Adam
1814 1094 2064 1148 videlicet
2109 1098 2163 1145 et

576 1194 685 1248 Eva
707 1234 720 1255 ,
751 1192 840 1262 qui
874 1189 1157 1267 noluerunt
1185 1204 1277 1258 per
1304 1187 1667 1243 obedientiam
1700 1185 1969 1243 deiﬁcari,
2005 1198 2032 1236 a
2057 1198 2160 1249 qua

576 1292 754 1339 t‘tmen
799 1291 971 1335 morte
1009 1289 1129 1350 post
1171 1279 1389 1346 longum
1449 1287 1659 1346 tempus
1713 1274 1975 1329 liberandi
2036 1280 2162 1326 sunt

571 1386 671 1439 per
700 1371 1011 1435 Christum,
1054 1370 1177 1439 quia
1236 1366 1713 1437 pmnituernnt.Et
1739 1382 1852 1430 vos,
1904 1365 2158 1433 majores,

570 1460 695 1528 quia
721 1460 1058 1529 iniquitatem
1085 1458 1632 1527 judicabitis,cadetis
1661 1458 1713 1510 itt
1737 1458 2156 1522 damnationem,

572 1567 676 1606 non
694 1553 901 1621 decepti
920 1553 1010 1606 sed
1024 1553 1571 1619 scirnterpeccantes,
1586 1552 1714 1603 sicut
1729 1548 1992 1609 diabolus,
2010 1548 2161 1616 prius

569 1645 810 1698 existens
852 1661 986 1697 unus
1028 1644 1091 1697 de
1115 1643 1433 1713 principibus
1475 1642 1754 1712 spiritibus
1794 1642 1937 1705 coeli,
1966 1639 2159 1694 cecidit

568 1734 621 1792 in
649 1732 1193 1797 damnationem,non
1226 1733 1480 1801 deceptus
1514 1734 1605 1784 sed
1641 1731 1875 1785 scit-nter
1904 1745 2154 1800 peccans.

2270 541 2407 594 velle
2434 552 2512 595 est
2540 540 2885 606 t‘acere,di:ri,
2921 542 2971 594 id
3019 549 3102 595 est
3124 557 3245 595 cum
3297 541 3452 597 Patre
3472 545 3690 614 disposui,
3709 571 3768 608 τοι

2269 632 2641 697 fundamenta,
2667 635 2791 703 quia
2816 634 2880 687 ad
2923 633 3080 688 ﬁdem
3110 634 3473 699 movebimhi;
3505 642 3610 693 estis
3636 644 3711 709 dii,
3734 649 3769 701 id

2266 734 2349 779 est
2370 725 2524 779 eritis
2552 724 2889 778 immortales
2914 734 2966 778 et
2989 724 3369 793 impassibiles,
3400 735 3454 778 ιιι
3480 728 3566 792 dii,
3587 741 3632 784 et
3659 736 3769 790 eritis

2264 824 2455 867 omnes
2482 830 2578 883 per
2629 828 2713 867 me
2760 813 2994 882 adoptivi
3054 813 3152 880 ﬁlii
3203 811 3428 878 Excelsi,
3466 815 3512 868 id
3538 830 3608 872 est
3641 819 3770 879 Patris

2265 903 2671 972 omnipotentis.
2715 901 2813 956 Vos
2843 914 3042 968 autem,
3102 904 3336 958 minores
3364 904 3428 958 de
3472 904 3660 973 Judrc's,
3682 916 3769 981 quia

2265 996 2570 1050 nescientes
2607 994 2758 1057 estis,
2792 995 3086 1049 moriemini
3147 995 3198 1048 in
3248 1000 3769 1063 mtcrntttu,existentes

2263 1086 2471 1141 scilicet
2502 1088 2634 1139 sicut
2657 1087 2912 1150 homines,
2944 1087 2994 1140 id
3022 1096 3104 1141 est
3132 1087 3304 1141 Adam
3326 1097 3387 1142 et
3409 1090 3530 1153 Eva,
3577 1093 3768 1149 videlicet

2263 1190 2293 1228 a
2324 1176 2616 1245 majoribus
2685 1175 2917 1243 decepti,
2962 1176 3111 1243 psicut
3162 1177 3335 1230 Adam
3390 1188 3442 1232 et
3486 1180 3581 1233 Eva
3615 1184 3769 1251 decepti

2263 1277 2389 1320 sunt
2418 1282 2447 1319 a
2479 1266 2711 1330 diabolo;
2740 1278 2787 1320 et
2813 1266 3200 1333 vos,majores,
3219 1284 3248 1321 a
3267 1269 3407 1322 nullo
3421 1271 3606 1342 decepti
3623 1278 3770 1329 cadetis

2262 1360 2327 1414 de
2359 1361 2459 1413 hac
2502 1361 2862 1429 prosperitate
2902 1360 2954 1414 in
2986 1376 3090 1429 qua
3121 1359 3340 1427 ﬁoretis,
3389 1365 3503 1432 quia
3529 1381 3613 1436 per
3635 1383 3755 1437 super

2260 1448 2402 1503 binm
2435 1447 2683 1503 noluistis
2706 1449 3031 1518 intelligere;
3063 1451 3194 1505 sicut
3229 1452 3486 1518 diabolus,
3522 1471 3636 1506 unus
3663 1460 3771 1525 prius

2262 1541 2327 1595 de
2353 1540 2670 1610 principibus
2702 1542 3015 1596 cmlestibus
3040 1543 3340 1611 spiritibus,
3370 1560 3469 1597 non
3496 1546 3770 1614 deceptusab

2262 1633 2465 1701 aliquo,
2493 1632 2690 1687 cecidit
2725 1648 2847 1687 cum
2881 1634 3085 1704 angelis
3109 1635 3223 1690 suis
3266 1634 3332 1689 de
3366 1638 3661 1692 sublimitate
3689 1656 3771 1693 ccc-

2260 1723 2411 1778 lestis
2433 1722 2616 1793 gloria:
2652 1738 2746 1793 per
2777 1724 3146 1779 extollentiam
3172 1727 3492 1794 arrogantia:
3526 1743 3636 1782 suae.
3657 1728 3771 1785 Post-

640 1825 706 1879 Ει
754 1835 808 1878 ιιι
859 1825 961 1879 hoc
1021 1825 1114 1889 sit,
1171 1826 1312 1894 qum]
1376 1824 1785 1878 istimoriamur
1832 1832 1888 1878 ει
1936 1824 2152 1901 cadam,
2188 1825 2229 1883 Β
2260 1830 2419 1883 quam
2469 1814 2746 1871 Christum
2801 1815 3110 1886 loquentem
3151 1817 3541 1881 itttroduxit,iu
3579 1836 3658 1873 sua
3681 1837 3771 1889 per-

567 1923 623 1966 et
714 1913 1067 1968 ﬁiudantenta
1157 1925 1315 1969 terra:
1404 1924 1723 1967 moveantur
1821 1913 1887 1966 ad
1972 1913 2153 1967 ﬁdem.

568 2003 755 2073 Surge,
806 2005 977 2070 Deus,
1026 1986 1263 2070 Christe',
1303 2021 1331 2057 a
1382 2015 1587 2069 morte,
1627 2006 1718 2073 qui
1755 2013 2158 2059 resnrrrctnrus

566 2111 625 2151 es
651 2098 946 2150 secundum
970 2098 1113 2166 quod
1147 2099 1345 2161 homo,
1400 2104 1455 2150 et
1497 2096 1715 2165 judica,
1784 2096 1834 2149 id
1892 2105 1973 2150 est
2012 2096 2157 2164 jnste

566 2188 760 2242 damna
786 2200 1009 2253 (errant,
1044 2196 1288 2243 terrenos
1321 2189 1559 2251 scilicet,
1626 2188 1676 2241 id
1706 2196 1788 2241 est
1819 2185 2033 2241 Juda'os
2064 2187 2154 2255 qui

566 2288 619 2334 te
660 2280 712 2334 in
754 2289 980 2334 mortem
1008 2281 1209 2333 dabunt
1242 2280 1434 2334 timore
1489 2290 1644 2332 terrai
1696 2279 2045 2344 amittendae;
2103 2286 2157 2331 et

567 2371 686 2425 ideo
713 2387 881 2438 surge,
916 2372 1185 2440 quoniam,
1218 2380 1503 2439 postquam
1536 2369 1861 2432 surrexeris,
1900 2380 1954 2421 tu
1993 2369 2157 2422 Ita‘rc-

564 2458 757 2511 ditabis
789 2459 842 2511 in
870 2459 1108 2511 omnibus
1129 2460 1395 2527 gentibus,
1425 2459 1474 2512 id
1499 2467 1583 2512 est
1603 2459 1927 2512 onmismodi
1972 2469 2156 2528 gentes

565 2547 632 2602 ad
658 2548 816 2603 tidem
855 2563 1129 2603 conversze
1161 2549 1449 2603 luercditas
1482 2560 1567 2602 tua
1593 2557 1780 2615 erunt,
1822 2548 2023 2604 inducis
2072 2565 2157 2603 re-

567 2640 751 2709 pulsis.
789 2639 940 2695 Unde
994 2648 1219 2694 testatur
1255 2640 1543 2709 Apostolus
1574 2658 1585 2693 :
1623 2658 1639 2690 ι
1676 2640 1914 2710 Contigit
1940 2641 2157 2696 caecitas

566 2746 618 2784 tn
656 2730 816 2784 Israel
854 2748 918 2784 ex
974 2740 1156 2802 parte,
1196 2742 1255 2785 ut
1310 2730 1587 2801 plenitudo
1635 2731 1873 2800 gentium
1927 2731 2155 2785 intraret

564 2819 744 2889 (Rom.
775 2838 848 2886 tt,
877 2821 1026 2891 25).»
1058 2821 1225 2877 Totus
1249 2810 1410 2894 igitur
1436 2823 1536 2877 iste
1556 2822 1815 2891 psalmus,
1848 2822 1899 2875 in
1924 2837 2154 2891 persona

564 2909 847 2979 Propheta:
879 2913 1192 2981 expositus,
1242 2923 1416 2982 potest
1472 2914 1635 2967 etiam
1688 2912 1789 2967 hoc
1838 2912 1997 2966 modo
2026 2912 2152 2978 legi,

562 3002 609 3056 si
649 3003 702 3056 in
731 3003 906 3071 primo
943 3013 995 3058 et
1024 3004 1074 3057 in
1117 3003 1303 3059 ultimo
1344 3020 1501 3058 versu
1551 3012 1728 3058 tamen
1778 3002 2046 3071 Propheta
2098 3001 2152 3055 in

565 3096 640 3149 sui
673 3111 901 3165 persona
945 3111 1107 3167 agens
1135 3136 1148 3159 ,
1212 3112 1308 3166 per
1350 3104 1578 3150 caeteros
1616 3110 1709 3149 sex
1762 3094 1966 3147 medios
1997 3092 2154 3145 Chri-

2260 1922 2391 1962 sona
2459 1906 2727 1980 Propheta
2780 1910 2912 1977 agit,
2949 1910 3335 1977 apostropham
3360 1909 3422 1963 ad
3451 1926 3562 1963 eum
3599 1911 3770 1975 faciens,

2259 1994 2339 2048 sic
2364 2012 2377 2046 ε
2404 1994 2547 2048 Dicis
2582 1996 2723 2064 quod
2763 1995 3110 2053 fundamenta
3136 1999 3204 2052 ad
3229 1998 3387 2053 ﬁnem
3409 2009 3543 2054 mota
3576 2001 3634 2054 dii
3655 2014 3771 2055 erunt

2260 2094 2314 2139 et
2344 2085 2433 2140 ﬁlii
2474 2085 2707 2151 Excelsi,
2739 2096 2793 2144 et
2818 2088 3059 2143 inﬁdeles
3097 2087 3269 2142 Judazi
3324 2091 3607 2145 morientur
3624 2102 3667 2146 et
3703 2084 3772 2145 ia-

2258 2174 2407 2239 dent,
2433 2185 2486 2229 et
2538 2184 2594 2229 ut
2638 2177 2739 2231 hoc
2769 2179 2862 2244 sit,
2912 2195 3087 2248 surge,
3122 2179 3263 2233 Deus
3300 2178 3525 2244 Christe,
3564 2196 3590 2234 a
3625 2191 3769 2244 morte,

2257 2282 2417 2335 quem
2456 2268 2752 2322 secundum
2777 2269 3167 2324 humanitatem
3209 2271 3263 2324 in
3293 2280 3508 2325 mortem
3534 2272 3717 2331 dabunt,
3734 2282 3771 2321 et

2258 2375 2484 2429 surgens
2525 2361 2713 2429 judico
2741 2370 2957 2425 terram,
2992 2361 3045 2415 id
3077 2371 3162 2415 est
3180 2360 3330 2427 juste
3359 2363 3541 2417 damna
3581 2372 3771 2415 terrenos

2255 2450 2487 2506 Ιιιιιωοε.
2508 2452 2919 2520 Scilicetposset
2944 2453 3104 2521 ohjici
3132 2470 3145 2506 :
3169 2454 3228 2506 Si
3251 2453 3460 2509 .ludaros
3480 2452 3769 2513 damnaverit,

2256 2542 2345 2612 qui
2377 2541 2494 2609 ejus
2515 2542 2761 2596 notitiam
2801 2543 3019 2606 habent,
3054 2544 3105 2597 in
3138 2542 3339 2613 quibus
3362 2552 3537 2613 postea
3561 2542 3771 2612 regnabit?

2255 2633 2335 2687 Ad
2364 2650 2526 2702 qttam
2556 2634 2916 2703 objectionem
2946 2635 3025 2689 sic
3052 2636 3365 2705 respondet:
3387 2635 3494 2689 Non
3518 2635 3621 2688 ideo
3638 2634 3769 2687 όὶιιιίι-

2258 2734 2339 2780 tas
2391 2743 2484 2781 eos
2535 2728 2801 2796 judicare,
2858 2736 2916 2781 ut
2943 2742 3135 2783 carere
3160 2739 3321 2799 putes
3365 2727 3547 2782 talibus
3579 2726 3654 2797 qui
3694 2725 3770 2779 siut

2255 2818 2660 2872 ltarreditarium
2688 2834 2911 2891 regnum
2935 2829 3119 2885 tuum;
3153 2822 3405 2890 quoniam
3438 2820 3515 2873 his
3551 2816 3766 2885 judicatis,

2255 2919 2332 2977 ttt,
2365 2911 2454 2980 qui
2484 2911 2770 2965 hatrcditas
2808 2910 2860 2964 in
2887 2909 3115 2976 Judmis,
3142 2912 3476 2965 Ita'rcditabis
3500 2911 3547 2965 in
3569 2909 3767 2969 omnibus,

2253 3001 2306 3056 id
2338 3011 2421 3056 est
2472 3002 2524 3056 iu
2578 3004 2904 3057 omnismodi
2953 3004 3195 3073 gentibus
3224 3006 3292 3059 ad
3346 3004 3495 3058 ﬁdem
3534 3000 3766 3057 conversis.

2258 3094 2375 3149 lloc
2404 3102 2584 3147 autem
2616 3094 2859 3164 praedicit
2880 3095 2945 3147 ad
2980 3095 3396 3150 instructionem
3435 3093 3548 3148 ﬁdei
3568 3092 3767 3164 gentium,

563 3193 701 3239 stum
725 3184 938 3241 Judaaos
968 3187 1334 3256 increpantem
1362 3187 1599 3251 inducit,
1633 3186 1704 3240 ita
1741 3194 1918 3238 tamen
1951 3193 2006 3237 ut
2037 3201 2140 3238 non
2170 3190 2215 3253 α
2248 3200 2354 3239 non
2390 3185 2457 3238 ad
2485 3186 2584 3239 hoc
2607 3191 2664 3238 ut
2691 3185 2925 3239 instruat
2952 3186 3231 3241 Christum
3294 3187 3348 3240 in
3385 3186 3565 3256 quibus
3606 3185 3665 3238 sit
3688 3184 3768 3236 hac

562 3279 786 3345 multum
818 3281 1085 3336 sententia
1112 3289 1368 3336 mutetur.
1413 3281 1476 3334 Et
1505 3282 1606 3333 hoc
1639 3279 1717 3333 sic
1755 3278 1992 3334 dicitur:
2024 3276 2152 3331 Dico

561 3371 702 3438 quod
736 3372 874 3426 llens
896 3370 1146 3425 Christus
1176 3373 1340 3425 stabit
1384 3371 1436 3424 in
1489 3370 1772 3441 Synagoga
1815 3369 2064 3431 deorum,
2098 3377 2153 3422 et

561 3462 613 3514 lu
642 3463 818 3517 medio
840 3473 991 3517 stans
1009 3462 1137 3517 deos
1160 3462 1496 3530 dijudicabit,
1519 3463 1705 3516 dicens
1730 3463 1841 3529 ipse
1866 3460 2147 3517 Christus:

560 3548 836 3619 L'syueq'to
864 3566 978 3616 vos,
1008 3551 1530 3619 majores,judicatis
1554 3551 1874 3621 iniquitatem
1893 3549 1917 3603 ἶ)
1937 3547 2152 3602 iudica-

561 3640 631 3691 tis
689 3654 858 3708 nsque
908 3640 960 3693 in
1019 3649 1266 3707 tantum,
1323 3650 1381 3695 ut
1425 3657 1511 3695 me
1564 3642 1784 3712 dignum
1830 3650 2006 3695 morte
2064 3640 2149 3694 (Ιί-

560 3730 744 3785 catis?
805 3731 871 3784 Et
901 3747 1018 3796 vos,
1058 3734 1316 3800 minores,
1366 3750 1628 3803 usquequo
1678 3732 1839 3801 facies
1872 3775 1887 3799 ,
1958 3732 2012 3787 id
2067 3741 2151 3786 cst

559 3823 989 3891 conformitates,
1006 3836 1335 3894 peccatorum
1366 3827 1628 3897 majorum
1660 3826 2151 3893 scilicet,sumitis?

560 3915 779 3983 Suntitis
826 3932 996 3986 usque
1032 3917 1297 3970 iutantum
1325 3959 1338 3983 ,
1378 3927 1438 3972 ut
1465 3920 1543 3973 eis
1574 3917 1641 3971 de
1678 3927 1850 3970 morte
1880 3932 1995 3969 mea
2027 3930 2150 3969 con-

558 4011 829 4075 sentiatis,
853 4009 943 4079 qui
962 4008 1072 4077 jam
1093 4006 1143 4061 in
1165 4018 1335 4063 morte
1358 4009 1741 4078 prophetarum
1760 4007 2148 4063 censensistis?

554 4097 714 4171 331
754 4098 921 4168 nolite
959 4111 1075 4162 vos,
1106 4096 1621 4169 majores,judieare
1646 4095 2015 4165 iniquitatem;
2052 4096 2144 4151 sed

552 4174 789 4256 iudicate
821 4188 949 4247 illud
997 4188 1140 4260 quod
1204 4189 1334 4243 mihi
1384 4204 1541 4259 egeno
1563 4199 1608 4241 et
1632 4186 1830 4256 pupillo
1853 4203 1951 4257 pro
1994 4188 2145 4243 vobis

554 4281 625 4334 sit
648 4281 714 4335 ad
747 4282 1029 4346 honorem,
1055 4280 1592 4351 scilicetjustiﬁcate,
1627 4279 1676 4333 id
1708 4278 2015 4345 estjustum
2052 4294 2139 4332 re-

554 4379 739 4441 putate
770 4387 854 4425 me
879 4372 1126 4429 humilem
1147 4382 1193 4425 et
1232 4388 1532 4441 pauperem.
1559 4371 1709 4437 Quod
1735 4370 1779 4425 si
1832 4370 2011 4425 facere
2040 4386 2141 4424 no-

555 4444 1024 4534 luerinttuajores,
1052 4479 1168 4530 vos,
1210 4463 1467 4528 minores,
1495 4463 1677 4531 eripite
1716 4461 1764 4514 vi
1816 4476 1900 4516 me
1945 4477 2139 4529 paupe-

2254 3278 2584 3334 reditaturus
2618 3288 2741 3347 post
2769 3275 3123 3344 deiectionem
3153 3276 3483 3332 .ludmornm.

2676 3368 2743 3423 IN
2787 3370 2912 3424 PSA
2924 3370 3015 3423 LM
3028 3370 3120 3425 UM
3162 3370 3427 3424 LXXXII.

2324 3462 2537 3521 Titulus
2598 3464 2916 3534 octogesimi
3000 3464 3266 3518 secundi:
3319 3463 3577 3517 Canticum
3627 3455 3769 3527 psalmi

2252 3553 2451 3621 Asaph.
2480 3552 2632 3621 Quod
2679 3554 2758 3607 sic
2800 3552 3092 3623 exponitur
3120 3571 3132 3606 :
3166 3553 3316 3608 lstud
3345 3553 3586 3606 canticum
3606 3546 3766 3614 psalmi.

2252 3644 2304 3699 id
2328 3654 2411 3700 est
2451 3646 2554 3702 iste
2586 3654 2868 3712 tractatus,
2895 3646 2986 3715 qui
3008 3646 3211 3701 dicitur
3238 3646 3493 3701 canticum
3515 3641 3691 3712 psalmi,
3708 3648 3767 3692 est

2250 3734 2447 3806 Asaph,
2480 3737 2637 3791 idest
2662 3736 2900 3791 ﬁdelium
2955 3738 3364 3807 congregationi
3416 3750 3528 3806 qua:
3567 3733 3651 3786 fuit
3675 3738 3767 3783 ante

2252 3829 2541 3882 adventum
2589 3828 2832 3893 Christi;
2892 3843 3012 3897 qua:
3069 3830 3376 3898 prtevidens
3431 3842 3520 3898 per
3562 3823 3766 3893 Spiritum

2255 3930 2502 3974 sanctum
2523 3919 2901 3975 tribulationes
2931 3921 2985 3974 in
3014 3920 3246 3976 ecclesia
3292 3921 3514 3983 futuras,
3537 3927 3585 3972 ct
3611 3932 3635 3968 a
3654 3912 3767 3966 falsis

2249 4011 2575 4064 Christianis
2626 4020 2678 4065 et
2704 4012 2975 4066 haereticis
3027 4019 3082 4067 et
3132 4011 3444 4066 inﬁdelibus
3485 4004 3763 4064 inferendasi

2248 4116 2341 4156 eas
2368 4102 2435 4155 ad
2465 4102 2748 4157 utilitatem
2782 4102 3017 4157 ﬁdelium
3040 4118 3393 4173 passurorum
3422 4099 3657 4171 praedicit,
3679 4104 3718 4147 et
3742 4090 3765 4142 ὲ

2248 4189 2443 4257 quibus
2479 4188 2779 4245 inferuntur
2808 4192 3063 4247 ostendit.
3112 4190 3293 4247 Minus
3344 4192 3484 4245 enim
3516 4181 3763 4247 Izeduntja-

2246 4280 2362 4335 cula
2381 4297 2518 4350 qua},
2535 4282 2899 4353 praevidentur
2918 4300 3078 4355 quam
3105 4299 3224 4354 qua:
3236 4284 3418 4338 subito
3438 4282 3634 4336 feriunt.
3652 4275 3762 4329 Ideo-

2244 4386 2348 4440 que
2371 4381 2428 4425 ut
2455 4374 2853 4428 constantiores
2880 4375 2932 4428 in
2959 4375 3088 4445 ipsis
3121 4367 3760 4429 tribulationibusexistant,

2242 4480 2336 4518 eas
2360 4466 2771 4535 prtedicit.0rat
2804 4481 3020 4537 quoque
3049 4466 3117 4521 de
3147 4464 3573 4520 remuneratione
3598 4458 3761 4513 illorum

555 4568 703 4627 rem;
755 4554 855 4607 015i
905 4569 1010 4613 non
1056 4554 1130 4617 vi,
1152 4553 1378 4610 liberate
1428 4553 1513 4608 vel
1560 4553 1734 4622 pretio
1792 4551 1875 4604 vel
1904 4551 2143 4620 quolibet
2176 4543 2219 4596 D
2245 4556 2337 4625 qui
2360 4571 2455 4610 eas
2486 4558 2782 4627 patientur,
2817 4565 2873 4610 et
2895 4558 3211 4611 concessive
3246 4556 3413 4611 etiam
3440 4550 3616 4622 agitde
3649 4543 3760 4611 deic-

557 4643 717 4696 modo
744 4658 827 4707 me
850 4660 1067 4712 egenum
1094 4651 1156 4700 de
1187 4663 1347 4699 manu
1373 4644 1661 4714 peccatoris
1711 4643 1890 4714 populi
1938 4642 2140 4713 princi-

556 4745 709 4810 pum.
738 4731 890 4786 Facit
912 4736 1290 4805 apostropham
1322 4736 1386 4789 ad
1412 4736 1707 4798 auditores,
1735 4743 1792 4786 ut
1817 4748 2003 4789 eorum
2026 4749 2140 4786 nta-

551 4822 731 4895 jorum
759 4830 813 4875 et
836 4824 1102 4883 minarum
1131 4828 1381 4881 duritiam
1403 4826 1680 4891 ostendat,
1733 4824 1811 4879 sic
1840 4840 1853 4877 :
1884 4824 2000 4878 Dixi
2040 4825 2140 4877 mi-

554 4912 815 4983 ttOribus:
876 4929 1137 4985 usquequo
1172 4919 1374 4972 sumitis
1421 4917 1623 4986 facies?
1664 4916 1918 4985 eleripitc
1951 4930 2035 4968 me
2076 4916 2139 4970 de

552 5006 1042 5073 manupeccatoris;
1071 5006 1237 5075 etipsi
1276 5009 1589 5072 nescierunt,
1619 5008 1760 5078 quod
1785 5008 1863 5060 eis
1893 5005 2003 5059 dixi
2033 5006 2133 5060 sci-

554 5094 700 5158 licet,
731 5096 823 5150 sed
850 5095 990 5149 male
1020 5095 1279 5151 fecerunt.
1309 5099 1373 5151 Et
1391 5099 1499 5152 dixi
1526 5096 1836 5165 majoribus,
1870 5112 2135 5166 usquequo

551 5188 806 5260 iudicatis
855 5188 1224 5261 iniquitatem?
1270 5206 1432 5258 neque
1497 5189 1598 5260 ipsi
1642 5188 2003 5244 intellexerunt
2079 5199 2136 5241 se

552 5278 797 5346 iudicare
825 5281 1185 5350 iniquitatem,
1233 5295 1356 5335 eum
1408 5281 1511 5335 hoc
1539 5281 1950 5351 investigatione
1989 5278 2139 5333 Scri-

553 5372 1157 5443 pturarumintelligcre
1201 5372 1476 5428 deberent.
1529 5372 1758 5441 Ideoque
1810 5374 1862 5425 in
1912 5369 2136 5427 tenebris

556 5464 872 5532 ignorantiae
903 5464 1197 5535 ambulant,
1222 5466 1270 5519 id
1300 5474 1381 5518 est
1407 5472 1779 5539 perseverant,
1801 5473 1858 5516 ut
1885 5465 2056 5534 magis
2082 5474 2139 5520 et

556 5556 726 5625 magis
749 5566 1122 5619 cxcazccntur;
1149 5566 1201 5612 et
1232 5557 1283 5621 iu
1316 5557 1433 5612 loco
1477 5570 1662 5611 eorum
1696 5555 2033 5608 movebuntur
2067 5557 2132 5610 ad

557 5646 713 5709 tidem
761 5647 936 5700 omnia
988 5647 1327 5715 fundamenta
1372 5659 1544 5702 terrm.
1575 5647 1706 5710 Hoc,
1760 5654 1816 5699 ttt
1863 5647 2131 5712 superius,

561 5736 837 5818 dupliciter
862 5741 1149 5809 exponitur
1180 5756 1192 5794 :
1220 5741 1285 5796 Et
1313 5742 1437 5809 quia
1480 5742 1817 5797 ﬁoulumcnta
1872 5737 1938 5792 ad
1972 5737 2132 5795 ﬁdem

2247 4648 2430 4702 ctione
2459 4650 2897 4703 adversariorum
2937 4657 2993 4702 et
3043 4647 3130 4703 hic
3184 4657 3240 4701 et
3274 4648 3327 4701 in
3368 4646 3558 4701 futuro.
3582 4640 3638 4695 Et
3669 4640 3761 4690 ora!

2247 4754 2345 4807 pro
2365 4749 2517 4807 parte
2551 4740 2907 4808 quorumdam
2941 4755 3005 4792 ex
3058 4732 3203 4807 ipsis'
3226 4736 3547 4792 adversariis
3589 4729 3662 4799 qui
3684 4723 3761 4778 sa"

2245 4832 2407 4886 vandi
2426 4840 2573 4893 sunt;
2593 4838 2646 4884 et
2670 4843 2764 4900 per
2795 4831 2895 4884 hoc
2917 4845 3014 4884 nos
3043 4830 3261 4886 instruit
3281 4842 3440 4883 orare
3461 4840 3550 4896 pro
3563 4814 3758 4876 inimicis.

2246 4921 2409 4979 Juxta
2463 4923 2605 4992 quod
2652 4922 2933 4982 Dominus
2963 4921 3015 4975 itt
3060 4921 3355 4991 Evangelia
3382 4920 3526 4974 dicit:
3571 4934 3587 4966 ι
3638 4910 3760 4966 Οιτιιο

2241 5030 2340 5085 pro
2369 5014 2827 5085 persequentibus
2847 5021 2903 5068 et
2930 5012 3386 5068 calumniantibus
3415 5024 3506 5065 vos
3548 5005 3674 5078 (ιιι.
3704 5013 3759 5059 τι.

2238 5108 2355 5178 ⁴ίὶ8).
2392 5126 2410 5159 ι
2450 5106 2656 5161 Dicitur
2685 5115 2864 5161 autem
2893 5106 3134 5176 psalmus
3162 5106 3265 5161 iste
3296 5105 3548 5159 canticum
3592 5091 3758 5167 psalmi.

2239 5216 2305 5256 eo
2336 5201 2477 5270 quod
2509 5198 2616 5265 hic,
2640 5200 2760 5254 licet
2784 5200 3042 5264 breviter,
3068 5200 3246 5269 agitur
3271 5199 3338 5254 de
3371 5198 3569 5253 cantico
3589 5184 3756 5262 psalmi.

2242 5291 2293 5346 id
2336 5300 2418 5346 est
2447 5292 2516 5346 de
2538 5289 2775 5359 jucunda
2808 5289 3244 5345 remuneratione
3286 5289 3439 5343 bona:
3488 5274 3757 5352 Operationis

2242 5384 2503 5447 ﬁdelium,
2531 5398 2629 5452 pro
2660 5398 2761 5452 qua
2792 5381 2969 5436 ﬁdelis
2994 5382 3174 5450 Asaph
3201 5388 3344 5443 orat,
3383 5379 3470 5432 ubi
3517 5373 3631 5430 dicit
3657 5386 3668 5422 :
3697 5362 3757 5418 Ne

2241 5483 2416 5526 taceas
2444 5513 2460 5537 ,
2511 5472 2675 5537 Deus,
2731 5488 2760 5525 a
2789 5472 3225 5525 remuneratione
3276 5484 3462 5524 eorunt
3511 5467 3556 5518 in
3598 5462 3755 5516 tutum.

2244 5561 2319 5617 De
2374 5562 2514 5615 bona
2574 5561 2889 5630 operatione
2937 5575 3042 5614 non
3103 5560 3176 5614 ita
3223 5558 3382 5630 plane
3437 5556 3604 5627 igitur,
3627 5542 3753 5618 332

2243 5655 2343 5709 nisi
2397 5655 2537 5723 quod
2592 5655 2679 5709 ubi
2708 5654 2878 5715 dicit,
2933 5653 3181 5706 adversus
3230 5660 3436 5705 sanctos
3492 5658 3632 5703 tuos,
3686 5648 3756 5690 θος

2244 5745 2418 5801 innuit
2445 5760 2562 5802 esse
2581 5744 2718 5800 bene
2745 5750 3091 5803 oneraturos.
3118 5742 3231 5807 Non
3254 5741 3397 5796 enim
3443 5733 3602 5793 sancti
3646 5733 3755 5782 recte
