3840 6338
129 259 236 316 1077

1011 244 1375 304 exeosmo
1401 245 1469 300 IN
1509 208 2114 300 Pssuma—esas
2155 242 2412 300 Lxxxu.

3197 246 3338 306 1078

129 362 427 432 dicerentur',
483 363 592 420 nisi
627 368 764 418 bene
808 369 1186 430 operarentur.
1249 359 1649 415 Tribulationes
1680 357 2132 422 Amentumhoc,
2172 357 2224 411 iu
2275 364 2358 411 est
2413 357 2518 410 hcc
2568 354 2933 412 ﬁrmissimum
2986 367 3224 428 pactum,
3272 370 3338 416 ut

131 474 275 516 tamen
303 458 560 525 ipsorum,
605 469 738 524 quas
762 462 1003 517 enarrat,
1028 461 1254 521 possunt
1282 465 1520 520 congrue
1548 449 1654 504 dici

129 555 254 609 home
297 547 657 618 operationes.
707 545 838 612 Quis
865 543 1009 599 enim
1035 544 1298 598 dicendus
1339 549 1424 596 εει
1452 541 1655 596 rectius

129 648 237 700 bene
273 641 525 709 operari,
572 653 732 708 quam
793 638 885 708 qui
931 653 1038 692 non
1088 637 1225 708 fugit
1289 651 1390 706 pro
1436 635 1655 691 Christo

132 732 356 793 tribulari.
1531 774 1550 790 .

182 823 320 886 Deus,
345 821 457 890 quis
491 818 676 873 similis
716 818 812 872 erit
859 815 990 871 tibi?
1019 816 1214 871 nullus.
1242 815 1344 869 Per
1390 815 1530 870 hanc
1570 812 1653 868 in-

129 911 501 982 terrogationem
526 909 700 964 innuit
741 908 1016 962 tristitiam
1038 922 1200 976 quam
1226 907 1393 962 habet
1425 907 1493 960 de
1535 905 1658 974 qui-

130 1007 308 1062 busdam
333 1003 418 1070 qui
451 1016 510 1055 se
557 1000 772 1054 Christo
796 997 1103 1068 prteferent,
1125 996 1432 1050 tribulando
1463 1010 1655 1050 servos

129 1098 251 1165 ejus;
278 1095 338 1149 de
366 1107 593 1163 quorum
623 1091 924 1162 perditione
953 1091 1064 1160 agit
1105 1090 1288 1144 statim
1317 1089 1656 1153 concessive,

130 1204 177 1244 ac
194 1189 230 1242 si
250 1195 439 1255 ponat:
476 1183 620 1237 Sunt
669 1183 820 1236 multi
869 1182 961 1251 qui
1003 1197 1063 1236 se
1105 1182 1197 1234 tibi
1240 1181 1659 1251 praeferenttor-

129 1275 378 1332 mentando
417 1283 557 1338 tuos,
581 1282 635 1327 et
663 1287 722 1327 se
755 1272 845 1326 tibi
870 1271 1300 1340 aequiparabunt,
1323 1280 1381 1325 ut
1411 1279 1660 1342 reputent

129 1380 282 1420 senon
311 1364 538 1432 pendere
563 1378 629 1416 ex
677 1371 758 1426 te,
785 1361 924 1415 sicut
961 1371 1013 1414 tu
1069 1377 1135 1414 ex
1166 1361 1244 1414 eis
1286 1376 1390 1415 non
1436 1361 1655 1430 pendes,

129 1455 198 1509 sed
219 1463 376 1507 tamen
405 1452 590 1507 nullus
615 1468 806 1507 eorum
833 1453 938 1506 erit
971 1452 1165 1507 similis
1214 1452 1333 1506 tibi.
1387 1452 1483 1507 Vel
1520 1453 1660 1506 hanc

131 1545 563 1614 interrogtlionem
594 1543 748 1613 quasi
773 1544 1096 1598 admirative
1153 1544 1325 1612 ponit,
1362 1552 1418 1596 ut
1468 1543 1661 1598 innuat

130 1649 330 1700 magnam
355 1647 469 1686 esse
497 1633 816 1702 potentiam.
847 1633 926 1686 Ac
954 1631 998 1685 si
1025 1632 1168 1686 dicat
1201 1631 1654 1707 :l)eus,Chris_te,

1760 457 1880 503 tuos
1938 449 2278 518 disperdant,
2323 445 2684 508 tabernacula,
2726 447 2778 500 id
2814 457 2895 502 est
2923 449 3248 505 transitoria:
3279 458 3336 506 et

1755 552 1939 606 prome
1973 538 2039 590 ad
2068 552 2256 591 casum
2295 535 2670 590 multitudines
2695 535 3087 604 ldunueorum,
3140 539 3193 592 id
3252 548 3337 594 est
3395 518 3411 526 ”

1758 605 2096 679 terrenorum
2126 633 2180 678 et
2203 625 2649 696 sanguineorum,
2707 623 2915 678 scilicet
2966 626 3338 682 multitudines
3417 605 3433 680 ⁸,

1757 715 2015 769 falsorum
2047 715 2507 780 Christianorum,
2536 715 2587 769 id
2619 722 2706 769 est
2733 715 2848 784 qui,
2879 713 3006 769 licet
3036 717 3144 770 sint
3165 719 3338 772 eccle—

1757 804 1996 860 siasticis
2025 805 2222 859 initiati
2256 804 2637 868 sacramentis,
2709 814 2888 858 tamen
2946 806 3146 858 terreni
3190 817 3337 870 sunt,

1759 896 1810 950 id
1852 907 1936 952 est
1989 898 2134 951 omni
2185 896 2344 966 modo
2381 896 2616 950 terrenis
2655 895 2964 961 inhiantes,
2985 905 3038 950 et
3095 897 3340 952 crudeles

1757 999 1950 1042 contra
2013 989 2207 1053 bonos,
2262 989 2402 1042 sicut
2429 987 2517 1041 ille
2564 987 2801 1042 crudelis
2838 987 3050 1055 estqui
3107 989 3340 1056 proximi

1757 1078 2072 1147 sanguinem
2112 1075 2370 1143 eﬂundit;
2406 1087 2453 1130 et
2486 1076 2776 1130 Ismaelilte
2816 1075 3106 1145 disponent
3155 1078 3343 1132 adver-

1712 1182 1714 1184 '
1756 1186 1871 1222 sum
1898 1178 1965 1233 te,
2023 1168 2074 1221 id
2109 1177 2192 1223 est
2242 1167 2320 1222 illi
2361 1167 2523 1222 iidem
2563 1166 2880 1246 Christiani,
2919 1168 3038 1236 qui,
3071 1183 3193 1221 cum
3233 1169 3344 1223 Deo

1759 1259 2110 1328 promiserint;
2139 1259 2529 1321 obedientiam,
2568 1257 2854 1312 lsmaelitte
2893 1267 3074 1311 tamen
3103 1271 3247 1323 sunt,
3287 1260 3341 1312 id

1757 1357 1841 1403 est
1865 1349 1966 1402 sibi
2005 1348 2321 1403 obedientes
2371 1348 2706 1424 inomnibns
2757 1347 3015 1402 obscenis
3045 1348 3342 1424 voluntati-

1755 1438 1858 1492 bus
1894 1439 2026 1492 suis.
2069 1438 2285 1491 Idumaei
2322 1423 2539 1506 quidem
2581 1435 2740 1506 333
2765 1437 3038 1506 sanguinei
3067 1437 3150 1491 vel
3179 1423 3342 1490 terre-

1759 1530 1836 1594 ui,
1880 1527 2166 1583 lsmaclitte
2219 1543 2350 1583 vero
2391 1528 2490 1581 sibi
2543 1528 2832 1582 obedientes
2889 1528 3340 1597 interpretantur,

1757 1620 2027 1674 lsmaelita
2070 1631 2248 1674 tamen
2302 1618 2563 1674 obediens
2598 1618 2708 1674 Deo
2764 1619 2992 1684 dicitur;
3035 1619 3338 1683 lsu'iaelitze,

132 1739 254 1792 quem
297 1724 642 1793 impotentem
689 1723 986 1777 adversarii
1055 1722 1132 1776 tui
1190 1723 1534 1791 reputabant,
1593 1737 1653 1778 eo

1759 1711 1904 1776 dico,
1948 1711 2040 1779 qui
2074 1719 2233 1765 erunt
2271 1709 2449 1774 Moab,
2479 1709 2532 1764 id
2585 1718 2667 1764 est
2697 1725 2802 1763 non
2834 1711 3207 1764 tantummodo
3237 1711 3341 1765 sibi

130 1813 236 1879 quod
274 1829 370 1866 non
402 1815 588 1868 statim
649 1823 769 1868 tuos
797 1829 1134 1878 remuneras,
1184 1830 1286 1869 nec
1313 1815 1656 1871 adversarios

129 1893 278 1973 punis:
306 1905 414 1975 quis
441 1914 623 1958 tamen
653 1906 752 1958 erit
779 1904 966 1958 similis
1012 1903 1126 1968 tibi,
1174 1905 1226 1959 id
1258 1915 1342 1961 est
1373 1906 1510 1961 adeo
1540 1922 1657 1960 om,

130 1993 328 2062 nipotens
355 2003 409 2047 ut
441 1995 532 2048 tu?
575 1994 772 2050 nullus.
797 1995 959 2065 Ergo,
982 1996 1236 2063 quoniam
1279 1997 1416 2051 adeo
1463 2007 1656 2066 potens

129 2097 170 2135 es
190 2085 307 2149 quod
334 2083 420 2137 tibi
455 2100 619 2139 nemo
649 2093 828 2154 potest
849 2085 1166 2151 assimilari,
1193 2095 1246 2139 tu
1275 2087 1366 2155 qui
1394 2087 1554 2141 modo
1577 2096 1658 2146 tae

128 2187 234 2224 resa
258 2175 686 2229 remuneratione
718 2184 966 2240 tuorum,
993 2175 1204 2232 scilicet
1257 2192 1360 2230 non
1405 2189 1656 2230 remune-

129 2263 353 2319 randoeos
381 2265 432 2318 in
457 2267 737 2334 praesenti,
759 2254 919 2335 prout
947 2276 1243 2332 merentur,
1272 2284 1335 2321 ne
1383 2277 1559 2321 taceas
1599 2268 1655 2321 in

130 2352 285 2419 futuro,
312 2356 399 2410 sed
429 2372 740 2410 remunera.
773 2356 856 2410 Ne
882 2373 1084 2428 quoque
1109 2357 1474 2426 compescaris,
1491 2355 1650 2420 Deus,

130 2444 168 2496 in
187 2443 336 2500 futuro
361 2447 424 2499 ab
449 2448 888 2502 adversariorum
917 2449 1153 2503 vindicta
1173 2487 1188 2513 ,
1222 2447 1315 2516 qui
1367 2449 1456 2502 hic
1499 2464 1654 2503 com-

131 2537 327 2602 ptc‘ris
364 2537 472 2590 sola
503 2537 818 2593 clementia.
873 2539 1066 2593 POSsct
1119 2539 1289 2608 quaeri
1338 2554 1505 2609 quare
1552 2538 1655 2592 hoc

130 2623 179 2672 dii
195 2633 258 2688 at,
281 2641 389 2677 cum
421 2627 660 2680 nondum
693 2627 765 2680 sit
787 2627 983 2696 aliquis
1007 2627 1099 2696 qui
1147 2628 1244 2696 ipsi
1306 2625 1656 2682 adversetur?

132 2713 188 2764 Ad
209 2714 326 2781 quod
343 2718 626 2787 respondet
652 2718 764 2774 sic:
789 2718 914 2772 Ideo
945 2719 1066 2773 dico
1095 2734 1258 2788 neque
1288 2718 1653 2786 com;'escaris,

131 2803 324 2867 quoniam
355 2823 465 2860 ecce
504 2808 558 2860 in
605 2809 858 2876 praesenti
894 2825 1000 2864 non
1047 2808 1134 2862 diu
1166 2807 1491 2871 morabitur,
1515 2807 1654 2877 quod

132 2886 288 2942 inimici
333 2895 404 2946 tui
457 2906 771 2962 sonuerunt,
812 2897 864 2951 id
885 2907 968 2952 est
991 2899 1284 2962 sonabunt,
1330 2897 1538 2964 scilicet
1579 2896 1655 2951 illi

131 2976 196 3042 qui
229 2979 308 3032 tibi
333 2981 778 3052 inimicabuntur,
818 2987 871 3040 in
902 2987 1283 3056 persecutione
1325 2997 1536 3041 tuorum
1567 3001 1654 3041 so-

1759 1801 2104 1866 ohedientes;
2177 1801 2272 1855 sed
2327 1800 2493 1853 etiam
2557 1809 2686 1855 sunt
2713 1799 2943 1869 populus
2968 1799 3224 1866 exlex,id
3259 1809 3345 1854 est

1756 1893 1877 1945 sine
1899 1891 2015 1962 lege
2053 1902 2447 1963 praeceptorum
2488 1892 2624 1957 Dei;
2664 1892 2748 1946 vel
2803 1907 2871 1945 ex
2917 1903 3076 1961 patre
3122 1893 3342 1946 diabolo

1756 1999 1854 2053 per
1889 1985 2264 2040 inlidelitatem
2307 1985 2508 2055 geniti;
2544 1965 2684 2039 vera
2714 1981 2873 2036 Patre
2921 1985 3032 2038 Deo
3083 1983 3341 2051 separati,

1759 2077 1974 2131 scilicet
2005 2078 2324 2132 recedentes
2347 2077 2414 2132 ab
2446 2093 2512 2131 eo
2542 2091 2639 2146 per
2672 2073 3067 2137 inﬁdelitatem,
3109 2074 3200 2144 qui
3249 2075 3343 2127 lilii

1757 2165 2050 2220 noluerunt
2084 2181 2206 2222 esse
2243 2183 2339 2237 per
2373 2168 2533 2223 ﬁdem
2563 2185 2582 2232 ;
2613 2165 2768 2222 Moab
2819 2166 3019 2236 quippe
3046 2165 3216 2232 exlex,
3261 2165 3347 2219 vel

1758 2272 1824 2309 ea:
1863 2255 2023 2310 Patre
2053 2256 2458 2326 interpretatur.

1827 2347 1895 2401 Et
1938 2347 2166 2417 Αθανεηὶ
2197 2348 2482 2418 disponent
2507 2347 2784 2402 adversum
2815 2357 2896 2412 le;
2926 2346 3168 2402 hmretici
3200 2347 3348 2402 scili-

1756 2449 1864 2505 cet,
1895 2440 2008 2509 qui,
2032 2438 2157 2495 licet
2187 2455 2284 2510 per
2313 2439 2578 2508 baptisma
2615 2440 3013 2509 regenerati,se
3045 2449 3222 2492 tamen
3253 2452 3351 2507 per

1755 2532 1994 2590 haereses
2035 2548 2066 2586 a
2109 2532 2212 2588 ﬁde
2243 2531 2451 2587 faciunt
2477 2532 2705 2587 alienos.
2745 2532 2980 2602 Agareni
3016 2532 3234 2602 quidem
3267 2531 3352 2585 in-

1755 2633 2125 2699 terpretantur
2151 2624 2431 2695 proselyti;
2462 2623 2722 2695 proselyti
2749 2639 2900 2690 vero,
2927 2625 3067 2680 idem
3099 2625 3241 2693 quod
3265 2633 3350 2678 est

1755 2715 1938 2770 alieni.
1971 2714 2036 2769 Et
2067 2712 2228 2768 Gebal
2260 2716 2511 2786 diSponet
2537 2716 2824 2771 adversum
2858 2725 2910 2770 te
2939 2715 3148 2770 scilicet
3180 2729 3348 2784 popu-

1753 2806 1836 2862 lus
1887 2807 2322 2877 hypocritarum,
2381 2825 2400 2858 (
2463 2807 2556 2874 qui
2613 2806 2836 2860 veniunt
2893 2805 2946 2859 in
3011 2805 3349 2860 vestimentis

1755 2896 1963 2960 ovium,
1999 2895 2325 2949 intrinsecus
2368 2904 2544 2947 autem
2589 2904 2714 2948 sunt
2753 2894 2861 2963 lupi
2895 2908 3117 2962 rapaces
3149 2891 3346 2960 (Mulli.

1757 3002 1850 3050 vn,
1911 2986 2022 3056 15).
2088 3005 2106 3039 ι
2153 2985 2320 3041 Gebal
2373 2985 2525 3039 vallis
2595 3001 2730 3038 tuna
2781 2983 2999 3038 dicitur.
3046 2983 3197 3037 Unde
3251 2998 3348 3051 per

134 3066 326 3133 ητιῦυῐιι,
373 3069 423 3125 id
480 3082 567 3127 est
624 3076 1070 3130 irrationabiliter
1111 3076 1345 3152 frement
1397 3077 1656 3130 adversus
1684 3088 1724 3144 ε
1758 3077 1927 3133 Gebal
1973 3077 2267 3147 hypocriue
2286 3077 2642 3142 denotantur;
2685 3075 2798 3143 qui,
2832 3089 2954 3129 cum
2997 3073 3122 3126 vani
3157 3074 3268 3127 sint
3293 3082 3350 3129 et

135 3160 224 3210 tuos
239 3163 642 3219 contradicendo
668 3166 800 3229 eis,a
837 3168 1650 3234 similitudineinanimatorum,

133 3255 183 3294 ex
210 3261 410 3313 quorum
445 3254 729 3310 collisione
751 3256 812 3309 ﬁt
834 3257 1062 3311 sonitus.
1105 3257 1171 3311 Et
1199 3273 1304 3312 non
1347 3257 1519 3324 solum
1566 3273 1654 3312 so-

133 3332 294 3388 nabunt
319 3343 772 3409 contradicendo;
797 3347 890 3400 sed
915 3355 962 3400 et
992 3347 1082 3415 qui
1127 3347 1346 3400 oderunt
1385 3358 1451 3412 te,
1481 3347 1532 3401 id
1573 3357 1658 3402 est

133 3416 288 3477 inimici
314 3428 399 3496 qui
430 3439 478 3484 te
499 3433 627 3487 odio
658 3434 953 3500 habebunt,
980 3437 1274 3490 extulerunt
1303 3450 1480 3508 caput,
1501 3438 1551 3493 id
1575 3448 1658 3494 est

133 3510 344 3570 extollent
386 3531 570 3576 contra
604 3531 656 3577 te
683 3533 942 3578 mentem.
993 3525 1058 3579 Et
1111 3527 1333 3595 exponit
1384 3530 1656 3596 quomodo

133 3601 365 3689 mallent:
384 3610 480 3666 hoc
496 3613 660 3668 modo
698 3615 907 3670 scilicet
927 3616 1188 3672 extollent
1209 3621 1653 3689 caput,quouiam

133 3687 486 3759 malignaverunt
511 3703 793 3766 cons-ilium
828 3721 986 3773 super
1008 3706 1258 3776 populant
1288 3687 1457 3774 tuum,
1508 3709 1655 3763 scili-

133 3785 194 3828 cet
213 3781 473 3854 malignum
499 3793 1060 3859 consiliuminierunt,
1083 3797 1133 3850 id
1157 3798 1426 3851 estinient
1453 3799 1650 3866 verbis,

134 3872 176 3915 υι
203 3873 477 3937 opprimant
500 3881 758 3951 populum
793 3892 965 3946 tuum,
993 3895 1047 3939 et
1070 3900 1174 3939 non
1225 3885 1655 3956 qualemcunque

133 3959 362 4052 Plinium;
394 3970 484 4024 sed
509 3980 560 4024 et
592 3974 944 4041 cogitaverunt
971 3976 1220 4030 adversus
1240 3985 1450 4030 sanctos
1492 3989 1607 4032 tuos
1637 4018 1650 4042 ,

134 4045 173 4098 id
206 4059 270 4101 est
291 4060 594 4129 cogitabant
640 4063 744 4116 tale
785 4065 910 4132 quid
933 4068 1074 4134 quod
1105 4078 1297 4122 noceat
1346 4070 1518 4124 servis
1549 4071 1655 4124 tuis

133 4151 443 4214 corporaliter.
505 4153 767 4207 Dixerunt
790 4157 948 4219 enim,
979 4157 1029 4210 id
1052 4166 1132 4212 est
1183 4159 1389 4226 dicent,
1422 4161 1650 4227 scilicet,

134 4231 190 4286 sic
212 4250 366 4294 secum
379 4242 684 4312 disponent,
709 4245 936 4300 dicendo
959 4262 1095 4301 unus
1125 4251 1190 4303 ad
1218 4250 1482 4308 alterum:

189 4319 339 4382 Venite
383 4341 427 4383 et
476 4334 840 4400 disperdamus
864 4352 948 4388 eos
976 4337 1038 4389 de
1070 4349 1238 4406 gente.
1272 4341 1350 4395 Ac
1374 4343 1416 4396 si
1450 4342 1590 4397 dicat
1625 4359 1638 4396 :

1759 3169 2000 3239 superbi,
2047 3183 2106 3224 se
2157 3168 2365 3222 faciunt
2409 3167 2598 3229 valles,
2631 3166 2680 3220 id
2713 3175 2794 3221 est
2835 3165 3088 3220 humiles.
3125 3165 3190 3219 Et
3221 3165 3349 3218 Ant-

1757 3275 1880 3312 mon
1922 3258 2172 3327 distionet
2215 3259 2490 3312 adversum
2533 3266 2604 3320 te,
2637 3256 2690 3310 id
2718 3263 2802 3309 est
2826 3255 3049 3324 papulas
3080 3253 3344 3315 turbidus,

1757 3350 1966 3403 scilicet
2008 3349 2280 3418 principes
2321 3347 2702 3402 hmreticorum
2744 3345 2835 3414 qui
2873 3354 3000 3399 sunt
3039 3343 3259 3409 turbidi,
3293 3353 3350 3398 ει

1758 3439 2029 3494 turbidam
2076 3439 2379 3494 doctrinam
2431 3446 2486 3493 et
2526 3439 2815 3492 obscenam
2854 3438 3227 3506 propitiantes.
3281 3436 3347 3492 Et

1756 3531 2005 3584 Amalech
2048 3531 2325 3599 disponet,
2367 3529 2418 3582 id
2448 3539 2530 3583 est
2565 3529 2794 3598 pepulus
2829 3529 3096 3593 lambens,
3135 3527 3347 3581 scilicet

1758 3621 2051 3676 Simoniaci
2087 3661 2102 3687 ,
2154 3621 2244 3688 qui
2293 3620 2594 3674 lambentes
2635 3628 2793 3685 sunt,
2837 3621 2888 3675 id
2935 3630 3021 3675 est
3049 3635 3146 3690 per
3177 3636 3344 3690 pecu-

1757 3713 1901 3767 niam
1949 3721 2004 3766 et
2050 3711 2406 3767 ambitionem
2457 3710 2836 3766 Ecclesiastit-a
2874 3713 3156 3780 dogmata,
3189 3713 3348 3779 quasi

1755 3820 1878 3859 cum
1926 3804 2159 3875 ingluvie
2181 3803 2591 3872 amplectentes.
2626 3803 2881 3858 Amalech
2921 3803 3141 3872 quidem
3171 3804 3344 3859 inter~

1755 3904 2004 3966 pretatur
2047 3895 2249 3966 [ingens
2301 3895 2384 3949 vel
2412 3895 2668 3948 lambens.
2727 3892 2796 3948 Et
2823 3894 3128 3964 alienigena;
3165 3895 3346 3962 dispo-

1755 3993 1906 4051 nent,
1941 3983 2236 4039 Philisthzei
2266 3983 2517 4053 quidem;
2551 3983 2677 4052 quia
2709 3998 2922 4052 semper
2959 3983 3219 4037 exstitere
3252 3981 3346 4036 Ju-

1755 4076 1885 4130 dteis
1936 4075 2276 4142 adversarii,
2326 4075 2431 4130 hoc
2483 4075 2868 4144 appellativum
2929 4088 3147 4136 nomen,
3200 4072 3343 4140 quod

1755 4173 1838 4221 est
1879 4166 2214 4234 alienigenae,
2267 4165 2418 4233 quasi
2481 4163 2759 4234 proprium
2812 4171 2938 4216 sunt
2977 4162 3180 4216 sortiti.
3209 4163 3341 4216 Dum

1756 4257 1925 4326 igitur
1945 4256 2252 4325 alienigena’
2293 4254 2466 4323 ponit,
2499 4253 2641 4308 idem
2681 4261 2764 4307 εει
2791 4267 2855 4306 ac
2889 4252 2933 4306 si
2961 4261 3185 4320 poneret
3215 4251 3344 4304 Phi-

1757 4344 1966 4398 list/uei.
1993 4345 2098 4398 Per
2130 4343 2472 4397 Philisthzeos
2517 4353 2717 4407 autem,
2759 4341 2849 4410 qui
2897 4343 3107 4408 potione
3151 4342 3343 4394 caden-

136 4403 213 4506 lps_i
244 4414 408 4474 “deus
437 4432 562 4476 ⁵ι¹¹¹ῑ
594 4433 804 4493 Βίεειιθε,
863 4425 914 4479 id
944 4434 1025 4480 est
1065 4431 1301 4501 Maxilua
1344 4431 1648 4496 multitudo,
1682 4429 1731 4489 D
1757 4447 1831 4489 tes
1878 4435 2328 4506 interpretantur,
2371 4433 2446 4486 ilii
2477 4432 2596 4488 falsi
2625 4431 2917 4488 Christiani
2950 4432 3216 4486 bonorum
3243 4431 3340 4486 ad-

137 4501 204 4553 sed
231 4521 624 4573 promoveamur
645 4515 696 4568 in
728 4530 840 4580 eos,
870 4526 924 4570 et
960 4517 1337 4588 disperdamus
1389 4523 1457 4576 de
1493 4531 1653 4592 gente

137 4592 396 4688 auferendo,
421 4605 470 4657 id
501 4615 587 4660 est
611 4606 973 4661 diminuamus
987 4625 1079 4663 eos
1103 4620 1156 4663 ut
1182 4629 1283 4665 non
1312 4613 1419 4667 sint
1444 4625 1650 4684 gentes,

137 4678 174 4731 id
191 4693 258 4738 est
283 4691 572 4760 multitudo,
611 4706 666 4750 et
693 4713 862 4766 usque
888 4699 1019 4752 adeo
1072 4678 1469 4770 disperdamus,
1507 4704 1650 4772 quod

137 4779 214 4822 non
238 4789 527 4836 memoretur
554 4801 739 4838 nomen
783 4785 955 4839 Israel
1005 4787 1167 4854 ultra,
1200 4790 1250 4843 id
1277 4800 1362 4844 est
1395 4793 1528 4846 adeo
1558 4807 1651 4847 eos

137 4854 435 4934 destruamus,
474 4873 618 4942 quod
662 4891 759 4928 nec
795 4879 958 4928 etiam
1007 4877 1230 4932 ulterius
1310 4883 1516 4935 mentio
1559 4883 1652 4936 ﬁat

138 4951 323 5045 nominis
361 4971 564 5028 eortu‘n,
617 4966 704 5033 qui
731 4982 788 5020 se
834 4967 999 5021 lsrael
1027 4985 1148 5023 esse
1181 4971 1388 5025 dicunt.
1435 4974 1652 5030 Diceret

139 5033 323 5107 ali’luis:
351 5049 494 5106 Unde
520 5056 624 5108 erit
651 5065 795 5110 tanta
827 5057 1230 5114 ﬁducianomen
1256 5063 1418 5119 lsrael
1446 5067 1653 5120 exstin-

138 5133 322 5190 Suendi?
343 5140 412 5194 Ad
440 5147 576 5213 quod
606 5150 893 5217 respondet
927 5169 940 5203 :
971 5151 1098 5204 lnde
1118 5163 1201 5207 est
1223 5154 1303 5208 eis
1331 5156 1523 5210 ﬁducia
1557 5173 1652 5211 no-

141 5227 230 5270 men
257 5223 402 5313 lsrael
430 5237 829 5307 exstinguendi,
859 5241 1108 5308 quoniam
1157 5243 1257 5296 hoc
1290 5245 1646 5313 cogitaverunt

139 5312 422 5385 unanimiter,
455 5323 506 5377 id
533 5336 614 5381 est
641 5325 952 5396 cogitabant
1000 5346 1104 5384 una
1133 5332 1271 5385 mala
1322 5312 1598 5391 voluntate
1631 5354 1647 5403 ;

141 5403 287 5455 etnon
331 5412 490 5470 solum
559 5420 911 5489 cogitabant,
992 5424 1085 5476 sed
1140 5424 1319 5490 simul,
1360 5425 1411 5478 id
1467 5435 1550 5482 est
1598 5429 1650 5482 in

143 5494 406 5591 {moenium
434 5507 700 5563 adversum
730 5520 779 5565 te
802 5513 1120 5578 existentes,
1149 5513 1354 5568 scilicet
1381 5517 1473 5570 tibi
1525 5533 1653 5571 con-

144 5578 259 5636 trarii
278 5589 640 5666 disposuerunt,
679 5603 730 5660 id
761 5613 843 5659 est
872 5604 1161 5674 disponent
1199 5605 1338 5660 inter
1375 5621 1433 5662 se
1489 5618 1650 5664 testa-

1751 4525 1978 4581 versarii
2037 4525 2398 4594 accipiuntur,
2443 4525 2534 4594 qui
2571 4525 2808 4579 obscena
2850 4525 3070 4593 potione
3111 4524 3341 4578 luxuria:

1753 4615 1913 4669 nimis
1961 4613 2174 4679 imbuti,
2227 4629 2256 4666 a
2302 4614 2565 4668 honorum
2614 4612 2887 4667 consortio
2927 4613 3148 4680 cadunt,
3180 4614 3341 4668 eteis

1751 4706 2060 4761 omnimode
2099 4705 2476 4759 adversantur.
2523 4703 2652 4758 Dico
2673 4703 2813 4774 quod
2849 4719 3039 4760 onmes
3068 4705 3184 4772 isti,
3215 4705 3342 4760 licet

1753 4799 2110 4854 sacramentis
2137 4797 2532 4853 Ecclesiasticis
2560 4797 2776 4862 initiati,
2801 4797 3005 4853 scilicet
3035 4797 3152 4854 falsi
3175 4799 3339 4853 Chri-

1755 4889 1938 4954 stiani,
1965 4897 2017 4943 et
2050 4887 2366 4959 hypocritte,
2398 4896 2454 4941 et
2477 4887 2725 4942 haeretici
2754 4887 3040 4958 disponent
3061 4898 3339 4942 testamen-

1754 4989 1866 5032 tum
1909 4977 2183 5032 adversum
2228 4986 2276 5030 te
2318 4989 2338 5028 :
2389 4976 2490 5047 ipsi
2524 4977 2645 5032 dico
2672 4977 2969 5033 concordes
3007 4976 3057 5029 in
3088 4977 3192 5030 hoc
3219 4993 3338 5029 cum

1755 5067 2107 5120 habitantibus
2166 5065 2399 5136 Tyrum,
2445 5066 2495 5120 id
2539 5076 2622 5122 est
2673 5083 2798 5122 cum
2853 5066 3224 5121 habitantibus
3281 5065 3337 5120 in

1755 5155 1920 5226 Tyro,
1963 5155 2014 5209 id
2039 5165 2123 5210 est
2151 5155 2200 5208 in
2230 5155 2504 5225 angustia,
2537 5157 2741 5212 scilicet
2769 5171 2889 5210 cum
2920 5153 3224 5212 inﬁdelibus
3244 5155 3340 5224 qui

1755 5248 1807 5300 in
1855 5249 1956 5302 hoc
2003 5255 2354 5314 perseverant
2420 5256 2480 5300 ιιι
2523 5247 2742 5301 omnino
2784 5245 2956 5301 bonos
3005 5247 3336 5316 angustient.

1751 5337 1928 5407 Tyrus
1977 5349 2158 5391 autem
2203 5336 2309 5391 alio
2349 5336 2608 5392 vocabulo
2633 5336 2833 5390 dicitur
2862 5351 2970 5390 sor.
3007 5334 3111 5390 Sor
3138 5337 3338 5404 quippe

1749 5429 1994 5498 angustia
2045 5429 2262 5483 dicitur.
2315 5428 2463 5484 Unde
2506 5443 2624 5481 cum
2683 5427 2882 5498 Tyrum
2933 5437 3134 5496 ponat,
3191 5427 3331 5482 idem

1752 5530 1837 5575 est
1885 5536 1949 5575 ac
2002 5522 2044 5576 si
2097 5521 2302 5576 (liceret
2365 5519 2487 5574 Sor.
2535 5519 2664 5574 Dico
2701 5520 2842 5588 quod
2889 5528 2944 5574 et
2991 5519 3235 5574 inﬁdeles
3281 5527 3336 5574 et

1753 5611 1877 5668 falsi
1941 5610 2261 5681 Christiani,
2315 5620 2368 5667 et
2412 5610 2706 5682 hypocrita:
2753 5620 2807 5668 et
2847 5611 3124 5679 lneretici,
3155 5609 3344 5682 dispo-t
