3840 6338
492 289 628 382 ιοτθ

1056 315 1114 371 S.
1154 313 1500 370 BRUNON‘IS
1531 305 2179 368 CARTllUSlANORUM
2220 304 2708 364 lNSTlTUTORlS
2733 306 2885 364 OPP.
2921 305 3104 364 PARS
3133 307 3175 363 l.

3566 319 3676 377 l080

492 443 625 492 nent
665 439 1002 486 tetamentum
1038 429 1312 481 adversum
1354 436 1402 479 te
1430 441 1448 478 :
1476 425 1543 479 Et
1583 439 1710 478 vere
1765 423 2068 490 disponcut.
2103 423 2146 479 Λ
2180 426 2356 473 tamen
2416 419 2634 473 humum
2681 417 2978 491 impinguat
3022 428 3078 475 et
3113 418 3334 475 fertilem
3365 421 3499 478 facit.
3535 425 3611 484 Sic
3635 442 3677 488 et

564 524 772 578 Etenim
800 522 984 583 Assur,
1027 519 1078 572 id
1103 527 1186 572 est
1218 515 1484 579 diabolus,
1521 515 1675 578 venit,
1710 513 1762 567 id
1787 520 1868 567 est
1896 511 2074 565 veniet

493 631 615 672 cum
655 614 762 669 illis
806 611 1081 673 omnibus,
1120 622 1214 677 per
1251 623 1444 676 pravas
1477 605 1867 675 suggestiones,
1897 612 1953 657 ut
1981 618 2074 657 eos

494 709 596 764 hoc
631 707 920 772 dispoacre
959 700 1140 754 faciat.
1170 698 1420 752 Diabolus
1447 696 1659 765 quidem
1702 697 1838 750 bene
1877 696 2074 749 dicitur

494 799 685 861 Assur,
713 796 766 850 id
793 803 878 847 est
905 793 1134 860 dirigens
1166 790 1248 843 vel
1278 790 1585 857 deprimens,
1614 788 1694 841 vel
1719 788 1928 854 elatus;
1956 789 2072 842 illos

495 889 640 943 enim
685 901 822 955 quos
864 883 1085 951 decipit,
1135 882 1202 935 ad
1247 889 1471 933 mortem
1502 879 1707 949 dirigit,
1737 880 1787 932 id
1817 889 1895 933 est
1926 891 2070 934 recta

496 979 584 1034 via
619 993 711 1048 per
742 984 956 1045 peccata
989 972 1154 1031 ducit.
1199 980 1253 1025 et
1281 969 1450 1023 bonos
1489 985 1588 1038 per
1616 970 1928 1023 instantiam
1959 985 2072 1021 ma-

496 1068 670 1122 lorum
699 1080 918 1136 operum
957 1061 1231 1130 deprimit,
1275 1068 1330 1112 et
1360 1075 1417 1112 se
1443 1073 1658 1126 semper
1686 1068 1874 1112 contra
1903 1057 2070 1111 Deum

497 1167 816 1229 arroganter
853 1154 1079 1208 extollit.
1142 1151 1242 1218 Qui
1287 1151 1532 1206 diabolus
1585 1166 1680 1221 per
1717 1149 2074 1204 Nabuchodo—

496 1265 660 1306 nosor
705 1245 1076 1318 praefiguratus
1104 1253 1209 1307 est,
1249 1242 1338 1311 qui
1375 1244 1440 1295 ad
1468 1243 1749 1295 historiam
1779 1241 2072 1294 multitudi-

495 1356 621 1399 nem
650 1339 889 1409 gentium
919 1337 985 1390 ad
1010 1334 1422 1406 opprimaudum
1450 1332 1783 1387 Hierusalem
1818 1333 2070 1398 adduxit;

496 1409 585 1500 qui
613 1431 774 1484 etiam
801 1428 1299 1482 Nabuchodonosor
1328 1426 1498 1479 Assur
1521 1441 1716 1494 genere
1747 1424 1912 1479 fuisse
1941 1425 2073 1478 dici—

498 1529 603 1574 tur.
631 1521 696 1574 Et
721 1521 795 1575 illi
818 1534 1005 1576 omnes
1029 1519 1156 1589 facti
1181 1529 1323 1580 sunt,
1355 1518 1404 1572 id
1427 1518 1652 1571 estﬁeut
1674 1517 1723 1569 in
1749 1517 2073 1586 adjutorium

494 1605 620 1680 [iliis
653 1613 780 1674 Lot,
831 1611 882 1664 id
912 1619 997 1664 est
1029 1610 1152 1664 filiis
1179 1608 1587 1672 declinationis;
1617 1607 1715 1662 Lot
1743 1609 1885 1661 enim
1913 1607 2073 1661 decli-

495 1705 642 1757 natio
679 1703 898 1758 dicitur.
949 1701 1104 1757 Unde
1131 1716 1228 1772 per
1267 1700 1408 1755 filios
1452 1699 1573 1763 Lot,
1604 1698 1819 1768 maligni
1849 1699 2072 1765 spiritus

2179 511 2423 566 infideles
2451 512 2502 564 in
2534 526 2592 566 se
2623 511 2854 566 fetentes
2879 512 3168 578 etsordidi,
3192 513 3354 568 bonos
3380 524 3678 587 tamen,quos

2175 600 2437 671 afﬂigunt,
2469 615 2564 668 per
2599 600 2974 654 tribulationes
3003 600 3055 652 in
3081 600 3232 655 bonis
3257 603 3494 672 operibus
3513 605 3680 666 fertiles

2173 691 2402 754 faciunt,
2430 699 2485 744 et
2519 691 2697 744 divina
2738 691 2910 760 gratia
2945 691 3319 761 impinguatos.

2246 782 2566 849 Interposita
2611 781 2876 834 divisione
2919 781 3280 836 damnationis
3313 791 3364 835 et
3406 783 3588 849 salutis,
3614 803 3682 842 re-

2172 871 2404 924 vertitur
2448 870 2516 923 ad
2563 869 2970 924 concessionem
3015 871 3370 924 damnationis
3420 887 3582 927 eortun
3608 879 3680 944 qui

2172 961 2345 1014 sacris
2393 959 2719 1014 Christianis
2767 969 2895 1013 sunt
2943 960 3448 1024 initiati,sic:Dico
3472 964 3546 1031 [ac
3571 964 3687 1020 falsis

2171 1051 2494 1105 Christianis
2524 1052 2656 1103 sicut
2685 1048 2906 1102 Madian
2934 1059 2982 1102 et
3012 1048 3227 1104 Sisarw.
3267 1047 3518 1119 Principes
3544 1063 3684 1106 autem

2170 1159 2347 1195 eorum
2369 1158 2500 1210 pauc
2518 1141 2827 1206 sicutOreb,
2851 1150 2896 1194 et
2917 1139 3023 1194 Zeb
3052 1151 3099 1194 et
3125 1140 3304 1206 Zebee,
3325 1151 3372 1195 et
3400 1142 3687 1206 Salmana,id

2171 1241 2256 1286 est
2285 1231 2404 1286 illos
2431 1232 2524 1301 qui
2555 1245 2648 1285 eos
2677 1231 2923 1284 excitant
2951 1231 3016 1283 ad
3043 1245 3283 1285 errorem
3310 1241 3363 1285 et
3389 1232 3449 1285 ad
3474 1233 3687 1288 bonorum

2171 1321 2606 1388 oppressionem,
2641 1335 2774 1385 pone
2817 1319 2870 1372 in
2905 1319 3305 1373 damnationem
3340 1321 3464 1372 sicut
3495 1320 3626 1385 Orci,
3649 1323 3689 1376 id

2171 1419 2252 1464 est
2293 1419 2477 1480 utpote
2527 1409 2648 1464 illos
2689 1409 2780 1480 qui
2821 1417 2946 1464 sunt
2977 1409 3142 1473 Oreb,
3177 1410 3228 1463 id
3257 1419 3338 1464 est
3361 1411 3546 1464 siccitas
3575 1413 3689 1466 velut

2173 1519 2355 1555 corvus
2409 1501 2492 1554 vel
2538 1501 2794 1570 foramen,
2831 1501 3039 1555 scilicet
3075 1501 3167 1569 qui
3195 1511 3318 1553 sunt
3344 1500 3461 1554 sicci
3490 1515 3517 1552 a
3543 1502 3691 1568 gratiae

2173 1591 2434 1660 spiritalis
2480 1607 2630 1654 rore;
2680 1604 2735 1645 et
2764 1585 2994 1645 aliorum
3021 1591 3161 1644 bona
3193 1591 3430 1645 nituntur
3448 1593 3692 1660 exsiccare,

2173 1692 2228 1738 et
2279 1683 2414 1752 nigri
2465 1683 2518 1736 in
2563 1682 2803 1751 peccatis
2845 1682 2896 1735 in
2944 1682 3163 1735 modum
3213 1682 3378 1744 corvi,
3416 1691 3466 1735 et
3499 1682 3692 1736 foramen

494 1793 891 1864 intelliguntur,
938 1792 1050 1862 qui,
1079 1761 1198 1846 cdm
1246 1791 1478 1861 primum
1513 1788 1776 1858 speciales
1805 1788 1899 1842 lilii
1939 1787 2071 1842 fuis-

2180 1771 2439 1840 serpcntis
2459 1811 2473 1834 ,
2521 1770 2574 1823 id
2605 1778 2690 1824 est
2725 1784 2959 1824 caverna
2988 1769 3282 1838 serpentis,
3311 1770 3505 1824 scilicet
3530 1769 3574 1823 in
3599 1769 3693 1838 qui-

493 1892 642 1948 sent,
671 1898 701 1936 a
755 1883 863 1953 Deo
909 1898 1006 1952 per
1050 1883 1414 1950 arrogantiam
1463 1881 1908 1944 declinaverunt;
1956 1883 2068 1952 qui,

493 1974 746 2043 quoniam
796 1988 892 2040 per
933 1987 992 2026 se
1037 1971 1476 2041 bonosqierscqui
1519 1980 1812 2040 nequeunt,
1861 1971 2074 2040 iniquos

492 2080 684 2120 omnes
709 2065 814 2120 sibi
845 2065 898 2125 in
928 2063 1254 2133 adiutorium
1286 2064 1606 2133 adiungunt,
1640 2077 1870 2131 quorum
1898 2061 2074 2118 ofﬁcio

494 2153 811 2208 multimode
845 2153 964 2208 illos
995 2151 1257 2223 afﬂigunt.
1289 2151 1612 2207 Coucessive
1655 2161 1834 2206 autem
1868 2153 1978 2221 agit
2012 2153 2075 2208 de

493 2241 800 2310 perditione
846 2241 1059 2296 illormn
1109 2241 1546 2296 adversariorum
1577 2240 1666 2309 qui
1719 2241 2074 2295 eruntcccle-

496 2333 732 2386 siasticis
786 2333 984 2386 initiati
1031 2332 1407 2395 sacramentis,
1450 2331 1571 2384 sic:
1609 2330 1748 2396 Ergo
1771 2333 1894 2398 quia
1921 2330 2076 2386 Moab

494 2430 549 2474 et
586 2422 764 2474 ca’tcri
812 2421 1096 2490 disponent
1127 2422 1404 2474 adversum
1437 2431 1508 2485 te,
1541 2421 1628 2489 [ac
1664 2421 1769 2474 illis
1799 2421 1930 2474 sicut
1958 2420 2077 2476 Μα-

496 2512 645 2575 dian,
689 2512 742 2565 id
795 2521 877 2566 est
928 2520 1111 2582 utpote
1157 2510 1263 2564 illis
1305 2512 1394 2579 qui
1443 2521 1570 2565 sunt
1612 2511 1850 2576 Madian,
1901 2511 1952 2564 id
1995 2521 2078 2566 cst

495 2600 816 2654 declinantes
851 2601 1139 2670 judicium,
1168 2601 1372 2655 scilicet
1402 2601 1523 2655 falsi
1559 2600 1854 2656 Christiani
1884 2611 1938 2656 et
1967 2602 2076 2655 hce-

496 2690 674 2755 retici,
712 2691 801 2759 qui
842 2690 1182 2760 reputatione
1211 2705 1306 2744 sua
1334 2692 1608 2745 declinant
1634 2689 1898 2758 judicium
1935 2691 2080 2744 futu-

496 2795 642 2845 rum,
684 2779 898 2834 scilicet
951 2795 1057 2833 non
1107 2779 1295 2833 timent
1342 2788 1399 2831 ut
1437 2790 1491 2833 tu
1532 2778 1897 2849 justojudicio
1917 2779 2081 2852 334.

496 2871 719 2926 datnues
769 2884 864 2925 eos
909 2870 962 2923 in
1013 2867 1218 2934 futuro,
1266 2878 1314 2923 et
1373 2869 1602 2935 Sisarw,
1669 2870 1720 2921 id
1770 2877 1854 2922 est
1895 2878 2079 2938 utpote

496 2961 604 3016 illis
649 2963 738 3031 qui
789 2969 915 3016 sunt
953 2961 1159 3024 Sisara,
1200 2961 1251 3015 id
1296 2970 1379 3016 est
1419 2963 1538 3031 equi
1580 2961 1708 3014 risio
1746 2961 1825 3016 vel
1847 2961 2078 3015 exc-lusio

493 3053 694 3122 gaudii,
741 3053 948 3107 scilicet
999 3053 1245 3107 videntes
1293 3052 1345 3105 in
1385 3052 1694 3122 cognitione
1733 3068 1828 3106 sua
1867 3068 2080 3122 semper

494 3156 731 3211 equum,
784 3141 837 3196 id
884 3149 966 3196 est
991 3141 1258 3194 luxuriant
1291 3140 1371 3195 vel
1409 3141 1604 3195 bellqu
1636 3141 2079 3196 contradictionis

495 3242 686 3287 contra
736 3231 927 3298 bonos,
980 3232 1123 3300 quod
1181 3241 1469 3300 utrumque
1511 3247 1606 3300 per
1647 3246 1842 3300 equum
1886 3232 2078 3286 intelli-

497 3323 662 3390 gitur,
693 3323 785 3391 qui
829 3323 1164 3376 luxuriosum
1196 3321 1397 3374 animal
1428 3331 1591 3375 estet
1617 3321 1758 3375 bello
1786 3331 1994 3391 aptum,
2026 3330 2079 3376 et

496 3414 586 3480 qui
621 3413 758 3468 male
790 3414 1016 3467 vivendo
1045 3412 1337 3467 excludunt
1368 3428 1398 3465 a
1426 3427 1484 3466 se
1514 3413 1768 3482 gaudium
1793 3422 2074 3465 a-ternum.

497 3501 564 3558 Et
611 3502 697 3570 fac
747 3503 850 3555 illis
896 3503 1077 3564 Jubin,
1121 3503 1171 3556 id
1215 3511 1300 3557 est
1336 3506 1562 3569 damna,
1608 3512 1790 3572 utpote
1822 3503 1942 3557 illos
1986 3503 2076 3572 qui

499 3605 622 3650 sunt
649 3593 830 3657 Jubin,
864 3595 915 3648 id
941 3603 1023 3648 est
1049 3594 1337 3648 intellectus
1365 3594 1446 3647 vel
1476 3595 1679 3664 sapiens
1705 3610 1724 3648 .'
1755 3593 1961 3648 scilicet
1987 3595 2077 3662 qui

499 3681 558 3740 Se
591 3694 836 3752 reputant
867 3686 1138 3740 subtiliter
1168 3685 1552 3754 intelligentes,
1580 3702 1701 3740 cum
1726 3686 1938 3740 erronei
1967 3686 2078 3740 sint

499 3784 553 3828 et
594 3776 864 3844 sapientes
902 3776 1236 3832 solummodo
1272 3776 1529 3830 carnalia.
1577 3775 1687 3831 lloc
1717 3778 1932 3847 quidem
1966 3777 2076 3830 luc-

500 3865 684 3920 reticis
723 3868 995 3922 convenit.
1029 3867 1176 3922 Sicut
1228 3867 1446 3921 Madian
1489 3877 1535 3921 et
1573 3866 1789 3934 Sisarw,
1824 3878 1870 3921 et
1918 3867 2079 3922 Jabiu

501 3956 654 4020 dico,
687 3957 1048 4012 existentibus
1078 3960 1131 4012 in
1159 3969 1404 4023 torrente,
1439 3959 1488 4012 id
1518 3968 1600 4012 est
1633 3959 1683 4011 in
1715 3959 1878 4012 nimia
1909 3965 2082 4012 abun-

499 4049 684 4102 dantia
709 4048 924 4116 Cissou,
955 4050 1005 4104 id
1029 4058 1112 4104 est
1144 4049 1376 4115 ἀίω-ἰήιε,
1398 4049 1603 4103 scilicet
1626 4049 1715 4117 qui
1743 4049 2080 4104 abundanter

500 4154 626 4198 sunt
672 4145 724 4197 in
775 4144 1001 4212 perlidia
1048 4141 1305 4198 indurati.
1353 4141 1588 4197 Torrens
1623 4157 1751 4197 vero
1782 4158 1881 4211 pro
1905 4143 2078 4196 abun-

500 4236 684 4290 dantia
725 4236 966 4307 ponitur,
1011 4250 1076 4291 eo
1123 4233 1265 4306 quod
1311 4235 1466 4303 aquis
1522 4233 1750 4288 nimium
1797 4234 2076 4288 exuberet.

499 4325 629 4382 Dico
673 4330 814 4396 quod
862 4327 1086 4382 initiatis
1129 4326 1486 4382 sacramentis
1529 4326 1766 4380 concedo
1801 4335 1857 4379 ut
1910 4325 2080 4379 facias

2171 1861 2274 1915 bus
2309 1861 2516 1915 habitat
2560 1861 2806 1916 diabolus
2834 1862 2925 1931 qui
2963 1861 3390 1916 antonomastice
3412 1875 3605 1930 serpens
3627 1875 3697 1914 vc-

2173 1953 2382 2008 nenifer
2409 1953 2627 2007 dicitur.
2659 1955 2741 2007 Ac
2776 1969 2873 2022 per
2897 1968 3035 2022 quos
3060 1954 3226 2007 etiam
3257 1953 3430 2006 sibilat
3459 1963 3508 2005 et
3531 1952 3696 2022 pungit,

2173 2042 2300 2095 dum
2349 2057 2537 2096 eorum
2586 2041 2781 2112 linguae
2810 2041 2986 2096 cilicio
3016 2043 3260 2111 perﬁdia:
3288 2051 3340 2096 et
3362 2043 3545 2094 erroris
3573 2056 3699 2094 vene-

2174 2150 2301 2188 nmn
2337 2135 2459 2188 aliis
2503 2135 2720 2203 ingerit,
2766 2149 2794 2186 a
2837 2133 3191 2188 similitudine
3239 2132 3513 2203 serpentis,
3553 2132 3628 2201 qui
3658 2133 3698 2184 in

2173 2222 2534 2278 foraminibus
2575 2233 2630 2278 et
2671 2224 2923 2278 cavernis
2973 2224 3250 2287 habitans,
3296 2224 3414 2278 inde
3441 2223 3624 2287 sibilat,
3660 2232 3701 2275 et

2174 2317 2490 2370 accedentes
2533 2316 2598 2369 ad
2637 2331 2706 2370 se
2753 2315 2964 2384 pungit,
3008 2323 3065 2369 et
3111 2315 3194 2370 eis
3241 2331 3494 2370 vencnmu
3528 2314 3699 2383 ingerit.

2176 2407 2288 2462 Hoc
2334 2417 2513 2462 autem
2544 2409 2816 2463 hasreticis
2847 2408 3122 2463 convenit.
3166 2408 3237 2462 Et
3264 2410 3391 2462 sicut
3416 2406 3530 2471 Zeb,
3555 2407 3598 2460 id
3622 2415 3701 2468 est,

2177 2509 2358 2568 utpote
2402 2499 2521 2554 illos
2550 2501 2639 2569 qui
2673 2508 2800 2554 sunt
2830 2499 2962 2564 Zeb,
3004 2500 3055 2552 id
3087 2509 3170 2553 est
3214 2500 3404 2567 lupus;
3443 2499 3704 2552 deierantes

2178 2589 2312 2643 alios
2350 2589 2678 2653 tribulando,
2719 2589 2785 2642 ad
2818 2590 3034 2644 modum
3067 2590 3200 2660 lupi.
3237 2589 3303 2643 Et
3332 2591 3427 2643 hoc
3457 2589 3706 2642 infidelibus

2177 2681 2468 2742 convenit,
2513 2690 2569 2735 et
2616 2681 2706 2750 qui
2753 2691 2880 2736 sunt
2929 2680 3125 2747 Zebce,
3174 2682 3233 2737 id
3263 2691 3344 2736 est
3381 2680 3705 2748 rictimalspi,

2178 2776 2406 2838 scilicet,
2433 2775 2520 2842 qui
2568 2791 2664 2844 per
2707 2790 2870 2844 opera
2919 2775 3058 2829 mala
3100 2775 3320 2829 diabolo
3354 2773 3638 2832 sacriﬁcant,
3667 2780 3707 2824 et

2179 2865 2317 2920 alios
2367 2865 2678 2919 sacrificare
2725 2865 2974 2934 cupiunt,
3020 2865 3110 2933 qui
3144 2864 3308 2934 lupus
3347 2879 3498 2932 rapax
3528 2872 3709 2916 antono-

2180 2961 2406 3015 mastice
2431 2960 2647 3015 dicitur.
2685 2959 2797 3013 lloc
2818 2975 2946 3014 vero
2969 2961 3220 3030 congruit
3252 2958 3398 3012 falsis
3414 2951 3706 3010 Christianis.

2181 3065 2238 3105 et
2283 3053 2374 3122 qui
2406 3061 2530 3106 sunt
2575 3050 2853 3114 Salntana,
2887 3051 2938 3104 id
2967 3039 3049 3104 est
3085 3051 3275 3104 umbra
3306 3047 3628 3104 commotionis
3649 3041 3711 3097 vel

2183 3144 2564 3207 consummati,
2604 3143 2813 3197 scilicet
2857 3143 2947 3210 qui
2979 3152 3105 3196 sunt
3143 3142 3334 3197 faciles
3361 3142 3425 3194 ad
3472 3139 3561 3193 hoc
3591 3147 3638 3190 ut
3662 3135 3711 3189 ad

2180 3248 2340 3288 omne
2397 3234 2594 3292 malum
2641 3242 3118 3297 commoveantur,
3173 3242 3236 3287 ut
3288 3233 3469 3286 umbra
3519 3244 3622 3299 quae
3662 3227 3712 3279 ad

2181 3323 2399 3377 modum
2446 3323 2576 3376 solis
2621 3330 2892 3386 movetur,
2932 3331 2986 3375 et
3024 3321 3116 3390 qui
3165 3329 3297 3375 sunt
3342 3321 3539 3381 umbra,
3580 3317 3622 3370 id
3653 3323 3715 3369 est

2183 3412 2492 3468 obumbrati
2545 3409 2789 3464 ctecitate
2821 3450 2836 3472 ,
2890 3409 3026 3463 etin
3069 3407 3278 3461 malitia
3313 3404 3653 3465 consummati,
3677 3403 3716 3454 id

2179 3517 2210 3558 e
2243 3513 2262 3558 t
2291 3502 2529 3573 perfecti.
2562 3502 2819 3572 Adiungit
2843 3502 3002 3555 etiam
3029 3515 3252 3555 causam
3295 3513 3458 3569 quare
3481 3498 3539 3551 de
3563 3507 3714 3550 eorum

2182 3596 2480 3666 dejectione
2528 3595 2608 3649 sic
2643 3595 2957 3648 coneessive
2985 3603 3131 3662 agat.
3159 3591 3294 3646 Dico
3319 3606 3447 3660 pone
3472 3588 3519 3642 in
3542 3588 3716 3641 damna-

2167 3681 2382 3741 tionem
2427 3687 2734 3755 principes,
2781 3701 2957 3738 omnes
3001 3685 3265 3753 principes
3297 3701 3493 3748 eorum,
3518 3693 3717 3748 mquam,

2178 3781 2268 3850 qui
2311 3781 2582 3844 dixerunt,
2633 3778 2685 3831 id
2733 3787 2813 3832 est
2845 3779 2936 3847 qui
2970 3778 3150 3832 dicent
3201 3779 3406 3833 scilicet
3438 3792 3556 3830 voce
3581 3815 3595 3841 ,
3627 3772 3719 3842 qui.

2181 3872 2304 3925 dam
2353 3879 2532 3924 autem
2569 3870 2707 3923 mala
2745 3868 3059 3935 affectione,
3101 3870 3325 3940 quidam
3367 3885 3488 3925 vero
3512 3869 3719 3921 dixerunt

2183 3961 2294 4030 ipsa
2337 3960 2708 4028 persecutione
2738 3978 2750 4014 :
2777 3960 3118 4025 luvrcditate,
3180 3961 3232 4014 id
3291 3969 3374 4015 est
3423 3953 3719 4012 lncreditario

2183 4055 2366 4118 modo,
2391 4053 2752 4123 possideamus
2795 4053 2848 4107 in
2889 4052 3128 4106 dominio
3180 4063 3370 4107 nostro
3411 4048 3720 4105 sanctuaritun

2183 4144 2299 4207 Dei,
2335 4145 2386 4199 id
2408 4153 2490 4200 est
2531 4153 2778 4198 sanctum
2823 4143 3075 4214 populum
3111 4143 3226 4208 Dei,
3264 4143 3467 4198 scilicet
3496 4142 3561 4193 ita
3585 4134 3721 4204 possi-

2183 4237 2409 4291 deamus
2449 4245 2503 4290 et
2552 4236 2619 4289 ad
2651 4235 2857 4288 libitum
2907 4245 3150 4289 nostrum
3175 4235 3487 4290 excolamus
3512 4228 3719 4302 populum

2183 4327 2299 4389 Dei,
2325 4343 2421 4381 ceu
2456 4327 2680 4395 quilibet
2701 4326 2861 4397 335
2885 4327 3256 4382 Increditatem
3286 4344 3437 4384 suam
3464 4328 3525 4382 ad
3549 4324 3718 4378 libitum

499 4417 640 4472 sicut
687 4419 988 4473 faciendum
1033 4403 1144 4484 est,
1186 4417 1252 4471 de
1300 4432 1529 4486 quorum
1581 4415 1929 4470 damnatione
1971 4431 2076 4470 non
2112 4433 2337 4496 Dsuum
2401 4419 2640 4487 possidet
2689 4428 2742 4472 et
2789 4419 3007 4472 excolit.
3059 4419 3137 4474 Ac
3183 4425 3227 4473 si
3281 4421 3466 4474 dicat:
3511 4417 3617 4471 Ideo
3647 4425 3720 4466 eos

500 4519 582 4562 est
610 4511 830 4564 omnino
857 4519 1133 4574 constans,
1162 4524 1226 4564 eo
1241 4509 1382 4578 quod
1412 4507 1597 4562 fideles
1625 4522 1747 4563 esse
1773 4507 2078 4572 videantur;

503 4598 568 4651 de
621 4598 966 4653 dantuatioue
1034 4614 1166 4653 vero
1202 4596 1522 4652 -infidelium
1572 4611 1678 4651 non
1729 4605 1946 4666 Oportet
1995 4613 2080 4650 me

502 4686 814 4741 concessive
851 4703 1047 4757 agere,
1086 4703 1210 4742 cum
1245 4686 1358 4754 jam
1388 4686 1439 4740 in
1486 4686 1776 4740 manifesto
1831 4687 1923 4740 sit.
1973 4685 2075 4754 Ipsi

502 4786 740 4838 naque
788 4775 843 4826 in
876 4775 1060 4828 Endor
1089 4778 1386 4834 existentes
1409 4816 1424 4842 ,
1465 4775 1840 4844 disperierunt,
1874 4775 2080 4828 scilicet

502 4867 798 4921 existentes
825 4865 1161 4920 solummodo
1188 4868 1240 4920 in
1271 4869 1413 4936 [ante
1443 4867 1792 4937 generationis
1815 4875 1869 4920 et
1895 4866 2080 4920 nolen-

505 4963 586 5009 tes
615 4970 733 5010 esse
763 4955 814 5010 in
851 4954 998 5012 fonte
1024 4957 1466 5026 regenerationis,
1496 4958 1546 5012 id
1573 4969 1654 5012 est
1680 4957 1732 5010 in
1757 4956 2078 5012 carnalitate

502 5063 600 5101 sua
647 5047 875 5113 scilicet,
925 5049 1120 5116 inqua
1164 5049 1403 5116 generati
1448 5059 1594 5114 sunt,
1629 5050 1854 5118 ideoque
1884 5048 2083 5104 dicitur

505 5135 649 5201 fons,
673 5137 724 5190 id
749 5144 832 5191 est
858 5137 1011 5207 origo
1034 5137 1491 5204 generationis,et'
1521 5138 1762 5192 nolentes
1789 5139 2080 5208 pervenire

502 5227 568 5280 ad
622 5228 914 5297 baptisma,
944 5229 1084 5298 quod
1113 5225 1235 5281 fons
1277 5234 1360 5280 est
1384 5227 1582 5281 salutift
1604 5244 1675 5285 ra:
1710 5229 2082 5297 regeneratio-

502 5318 607 5382 nis,
642 5320 998 5389 disperibunt,
1033 5320 1083 5375 id
1116 5328 1198 5374 est
1223 5318 1443 5373 omnino
1471 5319 1746 5389 peribunt.
1803 5320 1866 5373 Et
1891 5336 2080 5388 quaru-

501 5409 584 5464 vis
629 5411 852 5465 omnino
893 5421 1148 5482 pereant,
1187 5428 1291 5466 non
1325 5418 1504 5466 tamen
1535 5411 1706 5464 videri
1738 5410 1934 5464 debent
1965 5411 2081 5464 inu-

504 5500 669 5558 tiliter
714 5517 835 5558 esse
901 5503 1181 5560 nascituri.
1249 5501 1380 5556 Nam
1438 5502 1566 5570 facti
1617 5513 1736 5556 sunt
1788 5512 1842 5554 ut
1885 5513 2081 5555 stercus

501 5597 684 5658 terrm,
739 5593 789 5648 id
835 5601 915 5648 est
959 5594 1352 5662 comparabiles
1401 5593 1664 5657 stercori,
1709 5593 1834 5646 limo
1876 5593 2083 5646 scilicet

505 5696 665 5748 Super
712 5697 910 5742 terram
957 5687 1236 5750 disperso;
1267 5686 1380 5747 qui,
1407 5686 1528 5742 licet
1573 5687 1622 5741 in
1667 5704 1723 5740 se
1764 5684 1961 5738 fetidus
1986 5684 2080 5747 sit,

2183 4528 2334 4580 pone,
2361 4511 2487 4580 quia
2519 4511 2698 4565 dicent
2726 4525 2739 4564 :
2769 4511 3127 4581 possideamus
3155 4511 3514 4566 sanctuarium
3541 4505 3720 4562 Dcilur-

2187 4601 2430 4655 rerlitate.

2253 4691 2504 4746 Ostendit
2553 4691 2768 4762 quidem
2819 4693 3090 4762 quomodo
3155 4694 3419 4748 concedat
3469 4704 3556 4744 eos
3596 4682 3719 4758 poni.

2183 4797 2306 4838 eum
2359 4781 2436 4836 sic
2469 4782 2664 4836 addit:
2711 4783 2840 4838 Dico
2894 4800 3028 4852 pone
3077 4783 3356 4852 principes,
3401 4780 3593 4836 scilicet
3639 4774 3722 4826 hoc

2187 4875 2347 4927 modo
2389 4891 2540 4942 pone,
2570 4890 2603 4928 0
2628 4874 2765 4928 Deus
2789 4889 2962 4938 meus,
2989 4891 3120 4942 pone
3145 4874 3262 4928 illos
3295 4875 3382 4928 hic
3411 4882 3463 4926 ut
3493 4878 3660 4928 rotant,
3682 4860 3722 4913 id

2190 4975 2274 5018 est
2327 4966 2532 5020 similes
2593 4976 2747 5029 rotas,
2779 4975 2837 5020 ut
2873 4965 3155 5019 eleventur
3183 4965 3233 5018 in
3266 4959 3650 5032 posterioribus,
3681 4948 3720 5002 i'J

2187 5065 2273 5108 est
2301 5055 2351 5108 in
2385 5055 2636 5120 terrenis,
2668 5071 2789 5125 qua:
2813 5064 2930 5125 post
2963 5063 3173 5123 tergum
3211 5067 3426 5120 semper
3453 5048 3722 5112 relinquun°

2189 5154 2296 5208 tur,
2329 5147 2454 5201 dum
2509 5154 2810 5208 transeunt,
2844 5142 3247 5211 etdejiciantur
3286 5143 3338 5196 in
3381 5132 3722 5193 anterioribus,

2190 5237 2400 5291 scilicet
2437 5238 2490 5290 in
2524 5237 2680 5290 bouis
2715 5234 3046 5297 coelestibus,
3095 5248 3163 5287 ne
3187 5249 3246 5286 ea
3293 5229 3656 5298 adipiscantur,
3679 5226 3724 5268 ut

2186 5335 2538 5395 pra'sumunt,
2583 5309 2700 5394 quae
2741 5324 3014 5378 anteriora
3045 5331 3193 5386 sunt,
3227 5322 3276 5375 id
3315 5328 3399 5373 est
3427 5316 3586 5370 adhuc
3621 5321 3722 5359 ven-

2187 5428 2348 5482 tura;
2386 5416 2450 5470 ad
2492 5415 2900 5470 similitmliucm
2952 5424 3102 5477 rotat,
3136 5429 3253 5482 qtne
3291 5411 3343 5463 in
3376 5399 3722 5478 posterioribus

2185 5509 2426 5561 elevatur
2465 5506 2600 5558 etin
2643 5504 3006 5557 anterioribus
3052 5503 3314 5570 dejicitur.
3348 5497 3496 5565 Quod
3537 5501 3610 5546 est
3654 5487 3720 5540 di.-

2186 5608 2309 5649 cere
2347 5595 2639 5649 :Pcrtnittc
2685 5611 2778 5649 eos
2830 5595 2879 5648 in
2913 5594 3262 5648 saecularibus
3324 5581 3633 5660 prosperari,
3676 5583 3721 5626 ιιι

2187 5685 2240 5740 in
2290 5685 2599 5741 caelestibus
2643 5684 2984 5750 deiicianlur,
3011 5693 3211 5739 etuone
3259 5680 3373 5736 illos
3421 5681 3545 5733 sicut
3586 5670 3720 5726 stius-
