3840 6338
121 485 220 544 tam,
249 486 355 530 ante
383 471 585 546 facient,
608 468 662 524 id
686 475 768 524 est
796 475 922 524 ante
948 469 1204 541 impetum
1233 471 1390 536 venti,
1412 468 1638 534 scilicet,
1676 476 1714 528 A

123 571 250 627 utsic
277 564 534 622 instabiles
574 562 682 616 sint
713 547 766 616 et
793 562 1164 618 inconstantes
1217 564 1470 618 resistere
1517 579 1643 633 sng-

113 653 402 734 igestiouibus
445 654 660 718 diaboli,
710 655 852 709 sicut
900 655 1096 724 stipula
1141 656 1412 710 eradicata
1456 655 1645 708 incon-

123 759 238 804 stans
261 754 334 799 est
360 755 477 798 ante
505 744 761 812 impetum
789 744 934 798 venti
960 761 974 810 ;
1005 755 1059 798 et
1083 745 1133 798 in
1169 745 1348 798 futuro
1373 762 1646 816 perseque-

123 841 177 893 ris
213 837 314 893 illos
366 839 417 890 in
463 845 760 904 tempestate
801 845 916 899 tua,
959 837 1010 890 id
1040 848 1125 892 est
1171 838 1221 890 in
1277 836 1482 905 judicio
1530 847 1642 904 tuo,

122 931 231 1002 quod
265 921 448 984 dicitur
472 935 785 998 tempestas,
817 943 882 982 eo
909 929 1052 998 quod
1089 930 1262 984 bonos
1288 946 1315 983 a
1347 929 1504 983 malis
1557 946 1644 984 se-

123 1024 311 1093 parabit,
343 1030 397 1076 ut
420 1030 708 1090 tempestas
737 1036 904 1089 grana
951 1031 1165 1089 separat
1199 1039 1226 1076 a
1255 1023 1441 1092 paleis,
1468 1022 1648 1092 paleas

123 1116 313 1185 rapiens,
343 1123 395 1169 et
417 1129 580 1183 grana
623 1113 924 1170 dimittens.
979 1101 1087 1170 Seu
1143 1116 1306 1169 etiam
1357 1125 1649 1186 tempestas

122 1207 297 1267 dicitur,
324 1205 543 1274 eoquod
581 1203 757 1274 ipsum
786 1205 1100 1276 angelorum
1155 1207 1440 1262 multitudo
1479 1209 1649 1262 comi-

123 1297 300 1362 tabitur,
323 1297 456 1366 quod
479 1295 651 1350 bonos
676 1311 704 1349 a
736 1296 894 1350 malis
921 1298 1212 1366 separabit,
1239 1299 1306 1352 ad
1335 1299 1647 1353 similitudi-

122 1403 213 1443 nem
239 1387 571 1456 tempestatis,
597 1386 750 1454 juxta
777 1390 920 1458 quod
956 1389 1082 1443 alibi
1135 1391 1368 1460 legitur:
1403 1410 1419 1442 ι
1457 1391 1512 1444 In
1540 1392 1649 1444 cir—

122 1478 235 1532 cuitu
277 1477 381 1544 ejus
433 1487 726 1544 tempestas
773 1479 950 1533 valida
1003 1480 1177 1548 (Psal.
1207 1482 1482 1549 xux,‘2);
1523 1502 1541 1534 ι
1594 1491 1642 1536 et

121 1579 212 1639 post
235 1576 589 1636 tempestatem
618 1571 678 1623 in.
709 1571 810 1634 ira,
850 1571 900 1625 id
935 1580 1018 1626 est
1048 1577 1099 1626 in
1125 1572 1361 1626 vindicta
1392 1583 1482 1627 tuo
1533 1586 1648 1626 tur-

123 1661 233 1714 babis
256 1678 354 1724 cos,
384 1677 500 1716 cum
534 1661 586 1714 in
613 1661 916 1731 gehennam
946 1663 1085 1732 ignis
1109 1663 1299 1717 mtcrni
1343 1665 1644 1718 mittentur.

124 1751 223 1805 Dico
249 1753 574 1823 persequeris,
616 1753 690 1806 ita
725 1753 938 1808 scilicet
985 1755 1329 1824 persequeris
1353 1765 1486 1808 sicut
1513 1757 1646 1825 ignis

121 1843 408 1912 persequitur
426 1843 631 1910 silvam,
651 1846 1008 1916 quicomburit
1029 1865 1143 1901 eam
1165 1865 1178 1912 ;
1203 1857 1376 1903 etnon
1400 1849 1613 1918 qualem
1628 1881 1647 1891 -
1683 1841 1723 1898 B

123 1949 294 2002 cunque
360 1934 572 1998 silvam,
644 1937 737 1990 sed
807 1937 941 1991 sicut
1006 1940 1244 2008 ﬂamma,
1295 1939 1346 1992 id
1389 1949 1467 1994 est
1510 1941 1646 2008 ignis

120 2016 286 2072 ﬂamma
306 2059 320 2084 ,
344 2020 648 2074 comburens
695 2033 919 2088 montes,
955 2023 1006 2078 id
1029 2032 1112 2078 est
1144 2024 1310 2080 silvas
1360 2027 1645 2089 montium,

123 2113 412 2180 persequitur
441 2111 585 2176 ipsas
611 2124 898 2169 montanas
924 2115 1109 2170 silvas.
1139 2116 1291 2183 Quod
1317 2119 1605 2174 estdicere
1631 2138 1644 2174 :

124 2199 236 2255 Sicut
272 2203 397 2272 ignis
422 2203 473 2258 in
510 2204 663 2260 silvis
687 2206 950 2261 montium
983 2208 1074 2262 ubi
1103 2207 1395 2264 violentior
1417 2220 1521 2273 est,
1553 2227 1649 2280 pro

121 2291 252 2345 nimio
295 2295 481 2363 impetu
531 2306 843 2358 ventorum.
889 2300 1023 2353 adeo
1056 2300 1200 2369 ipsas
1241 2301 1408 2356 silvas
1462 2316 1647 2371 perse-

121 2381 262 2449 quitur
284 2393 411 2438 utex
446 2395 556 2440 toto
586 2387 853 2451 destruat,
877 2387 956 2443 sic
981 2397 1036 2443 et
1065 2399 1144 2452 tu,
1178 2389 1335 2452 Deus,
1379 2390 1431 2443 in
1471 2391 1650 2446 futuro

118 2471 228 2541 justo
247 2475 431 2545 judicio
459 2479 786 2548 persequeris
811 2496 919 2542 eos,
945 2489 1002 2533 ιιι
1031 2481 1252 2534 ctnnino
1275 2481 1488 2550 perdas.
1519 2479 1652 2535 Orat

123 2559 268 2618 auteni
286 2566 344 2619 de
378 2567 548 2621 salute
589 2569 950 2637 quorumdam
1011 2570 1315 2638 principum
1367 2571 1653 2625 salt-ando-

123 2667 252 2708 rum:
297 2657 418 2712 Dico
459 2675 595 2727 pone
632 2660 894 2728 principes
940 2671 993 2714 ut
1045 2672 1235 2727 rotant,
1272 2662 1392 2717 illos
1441 2663 1652 2717 scilicet

123 2744 467 2810 qnidamnandi
507 2760 656 2806 sunt.
687 2750 848 2817 facies
888 2762 1062 2805 autent
1098 2770 1297 2816 eorum,
1335 2753 1384 2806 id
1411 2765 1489 2808 est
1523 2771 1653 2808 con-

123 2837 330 2897 scientias
356 2843 692 2913 quoruudam
725 2858 914 2896 eorum
945 2844 1327 2897 salvandorunt
1363 2845 1518 2912 imple
1564 2847 1652 2900 hic

123 2935 376 3001 ignominia,
425 2935 473 2988 id
511 2945 600 2988 est
639 2936 984 2997 verecundia,
1017 2935 1222 2988 scilicet
1255 2943 1313 2988 ut
1367 2951 1426 2988 se
1458 2952 1654 3005 cogno-

123 3036 237 3080 scant
283 3027 662 3096 ignominiosos
693 3027 818 3096 quia
858 3035 1244 3096 peccaverunt,
1296 3036 1349 3081 et
1391 3030 1467 3082 sic
1503 3044 1651 3081 verc-

123 3121 386 3174 cnntlentur.
435 3119 500 3174 Et
549 3135 652 3190 per
705 3119 829 3184 hoc,
886 3135 920 3175 ο
966 3120 1213 3186 Domine,
1238 3130 1470 3190 quwrent
1519 3119 1654 3174 bene

123 3207 300 3264 vivendo
325 3228 499 3264 nomen
543 3221 714 3272 tuum,
751 3210 912 3264 idest
957 3211 1220 3264 honorem
1258 3211 1492 3264 nominis
1523 3212 1601 3264 tui
1634 3229 1648 3275 ;
1684 3186 1725 3245 (ἶ

123 3301 394 3356 conscientia
430 3303 648 3370 quidem
688 3302 811 3356 ideo
864 3301 1030 3356 facies
1061 3302 1284 3366 dicitur,
1337 3303 1461 3373 quia
1515 3303 1654 3358 sicut

124 3387 162 3440 in
181 3389 292 3445 facie
331 3393 505 3457 rubor,
539 3392 634 3462 qui
668 3393 1008 3447 verecundize
1034 3393 1244 3463 signum
1272 3402 1376 3458 est,
1404 3403 1648 3464 apparet,

125 3476 175 3530 ita
193 3479 236 3532 in
258 3483 575 3537 conscientia
607 3483 720 3550 ipsa
752 3483 1076 3539 verecundia
1106 3492 1304 3537 manet.

175 3572 442 3630 lievertitur
463 3586 648 3630 autem
671 3576 737 3629 ad
763 3577 1171 3630 concessionem
1197 3576 1650 3639 damnandornm,

124 3662 353 3722 siczbico
400 3678 460 3723 ιιι
509 3669 682 3722 facies
713 3668 1096 3722 salvandorum
1146 3666 1472 3738 impleantur
1502 3670 1654 3739 igno-

123 3752 268 3821 minia,
322 3758 610 3813 damnandi
668 3766 850 3812 autem
901 3757 954 3811 itt
1013 3757 1196 3812 futuro
1250 3758 1554 3812 erubescant
1587 3761 1653 3814 ad

123 3839 347 3909 damnum,
377 3848 460 3916 qui
491 3849 583 3902 hic
614 3847 939 3902 erubescere
969 3847 1156 3902 nolunt
1184 3848 1248 3902 ad
1278 3849 1643 3912 commodum,

121 3937 512 3992 ctconturbcntur
537 3941 596 3993 in
623 3939 873 3994 sarculum
916 3939 1118 4005 swculi,
1151 3941 1202 3995 id
1255 3949 1336 3995 est
1359 3940 1574 3994 doleant
1599 3942 1649 3996 itt

121 4035 376 4092 tete-ruunt;
426 4032 623 4101 repetit
679 4043 737 4086 ιιι
789 4033 972 4097 addat,
1033 4043 1080 4087 et
1127 4033 1538 4101 confumlcntur,
1573 4034 1654 4087 in-

121 4127 264 4184 Quam,
311 4120 359 4175 id
419 4132 504 4177 est
577 4124 988 4186 conturbentur,
1051 4131 1099 4176 et
1159 4132 1375 4192 pereant
1449 4134 1650 4178 interna

39 4283 42 4286 Ι
122 4218 276 4276 morte,
302 4222 352 4266 et
382 4226 507 4270 tunc
559 4225 873 4283 cognoscant
909 4215 1053 4286 quod
1088 4215 1176 4269 hic
1198 4230 1526 4284 cognoscere
1557 4233 1654 4270 no-

123 4292 222 4361 lent,
255 4302 448 4358 scilicet
486 4305 628 4374 quod
659 4305 752 4357 tibi
785 4313 868 4359 est
894 4322 1079 4359 nomen
1109 4305 1266 4368 Deus,
1298 4304 1350 4360 id
1399 4315 1482 4360 est
1511 4307 1653 4375 quod

123 4387 457 4459 tusolusjuste
497 4394 642 4449 Deus
676 4395 910 4458 vocaris,
945 4395 995 4448 id
1036 4407 1120 4450 est
1156 4396 1406 4459 Creator,
1439 4397 1654 4451 elatius

123 4486 200 4586 litin
221 4489 288 4534 est
326 4493 517 4550 praeter
551 4493 624 4549 te,
654 4493 706 4538 et
736 4485 876 4553 quod
934 4493 988 4538 tu
1022 4485 1169 4540 solus
1224 4503 1280 4540 es
1325 4485 1651 4551 Altissimus,
1686 4531 1729 4586 υ

123 4560 162 4616 id
179 4577 247 4621 est
283 4570 631 4644 Omnipotens
661 4575 947 4630 dominans
987 4593 1142 4644 super
1183 4592 1388 4629 omnem
1424 4587 1644 4640 terram;

122 4651 179 4709 Ac
195 4657 231 4711 si
253 4659 380 4716 dicat
407 4681 420 4716 :
453 4664 581 4718 dum
609 4665 699 4719 hic
721 4681 850 4719 suas
883 4664 1188 4720 voluntates
1215 4664 1415 4718 facient
1451 4673 1503 4720 et
1534 4675 1655 4721 tuas

123 4756 352 4830 spernent,
381 4769 437 4808 se
466 4755 561 4809 tibi
610 4755 1012 4821 assimilabunt,
1045 4765 1097 4809 et
1133 4765 1187 4809 te
1230 4755 1403 4810 solum
1435 4753 1654 4810 Altissi-

124 4846 235 4891 mum
259 4855 366 4897 esse
414 4860 518 4898 non
553 4847 856 4914 putabunt;
888 4847 1032 4916 quod
1091 4847 1310 4900 tandem
1362 4846 1415 4900 in
1472 4846 1656 4902 futuro

123 4934 421 5000 cognoscent,
449 4950 572 4988 cum
595 4934 742 5004 jnsle
773 4935 1054 5003 peribunt.

485 5025 552 5080 IN
578 5026 911 5082 PSALMUM
952 5025 1234 5081 LXXXIII.

172 5105 344 5168 Psaltni
392 5118 708 5186 octogesimi
759 5119 904 5172 tertii
961 5117 1192 5172 titulus:
1241 5118 1306 5173 In
1357 5119 1514 5188 ﬁnem
1562 5134 1656 5187 pro

124 5202 445 5272 torcularibus,
473 5213 596 5280 [iliis
637 5211 807 5264 Citore
839 5211 1093 5280 psalmus.
1126 5212 1277 5280 Quod
1306 5212 1386 5267 sic
1433 5214 1660 5281 exponi-

127 5294 220 5344 tur:
251 5295 484 5358 Psalmns
531 5305 631 5359 iste
676 5313 760 5359 est
788 5305 1164 5358 attribuendus
1214 5305 1478 5374 adoptivis
1530 5306 1654 5374 ﬁliis

126 5377 274 5448 Cltorc,
304 5390 472 5456 idest,
495 5395 752 5464 perfectis
775 5395 1138 5451 ituitatoribns
1185 5399 1452 5467 passionis
1501 5399 1657 5452 Chri-

126 5471 193 5566 f‘ii.
221 5485 486 5548 agentibus
517 5503 613 5554 pro
644 5488 1007 5542 torcularibus
1060 5490 1366 5545 valentibus
1395 5492 1446 5545 in
1475 5491 1655 5560 ﬁnem,

127 5559 166 5610 Id
189 5577 276 5631 est,
305 5577 577 5642 agentibus
615 5593 714 5647 pro
736 5567 738 5570 ’
760 5566 1028 5647 prcssitris
1055 5581 1483 5646 trilmlatiouunt,
1537 5598 1657 5650 qua:

127 5651 175 5702 ad
197 5653 284 5714 hoc
311 5665 481 5720 valent
511 5677 566 5723 ut
593 5671 868 5740 parientes
923 5687 982 5726 se
1014 5672 1213 5727 ducant
1265 5674 1317 5728 in
1371 5674 1554 5741 linem,
1599 5676 1649 5728 id

127 5748 192 5792 θδι
225 5749 590 5812 perfectionem
661 5767 880 5815 teternte
944 5760 1313 5816 beatitudinis.
1376 5760 1469 5818 Vel
1521 5761 1650 5835 ﬁliis

953 347 1316 407 EXPOSI'I‘IO
1351 349 1419 405 IN
1459 351 1832 409 PSALiiOS.-
1860 355 2064 414 -PSAI..
2093 357 2352 414 LXXXIII

3187 357 3321 416 I083

1746 473 1913 528 Cliore
1942 477 1994 529 in
2023 476 2178 545 finem
2209 473 2640 544 respicientibus,
2696 475 2747 528 id
2797 484 2878 531 est
2923 477 2974 532 in
3015 477 3315 550 l‘hristuvn,

1744 579 1839 632 per
1858 580 2016 632 quem
2055 581 2112 619 se
2143 565 2210 618 ad
2247 565 2635 620 beatitudinem
2683 567 2867 622 venire
2929 569 3225 633 confidunt.
3265 580 3321 627 et

1745 657 2026 724 agentibus
2047 674 2140 726 pro
2163 657 2536 721 torcularibus,
2555 658 2612 711 id
2641 667 2725 714 est
2752 660 2818 713 ad
2847 659 3054 716 Iaudem
3083 665 3322 721 torcula-

1749 747 1908 809 rium.
1943 764 2062 816 quae
2091 749 2415 818 quibusdam
2446 750 2655 804 inutilia
2715 765 2835 805 esse
2871 753 3143 809 videntur.
3182 757 3322 812 Tor-

1746 837 1948 892 cularia
1977 839 2191 908 quidem
2224 855 2488 909 pressura:
2516 840 2920 895 tribulationum
2965 843 3234 911 dicuntur,
3260 860 3326 902 ω

1748 930 1887 997 quod
1907 929 2087 1000 336,
2132 930 2271 984 sicut
2305 931 2592 986 toreularia
2614 950 2751 988 uvas
2777 936 3103 1005 exprimunt,
3130 946 3185 992 et
3210 955 3328 992 mu-

1750 1028 1892 1072 stum
1922 1019 1988 1071 ah
2017 1020 2193 1074 acinis
2226 1032 2505 1088 separant,
2557 1033 2608 1076 ct
2662 1023 2713 1077 in
2768 1027 3058 1093 apothecas
3114 1027 3326 1082 Domini

1748 1111 1923 1182 ipsum
1977 1119 2210 1166 mustum
2253 1113 2416 1169 liuere
2457 1114 2680 1179 faciunt,
2714 1116 2869 1171 acina
2905 1128 3214 1183 remanent,
3250 1119 3332 1174 sic

1747 1212 1801 1257 et
1831 1203 2235 1258 tribulationum
2261 1221 2525 1274 pressurae
2551 1206 2722 1262 bonos
2764 1210 3148 1277 deprimentes;
3185 1213 3331 1282 ipsos

1749 1297 2015 1366 corporali
2049 1308 2221 1352 morte
2239 1313 2266 1351 a
2293 1299 2449 1353 malis
2476 1309 2749 1369 separant,
2775 1301 2901 1355 dum
2929 1318 3114 1358 eorum
3137 1306 3332 1360 animae

1749 1403 1777 1441 a
1809 1389 2126 1456 corporibus
2176 1401 2439 1458 separatae
2495 1393 2544 1444 in
2575 1392 2772 1446 emlum
2822 1393 3165 1460 ascendunt;
3204 1395 3331 1450 mali

1748 1495 1900 1544 vero,
1934 1479 2374 1535 tribulationibus
2396 1482 2728 1547 deliricntes,
2763 1483 2887 1538 illuc
2915 1486 3196 1554 pervenire
3229 1500 3326 1539 tte-

1751 1563 1978 1640 queunt.
2005 1571 2424 1626 lntroducuntur
2445 1583 2624 1626 autem
2650 1574 2743 1628 lilii
2767 1575 2965 1638 Chore,
2994 1576 3080 1630 hic.
3108 1585 3332 1646 agentes

1750 1674 1802 1719 et
1844 1648 1990 1733 ipsas
2034 1663 2406 1719 tribulationos
2449 1665 2746 1727 laudantes,
2800 1681 2898 1734 per
2937 1683 3073 1734 quas
3119 1666 3334 1721 venitur

1753 1758 1818 1811 ad
1863 1757 1999 1811 atria
2033 1757 2154 1810 vitae
2210 1757 2450 1812 caelestis
2501 1759 2568 1810 ab
2613 1759 2713 1812 hac
2759 1757 2895 1812 valle
2944 1758 3330 1828 lacrymarnm.

1753 1846 1818 1900 Et
1838 1847 1943 1900 hoc
1977 1846 2096 1901 ideo
2121 1845 2342 1909 faciunt,
2375 1855 2430 1900 ut
2458 1847 2684 1901 incitent
2723 1848 2995 1902 auditores
3033 1847 3098 1900 ad
3127 1847 3334 1916 patien-
3397 1899 3402 1904 ,

1751 1939 1847 1993 das
1896 1938 2038 2006 ipsas
2089 1937 2498 2002 tribulationes;
2557 1953 2676 2006 quae
2723 1939 2803 1992 eis
2841 1947 3000 1992 erunt
3039 1939 3219 2003 utiles,
3277 1945 3337 1990 ut

1748 2043 1846 2097 per
1885 2043 1979 2081 eas
2033 2027 2348 2097 perveniant
2388 2029 2452 2081 ad
2496 2029 2905 2083 beatitudinem.
2955 2029 3034 2083 Ne
3066 2045 3192 2083 vero
3219 2029 3335 2085 solo

1751 2120 1944 2174 merito
1973 2120 2250 2188 patientia:
2292 2120 2700 2175 tribulationum
2726 2121 2790 2175 ad
2837 2123 2936 2176 hoc
2977 2137 3033 2176 se
3060 2136 3219 2191 posse
3246 2138 3337 2176 ve-

1749 2209 1866 2262 nire
1893 2218 2184 2277 praesumat
2221 2210 2440 2278 aliquis,
2493 2211 2788 2266 ostendunt
2845 2214 2986 2281 quod
3043 2213 3219 2268 nullus
3267 2213 3336 2267 ad

1749 2298 1854 2352 hoc
1883 2297 2185 2368 perveniet,
2211 2300 2312 2353 nisi
2349 2300 2542 2356 furniet
2597 2317 2760 2368 opera
2803 2304 2982 2357 suain
3034 2319 3130 2373 spe
3157 2311 3212 2358 et
3236 2303 3339 2358 fide

1750 2397 1804 2444 et
1839 2389 2151 2452 dilectione,
2196 2399 2250 2442 et
2287 2391 2388 2443 nisi
2423 2393 2586 2445 etiam
2631 2393 2773 2446 Deus
2826 2408 2948 2447 eum
3001 2392 3216 2460 adjuvet
3244 2408 3340 2462 per

1751 2480 1977 2549 gratiam
2001 2494 2154 2532 suam
2184 2478 2249 2532 ad
2280 2495 2568 2534 ascensum
2599 2482 2969 2546 beatitudinis;
3006 2481 3148 2536 unde
3175 2483 3339 2536 etiam

1751 2582 1910 2626 orant
1957 2581 2016 2625 ut
2046 2573 2186 2626 Deus
2229 2587 2323 2626 eos
2374 2573 2440 2626 ad
2497 2573 2600 2628 hoc
2643 2573 2878 2644 adjuvet,
2937 2589 3034 2642 per
3088 2573 3339 2628 meritum

1751 2661 2012 2716 boaitatis
2062 2661 2284 2726 Christi,
2327 2663 2520 2716 melius
2562 2677 2682 2718 esse
2740 2664 2984 2717 dicentes
3036 2663 3088 2717 in
3139 2673 3340 2718 mterna

1751 2753 2085 2809 Hierusalem
2115 2751 2234 2809 esse
2262 2753 2438 2809 civem
2461 2755 2770 2820 minimum,
2793 2771 2951 2823 quam
2978 2756 3066 2810 hic
3095 2756 3145 2810 itt
3172 2756 3341 2825 Baby-

1755 2844 1897 2898 lonia
1975 2845 2196 2899 civitate
2271 2856 2629 2915 peccatorum
2703 2860 2974 2898 suutmttm
3030 2853 3085 2899 et
3147 2844 3341 2914 praeci-

1753 2951 1938 3004 puum.

1763 3039 1778 3069 '.
1827 3029 1997 3092 Quam
2024 3027 2216 3081 dilecta
2244 3026 2588 3081 tabernacula
2639 3036 2751 3089 tua,
2792 3027 2842 3080 id
2887 3035 2971 3081 est
3002 3026 3209 3080 militiae
3239 3034 3342 3082 tum

1759 3131 1853 3185 per
1885 3115 2263 3171 tribulatiOnes
2311 3132 2431 3185 qum
2481 3117 2810 3170 transitoria:
2859 3125 3002 3182 sunt,
3032 3117 3098 3170 ad
3125 3117 3340 3170 modum

1759 3207 2252 3270 tabernaculorum,
2310 3209 2532 3262 Domine
2588 3209 2726 3262 Deus
2784 3210 3031 3262 virtutum
3079 3225 3342 3278 superna-

1761 3315 1876 3352 runt
1908 3299 1920 3352 !
1954 3299 2031 3352 Ac
2052 3299 2096 3354 si
2135 3299 2280 3354 dicat
2314 3317 2326 3352 :
2363 3297 2496 3353 Cum
2541 3301 2676 3355 viris
2707 3300 3056 3356 srecularibus
3085 3302 3342 3356 dilectum

1757 3391 1826 3444 sit
1853 3398 1909 3444 et
1951 3391 2204 3455 charum,
2234 3406 2334 3460 pro
2386 3391 2737 3446 szecularibus
2785 3392 3020 3448 dominis
3049 3392 3148 3447 sub
3174 3391 3344 3446 multo

1758 3477 2166 3532 tribulationum
2223 3480 2460 3548 pondere
2522 3480 2779 3542 militare.
2835 3495 2959 3534 cum
3019 3490 3075 3534 ιιι
3123 3481 3342 3550 quidem

1755 3573 1890 3626 adeo
1929 3580 2122 3640 potens
2163 3571 2238 3627 sis
2287 3573 2429 3641 quod
2481 3581 2534 3627 et
2565 3573 2856 3627 virtutibus
2909 3573 3218 3628 ccclcstibus
3248 3573 3344 3626 do-

1758 3665 2004 3728 mineris,
2039 3679 2195 3729 quant
2237 3663 2428 3718 dilccta
2477 3674 2604 3718 sunt
2656 3664 2812 3720 nobis
2854 3664 3197 3718 tabernacula
3227 3674 3343 3732 tua,

1757 3755 1808 3808 id
1835 3765 1916 3809 est
1953 3755 2106 3808 valde
2137 3755 2292 3808 nobis
2322 3755 2535 3809 dilectae
2563 3765 2690 3810 sunt
2737 3755 2944 3809 militia:
2977 3765 3101 3821 true,
3135 3756 3186 3809 in
3224 3771 3345 3826 gra-

1757 3844 1977 3899 vissimo
2008 3843 2246 3913 pondere
2291 3844 2708 3898 tribulationum
2738 3845 2750 3898 l
2787 3844 2853 3899 Et
2887 3859 2983 3915 per
3014 3845 3126 3914 ipsa
3168 3845 3350 3899 taber-

1757 3935 1968 4002 nacula,
1997 3934 2310 4004 concupiscit
2343 3936 2521 3988 aninta
2571 3953 2686 3989 mea
2732 3937 3021 4004 pervenire
3069 3937 3121 3989 in
3171 3927 3346 4003 patria

1756 4027 1990 4091 Domini,
2019 4027 2068 4080 id
2093 4037 2176 4082 est
2201 4027 2254 4080 in
2279 4027 2690 4097 amplitudinem
2715 4027 3056 4082 Hierusalem
3080 4027 3346 4088 caelestis,

1759 4134 1879 4188 quae
1927 4119 2117 4173 civitas
2139 4128 2222 4174 est
2260 4119 2471 4175 Domini
2503 4138 2516 4173 :
2550 4119 2612 4173 Et
2644 4135 2749 4174 non
2783 4119 2955 4172 solum
3004 4117 3344 4184 concupiscit,

1755 4211 1848 4266 sed
1878 4220 1926 4264 et
1962 4210 2133 4279 deﬁcit
2164 4225 2260 4280 per
2318 4210 2691 4265 tribulationes
2745 4210 2812 4264 ab
2843 4208 2944 4262 hac
2977 4207 3082 4260 vita
3114 4208 3344 4269 scilicet,

1755 4302 1935 4356 dunta
1965 4316 2195 4370 corpore.
2241 4315 2338 4369 per
2365 4307 2630 4354 tormenta
2683 4307 2993 4366 separatur,
3027 4306 3086 4351 ιιι
3155 4311 3345 4366 perve-

1755 4391 1871 4445 niat
1891 4392 1945 4444 in
1989 4391 2103 4459 ipsa
2136 4390 2274 4442 atria
2330 4388 2558 4454 Domini,
2585 4406 2614 4443 it
2645 4389 3002 4443 similitudine
3051 4403 3189 4452 ιιι-ω,
3224 4401 3346 4456 quae

1757 4479 1939 4535 deﬁcit
1983 4478 2035 4531 in
2076 4477 2355 4544 toreulari,
2401 4485 2460 4531 ut
2496 4487 2733 4531 mustum
2781 4491 3099 4546 expressum
3148 4475 3346 4532 deﬂuat

1758 4571 1810 4625 in
1850 4570 2068 4625 cellaria
2121 4568 2358 4624 Domini.
2405 4567 2541 4635 Quia
2585 4583 2715 4624 vero
2739 4569 2953 4623 dixerat
2994 4568 3134 4637 quod
3165 4569 3351 4643 animo.

1757 4661 2096 4730 concupiscit,
2135 4668 2190 4713 et
2213 4668 2428 4714 constat
2457 4661 2591 4714 duas
2616 4657 2750 4714 'esse
2777 4659 2923 4714 vires
2967 4659 3192 4723 animae,
3221 4673 3349 4712 sem

1757 4752 2062 4807 sualitatem
2090 4751 2298 4806 scilicet
2329 4749 2515 4820 (quam
2557 4751 2646 4806 hic
2669 4765 2890 4806 carnem
2917 4758 3095 4814 vocat,
3114 4764 3179 4804 eo
3199 4747 3350 4818 quod

1757 4858 1977 4898 carnem
2008 4850 2241 4912 vegetat,
2269 4850 2326 4896 et
2353 4856 2416 4896 ea
2440 4857 2561 4910 quin
2593 4841 2775 4896 carnis
2811 4850 2936 4896 sunt
2959 4841 3220 4910 sapit),et
3243 4838 3353 4908 spi«

1759 4931 2140 4996 ritualitatetn,
2175 4945 2296 5000 quae
2349 4931 2517 4984 etiam
2551 4931 2889 4985 rationalitas
2913 4931 3131 4992 dicitur,
3162 4928 3347 4998 (quant
3413 4947 3426 4960 -

1759 5022 1850 5078 hic
1877 5040 1968 5077 cor
1995 5031 2172 5088 vocat,
2213 5038 2278 5078 eo
2309 5023 2452 5092 quod
2483 5025 2620 5094 regit
2666 5032 2720 5078 et
2749 5023 2987 5093 disponit
3025 5021 3350 5076 sensualita-

1763 5125 1948 5172 temet
1991 5117 2163 5186 ipsum
2193 5113 2436 5185 corpus),
2491 5116 2733 5172 ostendit
2788 5117 2875 5170 hic
2917 5125 3200 5180 utramque
3239 5112 3347 5164 vim

1760 5209 2096 5265 exsultanter
2136 5224 2332 5278 cupere
2359 5209 2424 5262 ad
2465 5219 2721 5262 aeternam
2752 5204 3165 5266 beatitudinem,
3212 5201 3352 5256 scili-

1760 5311 1843 5356 cet
1873 5301 1938 5355 ad
1971 5300 2404 5354 conformitatetn
2436 5301 2542 5354 vivi
2582 5300 2674 5354 Dei
2721 5297 3062 5368 pertingere;
3097 5309 3220 5347 cum
3269 5300 3348 5344 ta-

1762 5408 1884 5446 men
1912 5393 2257 5456 sensualitas,
2292 5391 2394 5446 nisi
2425 5391 2609 5446 multis
2637 5390 2857 5460 jejuuiis
2888 5399 2942 5441 et
2967 5385 3354 5440 adiit-tionibus

1761 5481 1884 5536 aliis
1913 5483 2181 5544 demetur,
2213 5481 2385 5535 soleat
2421 5495 2561 5548 saepe
2593 5477 2962 5547 spiritualitati
3017 5489 3348 5546 repugnare,

1758 5579 1915 5651 juxta
1940 5578 2067 5633 illud
2094 5577 2332 5648 Apostoli
2361 5595 2372 5629 :
2399 5595 2417 5626 ι
2447 5569 2607 5640 Caro,
2643 5575 2693 5629 id
2723 5586 2808 5630 est
2841 5575 3185 5636 sensualitas,
3212 5587 3344 5626 con-

1758 5671 1988 5741 cupiscit
2029 5671 2286 5725 aJversus
2326 5668 2575 5737 Spiritum
2598 5667 2618 5732 ’;
2661 5667 2882 5736 spiritus
2909 5676 3089 5719 autem
3141 5665 3338 5718 adver-

1759 5777 1850 5818 sus
1895 5776 2114 5817 carnem
2161 5759 2306 5820 (Gal.
2339 5758 2390 5822 5,
2431 5758 2536 5827 I7).
2575 5777 2591 5808 ι
2619 5758 2754 5814 Cum
2805 5757 2965 5826 igitur
3015 5769 3259 5819 carnem,
3287 5753 3346 5810 id
