3840 6338
512 248 648 304 1083

1109 249 1166 305 5.
1189 250 1553 323 ξΒῐὶυΝΟΝΙΞ
1576 255 1968 315 CARTHUSIA
1981 259 2063 317 ΝΟ

2173 259 2220 316 Μ
2244 262 2732 324 INSTITUTOBIS
2769 268 2921 326 OPP.
2960 271 3142 329 PARS
3163 273 3202 330 I.

3605 288 3712 346 ιοιι

507 372 594 420 est
621 363 1024 419 sensualitatem
1056 366 1202 422 dicat
1239 368 1290 424 in
1320 369 1759 426 tribulationibus
1786 373 2085 440 exsultare,
2115 380 2159 438 Α
2191 378 2514 433 charitatem
2564 383 2760 436 debent
2818 385 2926 439 Deo
2977 385 3129 438 oﬂ‘ert
3168 402 3348 442 omnia
3390 390 3518 447 bona
3559 411 3708 466 opem.

507 466 681 524 utper
706 456 806 510 hoc
834 457 1004 526 possit
1028 457 1094 514 ad
1131 459 1300 514 Deum
1338 462 1514 517 vivum
1567 466 1873 534 pervenire,
1910 469 2087 523 innuit

505 563 648 610 eam,
676 563 770 616 per
813 549 1135 604 alllietiones
1174 551 1438 622 plurimas
1465 555 1746 620 domitam,
1791 558 2085 625 spirituali-

504 640 597 692 tati
635 642 944 696 consentire
976 659 991 708 ;
1018 651 1072 696 et
1100 658 1198 697 nos
1230 643 1282 696 in
1311 644 1412 697 hoc
1444 645 1663 700 instruit
1704 648 2082 704 carnalitatem

502 742 770 796 nostram,
803 743 862 787 ut
900 734 1116 803 spiritui
1166 751 1270 788 non
1311 745 1589 804 repugnet,
1649 737 1900 792 similiter
1955 741 2084 794 edo-

501 841 675 879 mare.
705 826 768 879 Et
811 807 916 880 hoc
955 826 1034 879 sic
1057 826 1184 880 dicit
1211 844 1224 879 :
1261 827 1388 881 Dico
1415 829 1557 896 quod
1592 829 1769 881 animo
1801 847 1914 884 mea
1954 848 2081 885 con-

501 920 716 988 cupiscit
746 935 845 988 per
881 934 1165 989 presseras
1192 920 1259 972 ad
1301 921 1440 974 atria
1491 919 1706 974 Domini
1756 924 2076 993 pervenire;

499 1017 552 1061 et
583 1025 688 1064 non
742 1011 1080 1078 concupiscit
1121 1011 1222 1065 hoc
1255 1011 1554 1066 secundum
1608 1028 1770 1065 unatn
1821 1015 1930 1067 vim
1968 1023 2083 1069 tan-

499 1107 635 1164 tum,
661 1099 752 1152 sed
778 1115 868 1151 τον
897 1115 1090 1164 meum,
1124 1099 1174 1154 id
1197 1110 1280 1154 est
1305 1101 1680 1170 spiritualitas,
1712 1111 1760 1155 et
1791 1120 1912 1156 caro
1944 1121 2079 1172 mea,

497 1189 550 1243 id
583 1200 666 1244 est
691 1190 1036 1257 sensualitas,
1067 1192 1481 1257 exsultarerunt,
1509 1195 1560 1248 id
1593 1195 1931 1251 exsultanter
1954 1213 2081 1252 con-

495 1279 812 1348 cupiverunt
859 1278 914 1331 in
948 1278 1115 1332 Deum
1149 1281 1316 1333 rivum
1373 1282 1682 1350 pervenire,
1713 1299 1812 1353 per
1844 1285 2080 1339 torcula-

494 1369 570 1422 ria
603 1367 1035 1434 tribulationum,
1063 1370 1113 1423 id
1142 1382 1227 1424 est
1260 1371 1312 1424 in
1354 1371 1792 1426 confnrmitatem
1821 1373 1916 1428 Dei
1947 1375 2073 1440 vivi,

492 1461 544 1515 in
601 1469 862 1529 quantum
910 1461 958 1516 ei
1016 1477 1236 1530 possum
1291 1462 1642 1530 conformari,
1691 1467 1980 1521 scilicetut
2022 1468 2075 1522 in

489 1562 753 1605 :eternum
788 1551 986 1618 vivam;
1017 1562 1202 1606 etnon
1241 1553 1512 1623 Superﬂue
1558 1556 1709 1610 addit
1755 1558 1934 1611 vivum
1968 1575 1981 1612 :
2013 1572 2076 1612 ac

488 1643 534 1696 si
564 1642 708 1696 dicat
739 1659 751 1696 :
783 1641 916 1697 Cum
972 1643 1129 1696 vivus
1182 1644 1296 1713 ipse
1347 1646 1418 1698 sit
1467 1654 1522 1698 et
1556 1646 1902 1712 immortalis,
1950 1650 2073 1718 quis

2187 467 2430 523 Ostendit
2463 479 2640 524 autent
2695 488 2864 541 quare
2909 477 3244 546 concupiscit
3291 482 3470 536 venire
3514 486 3561 538 in
3602 492 3712 546 atn'a

2185 561 2394 614 Domini
2431 578 2444 614 :
2482 562 2546 614 Et
2589 564 2690 617 hoc
2733 564 2872 631 idco,
2903 582 2936 620 ο
2968 567 3209 634 Domine,
3240 570 3379 625 Deus
3405 574 3621 630 virtutum
3641 593 3713 634 stt-

2183 663 2474 718 pernarum
2534 652 2795 718 existens,
2841 671 2934 708 rea:
2963 673 3106 710 meus
3148 669 3202 712 et
3243 659 3385 715 Deus
3428 680 3575 728 naeus,
3609 684 3714 731 quo-

2185 740 2326 793 niam
2377 741 2513 794 beati
2551 744 2637 808 qui
2684 743 2920 798 habitant
2973 747 3027 800 in
3071 748 3226 801 domo
3265 760 3378 814 tua,
3428 751 3714 812 Hierusalem

2185 828 2412 882 caelesti.
2438 831 2516 883 Ac
2547 830 2588 884 si
2616 830 2759 884 dicat
2793 831 2968 904 :Quis
2997 849 3105 888 non
3135 838 3534 906 concupisceret
3567 847 3714 901 venire

2183 917 2237 972 in
2280 919 2415 972 atria
2449 928 2559 983 tua,
2603 936 2725 974 cum
2754 921 2830 976 sis
2877 922 3052 988 Deus,
3092 925 3144 977 id
3171 933 3251 978 est
3297 926 3536 994 Creator,
3561 941 3607 984 et
3632 932 3713 984 Do.

2183 1012 2357 1064 minus
2401 1012 2690 1078 vit-imum,
2740 1022 2794 1066 et
2841 1030 2962 1077 rex,
2994 1023 3046 1068 et
3096 1031 3219 1070 cum
3251 1032 3443 1072 omnes
3486 1019 3604 1073 beati
3631 1024 3717 1078 sint

2181 1101 2271 1170 qui
2324 1101 2378 1155 in
2420 1103 2573 1156 domo
2631 1114 2724 1156 tua
2782 1104 3058 1158 habitant?
3105 1105 3258 1160 Atria
3307 1118 3362 1162 et
3416 1109 3716 1179 domus,pm

2183 1191 2371 1248 eodem
2400 1195 2488 1247 hic
2515 1195 2695 1249 habet.
2727 1194 2860 1248 Cum
2893 1197 3024 1251 dicit
3052 1196 3228 1262 beati,
3288 1199 3464 1252 innuit
3509 1216 3593 1254 eos
3625 1213 3717 1257 tan-

2184 1290 2292 1336 tam
2339 1283 2537 1338 habere
2583 1285 3001 1351 beatitudinem,
3043 1297 3243 1356 quanta
3274 1288 3502 1358 intelligi
3545 1301 3715 1358 potest;

2181 1383 2234 1426 et
2265 1375 2388 1428 inde
2438 1384 2650 1429 constat
2673 1391 2769 1430 eos
2815 1392 2934 1431 esse
2979 1377 3168 1432 beatos
3198 1396 3211 1431 :
3241 1380 3371 1447 quia
3395 1380 3652 1435 laudabunt
3680 1395 3716 1436 te

2181 1462 2481 1516 devotionis
2528 1479 2714 1518 amore
2763 1466 2816 1518 in
2846 1465 3042 1518 stecula
3093 1466 3447 1531 saeculorum,
3485 1467 3534 1520 id
3579 1479 3648 1522 est
3675 1471 3715 1523 in

2178 1562 2462 1606 aeternum.
2497 1551 2610 1606 Non
2657 1553 2800 1607 enim
2845 1554 2896 1607 in
2943 1564 3204 1608 aeternum
3233 1555 3539 1622 laudarent,
3566 1559 3650 1612 nisi
3676 1559 3716 1613 in

2177 1652 2438 1696 aeternum
2477 1642 2617 1698 beati
2648 1652 2850 1698 essent.
2881 1644 2962 1698 Ad
2989 1645 3130 1699 hanc
3152 1653 3333 1699 autem
3366 1647 3712 1702 beatitudinem

488 1748 593 1786 non
618 1733 968 1802 concupiscat
989 1734 1056 1788 ad
1085 1749 1210 1789 eum
1261 1735 1545 1804 pervenire
1578 1745 1635 1790 nt
1663 1738 1850 1792 vivat?
1881 1738 2073 1794 Osten-
2107 1730 2150 1784 B
2177 1747 2272 1800 per
2320 1748 2378 1786 se
2408 1748 2566 1788 nemo
2616 1745 2792 1802 pOIest
2839 1735 3167 1806 pertingere,
3201 1735 3327 1790 licet
3361 1739 3552 1792 habent
3578 1754 3713 1808 spem.

486 1824 564 1878 dit
591 1833 774 1878 autem
823 1841 928 1894 qua
979 1826 1176 1880 ﬁducia
1227 1843 1286 1882 se
1316 1837 1470 1897 putat
1507 1829 1571 1882 ad
1604 1831 1706 1885 hoc
1737 1832 2068 1902 pertingere,

485 1929 606 1968 cum
632 1914 715 1969 sic
767 1916 918 1969 addit
948 1934 960 1980 ξ
1025 1918 1158 1978 Dico
1187 1920 1331 1987 quod
1391 1921 1570 1973 anima
1607 1937 1722 1975 mea
1753 1923 2072 1992 concupiscit

485 2006 776 2072 pervenire
821 2007 876 2060 in
930 2008 1070 2062 atria
1114 2008 1348 2074 Domini,
1375 2020 1429 2064 et
1458 2011 1672 2066 conﬁdo
1706 2013 1846 2082 quod
1877 2028 2069 2082 perve-

485 2097 654 2152 niam.

551 2185 762 2242 Etenim
805 2206 988 2258 passer
1034 2191 1224 2246 invenit
1266 2193 1365 2246 sibi
1403 2193 1616 2248 domum
1670 2205 1724 2250 et
1762 2197 1972 2264 nidutn,
2021 2207 2070 2251 et

483 2286 660 2331 turtur
702 2278 922 2332 domum
973 2289 1028 2334 et
1077 2281 1283 2347 nidum,
1333 2283 1420 2336 ubi
1460 2294 1618 2349 ponat
1645 2296 1700 2338 et
1737 2287 2070 2355 foveat-pul-

483 2365 560 2419 los
606 2383 751 2420 suos.
785 2366 1012 2421 Domum
1061 2378 1116 2423 et
1169 2371 1353 2424 nidum
1407 2373 1475 2427 ad
1530 2381 1824 2442 utrumque
1874 2376 2066 2432 referri

482 2458 667 2521 debet,
732 2458 825 2512 sed
873 2469 1097 2528 propter
1145 2460 1497 2530 brevitatem,
1563 2463 1776 2518 domum
1832 2467 1898 2519 ad
1947 2485 2070 2536 pas-

481 2565 565 2602 ser
613 2549 879 2618 atljunxit,
951 2560 1006 2604 et
1071 2552 1254 2604 nidum
1308 2553 1374 2606 ad
1433 2563 1630 2608 turtur.
1689 2554 1888 2610 Passer
1943 2558 2067 2626 qui-

481 2639 600 2692 dem
664 2639 826 2709 337
887 2640 1014 2710 jure
1086 2642 1439 2710 spiritualitas
1495 2645 1716 2708 dicitur,
1787 2661 1852 2699 eo
1923 2647 2066 2715 quod

479 2731 544 2783 ad
600 2729 706 2784 alta
752 2746 966 2800 semper
1025 2733 1226 2800 tendit,
1288 2745 1341 2788 et
1416 2750 1564 2790 more
1617 2737 1887 2805 passeris,
1946 2753 2068 2808 quae

478 2835 755 2889 nunquam
822 2822 927 2874 nisi
999 2820 1051 2875 in
1117 2822 1240 2877 altis
1281 2823 1416 2878 locis
1485 2825 1806 2879 nidiﬁcabit.
1863 2826 2066 2882 Turtnr

479 2923 605 2964 vero
633 2909 956 2964 sensualitas
983 2911 1182 2964 dicitur
1207 2951 1222 2976 ,
1279 2927 1344 2966 eo
1370 2913 1512 2982 quod
1543 2915 1642 2968 sub
1675 2915 1858 2970 multis
1893 2917 2065 2970 tribu-

476 3001 764 3056 lationibus
791 3003 990 3073 gemit,
1025 3013 1080 3058 et
1125 3020 1221 3073 per
1251 3005 1618 3062 domationem
1651 3007 2061 3063 tribulationum

2177 1822 2334 1878 ﬁdem
2371 1831 2425 1877 et
2474 1825 2820 1879 dilectionem
2854 1843 2868 1890 ;
2923 1827 3018 1881 sed
3047 1834 3227 1881 beatus
3280 1838 3366 1882 est
3418 1832 3493 1883 rir
3532 1831 3636 1894 ille,
3675 1831 3716 1883 id

2172 1921 2275 1976 est,
2301 1913 2390 1966 ille
2425 1911 2760 1968 solummodo
2805 1915 2889 1967 vir
2936 1915 3002 1969 ad
3036 1916 3174 1970 hanc
3204 1917 3584 1972 beatitudinem
3623 1934 3719 1988 per-

2171 2003 2352 2068 venit,
2384 2002 2536 2074 cujus
2558 2012 2633 2056 est
2665 2003 2924 2056 auxilium
2953 2005 3046 2057 abs
3089 2015 3136 2058 te
3177 2007 3244 2059 ad
3276 2009 3595 2062 ascensioues
3617 2009 3718 2062 hea-

2173 2093 2420 2148 titudinis
2449 2109 2584 2160 quas
2627 2095 2886 2163 disposuit
2931 2096 2985 2148 in
3035 2097 3192 2150 corde
3214 2113 3334 2151 suo.
3371 2097 3520 2165 Quod
3547 2109 3618 2154 est
3656 2100 3718 2153 di-

2169 2197 2296 2236 cere
2357 2201 2368 2236 :
2427 2182 2516 2236 Ille
2583 2183 2732 2238 solus
2785 2183 3046 2238 dicendus
3126 2186 3305 2240 estad
3363 2187 3715 2242 beatitudinem

2170 2283 2530 2343 perventurus
2551 2314 2566 2340 ,
2619 2275 2730 2344 qui,
2785 2291 2906 2330 cum
2942 2276 3195 2347 disponat
3226 2278 3280 2331 in
3311 2281 3480 2334 corde
3525 2281 3584 2336 ad
3608 2281 3719 2334 hanc

2170 2364 2557 2418 beatitudinem
2613 2365 2940 2432 ascendere,
3006 2381 3104 2436 per
3151 2365 3350 2421 multas
3408 2370 3718 2423 ascensiones

2168 2455 2430 2508 virtutum
2471 2464 2526 2509 et
2573 2455 2838 2509 bonorum
2871 2472 3096 2526 operum
3128 2473 3158 2511 a
3191 2459 3366 2526 gratia
3398 2467 3489 2513 tua
3535 2461 3719 2529 suscipit

2171 2546 2452 2599 auxilium.
2496 2546 2601 2600 Per
2650 2562 2709 2600 se
2755 2562 2988 2617 namque
3043 2547 3245 2602 nullius
3290 2558 3376 2604 est
3427 2551 3718 2616 ascendere,

2170 2637 2398 2690 Domino
2424 2638 2502 2690 sic
2523 2645 2814 2690 attestante
2844 2656 2856 2690 :
2889 2657 2907 2688 ι
2933 2637 3101 2691 Nemo
3127 2640 3376 2693 ascendit
3403 2640 3458 2694 in
3485 2641 3676 2706 eretum,
3698 2664 3713 2690 ι

2169 2743 2264 2798 per
2293 2743 2349 2783 se
2370 2728 2597 2793 scilicet,
2635 2747 2653 2780 t
2689 2728 2790 2782 nisi
2822 2729 2988 2788 Filius
3012 2729 3244 2784 hominis
3271 2730 3364 2800 qui
3407 2741 3494 2786 est
3524 2732 3570 2786 in
3609 2732 3719 2785 coelo

2171 2818 2350 2889 (Joan.
2386 2836 2476 2886 tu,
2503 2820 2612 2890 ll”).
2660 2839 2677 2871 ι

2240 2911 2372 2965 Dico
2425 2913 2566 2980 quod
2613 2913 2942 2966 ascensiones
2985 2913 3241 2981 disposuit
3278 2922 3468 2981 utpote
3514 2913 3719 2968 existens

2168 3003 2223 3055 in
2267 3002 2399 3056 valle
2438 3001 2822 3072 lacrymarum,
2872 3004 2921 3057 id
2951 3012 3032 3058 est
3075 3004 3124 3057 in
3158 3005 3260 3058 hac
3305 3005 3450 3070 vita,
3503 3019 3612 3074 qute
3635 3004 3718 3057 hu-

475 3099 626 3145 (asta
652 3090 884 3146 edicitur
907 3132 922 3157 ,
963 3101 1023 3146 ut
1072 3109 1180 3148 non
1231 3093 1468 3150 luxuriet
1516 3111 1690 3165 neque
1734 3097 1946 3165 spiritui
1978 3112 2065 3152 re-
2092 3077 2136 3137 (ἶ
2163 3094 2312 3150 milis
2339 3104 2420 3149 est
2460 3105 2514 3148 ει
2552 3095 2710 3163 plena
2738 3095 2995 3166 lacrymis
3027 3095 3430 3150 tribulationum
3451 3137 3468 3162 ,
3505 3097 3566 3150 ad
3597 3109 3719 3150 com-

474 3190 712 3252 pnguet,
741 3197 890 3237 more
923 3183 1182 3249 turturis,
1217 3199 1338 3253 qua:
1369 3185 1586 3239 assidue
1629 3187 1795 3255 gemit
1831 3195 1886 3240 et
1912 3196 2060 3242 casta

473 3284 573 3328 est.
608 3275 786 3330 Pullos
827 3292 955 3330 vero
999 3277 1139 3332 bona
1171 3293 1334 3346 opera
1373 3280 1537 3347 dicit,
1572 3296 1636 3334 co
1660 3283 1804 3349 quod
1829 3297 1858 3335 ιι
1890 3281 2066 3338 ﬁdeli-

473 3363 576 3418 bus
632 3366 967 3433 procedunt,
1023 3376 1077 3420 et
1127 3368 1195 3420 ab
1241 3368 1321 3422 eis
1367 3383 1583 3439 semper
1613 3379 2056 3439 augmentantur,

474 3458 614 3510 sicut
645 3456 770 3526 pulli
804 3458 870 3510 ab
897 3457 1088 3511 avibus
1113 3459 1470 3528 procedentes
1498 3501 1512 3525 ,
1545 3461 1611 3515 ab
1635 3461 1840 3516 eisdem
1866 3464 2060 3521 avibus

473 3547 792 3600 nutriuntur
849 3559 904 3602 et
959 3547 1230 3603 foveatur.
1291 3549 1627 3605 Charitatem
1698 3568 1828 3608 vero
1901 3565 2062 3610 vocat

473 3637 726 3702 domum,
760 3654 824 3693 eo
874 3642 1019 3709 quod
1077 3656 1182 3694 non
1235 3641 1345 3696 cito
1404 3644 1716 3699 transitoria
1771 3645 1870 3712 sit,
1920 3652 2058 3702 sicut

472 3743 575 3782 nec
619 3727 811 3784 domus
838 3745 852 3794 ;
879 3745 1029 3799 spem
1072 3746 1202 3787 vero
1247 3743 1302 3786 et
1338 3733 1496 3788 tidem
1545 3735 1766 3799 nidum,
1811 3752 1876 3792 eo
1915 3740 2056 3807 quod

473 3820 542 3874 ad
565 3819 972 3876 similitudinem
1016 3823 1126 3877 nidi
1171 3824 1236 3876 ad
1269 3833 1482 3894 tempus
1509 3835 1704 3891 erunt,
1733 3826 1889 3895 juxta
1924 3830 2056 3883 illttd

471 3910 712 3978 Apostoli
741 3928 755 3964 :
795 3931 812 3962 ι
864 3911 1115 3966 Charitas
1149 3929 1420 3982 nunquam
1449 3915 1652 3970 excidit
1683 3917 1745 3986 (Ι.
1778 3918 1900 3972 Cor.
1937 3937 2054 3984 χιιι,

470 3999 558 4069 8);
592 4017 610 4052 ι
646 4008 700 4054 ει
729 3999 921 4054 iterum
953 4016 969 4054 :
1005 4019 1024 4051 ι
1059 3999 1222 4066 Major
1245 4011 1422 4057 autem
1451 4003 1640 4056 horum
1669 4015 1752 4060 est
1793 4006 2054 4062 charitas.

469 4089 636 4162 (Ibid.
668 4089 812 4161 15).»
838 4089 941 4145 Per
961 4090 1064 4145 hoc
1089 4090 1413 4160 ianuitquod
1437 4091 1568 4147 ﬁdes
1589 4102 1642 4148 ct
1663 4111 1786 4164 spes
1807 4095 1858 4150 itt
1877 4096 2057 4153 laturo

467 4180 736 4236 excident.
769 4179 826 4234 In
855 4182 958 4236 hac
987 4196 1118 4252 ergo
1148 4182 1307 4237 domo
1336 4191 1390 4238 et
1416 4184 1468 4237 in
1497 4184 1603 4239 hoc
1632 4187 1756 4240 nido
1791 4187 1920 4257 pulli
1957 4205 2053 4258 po-

468 4282 673 4325 nuntur
699 4280 754 4326 et
799 4270 1083 4338 leventur,
1127 4273 1179 4326 id
1211 4281 1294 4327 est
1320 4274 1456 4328 bona
1488 4290 1651 4344 opera
1680 4275 1973 4332 fundantur
2001 4287 2056 4333 et

468 4372 920 4433 angmentantur,
944 4380 1066 4434 qua:
1097 4364 1256 4419 aliter
1285 4366 1526 4435 perirent
1558 4382 1707 4421 more
1743 4368 2012 4438 pullorum
2033 4412 2047 4436 ,

2165 3187 2502 3255 parationem
2531 3186 2755 3241 alterius
2776 3187 2932 3251 vitae,
2953 3202 3076 3256 quae
3105 3196 3417 3255 comparata
3449 3188 3568 3241 huic
3590 3201 3718 3240 mons

2164 3273 2391 3328 dicenda
2417 3283 2530 3340 est,
2563 3284 2617 3329 et
2645 3275 2840 3345 gaudio
2870 3275 3052 3344 plena.
3079 3276 3158 3330 Ae
3199 3277 3243 3331 si
3293 3277 3479 3344 dicat;
3521 3277 3714 3346 Dignum

2163 3373 2246 3420 est
2277 3373 2335 3418 ut
2363 3366 2712 3421 ascensiones
2755 3367 3184 3437 disponat;qnis
3211 3368 3357 3422 enim
3409 3368 3588 3430 nollet,
3633 3366 3716 3419 nisi

2163 3459 2403 3524 demens,
2439 3474 2469 3512 a
2503 3460 2643 3514 valle
2669 3459 3028 3529 lacrymarum
3063 3461 3115 3514 iu
3147 3461 3346 3514 ltetitize
3393 3471 3620 3514 montem
3645 3474 3717 3510 as-

2161 3548 2428 3602 cendere?
2473 3549 2540 3602 Et
2607 3564 2673 3602 ne
2742 3549 3047 3603 immeritus
3096 3549 3374 3604 videretur
3419 3551 3634 3619 quilibet
3673 3550 3716 3598 in

2162 3638 2310 3692 valle
2337 3638 2692 3708 lacrymarum
2721 3654 2841 3693 esse
2868 3679 2884 3704 ,
2923 3639 3071 3693 addit
3099 3658 3110 3692 :
3143 3639 3203 3694 In
3229 3641 3364 3694 valle
3391 3640 3714 3710 lacrgmarmn
3760 3671 3770 3684 .

2161 3729 2309 3795 dico,
2363 3729 2417 3781 in
2465 3727 2579 3782 loco
2622 3728 2832 3782 scilicet
2879 3745 3028 3798 quem
3061 3723 3174 3796 ipse
3219 3729 3382 3782 homo
3411 3731 3578 3797 posuit
3629 3727 3714 3781 sibi

2159 3817 2466 3886 peccando;
2500 3833 2562 3871 ac
2593 3819 2636 3872 si
2677 3818 2820 3872 dicat
2849 3837 2861 3872 :
2893 3834 3051 3887 quem
3084 3835 3187 3871 non
3233 3819 3393 3874 habet
3427 3821 3582 3873 homo
3621 3819 3716 3885 qni-

2157 3906 2291 3961 libet
2334 3907 2490 3976 culpa
2543 3907 2811 3972 auctoris,
2861 3907 2954 3962 sed
3009 3907 3164 3976 culpa
3213 3909 3320 3962 sui.
3358 3907 3454 3962 Vel
3501 3907 3575 3962 sic
3607 3925 3619 3960 ε
3651 3904 3716 3959 Ne

2159 3997 2354 4066 aliquis
2387 3998 2735 4067 impatienter
2763 3999 2936 4053 ferret
2987 3999 3039 4053 in
3089 3999 3191 4053 hac
3222 4000 3360 4054 valle
3387 4001 3715 4070 lacrynmrm

2157 4103 2296 4153 esse,
2316 4089 2566 4143 addit:in
2595 4088 2706 4142 loco
2729 4089 2937 4144 scilicet
2965 4106 3116 4160 quem
3142 4091 3314 4160 posuit
3343 4091 3481 4144 Deus
3504 4092 3716 4144 humano

2156 4179 2361 4248 generi,
2407 4177 2458 4233 id
2487 4188 2570 4232 est
2601 4179 2792 4248 inquo
2841 4180 3121 4234 constituit
3166 4195 3266 4234 nos
3314 4179 3473 4250 afﬂigi
3520 4187 3715 4248 propter

2155 4267 2361 4320 crimen
2387 4267 2729 4336 protoplasti.
2763 4270 3028 4334 Quoniam
3067 4277 3248 4323 autem
3283 4269 3528 4322 dixerat:
3554 4269 3711 4318 beatus

2153 4360 2232 4412 vir
2256 4359 2408 4428 cujus
2435 4369 2508 4412 est
2541 4361 2798 4414 auxilium
2829 4363 2919 4415 abs
2947 4373 3015 4426 te,
3048 4371 3226 4432 posset
3255 4363 3452 4430 aliquis
3475 4373 3708 4430 quaerere:

467 4429 564 4520 qui
586 4455 637 4506 in
687 4454 812 4507 nido
856 4429 1013 4522 positi
1049 4429 1316 4520 leventur,
1351 4470 1418 4508 ne
1440 4465 1686 4525 pereant.
1728 4429 1907 4513 ἦρι-ιω
1955 4473 2046 4513 vc-
2083 4429 2128 4485 D
2156 4453 2466 4507 Auxiliatur
2489 4469 2554 4508 ne
2587 4454 2729 4509 Dens
2758 4455 2992 4510 adhoc?
3020 4456 3101 4508 Ad
3137 4455 3280 4524 quod
3310 4456 3387 4509 sic
3410 4453 3707 4524 respondet:

467 4555 530 4594 ro
570 4556 762 4596 versus
805 4543 962 4598 istius
1015 4545 1093 4600 sic
1140 4545 1508 4614 adaptautur:
1544 4546 1684 4601 Vere
1713 4548 1923 4602 conﬁdo
1963 4563 2049 4603 me

471 4635 754 4700 pervenire
787 4635 838 4688 in
885 4635 1055 4691 Deum
1103 4638 1314 4702 vivum;
1366 4637 1564 4690 etenim
1601 4655 1816 4702 passer,
1867 4639 1919 4693 id
1969 4649 2050 4694 est

467 4721 852 4791 Spiritualitas,
881 4739 978 4792 per
1011 4727 1242 4795 gratiam
1270 4727 1363 4781 Dei
1396 4728 1586 4780 invenit
1617 4729 1750 4795 sibi,
1781 4729 1833 4782 id
1877 4738 1960 4782 est
1981 4729 2050 4783 ad

467 4811 754 4866 utilitatem
801 4829 988 4878 suam,
1041 4817 1290 4883 dantem,
1340 4819 1392 4870 id
1454 4825 1542 4872 est
1597 4818 1954 4909 charitalqm,
1994 4828 2050 4874 et

465 4908 679 4974 nidum,
739 4907 791 4962 id
845 4917 959 4974 est,
1010 4925 1160 4978 spem
1221 4920 1276 4966 ct
1315 4911 1509 4977 ﬁdem,
1558 4921 1612 4967 et
1641 4922 1816 4966 turtur
1835 4907 1935 4979 ,id
1964 4924 2048 4967 est

465 5004 812 5072 sensualitas,
845 5004 1033 5058 invenit
1077 5005 1289 5059 domum
1331 5014 1385 5060 et
1415 5007 1628 5074 nidum,
1671 5009 1759 5062 ubi
1813 5018 2044 5078 utraque

461 5103 622 5164 ponat
651 5095 822 5164 pullos
851 5112 1004 5162 suos,
1039 5095 1090 5150 id
1121 5105 1236 5161 est,
1272 5095 1458 5152 fundet
1487 5108 1538 5151 et
1575 5108 1886 5169 augmeutet
1905 5101 2044 5155 bona

461 5199 626 5255 Opera
675 5202 809 5252 sua;
862 5195 1089 5256 utraque
1152 5201 1384 5254 namque
1437 5187 1554 5240 avis
1629 5189 1708 5243 sic
1753 5189 1892 5243 bene
1918 5203 2048 5258 ope-

462 5286 654 5331 ratur:
700 5276 926 5344 ideoqne
968 5287 1197 5346 utraque
1233 5291 1468 5344 congrue
1521 5276 1716 5330 dicitur
1752 5293 1914 5347 opera
1952 5293 2047 5346 p0-

460 5381 593 5420 nere
626 5366 676 5420 in
705 5367 916 5420 domum
948 5378 1000 5420 et
1025 5368 1229 5422 nidum.
1277 5367 1574 5436 Dicojquod
1622 5386 1802 5436 passer
1856 5370 2046 5424 invenit

459 5456 673 5510 domum
693 5497 706 5522 ,
747 5467 801 5512 et
827 5468 1001 5512 turtur
1028 5460 1248 5524 nidum;
1283 5475 1404 5528 quzc
1431 5458 1624 5513 domus
1652 5469 1708 5513 et
1737 5460 1894 5514 nidus
1919 5467 2047 5514 sunt

459 5548 653 5602 altaria
683 5559 795 5603 tua.
835 5551 899 5603 Et
924 5567 1049 5605 vere
1077 5551 1315 5605 altaria:
1361 5553 1486 5621 quia
1527 5551 1666 5606 sicut
1690 5551 2045 5622 snperaltare

464 5636 763 5696 otl‘cruntur
815 5641 1111 5708 sacriﬁcia,
1173 5643 1247 5697 ita
1316 5660 1478 5720 super
1530 5659 1714 5712 spemII
1796 5641 1954 5698 ﬁdem
1989 5651 2085 5698 et.

2156 4563 2285 4602 vere
2311 4547 2568 4601 auailium
2595 4558 2670 4601 est
2710 4547 2884 4602 beatis
2930 4564 2958 4600 a
3006 4549 3132 4601 Deo.
3173 4546 3381 4600 Etcum
3430 4545 3706 4615 legislator,

2157 4637 2407 4693 Christus
2434 4639 2646 4692 scilicet
2673 4638 2761 4706 qui
2795 4638 2949 4692 nobis
2981 4637 3150 4707 legem
3177 4637 3358 4699 dedit,
3392 4637 3480 4688 dat
3511 4644 3552 4687 et
3580 4633 3708 4684 dabit

2154 4738 2568 4798 perseveranter
2590 4729 3002 4794 bcnrdictiones,
3033 4729 3084 4781 id
3125 4735 3204 4781 est
3237 4727 3540 4796 multiplicia
3582 4723 3706 4775 dona

2156 4821 2377 4890 gratim,
2425 4835 2521 4889 per
2566 4835 2683 4888 qua:
2719 4834 2844 4873 suos
2891 4819 3202 4883 benedicct,
3244 4818 3298 4870 id
3348 4828 3432 4873 est
3477 4813 3708 4869 exaltabit

2150 4910 2315 4979 338
2376 4909 2806 4974 beatitudinem,
2866 4917 2920 4962 et
2972 4925 3069 4978 per
3136 4909 3281 4977 ipsas
3336 4905 3705 4960 benedictiones.

2150 4998 2311 5052 Ibunt
2341 4999 2405 5052 de
2433 4999 2618 5051 virtute
2637 5000 2687 5051 in
2711 4998 3356 5061 virtutem,ascendendo.
3385 4996 3450 5050 Ει
3474 4996 3518 5048 in
3541 4992 3705 5044 futuro

2150 5089 2204 5144 in
2233 5089 2359 5144 Sion
2377 5089 2584 5143 cmlesti
2615 5090 2871 5143 videbitur
2894 5089 3143 5143 Christus
3169 5087 3308 5140 Deus
3331 5089 3556 5146 deorum,
3574 5081 3705 5134 scili-

2152 5190 2236 5236 cet
2259 5180 2370 5250 qui,
2391 5195 2511 5234 cutn
2542 5180 2681 5234 Deus
2708 5181 2798 5244 sit,
2837 5179 3110 5234 deilicabit
3137 5191 3353 5246 quoque
3383 5189 3531 5236 suos;
3555 5169 3634 5222 vel
3657 5168 3703 5218 in

2151 5274 2282 5345 ipsis
2314 5273 2444 5328 Sion
2473 5273 2832 5327 existentibus
2885 5272 3141 5325 videbitur
3179 5267 3530 5338 spiritualiter
3570 5261 3702 5314 Deus

2150 5365 2398 5430 deorum,
2433 5362 2673 5416 Trinitas
2718 5364 2924 5420 scilicet
2971 5363 3131 5416 Deus.
3178 5362 3332 5427 Quod
3375 5369 3455 5414 est
3494 5355 3699 5409 dicere:

2155 5473 2173 5506 ι
2211 5454 2443 5510 Ratione
2469 5455 2728 5508 videbunt
2781 5455 2833 5508 in
2865 5469 2924 5510 se
2972 5453 3170 5519 Deum,
3215 5467 3375 5522 quem
3407 5450 3490 5505 hic
3531 5442 3702 5496 videre

2147 5555 2446 5617 nequeunt,
2481 5547 2586 5602 erit
2611 5547 2922 5606 enimZDeus
2951 5545 3130 5598 omnia
3161 5545 3213 5598 in
3245 5542 3487 5598 erunibus
3516 5533 3560 5607 ll
3581 5530 3696 5584 Cor.

2148 5656 2242 5706 xv,
2269 5639 2392 5712 28);
2423 5659 2440 5690 ι
2478 5640 2558 5694 vel
2581 5639 2657 5692 sic
2686 5657 2696 5692 :
2725 5639 2872 5694 Adeo
2897 5635 3380 5716 ascend_cnt,qued
3409 5632 3458 5688 iu
3482 5630 3568 5683 hac
3597 5622 3696 5676 vili
