3872 6320
164 364 275 424 1085

1053 355 1414 416 EXPOSITIO
1444 352 1508 409 IN
1537 344 2146 409 PSALMOS.—-PSAL.
2188 342 2467 429 LXXXiV.

3260 352 3400 408 1086

167 475 388 533 videbitur
424 473 569 529 Deus
599 473 838 536 deorum,
872 479 928 527 et
971 486 1076 524 non
1108 468 1492 538 corporaliter,
1537 464 1630 519 sed
1659 464 1712 515 in
1742 465 1789 523 Α
1818 469 1869 514 ει
1895 457 2128 513 ostendit
2149 457 2289 525 quod
2317 455 2371 507 in
2405 463 2718 524 perpetuum
2747 460 2920 525 dabit,
2971 464 3110 532 quod
3139 464 3394 533 amplius,

164 569 298 628 Sion,
328 567 375 619 id
402 575 495 621 est
524 568 575 621 in
604 566 813 635 specula
836 562 1323 633 contemplationis.
1351 558 1428 613 Ac
1451 558 1494 613 si
1525 557 1667 611 dicat
1696 576 1708 611 :

165 656 279 709 adeo
303 668 425 705 suos
456 651 816 717 beatiﬁcabit,
853 662 907 707 et
928 654 1219 707 ascendere
1245 652 1411 706 faciet
1447 652 1509 704 de
1531 652 1716 703 virtute

162 766 205 800 ιιι
229 749 493 813 virtutem,
531 752 671 816 quod
702 747 864 799 etiam
910 761 1003 799 eos
1034 762 1091 799 se
1131 745 1292 799 faciet
1337 743 1711 811 contemplari.

217 836 335 892 Orat
360 851 540 892 autem
568 855 663 907 pro
684 839 794 907 ipsa
808 837 1014 891 visione
1041 837 1201 890 Deiet
1223 835 1575 896 beatitudine,
1603 833 1711 886 sic:

161 932 271 985 Dleo
298 932 438 998 quod
470 931 612 983 Deus
661 931 875 983 deorum
909 930 1184 983 videbitur.
1221 929 1284 981 Et
1332 938 1389 981 ut
1423 938 1472 983 te
1504 927 1714 979 videam

157 1034 205 1077 et
238 1024 418 1078 beatus
470 1024 593 1076 ﬁam
616 1064 629 1088 ,
662 1022 905 1087 Domine,
948 1022 1036 1091 qui
1067 1030 1256 1090 potens
1284 1034 1374 1084 es,
1404 1021 1526 1087 quia
1575 1019 1715 1071 Dens

156 1114 384 1167 virtutum
429 1128 785 1181 supernarmn
835 1126 925 1175 es,
961 1112 1153 1164 exaudi
1176 1112 1463 1163 orationem
1508 1126 1711 1176 meam,

154 1203 268 1270 quia
320 1218 412 1257 oro
442 1212 499 1256 ut
551 1212 605 1255 te
633 1202 866 1257 videam.
909 1202 1171 1265 Auribus,
1206 1202 1446 1268 inquam,
1480 1202 1712 1268 percipe,

155 1294 199 1347 id
232 1303 339 1360 est,
376 1294 426 1347 in
458 1294 698 1362 potentia
733 1293 1121 1347 misericordia!
1152 1303 1254 1346 tuae
1284 1308 1380 1360 per
1411 1307 1571 1359 quam
1602 1291 1716 1345 cle-

153 1394 348 1440 menter
390 1385 645 1449 exaudis,
703 1384 907 1453 percipe
965 1384 1131 1453 ipsam
1187 1383 1523 1445 orationem,
1576 1380 1716 1435 Deus

152 1473 319 1529 Jacob.
363 1474 438 1528 Ac
476 1474 519 1527 si
573 1474 716 1527 dicat
762 1490 776 1526 :
819 1472 948 1537 Oro,
999 1482 1056 1524 ιιι
1100 1472 1224 1539 quia
1277 1470 1416 1523 Deus
1461 1484 1521 1522 es
1565 1483 1716 1523 meus

153 1565 318 1628 Jacob,
351 1566 426 1619 sic
448 1566 611 1619 etiam
656 1565 799 1619 Deus
837 1580 988 1618 meus
1018 1563 1199 1625 Israel,
1251 1574 1309 1615 ut
1341 1562 1570 1625 scilicet,
1623 1562 1713 1629 qui

150 1654 248 1724 jam
284 1653 416 1709 facis
470 1670 555 1708 me
580 1664 800 1709 strenue
838 1654 1162 1715 luctantem,
1198 1653 1363 1707 facias
1406 1667 1619 1721 quoque
1665 1660 1716 1705 te

152 1747 601 1817 contemplantem.
635 1745 846 1800 Exaudi
886 1746 1171 1800 orationem
1195 1787 1208 1803 ,
1253 1754 1309 1798 et
1342 1745 1544 1813 percipe
1572 1744 1717 1797 auri-

154 1840 235 1893 bus
257 1848 307 1891 et
330 1841 500 1908 aspice
523 1881 538 1900 ,
574 1839 713 1892 Deus
741 1856 755 1902 ;
785 1839 923 1893 idem
976 1849 1055 1893 est
1102 1853 1166 1892 ex
1216 1836 1501 1892 aﬁ‘ectione
1546 1837 1711 1889 nimia
1745 1828 1787 1882 Β

152 1932 293 1985 tones
333 1932 652 1999 repetitum;
678 1940 732 1985 et
760 1939 838 1996 tu,
871 1930 1009 1983 Deus
1032 1940 1292 1999 protector
1321 1939 1520 1994 noster,
1559 1943 1625 1982 ne
1656 1929 1708 1982 in

152 2024 568 2078 tribulationibus
598 2024 756 2094 hujus
791 2024 913 2077 vitm
942 2023 1188 2076 deﬁciam
1208 2063 1222 2085 ,
1271 2022 1443 2087 aspice
1491 2036 1590 2075 nos
1620 2036 1709 2075 as-

150 2124 290 2182 pectu
348 2114 768 2177 misericordim,
828 2114 895 2181 id
937 2122 1024 2167 est
1077 2114 1233 2166 nobis
1293 2112 1712 2167 misericorditer

150 2202 306 2257 tribue
343 2213 400 2255 ut
431 2204 505 2257 tui
556 2202 1013 2272 contemplatores
1059 2202 1229 2256 simus
1252 2243 1266 2266 ,
1297 2201 1386 2270 qui
1419 2201 1523 2255 hoc
1553 2200 1709 2256 nobis

150 2294 397 2362 impendis
436 2302 496 2347 ut
539 2303 800 2362 protector
844 2301 1019 2346 noster
1065 2292 1140 2345 sis
1167 2291 1218 2346 in
1250 2291 1705 2345 tribulationibus.

148 2387 205 2440 Et
228 2388 363 2457 quod
406 2403 514 2442 non
555 2389 659 2442 hoc
684 2388 910 2455 exigunt
949 2396 1133 2441 nostra
1168 2386 1354 2441 merita
1404 2397 1461 2438 ut
1503 2401 1603 2439 nos
1626 2400 1707 2439 as-

148 2479 326 2546 picias,
359 2480 553 2548 respice
599 2481 652 2532 in
684 2480 869 2547 faciem
893 2520 907 2544 ,
954 2480 1004 2534 id
1033 2488 1118 2533 est
1157 2480 1206 2532 in
1249 2477 1704 2547 pulchritudinem

146 2572 384 2623 virtutum
415 2578 472 2623 et
500 2570 763 2623 bonormn
789 2583 1010 2639 nperum
1037 2567 1232 2620 Christi
1259 2567 1376 2621 Filii
1402 2567 1499 2629 tui,
1514 2565 1707 2634 capitis

146 2662 317 2724 nostri,
347 2661 555 2716 scilicet
582 2661 864 2714 considera
897 2660 1042 2727 quod
1069 2660 1169 2714 hoc
1212 2658 1553 2727 pulchritudo
1584 2656 1705 2710 Filii

148 2752 410 2805 tuiChristi
433 2752 620 2818 exigit,
636 2761 695 2804 ut
714 2750 867 2804 nobis
884 2766 977 2819 per
996 2766 1118 2805 eum
1144 2749 1473 2803 miserearis.
1488 2747 1703 2801 Faciem

144 2862 229 2915 pro
271 2846 669 2915 pulchritudine
701 2846 879 2915 ponit,
914 2859 978 2899 eo
1006 2843 1147 2913 quod
1176 2843 1227 2896 in
1257 2841 1392 2895 facie
1424 2840 1703 2895 hominum

144 2937 293 2990 soleat
338 2950 525 2991 eorum
577 2938 923 3007 pulchritudo
983 2935 1176 2989 notari.
1223 2935 1288 2987 Et
1342 2934 1462 2987 ideo
1526 2940 1706 2984 tanto-

144 3043 256 3096 pere
296 3029 506 3098 postulo
532 3039 584 3084 te
614 3029 799 3083 videre
842 3037 894 3082 et
927 3028 993 3082 ad
1021 3027 1143 3080 vine
1172 3035 1388 3079 acterna:
1416 3023 1703 3079 beatitudi-

144 3137 249 3173 nem
298 3122 635 3189 pertingere,
686 3122 811 3191 quia
863 3119 951 3174 illa
994 3136 1096 3172 una
1128 3119 1236 3171 dies
1264 3127 1313 3171 et
1348 3114 1697 3181 imleﬁciens,

1818 562 2102 623 postquam
2151 549 2395 611 dederit,
2426 551 2771 617 nonprivabit
2822 555 2964 607 bonis
3009 557 3148 611 illius
3209 560 3395 628 gloriae

1815 662 1901 699 eos
1922 644 2011 714 qui
2036 644 2088 696 in
2120 641 2414 694 innocentia
2440 641 2736 696 existentes
2767 645 3055 713 ambulant,
3080 651 3131 703 id
3154 661 3233 705 est
3266 668 3391 720 pro-
3416 660 3419 663 '

1815 743 2102 790 moventur
2136 734 2200 787 de
2229 733 2369 785 bono
2397 746 2559 801 opere
2586 734 2651 786 ad
2689 734 2888 787 bonum
2918 753 3070 804 opus.
3117 741 3270 807 Quod
3311 753 3393 796 est

1816 828 1998 882 dicere
2026 843 2038 878 :
2074 825 2452 880 innocentibus
2484 826 2575 894 qui
2626 824 2766 879 bene
2797 830 3192 897 Operalnmtur,
3244 835 3393 888 dabit

1815 932 1876 972 ea
1922 920 2059 973 bona
2116 939 2129 973 :
2169 929 2221 974 ct
2263 928 2545 987 postquam
2600 918 2810 972 dederit
2868 934 2971 972 non
3008 922 3280 989 privabit.
3338 934 3394 978 et

1816 1013 1931 1066 hmc
1960 1014 2098 1066 bona
2134 1014 2309 1067 nullus
2361 1013 2618 1078 habebit,
2659 1014 2703 1066 si
2754 1014 2819 1067 de
2873 1016 2952 1067 eis
3000 1016 3393 1084 desperaverit;

1816 1104 1908 1156 sed
1929 1145 1943 1168 ,
1975 1120 2004 1158 0
2036 1104 2255 1159 Domine
2280 1107 2533 1158 virtutum
2563 1119 2947 1173 supernarum,
2982 1108 3161 1159 beatus
3187 1109 3289 1161 erit
3323 1110 3397 1161 rir

1818 1198 1937 1262 ille,
1994 1199 2044 1252 id
2090 1208 2173 1254 est
2228 1200 2311 1253 bis
2366 1200 2523 1253 honis
2569 1199 2970 1254 beatiﬁcabitur
3022 1202 3103 1255 vir
3134 1202 3260 1267 ille,
3308 1205 3396 1272 qui

1814 1298 1987 1356 sperat
2014 1303 2074 1342 ea
2106 1305 2225 1357 qua:
2254 1297 2379 1342 sunt
2424 1290 2478 1341 in
2509 1299 2590 1353 te,
2652 1288 2858 1343 scilicet
2887 1290 3026 1343 bona
3084 1291 3206 1344 ista.
3240 1293 3314 1344 Ac
3350 1293 3393 1347 si

1815 1378 1959 1433 dicat
1989 1397 2001 1431 :
2052 1380 2185 1435 Cum
2217 1380 2358 1434 Deus
2392 1379 2653 1433 virtutum
2704 1380 2811 1442 sis,
2843 1380 2964 1449 quis
2994 1380 3204 1435 beatior
3235 1400 3395 1451 quam

1814 1472 1904 1538 qui
1931 1482 2102 1538 sperat
2130 1472 2183 1524 in
2210 1472 2293 1525 te?
2329 1471 2410 1527 vel
2449 1471 2631 1524 beatus
2676 1472 2779 1525 erit
2808 1472 2894 1525 hic
2921 1473 3010 1541 qui
3035 1483 3204 1541 sperat
3232 1475 3285 1526 in
3314 1484 3389 1537 te,

1815 1578 1920 1615 non
1956 1564 2005 1616 in
2037 1578 2127 1628 se,
2161 1562 2368 1616 scilicet
2417 1562 2507 1631 qui
2554 1578 2658 1615 non
2690 1563 2923 1617 conﬁdet
2967 1579 3025 1618 se
3073 1580 3167 1632 per
3202 1566 3396 1619 merita

1816 1666 1909 1705 sua
1939 1652 2004 1703 ad
2049 1651 2150 1705 hoc
2178 1652 2483 1721 attingere,
2539 1652 2629 1705 sed
2662 1667 2758 1720 per
2798 1661 2866 1707 te.
2920 1653 3021 1719 Qui
3080 1669 3206 1709 vero
3253 1656 3305 1708 in
3338 1668 3396 1709 se

1816 1744 1933 1799 solo
1959 1745 2213 1811 conﬁdit,
2247 1759 2516 1812 nunquam
2549 1745 2846 1812 perveniet.

2122 1857 2285 1928 339
2320 1857 2387 1910 IN
2424 1857 2752 1912 PSALMUM
2792 1858 3076 1913 LXXXIV.

1861 1947 2061 2002 Psalmi
2114 1949 2423 2017 octogesimi
2467 1949 2663 2017 quarti.
2707 1950 2888 2004 titulus
2927 1968 2940 2003 :
2979 1950 3044 2004 In
3079 1952 3236 2019 linem
3271 1953 3396 2021 ﬁliis

1814 2039 1946 2093 Core
1981 2039 2236 2109 psalmus.
2262 2040 2413 2106 Quod
2449 2040 2527 2094 sic
2553 2040 2839 2108 exponitur
2868 2058 2880 2093 :
2911 2042 3147 2110 psalmus
3174 2043 3273 2097 iste
3310 2054 3395 2100 est

1813 2131 2109 2200 respiciens
2137 2132 2187 2184 in
2212 2132 2399 2194 ﬁnem,
2429 2130 2479 2184 id
2510 2139 2591 2184 est
2619 2131 2669 2183 in
2698 2130 2996 2195 Christum,
3026 2134 3396 2202 cujusbeneﬁ-

1811 2220 1893 2274 cia
1927 2229 2112 2275 narrat
2139 2236 2257 2289 quae
2287 2222 2526 2274 humano
2551 2221 2732 2287 generi
2766 2220 3032 2285 contulit;
3063 2234 3117 2277 et
3140 2224 3239 2278 hoc
3264 2226 3390 2279 ﬁliis

1809 2312 1966 2375 Core,
1999 2312 2050 2365 id
2071 2323 2152 2367 est
2176 2313 2242 2365 ad
2274 2313 2557 2366 utilitatem
2592 2312 2802 2366 illorum
2826 2314 2915 2380 qui
2947 2314 3109 2369 futuri
3142 2326 3263 2369 sunt
3300 2316 3392 2371 lilii

1810 2402 1969 2463 Core,
1998 2401 2047 2455 id
2084 2410 2169 2455 est
2219 2400 2522 2455 imitatores
2563 2400 2766 2455 Christi
2804 2401 3071 2455 cruciﬁxi.
3104 2402 3208 2456 Per
3236 2405 3395 2471 hujus

1806 2489 1995 2557 psalmi
2049 2490 2416 2543 narrationem
2461 2504 2567 2542 non
2612 2487 2742 2541 dicit
2788 2487 2915 2555 ﬁliis
2956 2489 3108 2553 Core,
3135 2491 3276 2559 quod
3310 2492 3395 2545 hic

1807 2581 2099 2648 loquantur
2149 2579 2241 2634 ﬁlii
2292 2582 2453 2644 Core,
2511 2578 2594 2632 vel
2632 2581 2773 2647 quod
2808 2580 2896 2633 hic
2945 2579 3009 2633 ad
3047 2595 3139 2645 eas
3167 2591 3389 2650 agatur;

1806 2675 1899 2733 sed
1923 2675 2066 2741 quod
2088 2674 2177 2728 hic
2198 2673 2490 2741 Propheta,
2520 2671 2811 2725 ostcmlens
2838 2670 3094 2726 beneﬁcia
3113 2688 3206 2742 per
3233 2674 3391 2727 Chri-

1805 2775 1946 2817 stum
1973 2765 2207 2818 humano
2233 2763 2417 2835 generi
2450 2763 2598 2826 data,
2634 2760 2908 2815 auditores
2942 2762 3054 2831 ipsa
3084 2764 3393 2819 narratione

1806 2852 1992 2906 incitat
2031 2862 2090 2906 ut
2114 2854 2230 2920 ejus
2282 2851 2579 2905 imitatores
2622 2848 2944 2914 eﬁieiantur,
2994 2865 3023 2904 a
3058 2866 3165 2919 quo
3206 2854 3285 2906 eis
3315 2862 3393 2906 tot

1804 2943 2070 2997 beneﬁcia
2118 2942 2311 2997 collata
2354 2951 2478 2997 sunt
2510 2959 2524 2994 :
2558 2941 2697 2994 istud
2731 2941 2872 2994 enim
2904 2942 2984 2995 eis
3008 2942 3136 2996 utile
3167 2944 3390 2997 nimium

1802 3045 1902 3088 est.
1933 3034 2037 3089 Ista
2070 3050 2197 3091 vero
2220 3033 2503 3097 beneﬁcia,
2531 3032 2705 3085 adhuc
2724 3032 2774 3084 in
2796 3040 3035 3101 tempore
3061 3049 3158 3087 suo
3180 3036 3385 3099 futura,

1802 3124 2075 3193 quasijam
2105 3125 2377 3194 pt‘artcrita
2410 3137 2559 3177 more
2585 3122 2863 3192 prmterito
2906 3123 3174 3190 enuntiat,
3206 3133 3260 3179 et
3287 3140 3387 3195 pro

143 3223 246 3277 qua:
272 3217 351 3262 est
381 3211 434 3261 in
483 3211 634 3262 atriis
665 3210 798 3271 tuis,
831 3208 882 3262 id
933 3217 1016 3261 est
1065 3206 1276 3262 caelesti
1331 3204 1700 3265 Hierusalem,
1729 3191 1776 3255 C
1806 3191 1885 3270 ῥίς
1908 3191 2047 3269 om,

143 3299 307 3351 melior
329 3310 402 3353 est
430 3317 587 3369 super
624 3300 792 3354 millia
823 3300 1032 3354 dierum
1067 3298 1225 3365 hujus
1262 3299 1385 3352 vitae
1406 3337 1420 3362 ,
1472 3297 1701 3350 inﬁnite.

143 3388 277 3455 Quod
299 3401 380 3446 est
429 3392 629 3446 dicere.
668 3391 793 3446 Ideo
827 3392 1076 3446 desidero
1105 3390 1169 3443 ad
1203 3397 1252 3443 te
1295 3389 1580 3457 pervenire
1606 3429 1621 3453 ,
1651 3397 1705 3443 et

142 3484 199 3535 ad
221 3484 371 3535 vitam
400 3495 659 3537 aeternam
688 3483 1019 3551 pertingere,
1041 3482 1165 3551 quia
1197 3481 1285 3534 illa
1309 3497 1411 3535 una
1444 3482 1556 3535 dies
1582 3483 1705 3535 vita:

140 3582 353 3637 atteram,
389 3588 510 3643 qua:
540 3572 858 3626 indeﬁciens
885 3582 987 3637 est,
1006 3574 1220 3641 dignior
1248 3582 1333 3625 est
1362 3580 1416 3625 et
1441 3580 1706 3640 pr;estan-

140 3662 235 3715 tior
278 3662 499 3717 inlinitis
529 3661 769 3715 millibus
798 3661 1008 3715 dierum
1058 3658 1215 3728 hujus
1246 3660 1369 3713 vitm
1391 3701 1406 3724 ,
1440 3661 1531 3729 qui
1568 3660 1702 3713 deﬁ-

140 3754 289 3807 cient.
337 3752 443 3808 l’er
511 3755 614 3807 hoc
664 3763 846 3806 autem
911 3752 1053 3820 quod
1109 3752 1188 3805 sic
1244 3752 1410 3804 vitam
1447 3760 1702 3805 mternam

138 3846 493 3912 commendat,
542 3845 819 3900 auditores
872 3844 939 3898 ad
982 3859 1101 3898 eam
1155 3843 1572 3913 perquirendam
1619 3845 1702 3898 in-

138 3934 302 4003 stigat.

198 4025 260 4077 Et
299 4024 423 4094 quia
455 4025 575 4079 talis
623 4034 709 4079 est
733 4024 819 4079 illa
864 4024 979 4080 dies
1007 4039 1112 4077 una
1133 4063 1148 4087 ,
1175 4022 1304 4092 elegi
1346 4022 1580 4091 abjectus
1603 4061 1617 4084 ,
1650 4020 1701 4074 id

136 4124 208 4167 est
248 4116 499 4170 minimus
545 4116 681 4170 civis
728 4132 838 4169 esse
880 4117 935 4169 in
976 4117 1130 4169 domo
1192 4114 1318 4178 Dei,
1366 4114 1701 4168 Hierusalem

136 4202 351 4267 ccelesti,
403 4206 569 4274 magis
620 4221 779 4275 quam
822 4204 1095 4271 habitare,
1148 4206 1199 4258 id
1232 4213 1316 4258 est
1354 4204 1442 4257 ditt
1484 4218 1704 4258 manere

136 4294 420 4363 prmcipuus
449 4305 502 4348 et
531 4296 828 4349 honoratus
860 4296 914 4347 in
958 4294 1308 4348 tabernaculis
1338 4293 1699 4362 peccatorum‘,

135 4383 179 4436 id
203 4396 281 4438 est
310 4386 360 4439 in
390 4387 704 4441 transitoria
753 4387 1171 4440 conversatione
1216 4395 1563 4455 peccatorum
1598 4400 1701 4439 sae-

134 4475 384 4529 cularimn
433 4477 695 4531 virorum.
746 4478 1001 4547 Abjectus
1046 4476 1261 4545 quidem
1298 4492 1396 4546 pro
1446 4477 1702 4530 minimus

1878 3305 2221 3370 Benedia'isti,
2277 3307 2328 3361 id
2366 3317 2450 3362 cst
2480 3307 2787 3377 benedices,
2832 3311 3052 3365 Domine
3080 3309 3257 3371 Pater.
3286 3317 3391 3362 ter-

1805 3411 1918 3448 ram
1965 3405 2108 3447 luant
2141 3395 2375 3451 futuram
2424 3414 2521 3466 per
2567 3399 3021 3463 benedictionem,
3091 3399 3240 3467 prius
3287 3413 3385 3467 per

1807 3482 1979 3537 Adam
2028 3485 2387 3540 maledictam.
2430 3488 2506 3543 Ac
2547 3491 2590 3543 si
2621 3489 2766 3543 dicat
2802 3506 2817 3543 :
2853 3492 3146 3544 humanum
3197 3503 3387 3557 genus,

1807 3573 1951 3640 quod
2005 3582 2147 3627 terra
2201 3576 2485 3629 dicemlum
2523 3589 2607 3632 est
2654 3580 2948 3633 secundum
2981 3578 3388 3633 sensualitatem

1807 3677 1926 3729 qua:
1955 3664 2187 3716 terrenis
2212 3672 2293 3718 est
2326 3664 2552 3728 intenta,
2586 3666 2930 3721 maledictum
2958 3664 3055 3719 fuit
3078 3680 3173 3734 per
3194 3665 3387 3731 Adam,

1807 3748 1860 3802 id
1896 3758 1977 3803 est
2004 3750 2342 3805 humiliatum
2371 3753 2437 3805 ad
2462 3754 2588 3807 vitia
2611 3763 2665 3808 et
2695 3755 2831 3809 mala
2861 3770 3045 3826 opera.
3070 3754 3221 3821 Quod
3251 3770 3390 3824 prte-

1805 3838 2073 3907 signatmn
2102 3851 2186 3895 est
2209 3857 2306 3910 per
2336 3842 2438 3896 hoc
2468 3845 2608 3912 quod
2634 3845 2771 3899 dixit
2800 3844 3057 3899 Dominus
3079 3844 3145 3897 ad
3167 3844 3339 3897 Adam
3369 3862 3383 3898 :

1813 3948 1831 3982 ι
1879 3930 2157 3986 Maledicta
2204 3942 2344 3987 terra
2385 3935 2440 3987 in
2471 3950 2634 4005 opere
2683 3945 2795 4003 tuo,
2844 3938 3027 4007 spinas
3074 3946 3129 3990 et
3160 3935 3387 3990 tribulos

1804 4024 2128 4095 germiuahit
2166 4025 2258 4081 tibi
2295 4025 2449 4095 (Cen.
2484 4043 2533 4095 ν,
2572 4029 2656 4098 l7)
2688 4046 2701 4081 :
2735 4050 2753 4081 ι
2783 4029 2888 4084 Sed
2924 4039 2999 4093 tu,
3034 4028 3257 4084 Domine
3283 4026 3387 4081 Pa-

1805 4123 1908 4177 ter.
1946 4115 2235 4171 benedices
2275 4117 2403 4172 illud
2445 4134 2616 4188 genus
2654 4119 2967 4182 humanum,
2998 4119 3049 4171 id
3075 4125 3160 4170 est
3184 4115 3389 4169 exalta-

1803 4204 1885 4259 bis
1916 4206 1968 4259 in
1999 4208 2291 4263 virtutibus
2318 4217 2372 4263 et
2401 4210 2654 4277 operibus
2687 4228 2700 4263 :
2725 4220 2780 4263 et
2811 4226 2907 4279 per
2929 4211 3031 4263 hoc
3061 4208 3226 4261 facies
3256 4207 3386 4259 illud

1802 4304 1995 4348 terram
2037 4307 2203 4363 tuam,
2236 4307 2291 4351 ut
2319 4298 2412 4352 tibi
2442 4299 2646 4352 scilicet
2682 4298 2920 4367 proferat
2948 4298 3182 4352 fructum
3216 4298 3385 4351 bono-

1805 4402 1922 4439 rum
1953 4401 2177 4455 operum
2215 4406 2226 4441 :
2272 4389 2338 4441 Et
2366 4390 2679 4458 priusquam
2715 4387 3296 4454 benedicas,avertisti,
3331 4386 3385 4439 id

1804 4484 1889 4529 est
1938 4486 2146 4530 avertes
2186 4478 2532 4546 captivitatem
2577 4494 2605 4535 a
2652 4477 2840 4543 Iacob,
2889 4478 3096 4531 Scilicet
3148 4476 3383 4530 maxima

133 4568 300 4634 ponit,
346 4584 452 4622 non
500 4569 642 4637 quod
692 4568 763 4623 ibi
803 4544 999 4637 aliquis
1046 4544 1311 4636 ahjectus—
1341 4568 1554 4621 futurus
1594 4568 1696 4629 sit,
1732 4544 1777 4602 Ῐ)
1804 4565 2021 4635 generis
2064 4544 2284 4619 humani
2335 4575 2484 4635 parte
2515 4606 2529 4629 ,
2572 4581 2732 4635 quam
2783 4566 2948 4619 facies
2992 4564 3180 4629 Iacob,
3215 4564 3265 4618 id
3301 4572 3386 4618 est

134 4660 217 4713 sed
251 4660 505 4729 quoniam
532 4660 785 4714 minimos
808 4660 992 4714 dicere
1012 4660 1392 4714 consuevimus
1414 4659 1691 4728 abiectos;

134 4752 418 4825 etguidam
450 4761 608 4806 erunt
649 4753 718 4806 ibi
748 4753 990 4817 minimi,
1022 4753 1239 4821 quidam
1288 4769 1417 4809 vero
1466 4756 1696 4816 summi,

128 4840 267 4910 juxta
325 4843 459 4895 illud
509 4843 795 4913 Apostoli:
837 4861 855 4897 ι
892 4844 1042 4897 Sicut
1065 4844 1215 4898 stella
1257 4859 1286 4898 a
1320 4844 1473 4899 stella
1523 4842 1700 4898 diﬁ‘crt

131 4931 179 4985 in
218 4933 493 4998 claritate,
522 4934 599 5013 sic
632 4943 687 4988 et
721 4935 1046 4988 resurrectio
1092 4944 1425 4989 mortuorum
1467 4934 1532 5003 (ι
1569 4934 1691 4987 Cor.

131 5038 254 5087 xxv,
313 5024 427 5094 42).
462 5042 479 5074 ι
532 5025 658 5080 Dico
703 5026 846 5095 quod
902 5025 1032 5096 elegi
1060 5027 1293 5095 abjectus
1322 5043 1431 5080 esse
1465 5031 1517 5080 in
1545 5026 1698 5080 domo

130 5114 253 5180 Dei,
287 5117 352 5171 ad
389 5132 551 5185 quam
582 5118 798 5172 dommn
831 5134 935 5172 non
982 5120 1143 5173 credo
1174 5136 1260 5173 me
1305 5118 1513 5172 meritis
1563 5117 1700 5171 meis

130 5210 423 5279 pertingere
443 5250 457 5271 ,
481 5225 513 5261 ο
542 5210 843 5274 auditores,
891 5210 983 5264 sed
1034 5226 1131 5279 per
1162 5210 1591 5264 misericordiam
1645 5219 1699 5264 ct

131 5301 400 5357 veritatem
447 5300 568 5364 Dei,
602 5304 725 5371 quia
764 5303 1176 5356 misericordiam
1209 5314 1256 5356 et
1285 5304 1550 5356 veritatem
1578 5303 1696 5356 dili-

132 5392 193 5459 git
223 5393 386 5455 lteus,
425 5392 478 5444 id
523 5403 605 5447 est
632 5393 756 5463 quia
810 5393 950 5446 Deus
983 5393 1291 5448 misericors
1320 5402 1482 5447 estet
1515 5409 1697 5459 verus,

134 5484 216 5552 qui
245 5483 492 5553 promisit
539 5498 597 5537 se
628 5499 726 5537 nos
757 5485 1139 5553 perducturum
1172 5486 1237 5538 ad
1281 5486 1426 5539 illam
1457 5486 1702 5539 donuun.

134 5573 196 5627 Et
217 5576 337 5642 quia
367 5573 677 5629 misericors
704 5583 785 5628 est
813 5587 868 5628 et
900 5590 1080 5638 verus,
1123 5575 1377 5630 Dominus
1416 5576 1557 5629 dabit
1586 5593 1705 5646 gra-

140 5666 257 5718 tiam
284 5676 329 5718 et
360 5664 611 5734 gloriam,
643 5665 694 5717 id
722 5674 799 5719 est
824 5666 1112 5734 gratuitam
1137 5667 1361 5735 gloriam
1399 5668 1451 5720 in
1501 5666 1701 5732 futuro,

141 5756 337 5813 scilicet
361 5757 523 5810 vitam
550 5765 829 5811 :ctcrnam.
859 5756 1088 5826 Exponit
1109 5758 1285 5813 autem
1320 5758 1513 5827 quibus
1534 5759 1702 5823 dabit,

1804 4655 2031 4709 viriliter
2077 4655 2367 4710 luctantem
2396 4666 2585 4709 contra
2614 4655 2907 4721 diabolum,
2933 4664 2987 4709 et
3016 4656 3143 4708 vitia
3173 4665 3388 4707 avertes

1805 4762 1873 4799 ne
1910 4746 2018 4798 sint
2071 4746 2122 4799 in
2170 4748 2541 4816 captivitatem,
2588 4748 2795 4801 scilicet
2856 4762 2923 4801 ne
2966 4748 3018 4800 in
3056 4746 3386 4814 subjectioue

1803 4837 1997 4891 diaboli
2031 4846 2315 4891 teneantur
2359 4838 2577 4908 captivi.
2630 4839 2692 4891 Et
2733 4848 3015 4907 postquam
3058 4847 3267 4891 avertes
3296 4854 3388 4889 ca-

1802 4929 2110 4999 ptivitatem,
2150 4931 2395 4984 remisisti
2448 4933 2774 5001 iniquitatem
2818 4932 2979 5001 plebis
3026 4942 3149 4992 tuw,
3202 4930 3253 4983 id
3303 4936 3388 4982 est

1807 5028 2047 5082 remittes
2074 5028 2124 5081 in
2152 5027 2304 5097 plebe
2336 5037 2422 5081 tua
2455 5028 2801 5098 iniquitatem,
2829 5027 3033 5081 scilicet
3064 5024 3387 5093 comprimes

1809 5119 1861 5173 in
1899 5134 1962 5172 ea
2011 5118 2252 5174 fomitem
2296 5120 2521 5188 peccati,
2570 5121 2728 5173 idest
2754 5134 2973 5189 pravam
3004 5115 3388 5184 cuneupiseeu-

1809 5211 1957 5271 tiam,
1984 5226 2049 5264 ne
2078 5211 2123 5263 ei
2168 5215 2472 5280 pra-valeat,
2512 5220 2565 5265 et
2605 5212 2671 5264 ad
2702 5226 2921 5278 pravam
2960 5208 3225 5262 actionem
3266 5222 3388 5275 per-
3445 5240 3488 5269 ε

1810 5303 2011 5357 trahat.
2078 5302 2143 5357 Et
2186 5304 2497 5373 priusquam
2548 5304 2886 5372 iniquitatem
2933 5302 3211 5364 remittas,
3265 5316 3385 5368 ope-

1810 5394 1981 5452 ruisti,
2013 5395 2064 5449 id
2094 5404 2177 5449 est
2206 5397 2437 5464 operies,
2465 5395 2670 5448 scilicet
2692 5395 2971 5462 demerges
3008 5402 3061 5446 et
3099 5392 3299 5445 delebis
3331 5391 3384 5445 in

1800 5486 2147 5555 baptismate,
2166 5489 2340 5540 omnia
2356 5497 2564 5555 peccata
2589 5502 2789 5547 eorum,
2808 5494 2913 5537 tam
2930 5483 3209 5552 originalia
3224 5497 3385 5549 quam

1803 5579 2057 5633 actualia.
2097 5580 2248 5646 Quod
2268 5580 2665 5648 prtcﬁguratum
2706 5577 2862 5629 estin
2896 5576 3018 5628 liliis
3047 5572 3206 5626 Israel
3236 5587 3384 5625 mare

1804 5670 2047 5725 ltubrum
2076 5671 2202 5724 olim
2234 5669 2637 5723 transeuntibus
2662 5685 2676 5732 ;
2702 5668 2901 5721 inimici
2931 5681 3157 5735 quorum
3177 5682 3204 5717 ιι
3234 5672 3383 5731 tergo

1801 5773 2087 5829 sequentes
2110 5764 2279 5827 operti
2306 5772 2428 5817 sunt
2472 5764 2522 5817 in
2554 5762 2707 5830 mari,
2735 5763 3031 5818 ctdcutcrsi
3060 5771 3112 5815 et
3160 5758 3379 5817 mortui.
