3840 6338
435 323 464 380 Ι
469 321 572 378 087

1003 315 1063 372 S.
1103 312 1454 372 BRUNONIS
1483 311 2129 403 CARTHUSIANORUM
2157 312 2646 375 lNSTlTUTORlS
2682 316 2837 374 OPP.
2869 317 3052 374 PARS
3089 317 3131 373 Ι.

3537 326 3644 384 With

505 430 808 488 Notandum
836 429 980 500 quod
1009 429 1126 484 haec
1156 428 1414 484 beneﬁcia
1443 443 1547 482 non
1581 435 1764 481 narrat
1786 425 1974 480 ordine
1998 441 2012 490 ς
2049 431 2092 486 Α
2121 425 2300 482 ctione
2323 427 2502 485 futura
2527 431 2717 486 mul'er
2745 446 2866 501 quae
2886 436 3089 499 septem
3118 427 3369 484 fratribus
3397 445 3645 501 nupserat;

433 523 583 592 prius
603 521 746 576 enim
777 521 874 573 fuit
899 534 930 573 a
961 517 1272 588 captivitate
1301 533 1397 586 per
1423 517 1578 572 ﬁdem
1609 515 1798 578 averti,
1831 523 2019 585 postea

435 623 565 662 vero
593 615 812 676 peccata
853 604 1074 673 operiri,
1101 611 1153 657 et
1174 602 1252 657 sic
1282 611 1402 672 post
1425 601 1759 672 iniquitatem
1784 601 2017 667 remitti;

435 707 490 754 et
513 703 580 752 ad
611 697 858 750 ultimum
892 696 944 748 in
984 693 1140 748 bonis
1171 694 1426 760 operibus
1458 701 1508 747 et
1541 693 1830 746 virtutibus
1857 691 2021 746 bene-

437 787 562 840 dici.
598 785 673 840 Ne
703 800 833 839 vero
855 785 1128 838 videretur
1147 785 1287 852 quod
1319 783 1519 837 nullum
1544 783 1686 838 aliud
1701 783 2022 838 beneﬁcium

435 888 581 932 esset
611 877 927 936 collaturus.
971 876 1147 930 innuit
1174 876 1315 944 quod
1346 875 1514 929 multo
1551 875 1844 944 perfectius
1871 876 2025 930 dabit

437 970 493 1024 in
523 969 726 1032 futuro,
748 985 870 1024 cmn
895 969 1043 1022 addit
1070 968 1341 1038 mitigasti.
1361 967 1512 1034 Quod
1531 967 1609 1023 sic
1629 969 1979 1023 continuatur
2004 986 2017 1022 :

439 1061 571 1116 Dico
595 1062 738 1130 quod
759 1059 1064 1124 benedices,
1080 1061 1425 1129 captivitate»:
1440 1070 1669 1125 avertes,
1695 1060 2022 1130 iniquitatem

439 1155 703 1218 remittes,
737 1164 947 1224 peccata
978 1155 1222 1223 operies;
1271 1164 1329 1218 et
1357 1155 1458 1209 boc
1487 1154 1644 1208 modo
1666 1154 1938 1223 mitigasti,
1969 1153 2022 1207 id

437 1255 522 1302 est
553 1246 822 1315 mitigabis
860 1261 1063 1298 omnem
1098 1246 1234 1298 iram
1265 1254 1428 1306 luant,
1471 1245 1522 1299 id
1570 1254 1655 1299 est
1695 1243 2023 1299 omnismodi

439 1335 733 1388 vindictam
765 1343 909 1387 tuam
936 1349 950 1398 ;
984 1348 1050 1386 ac
1078 1333 1121 1388 si
1155 1334 1298 1388 dicat
1330 1348 1344 1386 :
1371 1334 1661 1388 vindictam
1703 1344 1851 1388 tuam
1882 1333 2021 1388 mul-

440 1427 643 1481 timode
672 1427 722 1480 iu
751 1429 985 1481 humano
1006 1442 1202 1495 genere
1224 1441 1466 1493 exerces,
1500 1435 1721 1497 propter
1741 1435 2022 1496 peccatum

442 1521 589 1583 Adae,
625 1536 748 1574 cum
796 1520 925 1574 illud
952 1520 1164 1574 diabolo
1194 1535 1291 1589 per
1321 1520 1457 1573 mala
1487 1535 1650 1590 opera
1679 1517 1869 1587 subjici
1897 1534 2022 1589 per-

442 1611 634 1674 mittis,
662 1619 716 1664 et
746 1610 1034 1680 captivari,
1083 1619 1137 1666 et
1188 1611 1526 1680 iniquitatem
1561 1609 1676 1678 ejus
1716 1610 1943 1672 intendi,
1971 1618 2027 1664 et

443 1701 671 1756 mortale
690 1711 746 1756 et
769 1701 1022 1772 passibile
1045 1716 1185 1756 esse.
1213 1701 1363 1756 llauc
1394 1712 1575 1756 autem
1594 1700 1886 1755 vindictam
1918 1714 2024 1753 non

2123 519 2319 587 quibus
2344 520 2601 577 Dominus
2624 523 2898 594 respondit
2925 540 2937 577 :
2967 539 2986 573 ι
3021 522 3074 576 ιιι
3101 522 3485 591 regeneratione
3505 539 3646 593 neque

2124 612 2958 684 nubentnequenubeutur(Luc.
2983 613 3167 676 “.35,
3189 611 3329 682 55).»
3351 610 3648 667 llancautem

2121 705 2472 774 qumstionem
2505 722 2600 778 per
2632 705 2841 777 singula
2876 705 3055 769 solvit,
3099 719 3218 758 cum
3249 702 3473 771 adjungit
3503 720 3514 753 :
3543 703 3652 758 \‘cre

2122 814 2230 853 non
2281 801 2523 854 irasceris
2567 802 2622 855 in
2666 810 2967 853 teternum:
3008 797 3101 851 sed
3152 806 3207 848 tu
3258 794 3392 848 Deus
3423 793 3471 847 in
3504 794 3654 848 futuro

2123 908 2400 946 conversus
2442 893 2510 947 ab
2563 893 2643 946 ira
2681 893 2747 947 ad
2793 889 3215 945 misericordiam
3260 887 3519 954 riviﬁrabis
3562 904 3654 949 nos,

2125 983 2496 1037 resuscitando
2529 992 2583 1038 et
2622 980 2956 1037 immortales
2996 977 3262 1034 faciendo.
3300 977 3362 1031 Et
3397 991 3491 1030 non
3514 987 3656 1030 exten-

2124 1074 2214 1127 des
2253 1075 2388 1129 iram
2429 1084 2595 1138 tuam,
2629 1092 2660 1127 ιι
2687 1072 3017 1142 generatione
3057 1071 3110 1124 in
3135 1068 3498 1137 generationem
3523 1066 3658 1133 ;quia

2123 1167 2264 1236 plebs
2293 1177 2406 1228 tua,
2448 1182 2546 1221 nos
2573 1166 2780 1220 scilicet
2810 1173 2866 1218 et
2894 1163 3061 1217 nostri
3090 1160 3409 1224 conformes,
3437 1157 3660 1210 (celabitur

2123 1258 2178 1310 in
2203 1267 2268 1318 te,
2298 1257 2347 1311 id
2377 1265 2457 1310 est
2487 1255 2898 1326 participatione
2924 1250 3368 1322 impassibilitatis
3407 1259 3518 1301 tum.
3546 1247 3608 1300 Ac
3625 1248 3660 1300 si

2126 1345 2309 1400 dicat:
2344 1345 2486 1398 nulla
2518 1343 2880 1399 sollicitudine
2905 1341 3173 1412 passionis
3206 1337 3526 1391 auxiabimur
3552 1353 3563 1389 :
3589 1334 3662 1389 sed

2127 1436 2193 1491 de
2227 1437 2637 1508 participatione
2685 1435 2936 1506 gloriosa:
2965 1429 3414 1504 impossibilitatis
3435 1437 3524 1480 tua:
3548 1426 3665 1479 laua-

2126 1529 2326 1584 binmr.

2201 1621 2510 1678 Oratetiam
2531 1621 2595 1676 de
2621 1621 2742 1685 boe,
2779 1629 2840 1674 ut
2861 1618 3164 1688 contingat,
3190 1617 3268 1671 sic
3297 1615 3451 1670 :Dico
3474 1612 3668 1679 vivifica-

2131 1714 2204 1769 bis
2229 1731 2321 1768 nos
2345 1715 2396 1767 in
2429 1713 2628 1778 futuro,
2659 1721 2705 1767 et
2729 1711 3026 1766 lwtabimur
3045 1709 3098 1762 in
3123 1718 3214 1772 te;
3238 1716 3292 1760 et
3313 1706 3380 1759 ita
3407 1703 3498 1768 sic,
3524 1701 3668 1756 Domi-

444 1794 533 1848 liic
562 1809 630 1848 ex
662 1803 774 1848 toto
799 1793 1036 1857 auferes,
1069 1795 1164 1848 sed
1205 1793 1597 1862 aliquantulum
1639 1791 1914 1862 mitigabis
1939 1791 2028 1844 hic

2147 1821 2225 1866 ie,
2257 1807 2466 1858 ostende
2501 1804 2647 1858 nobis
2670 1803 2722 1857 in
2745 1801 2928 1855 futuro
2951 1800 3090 1854 hanc
3117 1796 3669 1857 misericordiumtumn,

444 1886 622 1940 omnis
664 1887 808 1940 modi
844 1886 1158 1952 vindictam,
1185 1903 1306 1942 cum
1342 1887 1626 1942 benediccs
1657 1895 1710 1941 et
1739 1887 2027 1956 captivita-

446 1985 552 2030 tem
585 1987 817 2032 avertes.
862 1978 916 2032 In
956 1978 1140 2033 fututo
1167 1995 1294 2035 vero
1340 1981 1592 2046 avertisti,
1627 1979 1677 2034 id
1708 1987 1788 2034 est
1819 1988 2031 2034 avertes

447 2075 500 2123 te
527 2071 591 2121 ab
616 2070 693 2122 ira
717 2069 1091 2139 indignationis
1115 2081 1239 2124 tuae.
1268 2069 1566 2141 Indignatio
1589 2071 1722 2125 solet
1744 2070 2031 2138 aliquando

446 2160 570 2229 poni
603 2175 700 2230 pro
723 2161 909 2216 leviori
937 2163 1048 2228 ira;
1075 2166 1166 2218 sed
1193 2164 1244 2217 iu
1273 2163 1376 2218 alia
1419 2163 1772 2219 translatione
1802 2164 2033 2218 habetur

447 2251 512 2304 ab
553 2268 634 2305 ira
666 2253 865 2322 furoris
910 2256 1008 2309 tui.
1056 2253 1208 2309 Unde
1243 2255 1566 2326 colligimus,
1607 2254 2030 2324 indignationem

448 2342 538 2398 bic
567 2359 664 2412 pro
696 2346 859 2400 nimia
910 2347 989 2402 ira
1020 2347 1165 2417 poni.
1199 2347 1267 2402 Et
1299 2357 1383 2402 est
1410 2348 1648 2404 additum
1677 2347 1742 2401 ad
1780 2346 2035 2401 determi-

450 2435 748 2499 nationem,
779 2444 836 2490 ut
871 2437 943 2490 sit
976 2439 1140 2492 dictio
1175 2437 1515 2492 intransitiva
1541 2479 1556 2502 ,
1599 2439 1677 2493 sic
1712 2456 1725 2492 :
1758 2439 1810 2492 in
1853 2437 2034 2492 futuro

450 2537 663 2582 avertes
700 2529 842 2599 te_ab
881 2530 960 2582 ira
991 2530 1367 2599 indignationis
1399 2514 1526 2595 tute,
1552 2531 1603 2584 id
1634 2539 1714 2585 est
1744 2531 1810 2585 ab
1838 2529 1924 2583 illa
1955 2531 2034 2584 ira

451 2632 573 2684 qua:
608 2590 908 2688 iudig‘natio
945 2590 1172 2673 dicenda
1206 2629 1288 2674 est
1315 2636 1381 2675 eo
1413 2590 1554 2691 quod
1584 2636 1776 2691 magna
1807 2622 1896 2685 sit,
1926 2621 2034 2675 sci-

450 2706 579 2762 licet
608 2721 820 2766 avertes
858 2721 909 2765 te
944 2727 972 2764 a
1011 2727 1202 2783 magna
1243 2712 1482 2768 vindicta
1531 2722 1637 2767 tua.
1685 2713 1846 2781 Quasi
1877 2728 2038 2782 pone-

455 2811 538 2856 ret
571 2821 584 2856 :
614 2801 710 2857 Hic
746 2805 988 2859 remittes
1023 2805 1103 2858 eis
1144 2820 1365 2875 parvam
1398 2805 1716 2870 vindictam,
1748 2821 1909 2875 quam
1943 2821 2039 2874 pro

454 2904 677 2964 peccato
732 2897 861 2950 Adae
901 2897 953 2950 in
990 2897 1071 2952 eis
1123 2912 1368 2960 exerces.
1433 2897 1786 2952 intentionem
1834 2897 2042 2951 scilicet

457 2983 777 3052 iniquitatis,
810 2995 862 3040 et
897 2997 1091 3041 cretera
1117 2987 1421 3057 hujusmodi
1453 3004 1573 3058 qua:
1609 2989 1818 3042 minora
1852 2987 2042 3042 dicun-

2135 1894 2362 1957 scilicet,
2409 1893 2826 1947 viviﬁcationem
2890 1900 2943 1944 et
3011 1887 3254 1942 laetitiam
3302 1881 3672 1938 misericorditer

2134 1986 2385 2040 dandam.
2418 1984 2485 2038 Et
2517 2000 2621 2038 non
2651 1983 2726 2038 sic
2757 1979 3011 2036 ostendas
3040 1989 3098 2032 ut
3146 1993 3252 2031 non
3285 1977 3377 2028 des
3403 1973 3548 2043 (sicut
3572 1986 3672 2039 per-

2135 2075 2318 2139 dendi,
2361 2075 2428 2128 ad
2478 2071 2964 2128 accmnulationem
3012 2069 3252 2124 miseria:
3299 2081 3423 2126 suto,
3453 2063 3672 2118 bonorum

2135 2168 2362 2238 gloriam
2393 2167 2672 2228 videbunt,
2707 2179 2868 2234 quam
2900 2179 3007 2218 non
3035 2159 3358 2226 habebunt),
3393 2156 3479 2210 sed
3503 2153 3675 2208 os'ende

2136 2272 2191 2316 et
2216 2261 2280 2314 da
2315 2261 2460 2315 nobis
2506 2259 2738 2314 salutare
2765 2267 2934 2318 tuum.
2973 2256 3024 2309 id
3069 2265 3156 2308 est
3186 2250 3525 2306 salvationem
3558 2245 3674 2298 illam

2137 2351 2514 2407 vivilicationis
2559 2359 2614 2404 et
2649 2349 2879 2414 lzctitite;
2922 2344 3344 2400 Misericordiam
3387 2348 3441 2394 et
3487 2337 3678 2390 salutare

2138 2459 2237 2514 pro
2267 2443 2455 2496 eodem
2487 2442 2670 2496 habet.

2209 2535 2305 2589 Vel
2336 2543 2514 2605 potest
2541 2548 2663 2588 esse
2689 2532 2864 2586 oratio
2902 2529 2967 2585 de
2993 2529 3230 2583 adventu
3263 2524 3404 2583 Filii.
3437 2537 3522 2592 per
3550 2533 3677 2588 quem

2137 2625 2254 2680 haec
2283 2625 2539 2680 beneﬁcia
2571 2633 2722 2678 erant
2751 2620 3078 2678 conferenda
3105 2619 3188 2674 sic
3215 2637 3228 2672 :
3264 2618 3388 2671 Dico
3411 2613 3538 2682 quol
3577 2609 3681 2662 vivi-

2140 2718 2421 2773 ﬁcabimur
2440 2726 2495 2772 et
2519 2701 2864 2780 lmtabimur;
2887 2723 2966 2780 et,
3003 2713 3132 2782 quia
3162 2711 3280 2766 luce
3309 2707 3592 2774 contingere
3611 2715 3683 2754 ne-

2140 2820 2365 2880 queunt,
2391 2810 2492 2864 nisi
2524 2809 2695 2864 Filius
2724 2818 2848 2862 tuus
2881 2807 3202 2860 incarnetur
3227 2812 3284 2856 et
3322 2797 3530 2852 visibilis
3552 2806 3685 2861 appa-

2144 2913 2280 2970 reat,
2317 2904 2541 2958 ostende
2585 2901 2759 2966 nobis,
2815 2900 3041 2954 Domine
3084 2896 3274 2958 Pater,
3307 2886 3682 2948 misericordiam

2145 3003 2311 3059 tuam,
2347 2993 2396 3047 id
2426 3002 2510 3046 est
2533 2990 2796 3045 visibilem
2836 2989 2919 3043 fac
2944 3002 3208 3057 apparere
3242 2983 3362 3037 ﬁliis
3385 2977 3584 3038 nostris.
3614 2972 3684 3041 (Ιιιί

459 3083 567 3142 ω’,
615 3091 680 3132 eo
715 3077 856 3146 quod
883 3093 989 3132 non
1029 3079 1108 3134 sic
1150 3095 1377 3150 gravare
1409 3079 1579 3133 malos
1615 3079 1885 3144 videntur,
1916 3095 2037 3134 eum
2069 3117 2114 3178 ο
2143 3093 2272 3142 ωηο
2305 3093 2484 3150 erunt,
2543 3083 2741 3139 Filium
2798 3091 2946 3136 tutum
2995 3081 3336 3134 incarnatum
3365 3115 3380 3138 ,
3434 3087 3523 3144 per
3567 3066 3686 3130 citius

437 3167 636 3237 -potius
667 3168 718 3222 in
751 3169 830 3224 eis
861 3169 1227 3233 delectentur;
1273 3172 1326 3226 in
1365 3171 1546 3226 futuro
1578 3187 1705 3227 vero
1737 3182 1950 3226 avertes
1975 3173 2042 3227 ab

457 3259 541 3314 eis
570 3260 827 3330 majorem
851 3262 1172 3328 vindictam,
1206 3278 1327 3332 qua:
1348 3278 1457 3333 prae
1488 3263 1651 3316 nimia
1677 3263 2045 3334 magnitudine

459 3366 558 3405 sua
597 3352 746 3407 furor
772 3353 991 3418 dicitur,
1035 3353 1241 3407 scilicet
1273 3353 1656 3408 mortalitatem
1685 3363 1740 3408 et
1773 3353 2046 3423 passibili-

461 3451 650 3510 tatetn,
675 3460 794 3514 qua:
831 3445 976 3514 ipsos
1011 3445 1173 3498 etiam
1211 3443 1375 3515 340
1405 3445 1573 3499 tnalos
1601 3444 1752 3500 valde
1796 3453 2046 3516 gravant,

462 3535 690 3604 ideoque
720 3535 890 3604 major
914 3535 1145 3588 vindicta
1177 3535 1427 3588 dicuntur
1456 3547 1509 3588 et
1539 3534 1706 3590 furor.

539 3628 667 3682 Orat
695 3639 873 3682 autern
898 3627 1040 3697 quod
1067 3626 1388 3691 enuntiavit,
1421 3627 1499 3680 sic
1530 3647 1540 3681 :
1567 3628 1696 3683 Dico
1723 3628 1862 3697 quod
1888 3628 2053 3681 bene-

465 3719 634 3782 dices,
663 3727 717 3772 et
737 3721 904 3788 captio
926 3730 1082 3774 tatem
1107 3729 1339 3782 avertes,
1369 3731 1469 3776 etc.
1499 3721 1567 3775 Et
1597 3721 1674 3776 sic
1705 3724 1821 3787 liat,
1849 3737 1881 3776 0
1910 3720 2051 3775 Deus

466 3813 742 3876 salutaris,
776 3816 827 3868 id
864 3825 947 3870 est
981 3817 1224 3872 salvator
1251 3827 1443 3883 noster,
1478 3826 1714 3870 converte
1743 3832 1836 3869 nos
1865 3831 1895 3870 a
1937 3831 2050 3867 mae-

471 3903 755 3958 ledictione
789 3913 854 3958 ad
902 3906 1357 3967 benedictionem.
1400 3923 1428 3958 a
1466 3907 1775 3975 captivitate
1808 3905 1860 3958 in
1895 3905 2057 3961 liber-

459 4006 659 4061 tatem,
710 3995 778 4050 ab
807 3997 1102 4050 intentione
1135 3997 1435 4066 iniquitatis
1469 3997 1533 4050 ad
1575 3996 1948 4051 remissionem
1983 4013 1996 4050 :
2025 4011 2056 4050 a

469 4096 812 4158 peccatorum
839 4087 1094 4142 instantia
1121 4087 1189 4144 ad
1211 4101 1397 4141 eorum
1425 4086 1758 4156 opertioncm
1784 4094 1839 4141 et
1860 4085 2058 4141 diluer-

467 4180 696 4235 sionem.

541 4270 608 4324 Et
643 4270 750 4324 dixi
774 4269 916 4339 quod
952 4269 1004 4324 in
1037 4267 1220 4324 futuro
1249 4278 1460 4324 avertes
1487 4269 1621 4325 iram
1642 4269 2056 4340 indignationis;

469 4372 524 4416 et
549 4363 623 4417 ita
653 4361 724 4416 sit
752 4375 770 4412 :
801 4361 988 4415 Averte
1029 4378 1093 4416 ex
1136 4369 1249 4415 toto
1278 4379 1309 4413 a
1341 4361 1487 4414 nobis
1518 4361 1570 4415 in
1611 4361 1792 4416 futuro
1817 4362 1975 4425 iram,
2009 4361 2060 4414 id

2145 3179 2509 3234 obedientiam
2549 3176 2748 3230 mundo
2801 3171 3175 3232 misereberis,
3218 3169 3439 3234 ideoque
3486 3171 3566 3214 tua
3610 3157 3687 3210 mi-

2147 3268 2442 3325 sericordia
2484 3266 2707 3321 dicitur.
2758 3264 2825 3318 Et
2863 3264 2989 3333 quia
3043 3276 3149 3315 non
3192 3256 3437 3313 omnibus
3464 3245 3690 3307 salvandis

2149 3359 2378 3415 visibilis
2424 3359 2763 3420 ostendetur,
2815 3355 3006 3410 saltem
3052 3351 3124 3405 da
3174 3349 3321 3403 nobis
3354 3343 3583 3401 omnibus
3606 3335 3691 3390 sal-

2149 3449 2362 3515 vandis,
2405 3457 2510 3501 tam
2551 3445 2910 3517 przesentibus
2956 3456 3119 3512 quam
3168 3439 3388 3500 futuris,
3416 3447 3547 3495 eum,
3577 3424 3692 3517 salso

2149 3551 2282 3602 tare,
2336 3539 2388 3592 id
2438 3546 2522 3593 est
2553 3516 2558 3517 γ
2587 3537 2936 3596 salvatorem,
2987 3544 3158 3596 tuum,
3210 3529 3416 3586 scilicet
3459 3527 3518 3579 da
3565 3533 3614 3573 ut
3639 3516 3694 3570 sit

2151 3632 2390 3685 omnium
2442 3629 2778 3684 credentium
2820 3626 3081 3690 salvator,
3116 3634 3228 3677 tam
3261 3618 3537 3674 videntium
3565 3621 3692 3679 quam

2153 3738 2259 3776 non
2299 3720 2620 3776 videntium.
2655 3718 2924 3786 Quoniatn
2969 3725 3149 3768 autem
3182 3713 3448 3781 Propheta
3477 3700 3694 3759 beneﬁcia

2155 3813 2268 3866 btec
2299 3811 2736 3874 annuntiavcrat,
2784 3818 2843 3861 ut
2879 3803 3255 3860 autorizabilia
3283 3803 3387 3856 siut
3431 3812 3517 3852 sua
3543 3792 3694 3852 verba,

2155 3902 2392 3955 ostendit
2421 3917 2525 3954 non
2557 3915 2586 3953 a
2623 3915 2703 3962 se,
2739 3898 2830 3952 sed
2867 3913 2896 3951 a
2929 3895 3132 3965 Spiritu
3161 3903 3355 3948 sancto
3383 3891 3478 3943 hoc
3514 3883 3696 3939 habete.

2158 3995 2272 4050 sic:
2305 3994 2432 4048 Dico
2483 3993 2628 4063 quod
2678 3991 2819 4045 Deus
2865 3987 3141 4058 viviﬁcabit
3189 4002 3306 4048 nos,
3345 3977 3554 4050 etquod
3583 3975 3699 4027 ineo

2159 4086 2480 4141 lattabimur.

2231 4177 2342 4232 lloc
2373 4184 2553 4230 autem
2581 4189 2647 4228 ex
2676 4188 2760 4228 me
2789 4188 2892 4228 non
2917 4171 3074 4236 dico,
3102 4168 3198 4224 sed
3229 4167 3528 4236 frequenter
3552 4154 3698 4214 audio.

2151 4270 2302 4340 quod
2355 4270 2470 4323 base
2513 4276 2569 4322 et
2625 4265 2927 4334 hujusmodi
2966 4263 3070 4317 alia
3117 4261 3362 4330 loquitur
3408 4257 3458 4312 in
3492 4267 3586 4314 tne,
3617 4259 3701 4348 uoti

2161 4362 2342 4416 verbis
2370 4359 2462 4414 sed
2504 4358 2712 4413 occulta
2745 4355 3120 4426 inSpiratione,
3147 4352 3408 4408 Dominus
3434 4348 3560 4400 Deus
3581 4351 3704 4408 spln-

469 4462 556 4508 est
581 4468 827 4522 magr'am
876 4453 1167 4507 vindictam
1199 4463 1364 4507 tuam.
1390 4453 1454 4506 Et
1482 4453 1602 4508 ideo
1647 4453 1750 4508 hoc
1783 4469 1899 4518 oro,
1934 4453 2056 4522 quia
2093 4471 2137 4527 ι)
2166 4464 2267 4509 tus.
2327 4453 2391 4506 Et
2440 4467 2543 4504 non
2584 4451 2758 4505 solum
2807 4450 2911 4504 hoc
2959 4446 3143 4508 audio,
3198 4444 3294 4499 sed
3323 4450 3377 4496 et
3421 4438 3704 4527 incessanter

475 4544 710 4612 nunquid
735 4551 818 4596 est
845 4543 1174 4597 credendum
1207 4543 1348 4612 quod
1379 4543 1600 4612 quidam
1625 4542 1757 4596 falso
1788 4551 2057 4606 asserunt,

476 4634 684 4688 scilicet
713 4633 853 4702 quod
901 4632 959 4684 in
1014 4644 1267 4686 internum
1308 4634 1550 4688 irasceris
1593 4633 1762 4696 nobis.
1810 4649 1907 4690 nos
1955 4649 2060 4688 non

463 4726 868 4791 resuscitando,
934 4737 989 4782 et
1041 4727 1498 4784 immortalitatem
1550 4743 1654 4781 non
1715 4728 2064 4782 reducendo?

482 4821 643 4874 Esses
663 4818 805 4873 enim
837 4820 890 4873 in
919 4829 1179 4876 :eternum
1209 4824 1380 4876 iratus
1405 4823 1582 4887 nobis,
1613 4823 1656 4876 si
1697 4836 1800 4875 nou
1831 4821 2064 4876 resusci-

481 4925 740 4973 taremur,
781 4920 838 4964 et
885 4912 951 4964 ad
983 4911 1440 4969 immortalitatem
1473 4929 1581 4968 non
1626 4913 2058 4969 restitueremur.

479 5006 560 5059 An
584 5006 626 5059 si
657 5004 1084 5069 resuscitaveris,
1121 5012 1175 5060 et
1213 5005 1543 5061 immortales
1575 5007 1788 5070 l'eCeris,
1819 5006 2062 5060 extendes

481 5096 636 5160 iram,
675 5093 724 5146 id
769 5105 854 5148 est
893 5093 1180 5147 vindictam
1215 5105 1357 5148 tuam
1396 5114 1427 5148 π
1459 5099 1791 5163 generatione
1821 5096 1922 5150 hac
1955 5105 2064 5148 ter-

2163 4545 2377 4597 audium
2400 4541 2526 4612 quid
2564 4540 2810 4611 loquatur
2831 4541 2884 4592 in
2916 4554 3019 4602 nte,
3058 4537 3108 4589 id
3139 4544 3224 4589 est
3253 4525 3562 4588 ininteriori
3591 4533 3702 4580 mea.

2166 4637 2422 4693 Dominus
2453 4635 2614 4688 Deus.
2659 4633 2736 4686 Ac
2770 4632 2813 4686 si
2846 4633 3028 4685 dicat:
3056 4629 3209 4684 Nulla
3255 4621 3545 4682 sollicitudo
3570 4626 3706 4711 terre-

2169 4744 2358 4783 norum
2401 4742 2486 4780 me
2527 4715 2593 4780 ab
2632 4725 2733 4778 hoc
2783 4722 2966 4776 auditu
3000 4720 3197 4790 poterit
3239 4728 3510 4772 revocare.
3551 4702 3706 4802 Et.

2168 4837 2329 4892 gnum
2356 4827 2438 4873 est
2478 4828 2536 4870 ut
2567 4819 2668 4872 hoc
2695 4830 2911 4885 semper
2940 4814 3153 4867 audiam
3180 4827 3195 4874 ;
3239 4808 3489 4879 quoniam
3517 4815 3607 4854 non
3628 4792 3708 4892 vile

2169 4912 2274 4966 erit
2311 4910 2454 4980 quod
2486 4909 2741 4978 loquitur.
2789 4906 2884 4960 sed
2931 4904 3171 4973 loquetur
3195 4914 3374 4969 pacem
3399 4901 3647 4948 venturam
3668 4898 3709 4933 ιη

2166 5002 2360 5074 plebem
2398 5016 2570 5064 suam,
2623 4997 2926 5059 Judaicam,
2964 4993 3210 5052 scilicet;
3255 5001 3442 5058 pacem
3470 4988 3709 5074 :eterttﬂf'b

2169 5070 2384 5166 quando
2441 5092 2581 5148 nulla
2661 5089 2911 5158 passione
2977 5081 3436 5153 iuquietabimur,
3513 5070 3596 5126 sed
3626 5070 3714 5166 .111;

484 5200 637 5247 reua,
673 5200 844 5252 usque
882 5185 935 5239 in
974 5185 1358 5254 generationem
1393 5185 1629 5239 futuram
1666 5203 1784 5238 cu.u
1839 5187 2072 5240 res-isci-
2172 5187 2312 5256 gitur
2363 5184 2415 5236 in
2463 5181 2573 5236 Deo
2623 5179 2946 5233 iiBlaDlllilll'.
2995 5173 3098 5228 Per
3149 5175 3251 5226 hoc
3294 5155 3716 5256 ειιιῑοιιι-(Ιιιοάηέθ

485 5277 753 5332 labimur?
795 5277 1021 5342 scilicet,
1056 5293 1177 5332 cum
1223 5275 1360 5328 hanc
1387 5275 1679 5329 vindictam
1711 5276 1762 5329 in
1807 5276 1958 5329 nobis
1987 5274 2074 5328 hic
2176 5276 2307 5330 dicit
2386 5271 2635 5340 frequent
2673 5285 2699 5322 ι·
2759 5267 3089 5326 audiluﬂlm,
3164 5260 3437 5315 auditores
3493 5251 3716 5342 instruit,

485 5385 760 5430 exerceas.
787 5379 845 5422 ut
872 5369 1040 5422 simus
1064 5366 1364 5438 passibilcs,
1389 5366 1648 5420 extendes
1673 5366 1915 5419 eamdem
1941 5365 2079 5419 banc
2184 5365 2342 5438 3&1
2415 5363 2560 5432 quod
2639 5361 2705 5412 ad
2780 5359 2921 5412 ltattc
3008 5369 3194 5424 pacem
3251 5362 3461 5418 semper
3497 5352 3606 5438 esse

485 5461 776 5516 vindictam
827 5477 997 5529 usque
1060 5431 1110 5514 in
1158 5460 1560 5530 generationem
1602 5458 1860 5519 futuram,
1909 5468 1967 5511 ut
2029 5469 2082 5510 et
2186 5431 2348 5516 beam
2407 5431 2625 5512 intenti.
2671 5453 2735 5506 Et
2763 5452 2900 5505 bene
2951 5447 3102 5517 plebs
3153 5442 3374 5498 Judaiea
3429 5450 3520 5492 sua
3563 5431 3717 5530 divini!

489 5562 614 5608 tunc
650 5551 934 5624 passibiles
963 5553 1151 5618 simus,
1193 5553 1334 5607 sicut
1373 5551 1591 5621 quidam
1622 5550 1942 5617 opinantur?
1971 5548 2082 5603 lloc
2188 5547 2639 5608 antonomastice,
2676 5557 2742 5596 eo
2777 5539 2919 5610 quod
2975 5536 3094 5607 ejus
3146 5533 3388 5589 notitiam

489 5659 666 5704 autem
707 5648 943 5702 sensisse
973 5647 1223 5701 videntur
1269 5646 1341 5700 illi
1381 5645 1472 5712 qui
1519 5643 1802 5698 Dominum
1850 5641 2082 5696 interro-
2187 5633 2489 5695 bucriLNc
2522 5650 2651 5688 vero
2689 5639 2973 5704 putaretur
3029 5642 3191 5696 super
3234 5634 3444 5722 munem

489 5757 648 5812 gasse
684 5740 736 5795 in
767 5739 1056 5810 Evangelio
1095 5739 1364 5808 leguntur,
1392 5735 1544 5803 cujus
1576 5743 1717 5790 esset
1748 5735 1797 5788 iu
1845 5747 2083 5788 resurre-
2190 5731 2420 5803 plebem,
2465 5737 2694 5782 ventura
2727 5720 3076 5786 determinat,
3102 5729 3220 5772 cum
3253 5710 3400 5768 addit
3429 5726 3440 5761 :
3474 5706 3588 5760 Dico
3611 5707 3709 5765 ίιυει
