  <div class='ocr_page' id='page_1' title='image "/cluster/home/n/w/nwhite01/storage/ocr_20150623/152/hvd.32044015473804/550.png"; bbox 0 0 3872 6320; ppageno 0'>
   <div class='ocr_carea' id='block_1_1' title="bbox 197 379 314 440">
    <p class='ocr_par' dir='ltr' id='par_1_1' title="bbox 197 379 314 440">
     <span class='ocr_line' id='line_1_1' title="bbox 197 379 314 440; baseline -0.051 0"><span class='ocrx_word' id='word_1_1' title='bbox 197 379 314 440; x_wconf 74' lang='grc'><strong>1089</strong></span> 
     </span>
    </p>
   </div>
   <div class='ocr_carea' id='block_1_2' title="bbox 1093 373 2495 435">
    <p class='ocr_par' dir='ltr' id='par_1_2' title="bbox 1093 373 2495 435">
     <span class='ocr_line' id='line_1_2' title="bbox 1093 373 2495 435; baseline 0.002 -3"><span class='ocrx_word' id='word_1_2' title='bbox 1093 376 1450 434; x_wconf 76' lang='lat' dir='ltr'><strong>EXPOSITIO</strong></span> <span class='ocrx_word' id='word_1_3' title='bbox 1483 376 1547 430; x_wconf 83' lang='lat' dir='ltr'><strong>IN</strong></span> <span class='ocrx_word' id='word_1_4' title='bbox 1583 373 2192 434; x_wconf 67' lang='lat' dir='ltr'><strong>PSALMOS.—PSAL.</strong></span> <span class='ocrx_word' id='word_1_5' title='bbox 2235 379 2495 435; x_wconf 73' lang='lat' dir='ltr'><strong>LXXXIV</strong></span> 
     </span>
    </p>
   </div>
   <div class='ocr_carea' id='block_1_3' title="bbox 3293 390 3426 456">
    <p class='ocr_par' dir='ltr' id='par_1_3' title="bbox 3293 390 3426 456">
     <span class='ocr_line' id='line_1_3' title="bbox 3293 390 3426 456; baseline 0.045 -5"><span class='ocrx_word' id='word_1_6' title='bbox 3293 390 3426 456; x_wconf 71' lang='lat' dir='ltr'><strong>tosti</strong></span> 
     </span>
    </p>
   </div>
   <div class='ocr_carea' id='block_1_4' title="bbox 195 475 3424 573">
    <p class='ocr_par' dir='ltr' id='par_1_4' title="bbox 195 475 3424 573">
     <span class='ocr_line' id='line_1_4' title="bbox 195 475 3424 573; baseline 0.007 -31"><span class='ocrx_word' id='word_1_7' title='bbox 195 507 281 562; x_wconf 83' lang='lat' dir='ltr'><strong>pax</strong></span> <span class='ocrx_word' id='word_1_8' title='bbox 304 490 350 540; x_wconf 88' lang='lat' dir='ltr'><strong>in</strong></span> <span class='ocrx_word' id='word_1_9' title='bbox 377 487 571 554; x_wconf 83' lang='lat' dir='ltr'><strong>ptebem</strong></span> <span class='ocrx_word' id='word_1_10' title='bbox 613 501 762 539; x_wconf 79' lang='lat' dir='ltr'><strong>suam</strong></span> <span class='ocrx_word' id='word_1_11' title='bbox 791 486 1000 552; x_wconf 89' lang='lat' dir='ltr'><strong>veniet;</strong></span> <span class='ocrx_word' id='word_1_12' title='bbox 1031 496 1099 551; x_wconf 88' lang='lat' dir='ltr'><strong>et,</strong></span> <span class='ocrx_word' id='word_1_13' title='bbox 1131 487 1182 541; x_wconf 93' lang='lat' dir='ltr'><strong>id</strong></span> <span class='ocrx_word' id='word_1_14' title='bbox 1222 499 1301 542; x_wconf 87' lang='lat' dir='ltr'><strong>est</strong></span> <span class='ocrx_word' id='word_1_15' title='bbox 1344 487 1548 542; x_wconf 75' lang='lat' dir='ltr'><strong>scilicet</strong></span> <span class='ocrx_word' id='word_1_16' title='bbox 1594 503 1748 556; x_wconf 79' lang='lat' dir='ltr'><strong>super</strong></span> <span class='ocrx_word' id='word_1_17' title='bbox 1777 501 1820 554; x_wconf 74' lang='grc' dir='ltr'>Α</span> <span class='ocrx_word' id='word_1_18' title='bbox 1852 497 1931 540; x_wconf 88' lang='lat' dir='ltr'><strong>tos</strong></span> <span class='ocrx_word' id='word_1_19' title='bbox 1957 489 2284 543; x_wconf 82' lang='lat' dir='ltr'><strong>obviarerunt</strong></span> <span class='ocrx_word' id='word_1_20' title='bbox 2307 491 2423 554; x_wconf 87' lang='lat' dir='ltr'><strong>sibi,</strong></span> <span class='ocrx_word' id='word_1_21' title='bbox 2461 493 2606 545; x_wconf 87' lang='lat' dir='ltr'><strong>idest</strong></span> <span class='ocrx_word' id='word_1_22' title='bbox 2639 475 3041 573; x_wconf 82' lang='lat' dir='ltr'><strong>concordabant</strong></span> <span class='ocrx_word' id='word_1_23' title='bbox 3069 505 3210 561; x_wconf 89' lang='lat' dir='ltr'><strong>inter</strong></span> <span class='ocrx_word' id='word_1_24' title='bbox 3229 523 3290 563; x_wconf 90' lang='lat' dir='ltr'><strong>se</strong></span> <span class='ocrx_word' id='word_1_25' title='bbox 3312 513 3424 566; x_wconf 67' lang='lat' dir='ltr'><strong>hare</strong></span> 
     </span>
    </p>
   </div>
   <div class='ocr_carea' id='block_1_5' title="bbox 191 575 1747 646">
    <p class='ocr_par' dir='ltr' id='par_1_5' title="bbox 191 575 1747 646">
     <span class='ocr_line' id='line_1_5' title="bbox 191 575 1747 646; baseline -0.003 -12"><span class='ocrx_word' id='word_1_26' title='bbox 191 591 374 635; x_wconf 83' lang='lat' dir='ltr'><strong>sanctos</strong></span> <span class='ocrx_word' id='word_1_27' title='bbox 396 593 514 629; x_wconf 83' lang='lat' dir='ltr'><strong>suos</strong></span> <span class='ocrx_word' id='word_1_28' title='bbox 547 578 744 639; x_wconf 90' lang='lat' dir='ltr'><strong>veniet,</strong></span> <span class='ocrx_word' id='word_1_29' title='bbox 778 575 828 629; x_wconf 94' lang='lat' dir='ltr'><strong>id</strong></span> <span class='ocrx_word' id='word_1_30' title='bbox 859 587 943 630; x_wconf 88' lang='lat' dir='ltr'><strong>est</strong></span> <span class='ocrx_word' id='word_1_31' title='bbox 969 577 1173 631; x_wconf 87' lang='lat' dir='ltr'><strong>sanctis</strong></span> <span class='ocrx_word' id='word_1_32' title='bbox 1195 578 1288 646; x_wconf 88' lang='lat' dir='ltr'><strong>qui</strong></span> <span class='ocrx_word' id='word_1_33' title='bbox 1321 586 1483 631; x_wconf 88' lang='lat' dir='ltr'><strong>erunt</strong></span> <span class='ocrx_word' id='word_1_34' title='bbox 1513 578 1562 630; x_wconf 94' lang='lat' dir='ltr'><strong>in</strong></span> <span class='ocrx_word' id='word_1_35' title='bbox 1595 577 1747 646; x_wconf 89' lang='lat' dir='ltr'><strong>plebe</strong></span> 
     </span>
    </p>
   </div>
   <div class='ocr_carea' id='block_1_6' title="bbox 191 667 1748 736">
    <p class='ocr_par' dir='ltr' id='par_1_6' title="bbox 191 667 1748 736">
     <span class='ocr_line' id='line_1_6' title="bbox 191 667 1748 736; baseline -0.004 -10"><span class='ocrx_word' id='word_1_36' title='bbox 191 670 420 731; x_wconf 83' lang='lat' dir='ltr'><strong>Jmlaica;</strong></span> <span class='ocrx_word' id='word_1_37' title='bbox 461 668 615 720; x_wconf 87' lang='lat' dir='ltr'><strong>etde</strong></span> <span class='ocrx_word' id='word_1_38' title='bbox 665 667 928 736; x_wconf 88' lang='lat' dir='ltr'><strong>superiori</strong></span> <span class='ocrx_word' id='word_1_39' title='bbox 981 667 1329 736; x_wconf 73' lang='lat' dir='ltr'><strong>dispositione</strong></span> <span class='ocrx_word' id='word_1_40' title='bbox 1379 668 1478 721; x_wconf 95' lang='lat' dir='ltr'><strong>Dei</strong></span> <span class='ocrx_word' id='word_1_41' title='bbox 1531 668 1748 721; x_wconf 77' lang='lat' dir='ltr'><strong>dabitur</strong></span> 
     </span>
    </p>
   </div>
   <div class='ocr_carea' id='block_1_7' title="bbox 191 757 1746 828">
    <p class='ocr_par' dir='ltr' id='par_1_7' title="bbox 191 757 1746 828">
     <span class='ocr_line' id='line_1_7' title="bbox 191 757 1746 828; baseline -0.002 -13"><span class='ocrx_word' id='word_1_42' title='bbox 191 761 264 816; x_wconf 88' lang='lat' dir='ltr'><strong>illa</strong></span> <span class='ocrx_word' id='word_1_43' title='bbox 282 775 406 828; x_wconf 81' lang='lat' dir='ltr'><strong>pax.</strong></span> <span class='ocrx_word' id='word_1_44' title='bbox 437 758 502 811; x_wconf 88' lang='lat' dir='ltr'><strong>Et</strong></span> <span class='ocrx_word' id='word_1_45' title='bbox 543 773 646 810; x_wconf 90' lang='lat' dir='ltr'><strong>non</strong></span> <span class='ocrx_word' id='word_1_46' title='bbox 676 758 844 810; x_wconf 89' lang='lat' dir='ltr'><strong>solum</strong></span> <span class='ocrx_word' id='word_1_47' title='bbox 875 757 927 812; x_wconf 91' lang='lat' dir='ltr'><strong>in</strong></span> <span class='ocrx_word' id='word_1_48' title='bbox 959 769 1176 813; x_wconf 89' lang='lat' dir='ltr'><strong>sanctos</strong></span> <span class='ocrx_word' id='word_1_49' title='bbox 1198 775 1261 812; x_wconf 75' lang='lat' dir='ltr'><strong>ex</strong></span> <span class='ocrx_word' id='word_1_50' title='bbox 1316 757 1516 813; x_wconf 77' lang='lat' dir='ltr'><strong>Judtcis</strong></span> <span class='ocrx_word' id='word_1_51' title='bbox 1568 759 1746 812; x_wconf 89' lang='lat' dir='ltr'><strong>veniet</strong></span> 
     </span>
    </p>
   </div>
   <div class='ocr_carea' id='block_1_8' title="bbox 191 848 1740 920">
    <p class='ocr_par' dir='ltr' id='par_1_8' title="bbox 191 848 1740 920">
     <span class='ocr_line' id='line_1_8' title="bbox 191 848 1740 920; baseline -0.004 -14"><span class='ocrx_word' id='word_1_52' title='bbox 191 854 264 907; x_wconf 86' lang='lat' dir='ltr'><strong>illa</strong></span> <span class='ocrx_word' id='word_1_53' title='bbox 289 867 404 920; x_wconf 76' lang='lat' dir='ltr'><strong>pax,</strong></span> <span class='ocrx_word' id='word_1_54' title='bbox 435 849 524 902; x_wconf 81' lang='lat' dir='ltr'><strong>sed</strong></span> <span class='ocrx_word' id='word_1_55' title='bbox 549 859 594 900; x_wconf 87' lang='lat' dir='ltr'><strong>et</strong></span> <span class='ocrx_word' id='word_1_56' title='bbox 625 848 678 900; x_wconf 86' lang='lat' dir='ltr'><strong>in</strong></span> <span class='ocrx_word' id='word_1_57' title='bbox 705 865 791 900; x_wconf 85' lang='lat' dir='ltr'><strong>eos</strong></span> <span class='ocrx_word' id='word_1_58' title='bbox 829 864 895 902; x_wconf 82' lang='lat' dir='ltr'><strong>ex</strong></span> <span class='ocrx_word' id='word_1_59' title='bbox 944 851 1195 919; x_wconf 78' lang='lat' dir='ltr'><strong>gentibus</strong></span> <span class='ocrx_word' id='word_1_60' title='bbox 1223 851 1314 920; x_wconf 88' lang='lat' dir='ltr'><strong>qui</strong></span> <span class='ocrx_word' id='word_1_61' title='bbox 1350 860 1740 915; x_wconf 73' lang='lat' dir='ltr'><strong>convertuntur,</strong></span> 
     </span>
    </p>
   </div>
   <div class='ocr_carea' id='block_1_9' title="bbox 189 940 1743 1009">
    <p class='ocr_par' dir='ltr' id='par_1_9' title="bbox 189 940 1743 1009">
     <span class='ocr_line' id='line_1_9' title="bbox 189 940 1743 1009; baseline -0.002 -13"><span class='ocrx_word' id='word_1_62' title='bbox 189 945 232 996; x_wconf 88' lang='lat' dir='ltr'><strong>id</strong></span> <span class='ocrx_word' id='word_1_63' title='bbox 259 953 331 996; x_wconf 89' lang='lat' dir='ltr'><strong>est</strong></span> <span class='ocrx_word' id='word_1_64' title='bbox 369 941 456 1009; x_wconf 88' lang='lat' dir='ltr'><strong>qui</strong></span> <span class='ocrx_word' id='word_1_65' title='bbox 487 950 869 994; x_wconf 89' lang='lat' dir='ltr'><strong>convertentur</strong></span> <span class='ocrx_word' id='word_1_66' title='bbox 895 941 962 994; x_wconf 89' lang='lat' dir='ltr'><strong>ab</strong></span> <span class='ocrx_word' id='word_1_67' title='bbox 985 955 1170 994; x_wconf 89' lang='lat' dir='ltr'><strong>errore</strong></span> <span class='ocrx_word' id='word_1_68' title='bbox 1202 940 1594 994; x_wconf 88' lang='lat' dir='ltr'><strong>irrationabilis</strong></span> <span class='ocrx_word' id='word_1_69' title='bbox 1624 941 1743 993; x_wconf 84' lang='lat' dir='ltr'><strong>inﬁ-</strong></span> 
     </span>
    </p>
   </div>
   <div class='ocr_carea' id='block_1_10' title="bbox 187 1013 1741 1095">
    <p class='ocr_par' dir='ltr' id='par_1_10' title="bbox 187 1013 1741 1095">
     <span class='ocr_line' id='line_1_10' title="bbox 187 1013 1741 1095; baseline -0.001 -10"><span class='ocrx_word' id='word_1_70' title='bbox 187 1031 416 1093; x_wconf 88' lang='lat' dir='ltr'><strong>delitatis,</strong></span> <span class='ocrx_word' id='word_1_71' title='bbox 448 1031 516 1080; x_wconf 84' lang='lat' dir='ltr'><strong>ad</strong></span> <span class='ocrx_word' id='word_1_72' title='bbox 545 1045 653 1095; x_wconf 86' lang='lat' dir='ltr'><strong>cor,</strong></span> <span class='ocrx_word' id='word_1_73' title='bbox 684 1029 734 1082; x_wconf 91' lang='lat' dir='ltr'><strong>id</strong></span> <span class='ocrx_word' id='word_1_74' title='bbox 760 1038 841 1082; x_wconf 89' lang='lat' dir='ltr'><strong>est</strong></span> <span class='ocrx_word' id='word_1_75' title='bbox 873 1029 938 1082; x_wconf 91' lang='lat' dir='ltr'><strong>ad</strong></span> <span class='ocrx_word' id='word_1_76' title='bbox 975 1031 1238 1083; x_wconf 86' lang='lat' dir='ltr'><strong>rationem</strong></span> <span class='ocrx_word' id='word_1_77' title='bbox 1289 1030 1488 1092; x_wconf 81' lang='lat' dir='ltr'><strong>cordis,</strong></span> <span class='ocrx_word' id='word_1_78' title='bbox 1546 1013 1604 1082; x_wconf 74' lang='lat' dir='ltr'><strong>ut</strong></span> <span class='ocrx_word' id='word_1_79' title='bbox 1632 1030 1741 1083; x_wconf 86' lang='lat' dir='ltr'><strong>Au-</strong></span> 
     </span>
    </p>
   </div>
   <div class='ocr_carea' id='block_1_11' title="bbox 186 1119 1739 1188">
    <p class='ocr_par' dir='ltr' id='par_1_11' title="bbox 186 1119 1739 1188">
     <span class='ocr_line' id='line_1_11' title="bbox 186 1119 1739 1188; baseline -0.001 -13"><span class='ocrx_word' id='word_1_80' title='bbox 186 1133 369 1175; x_wconf 89' lang='lat' dir='ltr'><strong>ctorem</strong></span> <span class='ocrx_word' id='word_1_81' title='bbox 399 1137 552 1173; x_wconf 86' lang='lat' dir='ltr'><strong>suum</strong></span> <span class='ocrx_word' id='word_1_82' title='bbox 596 1130 919 1188; x_wconf 78' lang='lat' dir='ltr'><strong>cognoscant</strong></span> <span class='ocrx_word' id='word_1_83' title='bbox 955 1130 1010 1174; x_wconf 90' lang='lat' dir='ltr'><strong>et</strong></span> <span class='ocrx_word' id='word_1_84' title='bbox 1055 1122 1300 1174; x_wconf 83' lang='lat' dir='ltr'><strong>adorent.</strong></span> <span class='ocrx_word' id='word_1_85' title='bbox 1353 1119 1495 1175; x_wconf 85' lang='lat' dir='ltr'><strong>Bene</strong></span> <span class='ocrx_word' id='word_1_86' title='bbox 1524 1121 1739 1188; x_wconf 82' lang='lat' dir='ltr'><strong>quidem</strong></span> 
     </span>
    </p>
   </div>
   <div class='ocr_carea' id='block_1_12' title="bbox 185 1210 1738 1280">
    <p class='ocr_par' dir='ltr' id='par_1_12' title="bbox 185 1210 1738 1280">
     <span class='ocr_line' id='line_1_12' title="bbox 185 1210 1738 1280; baseline -0.001 -15"><span class='ocrx_word' id='word_1_87' title='bbox 185 1213 296 1266; x_wconf 77' lang='lat' dir='ltr'><strong>dicit</strong></span> <span class='ocrx_word' id='word_1_88' title='bbox 319 1221 499 1280; x_wconf 77' lang='lat' dir='ltr'><strong>gentes</strong></span> <span class='ocrx_word' id='word_1_89' title='bbox 527 1226 647 1264; x_wconf 87' lang='lat' dir='ltr'><strong>esse</strong></span> <span class='ocrx_word' id='word_1_90' title='bbox 667 1212 1062 1264; x_wconf 82' lang='lat' dir='ltr'><strong>convertendus</strong></span> <span class='ocrx_word' id='word_1_91' title='bbox 1093 1213 1160 1264; x_wconf 85' lang='lat' dir='ltr'><strong>ad</strong></span> <span class='ocrx_word' id='word_1_92' title='bbox 1191 1227 1299 1264; x_wconf 84' lang='lat' dir='ltr'><strong>cor.</strong></span> <span class='ocrx_word' id='word_1_93' title='bbox 1333 1210 1568 1264; x_wconf 80' lang='lat' dir='ltr'><strong>Fuerunt</strong></span> <span class='ocrx_word' id='word_1_94' title='bbox 1595 1211 1738 1264; x_wconf 89' lang='lat' dir='ltr'><strong>enim</strong></span> 
     </span>
    </p>
   </div>
   <div class='ocr_carea' id='block_1_13' title="bbox 183 1299 1737 1366">
    <p class='ocr_par' dir='ltr' id='par_1_13' title="bbox 183 1299 1737 1366">
     <span class='ocr_line' id='line_1_13' title="bbox 183 1299 1737 1366; baseline -0.003 -10"><span class='ocrx_word' id='word_1_95' title='bbox 183 1313 317 1356; x_wconf 73' lang='lat' dir='ltr'><strong>extra</strong></span> <span class='ocrx_word' id='word_1_96' title='bbox 345 1315 453 1366; x_wconf 88' lang='lat' dir='ltr'><strong>cor,</strong></span> <span class='ocrx_word' id='word_1_97' title='bbox 487 1316 604 1353; x_wconf 91' lang='lat' dir='ltr'><strong>cum</strong></span> <span class='ocrx_word' id='word_1_98' title='bbox 634 1299 858 1364; x_wconf 86' lang='lat' dir='ltr'><strong>cultum,</strong></span> <span class='ocrx_word' id='word_1_99' title='bbox 893 1300 1000 1354; x_wconf 89' lang='lat' dir='ltr'><strong>Deo</strong></span> <span class='ocrx_word' id='word_1_100' title='bbox 1047 1301 1307 1362; x_wconf 87' lang='lat' dir='ltr'><strong>debitum,</strong></span> <span class='ocrx_word' id='word_1_101' title='bbox 1339 1309 1520 1353; x_wconf 75' lang='lat' dir='ltr'><strong>creato</strong></span> <span class='ocrx_word' id='word_1_102' title='bbox 1535 1301 1607 1354; x_wconf 90' lang='lat' dir='ltr'><strong>ris</strong></span> <span class='ocrx_word' id='word_1_103' title='bbox 1637 1299 1737 1353; x_wconf 72' lang='lat' dir='ltr'><strong>itu-</strong></span> 
     </span>
    </p>
   </div>
   <div class='ocr_carea' id='block_1_14' title="bbox 183 1388 1738 1460">
    <p class='ocr_par' dir='ltr' id='par_1_14' title="bbox 183 1388 1738 1460">
     <span class='ocr_line' id='line_1_14' title="bbox 183 1388 1738 1460; baseline -0.001 -17"><span class='ocrx_word' id='word_1_104' title='bbox 183 1390 479 1460; x_wconf 85' lang='lat' dir='ltr'><strong>penderent,</strong></span> <span class='ocrx_word' id='word_1_105' title='bbox 507 1405 628 1442; x_wconf 89' lang='lat' dir='ltr'><strong>cunt</strong></span> <span class='ocrx_word' id='word_1_106' title='bbox 677 1389 818 1441; x_wconf 87' lang='lat' dir='ltr'><strong>idola</strong></span> <span class='ocrx_word' id='word_1_107' title='bbox 850 1389 1057 1444; x_wconf 82' lang='lat' dir='ltr'><strong>scilicet</strong></span> <span class='ocrx_word' id='word_1_108' title='bbox 1086 1388 1396 1442; x_wconf 82' lang='lat' dir='ltr'><strong>adorarent.</strong></span> <span class='ocrx_word' id='word_1_109' title='bbox 1429 1390 1559 1443; x_wconf 87' lang='lat' dir='ltr'><strong>Dico</strong></span> <span class='ocrx_word' id='word_1_110' title='bbox 1598 1389 1738 1458; x_wconf 89' lang='lat' dir='ltr'><strong>quod</strong></span> 
     </span>
    </p>
   </div>
   <div class='ocr_carea' id='block_1_15' title="bbox 184 1479 1736 1549">
    <p class='ocr_par' dir='ltr' id='par_1_15' title="bbox 184 1479 1736 1549">
     <span class='ocr_line' id='line_1_15' title="bbox 184 1479 1736 1549; baseline -0.001 -15"><span class='ocrx_word' id='word_1_111' title='bbox 184 1483 228 1534; x_wconf 87' lang='lat' dir='ltr'><strong>iit</strong></span> <span class='ocrx_word' id='word_1_112' title='bbox 251 1479 441 1532; x_wconf 86' lang='lat' dir='ltr'><strong>sant-tis</strong></span> <span class='ocrx_word' id='word_1_113' title='bbox 477 1480 580 1532; x_wconf 89' lang='lat' dir='ltr'><strong>erit</strong></span> <span class='ocrx_word' id='word_1_114' title='bbox 610 1493 731 1547; x_wconf 81' lang='lat' dir='ltr'><strong>pax,</strong></span> <span class='ocrx_word' id='word_1_115' title='bbox 760 1491 1111 1533; x_wconf 74' lang='lat' dir='ltr'><strong>uerumtamen</strong></span> <span class='ocrx_word' id='word_1_116' title='bbox 1141 1497 1298 1549; x_wconf 79' lang='lat' dir='ltr'><strong>prope</strong></span> <span class='ocrx_word' id='word_1_117' title='bbox 1339 1482 1575 1534; x_wconf 77' lang='lat' dir='ltr'><strong>timentes</strong></span> <span class='ocrx_word' id='word_1_118' title='bbox 1621 1497 1736 1534; x_wconf 87' lang='lat' dir='ltr'><strong>eum</strong></span> 
     </span>
    </p>
   </div>
   <div class='ocr_carea' id='block_1_16' title="bbox 182 1569 1732 1638">
    <p class='ocr_par' dir='ltr' id='par_1_16' title="bbox 182 1569 1732 1638">
     <span class='ocr_line' id='line_1_16' title="bbox 182 1569 1732 1638; baseline -0.002 -15"><span class='ocrx_word' id='word_1_119' title='bbox 182 1571 263 1624; x_wconf 85' lang='lat' dir='ltr'><strong>erit</strong></span> <span class='ocrx_word' id='word_1_120' title='bbox 295 1570 521 1622; x_wconf 84' lang='lat' dir='ltr'><strong>salutare</strong></span> <span class='ocrx_word' id='word_1_121' title='bbox 549 1569 738 1637; x_wconf 78' lang='lat' dir='ltr'><strong>ipsius,</strong></span> <span class='ocrx_word' id='word_1_122' title='bbox 779 1583 884 1621; x_wconf 92' lang='lat' dir='ltr'><strong>non</strong></span> <span class='ocrx_word' id='word_1_123' title='bbox 935 1584 1100 1638; x_wconf 82' lang='lat' dir='ltr'><strong>prope</strong></span> <span class='ocrx_word' id='word_1_124' title='bbox 1141 1569 1256 1622; x_wconf 88' lang='lat' dir='ltr'><strong>illos</strong></span> <span class='ocrx_word' id='word_1_125' title='bbox 1289 1579 1506 1622; x_wconf 91' lang='lat' dir='ltr'><strong>sanctos</strong></span> <span class='ocrx_word' id='word_1_126' title='bbox 1550 1571 1639 1638; x_wconf 88' lang='lat' dir='ltr'><strong>qui</strong></span> <span class='ocrx_word' id='word_1_127' title='bbox 1669 1585 1732 1622; x_wconf 77' lang='lat' dir='ltr'><strong>ex</strong></span> 
     </span>
    </p>
   </div>
   <div class='ocr_carea' id='block_1_17' title="bbox 180 1660 1734 1728">
    <p class='ocr_par' dir='ltr' id='par_1_17' title="bbox 180 1660 1734 1728">
     <span class='ocr_line' id='line_1_17' title="bbox 180 1660 1734 1728; baseline 0 -14"><span class='ocrx_word' id='word_1_128' title='bbox 180 1661 442 1714; x_wconf 78' lang='lat' dir='ltr'><strong>sanctitate</strong></span> <span class='ocrx_word' id='word_1_129' title='bbox 521 1660 900 1728; x_wconf 76' lang='lat' dir='ltr'><strong>superbientes</strong></span> <span class='ocrx_word' id='word_1_130' title='bbox 955 1660 1227 1713; x_wconf 88' lang='lat' dir='ltr'><strong>delicieut.</strong></span> <span class='ocrx_word' id='word_1_131' title='bbox 1277 1662 1354 1713; x_wconf 83' lang='lat' dir='ltr'><strong>Ac</strong></span> <span class='ocrx_word' id='word_1_132' title='bbox 1399 1660 1443 1713; x_wconf 90' lang='lat' dir='ltr'><strong>si</strong></span> <span class='ocrx_word' id='word_1_133' title='bbox 1507 1660 1651 1713; x_wconf 82' lang='lat' dir='ltr'><strong>dicat</strong></span> <span class='ocrx_word' id='word_1_134' title='bbox 1721 1678 1734 1714; x_wconf 92' lang='lat'><strong>:</strong></span> 
     </span>
    </p>
   </div>
   <div class='ocr_carea' id='block_1_18' title="bbox 180 1749 1735 1818">
    <p class='ocr_par' dir='ltr' id='par_1_18' title="bbox 180 1749 1735 1818">
     <span class='ocr_line' id='line_1_18' title="bbox 180 1749 1735 1818; baseline 0.001 -15"><span class='ocrx_word' id='word_1_135' title='bbox 180 1751 414 1818; x_wconf 80' lang='lat' dir='ltr'><strong>Quamvis</strong></span> <span class='ocrx_word' id='word_1_136' title='bbox 442 1750 668 1803; x_wconf 73' lang='lat' dir='ltr'><strong>dixerim</strong></span> <span class='ocrx_word' id='word_1_137' title='bbox 711 1749 1122 1804; x_wconf 88' lang='lat' dir='ltr'><strong>indetertniuate</strong></span> <span class='ocrx_word' id='word_1_138' title='bbox 1178 1759 1416 1814; x_wconf 85' lang='lat' dir='ltr'><strong>sanctos,</strong></span> <span class='ocrx_word' id='word_1_139' title='bbox 1468 1750 1620 1804; x_wconf 89' lang='lat' dir='ltr'><strong>multi</strong></span> <span class='ocrx_word' id='word_1_140' title='bbox 1653 1763 1735 1805; x_wconf 90' lang='lat' dir='ltr'><strong>ta-</strong></span> 
     </span>
    </p>
   </div>
   <div class='ocr_carea' id='block_1_19' title="bbox 1851 576 3424 662">
    <p class='ocr_par' dir='ltr' id='par_1_19' title="bbox 1851 576 3424 662">
     <span class='ocr_line' id='line_1_19' title="bbox 1851 576 3424 662; baseline 0.013 -32"><span class='ocrx_word' id='word_1_141' title='bbox 1851 576 1956 630; x_wconf 91' lang='lat' dir='ltr'><strong>duo</strong></span> <span class='ocrx_word' id='word_1_142' title='bbox 1985 577 2051 631; x_wconf 87' lang='lat' dir='ltr'><strong>ad</strong></span> <span class='ocrx_word' id='word_1_143' title='bbox 2083 577 2185 632; x_wconf 88' lang='lat' dir='ltr'><strong>hoc</strong></span> <span class='ocrx_word' id='word_1_144' title='bbox 2213 576 2546 632; x_wconf 82' lang='lat' dir='ltr'><strong>eﬂicienduui</strong></span> <span class='ocrx_word' id='word_1_145' title='bbox 2571 589 2627 634; x_wconf 90' lang='lat' dir='ltr'><strong>ut</strong></span> <span class='ocrx_word' id='word_1_146' title='bbox 2656 597 2923 662; x_wconf 63' lang='lat' dir='ltr'><strong>paccmpt</strong></span> <span class='ocrx_word' id='word_1_147' title='bbox 2953 591 3178 659; x_wconf 71' lang='lat' dir='ltr'><strong>gloriam</strong></span> <span class='ocrx_word' id='word_1_148' title='bbox 3223 596 3424 650; x_wconf 89' lang='lat' dir='ltr'><strong>habea-</strong></span> 
     </span>
    </p>
   </div>
   <div class='ocr_carea' id='block_1_20' title="bbox 1852 667 3426 744">
    <p class='ocr_par' dir='ltr' id='par_1_20' title="bbox 1852 667 3426 744">
     <span class='ocr_line' id='line_1_20' title="bbox 1852 667 3426 744; baseline 0.014 -24"><span class='ocrx_word' id='word_1_149' title='bbox 1852 683 1990 731; x_wconf 90' lang='lat' dir='ltr'><strong>mus,</strong></span> <span class='ocrx_word' id='word_1_150' title='bbox 2029 685 2060 721; x_wconf 87' lang='lat' dir='ltr'><strong>a</strong></span> <span class='ocrx_word' id='word_1_151' title='bbox 2091 667 2444 723; x_wconf 87' lang='lat' dir='ltr'><strong>similitudine</strong></span> <span class='ocrx_word' id='word_1_152' title='bbox 2475 669 2802 740; x_wconf 83' lang='lat' dir='ltr'><strong>aliquorum,</strong></span> <span class='ocrx_word' id='word_1_153' title='bbox 2839 678 2928 744; x_wconf 89' lang='lat' dir='ltr'><strong>qui</strong></span> <span class='ocrx_word' id='word_1_154' title='bbox 2966 681 3065 734; x_wconf 88' lang='lat' dir='ltr'><strong>sibi</strong></span> <span class='ocrx_word' id='word_1_155' title='bbox 3088 686 3301 738; x_wconf 83' lang='lat' dir='ltr'><strong>obviam</strong></span> <span class='ocrx_word' id='word_1_156' title='bbox 3335 701 3426 742; x_wconf 90' lang='lat' dir='ltr'><strong>ve-</strong></span> 
     </span>
    </p>
   </div>
   <div class='ocr_carea' id='block_1_21' title="bbox 1847 758 3426 832">
    <p class='ocr_par' dir='ltr' id='par_1_21' title="bbox 1847 758 3426 832">
     <span class='ocr_line' id='line_1_21' title="bbox 1847 758 3426 832; baseline 0.015 -23"><span class='ocrx_word' id='word_1_157' title='bbox 1847 758 2092 812; x_wconf 89' lang='lat' dir='ltr'><strong>niuntad</strong></span> <span class='ocrx_word' id='word_1_158' title='bbox 2129 759 2232 812; x_wconf 90' lang='lat' dir='ltr'><strong>hoc</strong></span> <span class='ocrx_word' id='word_1_159' title='bbox 2259 770 2316 813; x_wconf 92' lang='lat' dir='ltr'><strong>ut</strong></span> <span class='ocrx_word' id='word_1_160' title='bbox 2352 760 2554 830; x_wconf 90' lang='lat' dir='ltr'><strong>aliquid</strong></span> <span class='ocrx_word' id='word_1_161' title='bbox 2599 766 2996 821; x_wconf 73' lang='lat' dir='ltr'><strong>concordanter</strong></span> <span class='ocrx_word' id='word_1_162' title='bbox 3037 770 3293 828; x_wconf 82' lang='lat' dir='ltr'><strong>elliciant.</strong></span> <span class='ocrx_word' id='word_1_163' title='bbox 3347 778 3426 832; x_wconf 85' lang='lat' dir='ltr'><strong>Ac</strong></span> 
     </span>
    </p>
   </div>
   <div class='ocr_carea' id='block_1_22' title="bbox 1846 851 3425 922">
    <p class='ocr_par' dir='ltr' id='par_1_22' title="bbox 1846 851 3425 922">
     <span class='ocr_line' id='line_1_22' title="bbox 1846 851 3425 922; baseline 0.011 -19"><span class='ocrx_word' id='word_1_164' title='bbox 1846 851 1890 904; x_wconf 87' lang='lat' dir='ltr'><strong>si</strong></span> <span class='ocrx_word' id='word_1_165' title='bbox 1921 852 2091 907; x_wconf 81' lang='lat' dir='ltr'><strong>dicat:</strong></span> <span class='ocrx_word' id='word_1_166' title='bbox 2126 853 2277 908; x_wconf 87' lang='lat' dir='ltr'><strong>Nunc</strong></span> <span class='ocrx_word' id='word_1_167' title='bbox 2305 857 2648 910; x_wconf 84' lang='lat' dir='ltr'><strong>concorditer</strong></span> <span class='ocrx_word' id='word_1_168' title='bbox 2697 857 3069 912; x_wconf 81' lang='lat' dir='ltr'><strong>miserit-ordia</strong></span> <span class='ocrx_word' id='word_1_169' title='bbox 3113 875 3166 916; x_wconf 93' lang='lat' dir='ltr'><strong>et</strong></span> <span class='ocrx_word' id='word_1_170' title='bbox 3224 868 3425 922; x_wconf 89' lang='lat' dir='ltr'><strong>veritas</strong></span> 
     </span>
    </p>
   </div>
   <div class='ocr_carea' id='block_1_23' title="bbox 1845 941 3420 1022">
    <p class='ocr_par' dir='ltr' id='par_1_23' title="bbox 1845 941 3420 1022">
     <span class='ocr_line' id='line_1_23' title="bbox 1845 941 3420 1022; baseline 0.01 -27"><span class='ocrx_word' id='word_1_171' title='bbox 1845 941 1939 996; x_wconf 90' lang='lat' dir='ltr'><strong>Dei</strong></span> <span class='ocrx_word' id='word_1_172' title='bbox 1967 947 2422 1015; x_wconf 87' lang='lat' dir='ltr'><strong>eooperabttntur,</strong></span> <span class='ocrx_word' id='word_1_173' title='bbox 2443 957 2499 1001; x_wconf 92' lang='lat' dir='ltr'><strong>ut</strong></span> <span class='ocrx_word' id='word_1_174' title='bbox 2518 964 2704 1018; x_wconf 87' lang='lat' dir='ltr'><strong>pacem</strong></span> <span class='ocrx_word' id='word_1_175' title='bbox 2723 957 2777 1004; x_wconf 90' lang='lat' dir='ltr'><strong>et</strong></span> <span class='ocrx_word' id='word_1_176' title='bbox 2792 950 3017 1020; x_wconf 80' lang='lat' dir='ltr'><strong>gloriam</strong></span> <span class='ocrx_word' id='word_1_177' title='bbox 3037 953 3420 1022; x_wconf 77' lang='lat' dir='ltr'><strong>adipiscamur,</strong></span> 
     </span>
    </p>
   </div>
   <div class='ocr_carea' id='block_1_24' title="bbox 1844 1037 3427 1115">
    <p class='ocr_par' dir='ltr' id='par_1_24' title="bbox 1844 1037 3427 1115">
     <span class='ocr_line' id='line_1_24' title="bbox 1844 1037 3427 1115; baseline 0.011 -31"><span class='ocrx_word' id='word_1_178' title='bbox 1844 1042 1899 1086; x_wconf 91' lang='lat' dir='ltr'><strong>et</strong></span> <span class='ocrx_word' id='word_1_179' title='bbox 1922 1049 2014 1102; x_wconf 89' lang='lat' dir='ltr'><strong>per</strong></span> <span class='ocrx_word' id='word_1_180' title='bbox 2045 1037 2146 1092; x_wconf 94' lang='lat' dir='ltr'><strong>hoc</strong></span> <span class='ocrx_word' id='word_1_181' title='bbox 2180 1039 2344 1092; x_wconf 89' lang='lat' dir='ltr'><strong>etiam</strong></span> <span class='ocrx_word' id='word_1_182' title='bbox 2376 1041 2441 1092; x_wconf 88' lang='lat' dir='ltr'><strong>ad</strong></span> <span class='ocrx_word' id='word_1_183' title='bbox 2469 1039 2583 1095; x_wconf 76' lang='lat' dir='ltr'><strong>lucc</strong></span> <span class='ocrx_word' id='word_1_184' title='bbox 2605 1041 2972 1107; x_wconf 89' lang='lat' dir='ltr'><strong>devenietnus,</strong></span> <span class='ocrx_word' id='word_1_185' title='bbox 3023 1046 3148 1113; x_wconf 89' lang='lat' dir='ltr'><strong>quia</strong></span> <span class='ocrx_word' id='word_1_186' title='bbox 3179 1061 3276 1115; x_wconf 92' lang='lat' dir='ltr'><strong>per</strong></span> <span class='ocrx_word' id='word_1_187' title='bbox 3327 1048 3427 1101; x_wconf 88' lang='lat' dir='ltr'><strong>nti-</strong></span> 
     </span>
    </p>
   </div>
   <div class='ocr_carea' id='block_1_25' title="bbox 1845 1126 3426 1202">
    <p class='ocr_par' dir='ltr' id='par_1_25' title="bbox 1845 1126 3426 1202">
     <span class='ocr_line' id='line_1_25' title="bbox 1845 1126 3426 1202; baseline 0.01 -25"><span class='ocrx_word' id='word_1_188' title='bbox 1845 1126 2194 1182; x_wconf 87' lang='lat' dir='ltr'><strong>scricordiam</strong></span> <span class='ocrx_word' id='word_1_189' title='bbox 2240 1129 2330 1184; x_wconf 88' lang='lat' dir='ltr'><strong>Dei</strong></span> <span class='ocrx_word' id='word_1_190' title='bbox 2361 1131 2412 1184; x_wconf 86' lang='lat' dir='ltr'><strong>iit</strong></span> <span class='ocrx_word' id='word_1_191' title='bbox 2441 1131 2748 1186; x_wconf 90' lang='lat' dir='ltr'><strong>hominibus</strong></span> <span class='ocrx_word' id='word_1_192' title='bbox 2782 1127 3011 1202; x_wconf 77' lang='lat' dir='ltr'><strong>justitia,</strong></span> <span class='ocrx_word' id='word_1_193' title='bbox 3045 1136 3096 1189; x_wconf 91' lang='lat' dir='ltr'><strong>id</strong></span> <span class='ocrx_word' id='word_1_194' title='bbox 3119 1145 3204 1190; x_wconf 89' lang='lat' dir='ltr'><strong>est</strong></span> <span class='ocrx_word' id='word_1_195' title='bbox 3236 1139 3426 1192; x_wconf 87' lang='lat' dir='ltr'><strong>remis-</strong></span> 
     </span>
    </p>
   </div>
   <div class='ocr_carea' id='block_1_26' title="bbox 1843 1216 3428 1299">
    <p class='ocr_par' dir='ltr' id='par_1_26' title="bbox 1843 1216 3428 1299">
     <span class='ocr_line' id='line_1_26' title="bbox 1843 1216 3428 1299; baseline 0.009 -30"><span class='ocrx_word' id='word_1_196' title='bbox 1843 1216 1924 1270; x_wconf 88' lang='lat' dir='ltr'><strong>sio</strong></span> <span class='ocrx_word' id='word_1_197' title='bbox 1952 1229 2316 1299; x_wconf 79' lang='lat' dir='ltr'><strong>peccatoruin,</strong></span> <span class='ocrx_word' id='word_1_198' title='bbox 2356 1231 2403 1275; x_wconf 88' lang='lat' dir='ltr'><strong>et</strong></span> <span class='ocrx_word' id='word_1_199' title='bbox 2443 1240 2570 1292; x_wconf 77' lang='lat' dir='ltr'><strong>pax,</strong></span> <span class='ocrx_word' id='word_1_200' title='bbox 2603 1224 2652 1277; x_wconf 93' lang='lat' dir='ltr'><strong>id</strong></span> <span class='ocrx_word' id='word_1_201' title='bbox 2684 1235 2765 1278; x_wconf 89' lang='lat' dir='ltr'><strong>est</strong></span> <span class='ocrx_word' id='word_1_202' title='bbox 2804 1225 3030 1279; x_wconf 80' lang='lat' dir='ltr'><strong>dilectiu&#39;</strong></span> <span class='ocrx_word' id='word_1_203' title='bbox 3065 1227 3158 1281; x_wconf 88' lang='lat' dir='ltr'><strong>Dei</strong></span> <span class='ocrx_word' id='word_1_204' title='bbox 3190 1239 3245 1283; x_wconf 90' lang='lat' dir='ltr'><strong>et</strong></span> <span class='ocrx_word' id='word_1_205' title='bbox 3303 1245 3428 1299; x_wconf 77' lang='lat' dir='ltr'><strong>pro-</strong></span> 
     </span>
    </p>
   </div>
   <div class='ocr_carea' id='block_1_27' title="bbox 1845 1294 3424 1385">
    <p class='ocr_par' dir='ltr' id='par_1_27' title="bbox 1845 1294 3424 1385">
     <span class='ocr_line' id='line_1_27' title="bbox 1845 1294 3424 1385; baseline 0.011 -25"><span class='ocrx_word' id='word_1_206' title='bbox 1845 1310 1972 1363; x_wconf 79' lang='lat' dir='ltr'><strong>ximi</strong></span> <span class='ocrx_word' id='word_1_207' title='bbox 2003 1294 2253 1366; x_wconf 68' lang='lat' dir='ltr'><strong>osculatte</strong></span> <span class='ocrx_word' id='word_1_208' title='bbox 2275 1325 2416 1382; x_wconf 84' lang='lat' dir='ltr'><strong>sunt,</strong></span> <span class='ocrx_word' id='word_1_209' title='bbox 2451 1315 2500 1368; x_wconf 91' lang='lat' dir='ltr'><strong>id</strong></span> <span class='ocrx_word' id='word_1_210' title='bbox 2554 1325 2635 1370; x_wconf 90' lang='lat' dir='ltr'><strong>est</strong></span> <span class='ocrx_word' id='word_1_211' title='bbox 2685 1320 3160 1374; x_wconf 89' lang='lat' dir='ltr'><strong>concordabnnlur</strong></span> <span class='ocrx_word' id='word_1_212' title='bbox 3193 1322 3364 1385; x_wconf 88' lang='lat' dir='ltr'><strong>valde,</strong></span> <span class='ocrx_word' id='word_1_213' title='bbox 3393 1339 3424 1377; x_wconf 86' lang='lat' dir='ltr'><strong>a</strong></span> 
     </span>
    </p>
   </div>
   <div class='ocr_carea' id='block_1_28' title="bbox 1843 1401 3426 1479">
    <p class='ocr_par' dir='ltr' id='par_1_28' title="bbox 1843 1401 3426 1479">
     <span class='ocr_line' id='line_1_28' title="bbox 1843 1401 3426 1479; baseline 0.011 -26"><span class='ocrx_word' id='word_1_214' title='bbox 1843 1401 2199 1456; x_wconf 85' lang='lat' dir='ltr'><strong>similitudine</strong></span> <span class='ocrx_word' id='word_1_215' title='bbox 2223 1408 2687 1475; x_wconf 88' lang='lat' dir='ltr'><strong>concordantium,</strong></span> <span class='ocrx_word' id='word_1_216' title='bbox 2734 1411 2824 1479; x_wconf 88' lang='lat' dir='ltr'><strong>qui</strong></span> <span class='ocrx_word' id='word_1_217' title='bbox 2874 1427 2994 1467; x_wconf 88' lang='lat' dir='ltr'><strong>sese</strong></span> <span class='ocrx_word' id='word_1_218' title='bbox 3043 1422 3230 1469; x_wconf 90' lang='lat' dir='ltr'><strong>mutuo</strong></span> <span class='ocrx_word' id='word_1_219' title='bbox 3269 1431 3426 1470; x_wconf 80' lang='lat' dir='ltr'><strong>oscu-</strong></span> 
     </span>
    </p>
   </div>
   <div class='ocr_carea' id='block_1_29' title="bbox 1843 1492 3422 1576">
    <p class='ocr_par' dir='ltr' id='par_1_29' title="bbox 1843 1492 3422 1576">
     <span class='ocr_line' id='line_1_29' title="bbox 1843 1492 3422 1576; baseline 0.011 -31"><span class='ocrx_word' id='word_1_220' title='bbox 1843 1492 2038 1547; x_wconf 90' lang='lat' dir='ltr'><strong>lantur.</strong></span> <span class='ocrx_word' id='word_1_221' title='bbox 2073 1495 2224 1562; x_wconf 85' lang='lat' dir='ltr'><strong>Quod</strong></span> <span class='ocrx_word' id='word_1_222' title='bbox 2269 1500 2552 1554; x_wconf 84' lang='lat' dir='ltr'><strong>estdicere</strong></span> <span class='ocrx_word' id='word_1_223' title='bbox 2588 1519 2600 1554; x_wconf 93' lang='lat'>:</span> <span class='ocrx_word' id='word_1_224' title='bbox 2641 1501 2745 1556; x_wconf 87' lang='lat' dir='ltr'><strong>Per</strong></span> <span class='ocrx_word' id='word_1_225' title='bbox 2775 1503 2875 1558; x_wconf 91' lang='lat' dir='ltr'><strong>hoc</strong></span> <span class='ocrx_word' id='word_1_226' title='bbox 2933 1505 2999 1558; x_wconf 87' lang='lat' dir='ltr'><strong>ad</strong></span> <span class='ocrx_word' id='word_1_227' title='bbox 3040 1521 3228 1576; x_wconf 89' lang='lat' dir='ltr'><strong>pacem</strong></span> <span class='ocrx_word' id='word_1_228' title='bbox 3264 1518 3422 1563; x_wconf 70' lang='lat' dir='ltr'><strong>aeter-</strong></span> 
     </span>
    </p>
   </div>
   <div class='ocr_carea' id='block_1_30' title="bbox 1842 1586 3425 1666">
    <p class='ocr_par' dir='ltr' id='par_1_30' title="bbox 1842 1586 3425 1666">
     <span class='ocr_line' id='line_1_30' title="bbox 1842 1586 3425 1666; baseline 0.012 -30"><span class='ocrx_word' id='word_1_229' title='bbox 1842 1600 1965 1637; x_wconf 86' lang='lat' dir='ltr'><strong>nam</strong></span> <span class='ocrx_word' id='word_1_230' title='bbox 1989 1594 2042 1638; x_wconf 92' lang='lat' dir='ltr'><strong>et</strong></span> <span class='ocrx_word' id='word_1_231' title='bbox 2067 1586 2291 1654; x_wconf 85' lang='lat' dir='ltr'><strong>gloriam</strong></span> <span class='ocrx_word' id='word_1_232' title='bbox 2319 1589 2563 1645; x_wconf 89' lang='lat' dir='ltr'><strong>homines</strong></span> <span class='ocrx_word' id='word_1_233' title='bbox 2592 1592 2896 1658; x_wconf 80' lang='lat' dir='ltr'><strong>devenient,</strong></span> <span class='ocrx_word' id='word_1_234' title='bbox 2953 1596 3077 1666; x_wconf 86' lang='lat' dir='ltr'><strong>quia</strong></span> <span class='ocrx_word' id='word_1_235' title='bbox 3127 1601 3425 1654; x_wconf 80' lang='lat' dir='ltr'><strong>misericor—</strong></span> 
     </span>
    </p>
   </div>
   <div class='ocr_carea' id='block_1_31' title="bbox 1841 1673 3422 1757">
    <p class='ocr_par' dir='ltr' id='par_1_31' title="bbox 1841 1673 3422 1757">
     <span class='ocr_line' id='line_1_31' title="bbox 1841 1673 3422 1757; baseline 0.012 -29"><span class='ocrx_word' id='word_1_236' title='bbox 1841 1678 1929 1729; x_wconf 85' lang='lat' dir='ltr'><strong>dia</strong></span> <span class='ocrx_word' id='word_1_237' title='bbox 1960 1688 2006 1728; x_wconf 87' lang='lat' dir='ltr'><strong>et</strong></span> <span class='ocrx_word' id='word_1_238' title='bbox 2033 1680 2216 1732; x_wconf 75' lang='lat' dir='ltr'><strong>ret-itas</strong></span> <span class='ocrx_word' id='word_1_239' title='bbox 2242 1679 2356 1746; x_wconf 88' lang='lat' dir='ltr'><strong>Dei,</strong></span> <span class='ocrx_word' id='word_1_240' title='bbox 2401 1689 2454 1734; x_wconf 91' lang='lat' dir='ltr'><strong>et</strong></span> <span class='ocrx_word' id='word_1_241' title='bbox 2495 1682 2708 1751; x_wconf 85' lang='lat' dir='ltr'><strong>jus.&#39;itia</strong></span> <span class='ocrx_word' id='word_1_242' title='bbox 2739 1695 2786 1738; x_wconf 86' lang='lat' dir='ltr'><strong>et</strong></span> <span class='ocrx_word' id='word_1_243' title='bbox 2833 1703 2939 1754; x_wconf 75' lang='lat' dir='ltr'><strong>pax</strong></span> <span class='ocrx_word' id='word_1_244' title='bbox 2985 1702 3082 1757; x_wconf 88' lang='lat' dir='ltr'><strong>per</strong></span> <span class='ocrx_word' id='word_1_245' title='bbox 3117 1673 3422 1754; x_wconf 65' lang='lat' dir='ltr'><strong>misericor-</strong></span> 
     </span>
    </p>
   </div>
   <div class='ocr_carea' id='block_1_32' title="bbox 1843 1771 3421 1849">
    <p class='ocr_par' dir='ltr' id='par_1_32' title="bbox 1843 1771 3421 1849">
     <span class='ocr_line' id='line_1_32' title="bbox 1843 1771 3421 1849; baseline 0.011 -26"><span class='ocrx_word' id='word_1_246' title='bbox 1843 1773 1983 1823; x_wconf 88' lang='lat' dir='ltr'><strong>diam</strong></span> <span class='ocrx_word' id='word_1_247' title='bbox 2019 1771 2109 1824; x_wconf 86' lang='lat' dir='ltr'><strong>Dei</strong></span> <span class='ocrx_word' id='word_1_248' title='bbox 2138 1771 2442 1827; x_wconf 90' lang='lat' dir='ltr'><strong>hominibus</strong></span> <span class='ocrx_word' id='word_1_249' title='bbox 2467 1773 2627 1846; x_wconf 70' lang='grc'><strong>342</strong></span> <span class='ocrx_word' id='word_1_250' title='bbox 2657 1778 2810 1840; x_wconf 77' lang='lat' dir='ltr'><strong>datte,</strong></span> <span class='ocrx_word' id='word_1_251' title='bbox 2839 1779 2941 1832; x_wconf 90' lang='lat' dir='ltr'><strong>hoc</strong></span> <span class='ocrx_word' id='word_1_252' title='bbox 2965 1785 3421 1849; x_wconf 64' lang='lat' dir='ltr'><strong>coo,etal.untur.</strong></span> 
     </span>
    </p>
   </div>
   <div class='ocr_carea' id='block_1_33' title="bbox 181 1839 3424 1943">
    <p class='ocr_par' dir='ltr' id='par_1_33' title="bbox 181 1839 3424 1943">
     <span class='ocr_line' id='line_1_33' title="bbox 181 1839 3424 1943; baseline 0.011 -49"><span class='ocrx_word' id='word_1_253' title='bbox 181 1857 288 1894; x_wconf 85' lang='lat' dir='ltr'><strong>men</strong></span> <span class='ocrx_word' id='word_1_254' title='bbox 318 1841 488 1894; x_wconf 85' lang='lat' dir='ltr'><strong>sancti</strong></span> <span class='ocrx_word' id='word_1_255' title='bbox 511 1847 671 1894; x_wconf 91' lang='lat' dir='ltr'><strong>erunt</strong></span> <span class='ocrx_word' id='word_1_256' title='bbox 699 1839 840 1910; x_wconf 91' lang='lat' dir='ltr'><strong>quia</strong></span> <span class='ocrx_word' id='word_1_257' title='bbox 866 1841 1154 1894; x_wconf 89' lang='lat' dir='ltr'><strong>sanctitate</strong></span> <span class='ocrx_word' id='word_1_258' title='bbox 1175 1840 1446 1943; x_wconf 75' lang='lat' dir='ltr'><strong>deﬁcient,</strong></span> <span class='ocrx_word' id='word_1_259' title='bbox 1478 1856 1507 1894; x_wconf 87' lang='lat' dir='ltr'><strong>a</strong></span> <span class='ocrx_word' id='word_1_260' title='bbox 1538 1842 1735 1943; x_wconf 84' lang='lat' dir='ltr'><strong>quibus</strong></span> <span class='ocrx_word' id='word_1_261' title='bbox 1771 1871 1812 1926; x_wconf 79' lang='grc' dir='ltr'>Β</span> <span class='ocrx_word' id='word_1_262' title='bbox 1842 1859 2031 1915; x_wconf 76' lang='lat' dir='ltr'><strong>posset</strong></span> <span class='ocrx_word' id='word_1_263' title='bbox 2065 1863 2234 1932; x_wconf 82' lang='lat' dir='ltr'><strong>quaeri</strong></span> <span class='ocrx_word' id='word_1_264' title='bbox 2269 1881 2281 1917; x_wconf 90' lang='lat'><strong>:</strong></span> <span class='ocrx_word' id='word_1_265' title='bbox 2322 1839 2721 1929; x_wconf 32' lang='lat' dir='ltr'><strong>Quoniodoﬁeis</strong></span> <span class='ocrx_word' id='word_1_266' title='bbox 2753 1839 2973 1926; x_wconf 85' lang='lat' dir='ltr'><strong>dabitur</strong></span> <span class='ocrx_word' id='word_1_267' title='bbox 2997 1839 3226 1943; x_wconf 81' lang='lat' dir='ltr'><strong>justitia,</strong></span> <span class='ocrx_word' id='word_1_268' title='bbox 3263 1877 3314 1930; x_wconf 90' lang='lat' dir='ltr'><strong>id</strong></span> <span class='ocrx_word' id='word_1_269' title='bbox 3340 1839 3424 1933; x_wconf 76' lang='lat' dir='ltr'><strong>est</strong></span> 
     </span>
    </p>
   </div>
   <div class='ocr_carea' id='block_1_34' title="bbox 179 1929 1732 2000">
    <p class='ocr_par' dir='ltr' id='par_1_34' title="bbox 179 1929 1732 2000">
     <span class='ocr_line' id='line_1_34' title="bbox 179 1929 1732 2000; baseline 0.001 -15"><span class='ocrx_word' id='word_1_270' title='bbox 179 1931 381 1985; x_wconf 82' lang='lat' dir='ltr'><strong>salvatio</strong></span> <span class='ocrx_word' id='word_1_271' title='bbox 415 1939 631 1983; x_wconf 58' lang='lat' dir='ltr'><strong>aeterna</strong></span> <span class='ocrx_word' id='word_1_272' title='bbox 675 1930 823 2000; x_wconf 88' lang='lat' dir='ltr'><strong>pacis</strong></span> <span class='ocrx_word' id='word_1_273' title='bbox 853 1929 1222 2000; x_wconf 85' lang='lat' dir='ltr'><strong>elongabitur;</strong></span> <span class='ocrx_word' id='word_1_274' title='bbox 1275 1931 1368 1985; x_wconf 89' lang='lat' dir='ltr'><strong>sed</strong></span> <span class='ocrx_word' id='word_1_275' title='bbox 1398 1940 1453 1984; x_wconf 89' lang='lat' dir='ltr'><strong>et</strong></span> <span class='ocrx_word' id='word_1_276' title='bbox 1501 1931 1732 1986; x_wconf 88' lang='lat' dir='ltr'><strong>salvatio</strong></span> 
     </span>
    </p>
   </div>
   <div class='ocr_carea' id='block_1_35' title="bbox 177 2020 1734 2091">
    <p class='ocr_par' dir='ltr' id='par_1_35' title="bbox 177 2020 1734 2091">
     <span class='ocr_line' id='line_1_35' title="bbox 177 2020 1734 2091; baseline 0.005 -21"><span class='ocrx_word' id='word_1_277' title='bbox 177 2038 316 2090; x_wconf 79' lang='lat' dir='ltr'><strong>prope</strong></span> <span class='ocrx_word' id='word_1_278' title='bbox 340 2023 574 2074; x_wconf 88' lang='lat' dir='ltr'><strong>timentes</strong></span> <span class='ocrx_word' id='word_1_279' title='bbox 601 2020 726 2084; x_wconf 90' lang='lat' dir='ltr'><strong>erit,</strong></span> <span class='ocrx_word' id='word_1_280' title='bbox 755 2021 805 2073; x_wconf 90' lang='lat' dir='ltr'><strong>id</strong></span> <span class='ocrx_word' id='word_1_281' title='bbox 837 2031 919 2074; x_wconf 89' lang='lat' dir='ltr'><strong>est</strong></span> <span class='ocrx_word' id='word_1_282' title='bbox 951 2038 965 2074; x_wconf 88' lang='lat'><strong>:</strong></span> <span class='ocrx_word' id='word_1_283' title='bbox 998 2021 1103 2074; x_wconf 90' lang='lat' dir='ltr'><strong>illis</strong></span> <span class='ocrx_word' id='word_1_284' title='bbox 1125 2022 1214 2090; x_wconf 90' lang='lat' dir='ltr'><strong>qui</strong></span> <span class='ocrx_word' id='word_1_285' title='bbox 1249 2022 1335 2076; x_wconf 91' lang='lat' dir='ltr'><strong>hic</strong></span> <span class='ocrx_word' id='word_1_286' title='bbox 1368 2038 1490 2076; x_wconf 89' lang='lat' dir='ltr'><strong>eum</strong></span> <span class='ocrx_word' id='word_1_287' title='bbox 1522 2038 1734 2091; x_wconf 87' lang='lat' dir='ltr'><strong>semper</strong></span> 
     </span>
    </p>
   </div>
   <div class='ocr_carea' id='block_1_36' title="bbox 179 2112 1731 2186">
    <p class='ocr_par' dir='ltr' id='par_1_36' title="bbox 179 2112 1731 2186">
     <span class='ocr_line' id='line_1_36' title="bbox 179 2112 1731 2186; baseline 0.004 -21"><span class='ocrx_word' id='word_1_288' title='bbox 179 2112 441 2174; x_wconf 86' lang='lat' dir='ltr'><strong>timebunt,</strong></span> <span class='ocrx_word' id='word_1_289' title='bbox 495 2122 552 2165; x_wconf 89' lang='lat' dir='ltr'><strong>ut</strong></span> <span class='ocrx_word' id='word_1_290' title='bbox 603 2128 708 2166; x_wconf 92' lang='lat' dir='ltr'><strong>non</strong></span> <span class='ocrx_word' id='word_1_291' title='bbox 749 2115 1084 2182; x_wconf 85' lang='lat' dir='ltr'><strong>superbiant,</strong></span> <span class='ocrx_word' id='word_1_292' title='bbox 1147 2115 1252 2169; x_wconf 89' lang='lat' dir='ltr'><strong>erit</strong></span> <span class='ocrx_word' id='word_1_293' title='bbox 1298 2119 1598 2186; x_wconf 87' lang='lat' dir='ltr'><strong>propinqua</strong></span> <span class='ocrx_word' id='word_1_294' title='bbox 1645 2117 1731 2171; x_wconf 88' lang='lat' dir='ltr'><strong>illa</strong></span> 
     </span>
    </p>
   </div>
   <div class='ocr_carea' id='block_1_37' title="bbox 177 2203 1728 2272">
    <p class='ocr_par' dir='ltr' id='par_1_37' title="bbox 177 2203 1728 2272">
     <span class='ocr_line' id='line_1_37' title="bbox 177 2203 1728 2272; baseline 0.005 -15"><span class='ocrx_word' id='word_1_295' title='bbox 177 2205 380 2257; x_wconf 86' lang='lat' dir='ltr'><strong>salvatio</strong></span> <span class='ocrx_word' id='word_1_296' title='bbox 403 2219 499 2272; x_wconf 85' lang='lat' dir='ltr'><strong>per</strong></span> <span class='ocrx_word' id='word_1_297' title='bbox 525 2203 818 2270; x_wconf 85' lang='lat' dir='ltr'><strong>Christum,</strong></span> <span class='ocrx_word' id='word_1_298' title='bbox 875 2207 1004 2259; x_wconf 91' lang='lat' dir='ltr'><strong>dum</strong></span> <span class='ocrx_word' id='word_1_299' title='bbox 1045 2207 1098 2260; x_wconf 88' lang='lat' dir='ltr'><strong>itt</strong></span> <span class='ocrx_word' id='word_1_300' title='bbox 1149 2207 1249 2261; x_wconf 91' lang='lat' dir='ltr'><strong>hoc</strong></span> <span class='ocrx_word' id='word_1_301' title='bbox 1302 2208 1500 2260; x_wconf 89' lang='lat' dir='ltr'><strong>mundo</strong></span> <span class='ocrx_word' id='word_1_302' title='bbox 1548 2218 1728 2264; x_wconf 89' lang='lat' dir='ltr'><strong>erunt.</strong></span> 
     </span>
    </p>
   </div>
   <div class='ocr_carea' id='block_1_38' title="bbox 175 2296 1727 2368">
    <p class='ocr_par' dir='ltr' id='par_1_38' title="bbox 175 2296 1727 2368">
     <span class='ocr_line' id='line_1_38' title="bbox 175 2296 1727 2368; baseline 0.003 -19"><span class='ocrx_word' id='word_1_303' title='bbox 175 2296 289 2352; x_wconf 89' lang='lat' dir='ltr'><strong>Dico</strong></span> <span class='ocrx_word' id='word_1_304' title='bbox 325 2297 462 2365; x_wconf 91' lang='lat' dir='ltr'><strong>quod</strong></span> <span class='ocrx_word' id='word_1_305' title='bbox 487 2297 576 2353; x_wconf 91' lang='lat' dir='ltr'><strong>hic</strong></span> <span class='ocrx_word' id='word_1_306' title='bbox 605 2297 710 2352; x_wconf 88' lang='lat' dir='ltr'><strong>erit</strong></span> <span class='ocrx_word' id='word_1_307' title='bbox 737 2298 960 2351; x_wconf 82' lang='lat' dir='ltr'><strong>Salvatio</strong></span> <span class='ocrx_word' id='word_1_308' title='bbox 981 2315 1145 2368; x_wconf 87' lang='lat' dir='ltr'><strong>prope</strong></span> <span class='ocrx_word' id='word_1_309' title='bbox 1185 2310 1425 2363; x_wconf 90' lang='lat' dir='ltr'><strong>sanctos,</strong></span> <span class='ocrx_word' id='word_1_310' title='bbox 1449 2309 1497 2353; x_wconf 81' lang='lat' dir='ltr'><strong>et</strong></span> <span class='ocrx_word' id='word_1_311' title='bbox 1555 2302 1727 2354; x_wconf 88' lang='lat' dir='ltr'><strong>novis-</strong></span> 
     </span>
    </p>
   </div>
   <div class='ocr_carea' id='block_1_39' title="bbox 175 2387 1729 2455">
    <p class='ocr_par' dir='ltr' id='par_1_39' title="bbox 175 2387 1729 2455">
     <span class='ocr_line' id='line_1_39' title="bbox 175 2387 1729 2455; baseline 0.002 -15"><span class='ocrx_word' id='word_1_312' title='bbox 175 2387 292 2440; x_wconf 90' lang='lat' dir='ltr'><strong>sime</strong></span> <span class='ocrx_word' id='word_1_313' title='bbox 315 2403 467 2455; x_wconf 81' lang='lat' dir='ltr'><strong>prope</strong></span> <span class='ocrx_word' id='word_1_314' title='bbox 489 2389 746 2448; x_wconf 86' lang='lat' dir='ltr'><strong>timentes,</strong></span> <span class='ocrx_word' id='word_1_315' title='bbox 786 2397 842 2440; x_wconf 91' lang='lat' dir='ltr'><strong>ut</strong></span> <span class='ocrx_word' id='word_1_316' title='bbox 871 2394 1086 2442; x_wconf 88' lang='lat' dir='ltr'><strong>tandem</strong></span> <span class='ocrx_word' id='word_1_317' title='bbox 1119 2389 1169 2442; x_wconf 93' lang='lat' dir='ltr'><strong>in</strong></span> <span class='ocrx_word' id='word_1_318' title='bbox 1202 2389 1381 2442; x_wconf 79' lang='lat' dir='ltr'><strong>futuro</strong></span> <span class='ocrx_word' id='word_1_319' title='bbox 1404 2390 1632 2453; x_wconf 81' lang='lat' dir='ltr'><strong>habitet,</strong></span> <span class='ocrx_word' id='word_1_320' title='bbox 1677 2390 1729 2443; x_wconf 90' lang='lat' dir='ltr'><strong>id</strong></span> 
     </span>
    </p>
   </div>
   <div class='ocr_carea' id='block_1_40' title="bbox 174 2479 1729 2549">
    <p class='ocr_par' dir='ltr' id='par_1_40' title="bbox 174 2479 1729 2549">
     <span class='ocr_line' id='line_1_40' title="bbox 174 2479 1729 2549; baseline 0.001 -17"><span class='ocrx_word' id='word_1_321' title='bbox 174 2487 244 2532; x_wconf 80' lang='lat' dir='ltr'><strong>est</strong></span> <span class='ocrx_word' id='word_1_322' title='bbox 279 2479 324 2532; x_wconf 89' lang='lat' dir='ltr'><strong>itt</strong></span> <span class='ocrx_word' id='word_1_323' title='bbox 355 2489 616 2532; x_wconf 69' lang='lat' dir='ltr'><strong>tctcrnutn</strong></span> <span class='ocrx_word' id='word_1_324' title='bbox 653 2488 866 2532; x_wconf 85' lang='lat' dir='ltr'><strong>maneat</strong></span> <span class='ocrx_word' id='word_1_325' title='bbox 897 2479 1035 2533; x_wconf 89' lang='lat' dir='ltr'><strong>illius</strong></span> <span class='ocrx_word' id='word_1_326' title='bbox 1067 2479 1232 2549; x_wconf 86' lang='lat' dir='ltr'><strong>gloria</strong></span> <span class='ocrx_word' id='word_1_327' title='bbox 1285 2480 1624 2544; x_wconf 82' lang='lat' dir='ltr'><strong>salvationis,</strong></span> <span class='ocrx_word' id='word_1_328' title='bbox 1677 2482 1729 2534; x_wconf 85' lang='lat' dir='ltr'><strong>in</strong></span> 
     </span>
    </p>
   </div>
   <div class='ocr_carea' id='block_1_41' title="bbox 174 2569 1726 2638">
    <p class='ocr_par' dir='ltr' id='par_1_41' title="bbox 174 2569 1726 2638">
     <span class='ocr_line' id='line_1_41' title="bbox 174 2569 1726 2638; baseline 0.002 -18"><span class='ocrx_word' id='word_1_329' title='bbox 174 2579 296 2620; x_wconf 88' lang='lat' dir='ltr'><strong>terra</strong></span> <span class='ocrx_word' id='word_1_330' title='bbox 322 2579 520 2632; x_wconf 86' lang='lat' dir='ltr'><strong>nostra,</strong></span> <span class='ocrx_word' id='word_1_331' title='bbox 555 2569 606 2622; x_wconf 92' lang='lat' dir='ltr'><strong>id</strong></span> <span class='ocrx_word' id='word_1_332' title='bbox 629 2579 711 2623; x_wconf 90' lang='lat' dir='ltr'><strong>est</strong></span> <span class='ocrx_word' id='word_1_333' title='bbox 741 2569 795 2622; x_wconf 89' lang='lat' dir='ltr'><strong>iu</strong></span> <span class='ocrx_word' id='word_1_334' title='bbox 830 2579 1044 2624; x_wconf 88' lang='lat' dir='ltr'><strong>terrena</strong></span> <span class='ocrx_word' id='word_1_335' title='bbox 1099 2572 1256 2625; x_wconf 89' lang='lat' dir='ltr'><strong>modo</strong></span> <span class='ocrx_word' id='word_1_336' title='bbox 1307 2586 1470 2625; x_wconf 87' lang='lat' dir='ltr'><strong>carne</strong></span> <span class='ocrx_word' id='word_1_337' title='bbox 1522 2581 1726 2638; x_wconf 88' lang='lat' dir='ltr'><strong>nostra,</strong></span> 
     </span>
    </p>
   </div>
   <div class='ocr_carea' id='block_1_42' title="bbox 173 2659 1725 2730">
    <p class='ocr_par' dir='ltr' id='par_1_42' title="bbox 173 2659 1725 2730">
     <span class='ocr_line' id='line_1_42' title="bbox 173 2659 1725 2730; baseline 0.005 -20"><span class='ocrx_word' id='word_1_338' title='bbox 173 2659 360 2713; x_wconf 80' lang='lat' dir='ltr'><strong>scilicet</strong></span> <span class='ocrx_word' id='word_1_339' title='bbox 389 2669 446 2713; x_wconf 88' lang='grc' dir='ltr'><strong>ιιι</strong></span> <span class='ocrx_word' id='word_1_340' title='bbox 475 2675 579 2712; x_wconf 89' lang='lat' dir='ltr'><strong>non</strong></span> <span class='ocrx_word' id='word_1_341' title='bbox 623 2659 797 2713; x_wconf 88' lang='lat' dir='ltr'><strong>solum</strong></span> <span class='ocrx_word' id='word_1_342' title='bbox 839 2659 1054 2730; x_wconf 80' lang='lat' dir='ltr'><strong>gloriosi</strong></span> <span class='ocrx_word' id='word_1_343' title='bbox 1107 2662 1276 2716; x_wconf 88' lang='lat' dir='ltr'><strong>simus</strong></span> <span class='ocrx_word' id='word_1_344' title='bbox 1315 2663 1368 2716; x_wconf 92' lang='lat' dir='ltr'><strong>in</strong></span> <span class='ocrx_word' id='word_1_345' title='bbox 1423 2663 1725 2730; x_wconf 87' lang='lat' dir='ltr'><strong>animabus,</strong></span> 
     </span>
    </p>
   </div>
   <div class='ocr_carea' id='block_1_43' title="bbox 171 2750 1728 2824">
    <p class='ocr_par' dir='ltr' id='par_1_43' title="bbox 171 2750 1728 2824">
     <span class='ocr_line' id='line_1_43' title="bbox 171 2750 1728 2824; baseline 0.004 -22"><span class='ocrx_word' id='word_1_346' title='bbox 171 2750 250 2802; x_wconf 89' lang='lat' dir='ltr'><strong>sed</strong></span> <span class='ocrx_word' id='word_1_347' title='bbox 277 2760 328 2805; x_wconf 89' lang='lat' dir='ltr'><strong>et</strong></span> <span class='ocrx_word' id='word_1_348' title='bbox 357 2751 406 2802; x_wconf 93' lang='lat' dir='ltr'><strong>in</strong></span> <span class='ocrx_word' id='word_1_349' title='bbox 435 2751 784 2820; x_wconf 89' lang='lat' dir='ltr'><strong>corporibus,</strong></span> <span class='ocrx_word' id='word_1_350' title='bbox 821 2751 974 2820; x_wconf 84' lang='lat' dir='ltr'><strong>juxta</strong></span> <span class='ocrx_word' id='word_1_351' title='bbox 1021 2753 1150 2806; x_wconf 87' lang='lat' dir='ltr'><strong>illtid</strong></span> <span class='ocrx_word' id='word_1_352' title='bbox 1182 2753 1422 2820; x_wconf 87' lang='lat' dir='ltr'><strong>Apostoli</strong></span> <span class='ocrx_word' id='word_1_353' title='bbox 1457 2768 1471 2806; x_wconf 90' lang='lat'><strong>:</strong></span> <span class='ocrx_word' id='word_1_354' title='bbox 1506 2773 1525 2805; x_wconf 78' lang='grc' dir='ltr'><strong>ι</strong></span> <span class='ocrx_word' id='word_1_355' title='bbox 1557 2753 1728 2824; x_wconf 88' lang='lat' dir='ltr'><strong>Opor-</strong></span> 
     </span>
    </p>
   </div>
   <div class='ocr_carea' id='block_1_44' title="bbox 172 2843 1723 2914">
    <p class='ocr_par' dir='ltr' id='par_1_44' title="bbox 172 2843 1723 2914">
     <span class='ocr_line' id='line_1_44' title="bbox 172 2843 1723 2914; baseline 0.004 -20"><span class='ocrx_word' id='word_1_356' title='bbox 172 2851 236 2896; x_wconf 92' lang='lat' dir='ltr'><strong>tct</strong></span> <span class='ocrx_word' id='word_1_357' title='bbox 260 2843 603 2911; x_wconf 88' lang='lat' dir='ltr'><strong>corruptibile</strong></span> <span class='ocrx_word' id='word_1_358' title='bbox 635 2843 736 2897; x_wconf 91' lang='lat' dir='ltr'><strong>hoc</strong></span> <span class='ocrx_word' id='word_1_359' title='bbox 765 2843 988 2898; x_wconf 90' lang='lat' dir='ltr'><strong>induere</strong></span> <span class='ocrx_word' id='word_1_360' title='bbox 1035 2844 1493 2912; x_wconf 86' lang='lat' dir='ltr'><strong>incorruptionem</strong></span> <span class='ocrx_word' id='word_1_361' title='bbox 1525 2845 1573 2914; x_wconf 91' lang='grc'><strong>(1</strong></span> <span class='ocrx_word' id='word_1_362' title='bbox 1599 2844 1723 2900; x_wconf 88' lang='lat' dir='ltr'><strong>Cor.</strong></span> 
     </span>
    </p>
   </div>
   <div class='ocr_carea' id='block_1_45' title="bbox 169 2933 1728 3004">
    <p class='ocr_par' dir='ltr' id='par_1_45' title="bbox 169 2933 1728 3004">
     <span class='ocr_line' id='line_1_45' title="bbox 169 2933 1728 3004; baseline 0.003 -18"><span class='ocrx_word' id='word_1_363' title='bbox 169 2934 379 3004; x_wconf 78' lang='lat' dir='ltr'><strong>xv,55).</strong></span> <span class='ocrx_word' id='word_1_364' title='bbox 428 2953 448 2985; x_wconf 74' lang='grc' dir='ltr'><strong>ι</strong></span> <span class='ocrx_word' id='word_1_365' title='bbox 480 2933 573 2988; x_wconf 79' lang='lat' dir='ltr'><strong>Vel</strong></span> <span class='ocrx_word' id='word_1_366' title='bbox 625 2935 703 2988; x_wconf 90' lang='lat' dir='ltr'><strong>sic</strong></span> <span class='ocrx_word' id='word_1_367' title='bbox 733 2943 910 3004; x_wconf 85' lang='lat' dir='ltr'><strong>potest</strong></span> <span class='ocrx_word' id='word_1_368' title='bbox 955 2933 1082 3004; x_wconf 83' lang='lat' dir='ltr'><strong>legi,</strong></span> <span class='ocrx_word' id='word_1_369' title='bbox 1113 2944 1170 2988; x_wconf 92' lang='lat' dir='ltr'><strong>ut</strong></span> <span class='ocrx_word' id='word_1_370' title='bbox 1220 2936 1538 2989; x_wconf 89' lang='lat' dir='ltr'><strong>determinet</strong></span> <span class='ocrx_word' id='word_1_371' title='bbox 1587 2936 1728 2992; x_wconf 80' lang='lat' dir='ltr'><strong>inter</strong></span> 
     </span>
    </p>
   </div>
   <div class='ocr_carea' id='block_1_46' title="bbox 169 3024 1721 3093">
    <p class='ocr_par' dir='ltr' id='par_1_46' title="bbox 169 3024 1721 3093">
     <span class='ocr_line' id='line_1_46' title="bbox 169 3024 1721 3093; baseline 0.006 -20"><span class='ocrx_word' id='word_1_372' title='bbox 169 3037 286 3090; x_wconf 89' lang='lat' dir='ltr'><strong>quos</strong></span> <span class='ocrx_word' id='word_1_373' title='bbox 318 3024 748 3089; x_wconf 85' lang='lat' dir='ltr'><strong>eouversabitur,</strong></span> <span class='ocrx_word' id='word_1_374' title='bbox 793 3025 859 3078; x_wconf 90' lang='lat' dir='ltr'><strong>ad</strong></span> <span class='ocrx_word' id='word_1_375' title='bbox 892 3025 1302 3080; x_wconf 88' lang='lat' dir='ltr'><strong>instructionem</strong></span> <span class='ocrx_word' id='word_1_376' title='bbox 1343 3028 1464 3081; x_wconf 88' lang='lat' dir='ltr'><strong>tidei</strong></span> <span class='ocrx_word' id='word_1_377' title='bbox 1496 3039 1721 3093; x_wconf 53' lang='lat' dir='ltr'><strong>nostra;</strong></span> 
     </span>
    </p>
   </div>
   <div class='ocr_carea' id='block_1_47' title="bbox 167 3114 1723 3185">
    <p class='ocr_par' dir='ltr' id='par_1_47' title="bbox 167 3114 1723 3185">
     <span class='ocr_line' id='line_1_47' title="bbox 167 3114 1723 3185; baseline 0.006 -19"><span class='ocrx_word' id='word_1_378' title='bbox 167 3123 214 3166; x_wconf 85' lang='lat' dir='ltr'><strong>et</strong></span> <span class='ocrx_word' id='word_1_379' title='bbox 236 3116 295 3168; x_wconf 89' lang='lat' dir='ltr'><strong>ad</strong></span> <span class='ocrx_word' id='word_1_380' title='bbox 319 3115 440 3182; x_wconf 84' lang='lat' dir='ltr'><strong>hoc,</strong></span> <span class='ocrx_word' id='word_1_381' title='bbox 483 3126 541 3170; x_wconf 88' lang='lat' dir='ltr'><strong>ut</strong></span> <span class='ocrx_word' id='word_1_382' title='bbox 575 3114 810 3180; x_wconf 70' lang='lat' dir='ltr'><strong>Judteos,</strong></span> <span class='ocrx_word' id='word_1_383' title='bbox 849 3117 992 3170; x_wconf 89' lang='lat' dir='ltr'><strong>inter</strong></span> <span class='ocrx_word' id='word_1_384' title='bbox 1017 3135 1155 3185; x_wconf 83' lang='lat' dir='ltr'><strong>quos</strong></span> <span class='ocrx_word' id='word_1_385' title='bbox 1185 3119 1314 3172; x_wconf 92' lang='lat' dir='ltr'><strong>dicit</strong></span> <span class='ocrx_word' id='word_1_386' title='bbox 1343 3135 1464 3172; x_wconf 89' lang='lat' dir='ltr'><strong>cum</strong></span> <span class='ocrx_word' id='word_1_387' title='bbox 1500 3136 1723 3175; x_wconf 86' lang='lat' dir='ltr'><strong>convcr-</strong></span> 
     </span>
    </p>
   </div>
   <div class='ocr_carea' id='block_1_48' title="bbox 1842 1953 2501 2023">
    <p class='ocr_par' dir='ltr' id='par_1_48' title="bbox 1842 1953 2501 2023">
     <span class='ocr_line' id='line_1_48' title="bbox 1842 1953 2501 2023; baseline 0.008 -18"><span class='ocrx_word' id='word_1_388' title='bbox 1842 1953 2088 2008; x_wconf 88' lang='lat' dir='ltr'><strong>remissio</strong></span> <span class='ocrx_word' id='word_1_389' title='bbox 2118 1957 2501 2023; x_wconf 81' lang='lat' dir='ltr'><strong>peccatorum?</strong></span> 
     </span>
    </p>
   </div>
   <div class='ocr_carea' id='block_1_49' title="bbox 1908 2042 3418 2124">
    <p class='ocr_par' dir='ltr' id='par_1_49' title="bbox 1908 2042 3418 2124">
     <span class='ocr_line' id='line_1_49' title="bbox 1908 2042 3418 2124; baseline 0.011 -30"><span class='ocrx_word' id='word_1_390' title='bbox 1908 2042 2059 2108; x_wconf 85' lang='lat' dir='ltr'><strong>Quod</strong></span> <span class='ocrx_word' id='word_1_391' title='bbox 2085 2045 2163 2098; x_wconf 91' lang='lat' dir='ltr'><strong>sic</strong></span> <span class='ocrx_word' id='word_1_392' title='bbox 2189 2048 2421 2101; x_wconf 90' lang='lat' dir='ltr'><strong>ostendit</strong></span> <span class='ocrx_word' id='word_1_393' title='bbox 2442 2065 2454 2101; x_wconf 90' lang='lat'><strong>:</strong></span> <span class='ocrx_word' id='word_1_394' title='bbox 2475 2047 2612 2103; x_wconf 83' lang='lat' dir='ltr'><strong>Vere</strong></span> <span class='ocrx_word' id='word_1_395' title='bbox 2631 2049 2839 2120; x_wconf 86' lang='lat' dir='ltr'><strong>justitia</strong></span> <span class='ocrx_word' id='word_1_396' title='bbox 2869 2053 2972 2106; x_wconf 84' lang='lat' dir='ltr'><strong>erit</strong></span> <span class='ocrx_word' id='word_1_397' title='bbox 3000 2053 3049 2107; x_wconf 93' lang='lat' dir='ltr'><strong>in</strong></span> <span class='ocrx_word' id='word_1_398' title='bbox 3075 2054 3418 2124; x_wconf 84' lang='lat' dir='ltr'><strong>hominibus;</strong></span> 
     </span>
    </p>
   </div>
   <div class='ocr_carea' id='block_1_50' title="bbox 1839 2137 3420 2214">
    <p class='ocr_par' dir='ltr' id='par_1_50' title="bbox 1839 2137 3420 2214">
     <span class='ocr_line' id='line_1_50' title="bbox 1839 2137 3420 2214; baseline 0.009 -26"><span class='ocrx_word' id='word_1_399' title='bbox 1839 2150 1960 2188; x_wconf 89' lang='lat' dir='ltr'><strong>nam</strong></span> <span class='ocrx_word' id='word_1_400' title='bbox 1983 2137 2046 2189; x_wconf 88' lang='lat' dir='ltr'><strong>de</strong></span> <span class='ocrx_word' id='word_1_401' title='bbox 2082 2146 2242 2200; x_wconf 89' lang='lat' dir='ltr'><strong>terra,</strong></span> <span class='ocrx_word' id='word_1_402' title='bbox 2285 2137 2334 2191; x_wconf 91' lang='lat' dir='ltr'><strong>id</strong></span> <span class='ocrx_word' id='word_1_403' title='bbox 2366 2149 2445 2192; x_wconf 86' lang='lat' dir='ltr'><strong>est</strong></span> <span class='ocrx_word' id='word_1_404' title='bbox 2474 2141 2602 2208; x_wconf 81' lang='lat' dir='ltr'><strong>ipsis</strong></span> <span class='ocrx_word' id='word_1_405' title='bbox 2645 2143 2950 2198; x_wconf 90' lang='lat' dir='ltr'><strong>hominibus</strong></span> <span class='ocrx_word' id='word_1_406' title='bbox 2997 2147 3086 2214; x_wconf 89' lang='lat' dir='ltr'><strong>qui</strong></span> <span class='ocrx_word' id='word_1_407' title='bbox 3119 2149 3276 2200; x_wconf 89' lang='lat' dir='ltr'><strong>modo</strong></span> <span class='ocrx_word' id='word_1_408' title='bbox 3311 2159 3420 2202; x_wconf 86' lang='lat' dir='ltr'><strong>ter-</strong></span> 
     </span>
    </p>
   </div>
   <div class='ocr_carea' id='block_1_51' title="bbox 1839 2227 3424 2299">
    <p class='ocr_par' dir='ltr' id='par_1_51' title="bbox 1839 2227 3424 2299">
     <span class='ocr_line' id='line_1_51' title="bbox 1839 2227 3424 2299; baseline 0.009 -20"><span class='ocrx_word' id='word_1_409' title='bbox 1839 2227 1952 2280; x_wconf 91' lang='lat' dir='ltr'><strong>reni</strong></span> <span class='ocrx_word' id='word_1_410' title='bbox 1993 2239 2118 2282; x_wconf 91' lang='lat' dir='ltr'><strong>sunt</strong></span> <span class='ocrx_word' id='word_1_411' title='bbox 2155 2245 2258 2282; x_wconf 90' lang='lat' dir='ltr'><strong>non</strong></span> <span class='ocrx_word' id='word_1_412' title='bbox 2299 2231 2622 2299; x_wconf 86' lang='lat' dir='ltr'><strong>spirituales,</strong></span> <span class='ocrx_word' id='word_1_413' title='bbox 2656 2245 2770 2288; x_wconf 87' lang='lat' dir='ltr'><strong>orta</strong></span> <span class='ocrx_word' id='word_1_414' title='bbox 2818 2247 2913 2299; x_wconf 83' lang='lat' dir='ltr'><strong>est,</strong></span> <span class='ocrx_word' id='word_1_415' title='bbox 2974 2237 3024 2289; x_wconf 92' lang='lat' dir='ltr'><strong>id</strong></span> <span class='ocrx_word' id='word_1_416' title='bbox 3084 2248 3166 2291; x_wconf 89' lang='lat' dir='ltr'><strong>est</strong></span> <span class='ocrx_word' id='word_1_417' title='bbox 3217 2240 3424 2294; x_wconf 71' lang='lat' dir='ltr'><strong>oxiclur</strong></span> 
     </span>
    </p>
   </div>
   <div class='ocr_carea' id='block_1_52' title="bbox 1837 2301 3420 2396">
    <p class='ocr_par' dir='ltr' id='par_1_52' title="bbox 1837 2301 3420 2396">
     <span class='ocr_line' id='line_1_52' title="bbox 1837 2301 3420 2396; baseline 0.009 -28"><span class='ocrx_word' id='word_1_418' title='bbox 1837 2301 2046 2379; x_wconf 76' lang='lat' dir='ltr'><strong>veritus,</strong></span> <span class='ocrx_word' id='word_1_419' title='bbox 2080 2317 2129 2371; x_wconf 92' lang='lat' dir='ltr'><strong>id</strong></span> <span class='ocrx_word' id='word_1_420' title='bbox 2161 2327 2241 2372; x_wconf 89' lang='lat' dir='ltr'><strong>est</strong></span> <span class='ocrx_word' id='word_1_421' title='bbox 2270 2335 2393 2372; x_wconf 87' lang='lat' dir='ltr'><strong>vera</strong></span> <span class='ocrx_word' id='word_1_422' title='bbox 2419 2319 2688 2375; x_wconf 62' lang='lat' dir='ltr'><strong>confessio</strong></span> <span class='ocrx_word' id='word_1_423' title='bbox 2719 2333 3080 2392; x_wconf 84' lang='lat' dir='ltr'><strong>peccatorum,</strong></span> <span class='ocrx_word' id='word_1_424' title='bbox 3115 2339 3161 2380; x_wconf 91' lang='lat' dir='ltr'><strong>et</strong></span> <span class='ocrx_word' id='word_1_425' title='bbox 3199 2343 3294 2396; x_wconf 87' lang='lat' dir='ltr'><strong>per</strong></span> <span class='ocrx_word' id='word_1_426' title='bbox 3325 2345 3420 2382; x_wconf 89' lang='lat' dir='ltr'><strong>ve-</strong></span> 
     </span>
    </p>
   </div>
   <div class='ocr_carea' id='block_1_53' title="bbox 1841 2408 3423 2486">
    <p class='ocr_par' dir='ltr' id='par_1_53' title="bbox 1841 2408 3423 2486">
     <span class='ocr_line' id='line_1_53' title="bbox 1841 2408 3423 2486; baseline 0.011 -28"><span class='ocrx_word' id='word_1_427' title='bbox 1841 2420 1950 2460; x_wconf 80' lang='lat' dir='ltr'><strong>ram</strong></span> <span class='ocrx_word' id='word_1_428' title='bbox 1978 2408 2367 2462; x_wconf 70' lang='lat' dir='ltr'><strong>confessionem</strong></span> <span class='ocrx_word' id='word_1_429' title='bbox 2399 2413 2681 2480; x_wconf 79' lang='lat' dir='ltr'><strong>prospexit,</strong></span> <span class='ocrx_word' id='word_1_430' title='bbox 2715 2414 2766 2467; x_wconf 91' lang='lat' dir='ltr'><strong>id</strong></span> <span class='ocrx_word' id='word_1_431' title='bbox 2817 2425 2902 2469; x_wconf 89' lang='lat' dir='ltr'><strong>est</strong></span> <span class='ocrx_word' id='word_1_432' title='bbox 2929 2419 3243 2486; x_wconf 86' lang='lat' dir='ltr'><strong>prospiciet,</strong></span> <span class='ocrx_word' id='word_1_433' title='bbox 3278 2421 3423 2475; x_wconf 88' lang='lat' dir='ltr'><strong>scili-</strong></span> 
     </span>
    </p>
   </div>
   <div class='ocr_carea' id='block_1_54' title="bbox 1839 2499 3422 2576">
    <p class='ocr_par' dir='ltr' id='par_1_54' title="bbox 1839 2499 3422 2576">
     <span class='ocr_line' id='line_1_54' title="bbox 1839 2499 3422 2576; baseline 0.01 -25"><span class='ocrx_word' id='word_1_434' title='bbox 1839 2506 1921 2556; x_wconf 71' lang='grc' dir='ltr'><strong>,οι</strong></span> <span class='ocrx_word' id='word_1_435' title='bbox 1965 2499 2146 2552; x_wconf 88' lang='lat' dir='ltr'><strong>veniet</strong></span> <span class='ocrx_word' id='word_1_436' title='bbox 2176 2501 2242 2552; x_wconf 88' lang='lat' dir='ltr'><strong>ad</strong></span> <span class='ocrx_word' id='word_1_437' title='bbox 2273 2515 2365 2554; x_wconf 90' lang='lat' dir='ltr'><strong>eos</strong></span> <span class='ocrx_word' id='word_1_438' title='bbox 2385 2501 2599 2570; x_wconf 83' lang='lat' dir='ltr'><strong>jastitia</strong></span> <span class='ocrx_word' id='word_1_439' title='bbox 2622 2544 2636 2567; x_wconf 91' lang='lat'><strong>,</strong></span> <span class='ocrx_word' id='word_1_440' title='bbox 2671 2504 2721 2557; x_wconf 93' lang='lat' dir='ltr'><strong>id</strong></span> <span class='ocrx_word' id='word_1_441' title='bbox 2747 2515 2829 2559; x_wconf 92' lang='lat' dir='ltr'><strong>est</strong></span> <span class='ocrx_word' id='word_1_442' title='bbox 2860 2518 3201 2576; x_wconf 88' lang='lat' dir='ltr'><strong>peccatorum</strong></span> <span class='ocrx_word' id='word_1_443' title='bbox 3235 2514 3422 2567; x_wconf 85' lang='lat' dir='ltr'><strong>remis-</strong></span> 
     </span>
    </p>
   </div>
   <div class='ocr_carea' id='block_1_55' title="bbox 1835 2591 3423 2664">
    <p class='ocr_par' dir='ltr' id='par_1_55' title="bbox 1835 2591 3423 2664">
     <span class='ocr_line' id='line_1_55' title="bbox 1835 2591 3423 2664; baseline 0.011 -22"><span class='ocrx_word' id='word_1_444' title='bbox 1835 2591 1938 2654; x_wconf 87' lang='lat' dir='ltr'><strong>sio,</strong></span> <span class='ocrx_word' id='word_1_445' title='bbox 1980 2591 2102 2644; x_wconf 89' lang='lat' dir='ltr'><strong>data</strong></span> <span class='ocrx_word' id='word_1_446' title='bbox 2144 2593 2208 2644; x_wconf 84' lang='lat' dir='ltr'><strong>de</strong></span> <span class='ocrx_word' id='word_1_447' title='bbox 2237 2593 2363 2646; x_wconf 76' lang='lat' dir='ltr'><strong>emta</strong></span> <span class='ocrx_word' id='word_1_448' title='bbox 2408 2595 2693 2660; x_wconf 73' lang='lat' dir='ltr'><strong>emlorum,</strong></span> <span class='ocrx_word' id='word_1_449' title='bbox 2739 2597 2976 2664; x_wconf 88' lang='lat' dir='ltr'><strong>Christo,</strong></span> <span class='ocrx_word' id='word_1_450' title='bbox 3007 2617 3035 2654; x_wconf 89' lang='lat' dir='ltr'><strong>a</strong></span> <span class='ocrx_word' id='word_1_451' title='bbox 3069 2603 3423 2660; x_wconf 65' lang='lat' dir='ltr'><strong>mnilitudine</strong></span> 
     </span>
    </p>
   </div>
   <div class='ocr_carea' id='block_1_56' title="bbox 1835 2680 3422 2756">
    <p class='ocr_par' dir='ltr' id='par_1_56' title="bbox 1835 2680 3422 2756">
     <span class='ocr_line' id='line_1_56' title="bbox 1835 2680 3422 2756; baseline 0.009 -21"><span class='ocrx_word' id='word_1_452' title='bbox 1835 2680 1978 2735; x_wconf 91' lang='lat' dir='ltr'><strong>illius</strong></span> <span class='ocrx_word' id='word_1_453' title='bbox 2009 2681 2126 2751; x_wconf 90' lang='lat' dir='ltr'><strong>qui,</strong></span> <span class='ocrx_word' id='word_1_454' title='bbox 2156 2683 2389 2752; x_wconf 83' lang='lat' dir='ltr'><strong>aliquem</strong></span> <span class='ocrx_word' id='word_1_455' title='bbox 2449 2686 2690 2754; x_wconf 84' lang='lat' dir='ltr'><strong>graviter</strong></span> <span class='ocrx_word' id='word_1_456' title='bbox 2744 2702 3062 2756; x_wconf 81' lang='lat' dir='ltr'><strong>Oppressum</strong></span> <span class='ocrx_word' id='word_1_457' title='bbox 3123 2693 3422 2749; x_wconf 82' lang='lat' dir='ltr'><strong>clementer</strong></span> 
     </span>
    </p>
   </div>
   <div class='ocr_carea' id='block_1_57' title="bbox 1833 2771 3416 2842">
    <p class='ocr_par' dir='ltr' id='par_1_57' title="bbox 1833 2771 3416 2842">
     <span class='ocr_line' id='line_1_57' title="bbox 1833 2771 3416 2842; baseline 0.01 -18"><span class='ocrx_word' id='word_1_458' title='bbox 1833 2771 2189 2842; x_wconf 78' lang='lat' dir='ltr'><strong>prospiciens,</strong></span> <span class='ocrx_word' id='word_1_459' title='bbox 2223 2774 2287 2827; x_wconf 90' lang='lat' dir='ltr'><strong>ad</strong></span> <span class='ocrx_word' id='word_1_460' title='bbox 2319 2775 2366 2826; x_wconf 90' lang='lat' dir='ltr'><strong>ei</strong></span> <span class='ocrx_word' id='word_1_461' title='bbox 2412 2777 2780 2830; x_wconf 75' lang='lat' dir='ltr'><strong>auxiliandum</strong></span> <span class='ocrx_word' id='word_1_462' title='bbox 2833 2782 2998 2832; x_wconf 85' lang='lat' dir='ltr'><strong>venit.</strong></span> <span class='ocrx_word' id='word_1_463' title='bbox 3036 2780 3184 2838; x_wconf 87' lang='lat' dir='ltr'><strong>lianc</strong></span> <span class='ocrx_word' id='word_1_464' title='bbox 3236 2795 3416 2840; x_wconf 78' lang='lat' dir='ltr'><strong>autem</strong></span> 
     </span>
    </p>
   </div>
   <div class='ocr_carea' id='block_1_58' title="bbox 1833 2863 3417 2939">
    <p class='ocr_par' dir='ltr' id='par_1_58' title="bbox 1833 2863 3417 2939">
     <span class='ocr_line' id='line_1_58' title="bbox 1833 2863 3417 2939; baseline 0.009 -20"><span class='ocrx_word' id='word_1_465' title='bbox 1833 2863 2225 2919; x_wconf 79' lang='lat' dir='ltr'><strong>confessionem</strong></span> <span class='ocrx_word' id='word_1_466' title='bbox 2277 2882 2341 2919; x_wconf 78' lang='lat' dir='ltr'><strong>ex</strong></span> <span class='ocrx_word' id='word_1_467' title='bbox 2388 2881 2445 2920; x_wconf 90' lang='lat' dir='ltr'><strong>se</strong></span> <span class='ocrx_word' id='word_1_468' title='bbox 2489 2868 2738 2923; x_wconf 87' lang='lat' dir='ltr'><strong>homines</strong></span> <span class='ocrx_word' id='word_1_469' title='bbox 2791 2886 2894 2923; x_wconf 92' lang='lat' dir='ltr'><strong>non</strong></span> <span class='ocrx_word' id='word_1_470' title='bbox 2954 2873 3184 2939; x_wconf 88' lang='lat' dir='ltr'><strong>habent;</strong></span> <span class='ocrx_word' id='word_1_471' title='bbox 3215 2879 3417 2933; x_wconf 77' lang='lat' dir='ltr'><strong>etenim</strong></span> 
     </span>
    </p>
   </div>
   <div class='ocr_carea' id='block_1_59' title="bbox 1833 2954 3419 3036">
    <p class='ocr_par' dir='ltr' id='par_1_59' title="bbox 1833 2954 3419 3036">
     <span class='ocr_line' id='line_1_59' title="bbox 1833 2954 3419 3036; baseline 0.009 -28"><span class='ocrx_word' id='word_1_472' title='bbox 1833 2954 2086 3009; x_wconf 85' lang='lat' dir='ltr'><strong>Dominus</strong></span> <span class='ocrx_word' id='word_1_473' title='bbox 2113 2957 2255 3010; x_wconf 87' lang='lat' dir='ltr'><strong>dabit</strong></span> <span class='ocrx_word' id='word_1_474' title='bbox 2283 2959 2670 3027; x_wconf 81' lang='lat' dir='ltr'><strong>benignitatem,</strong></span> <span class='ocrx_word' id='word_1_475' title='bbox 2726 2962 2776 3015; x_wconf 94' lang='lat' dir='ltr'><strong>id</strong></span> <span class='ocrx_word' id='word_1_476' title='bbox 2833 2972 2918 3016; x_wconf 87' lang='lat' dir='ltr'><strong>est</strong></span> <span class='ocrx_word' id='word_1_477' title='bbox 2966 2964 3249 3036; x_wconf 79' lang='lat' dir='ltr'><strong>benignam</strong></span> <span class='ocrx_word' id='word_1_478' title='bbox 3300 2971 3419 3024; x_wconf 82' lang='lat' dir='ltr'><strong>illit-</strong></span> 
     </span>
    </p>
   </div>
   <div class='ocr_carea' id='block_1_60' title="bbox 1831 3047 3416 3118">
    <p class='ocr_par' dir='ltr' id='par_1_60' title="bbox 1831 3047 3416 3118">
     <span class='ocr_line' id='line_1_60' title="bbox 1831 3047 3416 3118; baseline 0.009 -19"><span class='ocrx_word' id='word_1_479' title='bbox 1831 3047 2149 3100; x_wconf 84' lang='lat' dir='ltr'><strong>strationetn</strong></span> <span class='ocrx_word' id='word_1_480' title='bbox 2182 3048 2368 3118; x_wconf 72' lang='lat' dir='ltr'><strong>gratim</strong></span> <span class='ocrx_word' id='word_1_481' title='bbox 2397 3065 2506 3103; x_wconf 79' lang='lat' dir='ltr'><strong>sua:</strong></span> <span class='ocrx_word' id='word_1_482' title='bbox 2535 3049 2779 3115; x_wconf 87' lang='lat' dir='ltr'><strong>interius,</strong></span> <span class='ocrx_word' id='word_1_483' title='bbox 2829 3053 2970 3107; x_wconf 88' lang='lat' dir='ltr'><strong>unde</strong></span> <span class='ocrx_word' id='word_1_484' title='bbox 3013 3069 3136 3108; x_wconf 84' lang='lat' dir='ltr'><strong>vera</strong></span> <span class='ocrx_word' id='word_1_485' title='bbox 3167 3057 3252 3110; x_wconf 89' lang='lat' dir='ltr'><strong>illa</strong></span> <span class='ocrx_word' id='word_1_486' title='bbox 3281 3074 3416 3113; x_wconf 88' lang='lat' dir='ltr'><strong>con-</strong></span> 
     </span>
    </p>
   </div>
   <div class='ocr_carea' id='block_1_61' title="bbox 1831 3135 3417 3215">
    <p class='ocr_par' dir='ltr' id='par_1_61' title="bbox 1831 3135 3417 3215">
     <span class='ocr_line' id='line_1_61' title="bbox 1831 3135 3417 3215; baseline 0.008 -27"><span class='ocrx_word' id='word_1_487' title='bbox 1831 3135 1994 3190; x_wconf 76' lang='lat' dir='ltr'><strong>fessio</strong></span> <span class='ocrx_word' id='word_1_488' title='bbox 2023 3137 2295 3205; x_wconf 88' lang='lat' dir='ltr'><strong>procedet,</strong></span> <span class='ocrx_word' id='word_1_489' title='bbox 2337 3145 2390 3191; x_wconf 91' lang='lat' dir='ltr'><strong>et</strong></span> <span class='ocrx_word' id='word_1_490' title='bbox 2426 3153 2521 3208; x_wconf 90' lang='lat' dir='ltr'><strong>per</strong></span> <span class='ocrx_word' id='word_1_491' title='bbox 2573 3139 2674 3195; x_wconf 89' lang='lat' dir='ltr'><strong>hoc</strong></span> <span class='ocrx_word' id='word_1_492' title='bbox 2717 3142 3023 3197; x_wconf 79' lang='lat' dir='ltr'><strong>conﬁtendo</strong></span> <span class='ocrx_word' id='word_1_493' title='bbox 3052 3154 3106 3200; x_wconf 93' lang='lat' dir='ltr'><strong>et</strong></span> <span class='ocrx_word' id='word_1_494' title='bbox 3139 3148 3205 3200; x_wconf 90' lang='lat' dir='ltr'><strong>ad</strong></span> <span class='ocrx_word' id='word_1_495' title='bbox 3255 3147 3417 3215; x_wconf 77' lang='lat' dir='ltr'><strong>just?-</strong></span> 
     </span>
    </p>
   </div>
   <div class='ocr_carea' id='block_1_62' title="bbox 167 3207 1724 3300">
    <p class='ocr_par' dir='ltr' id='par_1_62' title="bbox 167 3207 1720 3278">
     <span class='ocr_line' id='line_1_62' title="bbox 167 3207 1720 3278; baseline 0.003 -18"><span class='ocrx_word' id='word_1_496' title='bbox 167 3213 412 3270; x_wconf 78' lang='lat' dir='ltr'><strong>saturuin,</strong></span> <span class='ocrx_word' id='word_1_497' title='bbox 443 3208 615 3278; x_wconf 82' lang='lat' dir='ltr'><strong>magis</strong></span> <span class='ocrx_word' id='word_1_498' title='bbox 645 3207 910 3261; x_wconf 80' lang='lat' dir='ltr'><strong>obnoxios</strong></span> <span class='ocrx_word' id='word_1_499' title='bbox 936 3208 1036 3262; x_wconf 90' lang='lat' dir='ltr'><strong>sibi</strong></span> <span class='ocrx_word' id='word_1_500' title='bbox 1070 3210 1277 3272; x_wconf 85' lang='lat' dir='ltr'><strong>reddat,</strong></span> <span class='ocrx_word' id='word_1_501' title='bbox 1334 3209 1415 3264; x_wconf 88' lang='lat' dir='ltr'><strong>vel</strong></span> <span class='ocrx_word' id='word_1_502' title='bbox 1461 3220 1516 3263; x_wconf 91' lang='grc' dir='ltr'><strong>ιιι</strong></span> <span class='ocrx_word' id='word_1_503' title='bbox 1558 3212 1720 3264; x_wconf 80' lang='lat' dir='ltr'><strong>etiam</strong></span> 
     </span>
    </p>
   </div>
   <div class='ocr_carea' id='block_1_63' title="bbox 1832 3207 3413 3300">
    <p class='ocr_par' dir='ltr' id='par_1_63' title="bbox 1832 3228 3413 3300">
     <span class='ocr_line' id='line_1_63' title="bbox 1832 3228 3413 3300; baseline 0.008 -20"><span class='ocrx_word' id='word_1_504' title='bbox 1832 3228 1958 3280; x_wconf 88' lang='lat' dir='ltr'><strong>tiam</strong></span> <span class='ocrx_word' id='word_1_505' title='bbox 1991 3228 2326 3282; x_wconf 88' lang='lat' dir='ltr'><strong>remissionis</strong></span> <span class='ocrx_word' id='word_1_506' title='bbox 2350 3230 2663 3300; x_wconf 80' lang='lat' dir='ltr'><strong>attingenda</strong></span> <span class='ocrx_word' id='word_1_507' title='bbox 2702 3247 2808 3286; x_wconf 92' lang='lat' dir='ltr'><strong>non</strong></span> <span class='ocrx_word' id='word_1_508' title='bbox 2854 3233 3024 3288; x_wconf 91' lang='lat' dir='ltr'><strong>solum</strong></span> <span class='ocrx_word' id='word_1_509' title='bbox 3053 3237 3232 3290; x_wconf 89' lang='lat' dir='ltr'><strong>anima</strong></span> <span class='ocrx_word' id='word_1_510' title='bbox 3264 3239 3413 3292; x_wconf 83' lang='lat' dir='ltr'><strong>dabit</strong></span> 
     </span>
    </p>
   </div>
   <div class='ocr_carea' id='block_1_64' title="bbox 167 3299 1723 3370">
    <p class='ocr_par' dir='ltr' id='par_1_64' title="bbox 167 3299 1723 3370">
     <span class='ocr_line' id='line_1_64' title="bbox 167 3299 1723 3370; baseline 0.005 -21"><span class='ocrx_word' id='word_1_511' title='bbox 167 3299 224 3350; x_wconf 86' lang='lat' dir='ltr'><strong>ad</strong></span> <span class='ocrx_word' id='word_1_512' title='bbox 257 3299 540 3354; x_wconf 75' lang='lat' dir='ltr'><strong>utilitatem</strong></span> <span class='ocrx_word' id='word_1_513' title='bbox 585 3299 706 3353; x_wconf 85' lang='lat' dir='ltr'><strong>ﬁdei</strong></span> <span class='ocrx_word' id='word_1_514' title='bbox 749 3301 990 3370; x_wconf 90' lang='lat' dir='ltr'><strong>gentium</strong></span> <span class='ocrx_word' id='word_1_515' title='bbox 1023 3302 1347 3355; x_wconf 75' lang='lat' dir='ltr'><strong>determinet</strong></span> <span class='ocrx_word' id='word_1_516' title='bbox 1377 3318 1390 3355; x_wconf 93' lang='lat'><strong>:</strong></span> <span class='ocrx_word' id='word_1_517' title='bbox 1422 3301 1558 3368; x_wconf 83' lang='lat' dir='ltr'><strong>Quia</strong></span> <span class='ocrx_word' id='word_1_518' title='bbox 1615 3319 1723 3357; x_wconf 73' lang='lat' dir='ltr'><strong>non</strong></span> 
     </span>
    </p>
   </div>
   <div class='ocr_carea' id='block_1_65' title="bbox 166 3393 1724 3465">
    <p class='ocr_par' dir='ltr' id='par_1_65' title="bbox 166 3393 1724 3465">
     <span class='ocr_line' id='line_1_65' title="bbox 166 3393 1724 3465; baseline 0.002 -18"><span class='ocrx_word' id='word_1_519' title='bbox 166 3393 271 3447; x_wconf 64' lang='lat' dir='ltr'><strong>idus</strong></span> <span class='ocrx_word' id='word_1_520' title='bbox 303 3394 443 3449; x_wconf 91' lang='lat' dir='ltr'><strong>solos</strong></span> <span class='ocrx_word' id='word_1_521' title='bbox 494 3394 636 3448; x_wconf 92' lang='lat' dir='ltr'><strong>inter</strong></span> <span class='ocrx_word' id='word_1_522' title='bbox 693 3409 829 3463; x_wconf 89' lang='lat' dir='ltr'><strong>quos</strong></span> <span class='ocrx_word' id='word_1_523' title='bbox 875 3396 1320 3460; x_wconf 86' lang='lat' dir='ltr'><strong>conversabitur,</strong></span> <span class='ocrx_word' id='word_1_524' title='bbox 1376 3396 1724 3465; x_wconf 85' lang='lat' dir='ltr'><strong>gloriticabit,</strong></span> 
     </span>
    </p>
   </div>
   <div class='ocr_carea' id='block_1_66' title="bbox 165 3484 1723 3556">
    <p class='ocr_par' dir='ltr' id='par_1_66' title="bbox 165 3484 1723 3556">
     <span class='ocr_line' id='line_1_66' title="bbox 165 3484 1723 3556; baseline 0.002 -17"><span class='ocrx_word' id='word_1_525' title='bbox 165 3486 245 3540; x_wconf 88' lang='lat' dir='ltr'><strong>sed</strong></span> <span class='ocrx_word' id='word_1_526' title='bbox 272 3499 456 3540; x_wconf 89' lang='lat' dir='ltr'><strong>omnes</strong></span> <span class='ocrx_word' id='word_1_527' title='bbox 489 3484 577 3554; x_wconf 89' lang='lat' dir='ltr'><strong>qui</strong></span> <span class='ocrx_word' id='word_1_528' title='bbox 603 3499 725 3537; x_wconf 89' lang='lat' dir='ltr'><strong>eum</strong></span> <span class='ocrx_word' id='word_1_529' title='bbox 757 3484 1057 3538; x_wconf 88' lang='lat' dir='ltr'><strong>adorabunt</strong></span> <span class='ocrx_word' id='word_1_530' title='bbox 1085 3493 1137 3538; x_wconf 92' lang='lat' dir='ltr'><strong>et</strong></span> <span class='ocrx_word' id='word_1_531' title='bbox 1164 3487 1404 3549; x_wconf 86' lang='lat' dir='ltr'><strong>credent,</strong></span> <span class='ocrx_word' id='word_1_532' title='bbox 1433 3487 1554 3540; x_wconf 92' lang='lat' dir='ltr'><strong>dico</strong></span> <span class='ocrx_word' id='word_1_533' title='bbox 1579 3487 1723 3556; x_wconf 84' lang='lat' dir='ltr'><strong>quod</strong></span> 
     </span>
    </p>
   </div>
   <div class='ocr_carea' id='block_1_67' title="bbox 166 3573 1724 3646">
    <p class='ocr_par' dir='ltr' id='par_1_67' title="bbox 166 3573 1724 3646">
     <span class='ocr_line' id='line_1_67' title="bbox 166 3573 1724 3646; baseline 0.004 -20"><span class='ocrx_word' id='word_1_534' title='bbox 166 3591 252 3644; x_wconf 78' lang='lat' dir='ltr'><strong>pax</strong></span> <span class='ocrx_word' id='word_1_535' title='bbox 279 3577 390 3646; x_wconf 86' lang='lat' dir='ltr'><strong>ejus</strong></span> <span class='ocrx_word' id='word_1_536' title='bbox 422 3575 602 3630; x_wconf 89' lang='lat' dir='ltr'><strong>veniet</strong></span> <span class='ocrx_word' id='word_1_537' title='bbox 637 3584 691 3628; x_wconf 91' lang='lat' dir='ltr'><strong>et</strong></span> <span class='ocrx_word' id='word_1_538' title='bbox 717 3573 774 3628; x_wconf 91' lang='lat' dir='ltr'><strong>in</strong></span> <span class='ocrx_word' id='word_1_539' title='bbox 807 3584 1026 3630; x_wconf 87' lang='lat' dir='ltr'><strong>sanctos</strong></span> <span class='ocrx_word' id='word_1_540' title='bbox 1073 3590 1137 3629; x_wconf 83' lang='lat' dir='ltr'><strong>ex</strong></span> <span class='ocrx_word' id='word_1_541' title='bbox 1189 3574 1410 3644; x_wconf 69' lang='lat' dir='ltr'><strong>iudicis,</strong></span> <span class='ocrx_word' id='word_1_542' title='bbox 1463 3587 1518 3632; x_wconf 89' lang='lat' dir='ltr'><strong>et</strong></span> <span class='ocrx_word' id='word_1_543' title='bbox 1555 3579 1608 3632; x_wconf 87' lang='lat' dir='ltr'><strong>in</strong></span> <span class='ocrx_word' id='word_1_544' title='bbox 1639 3596 1724 3634; x_wconf 87' lang='lat' dir='ltr'><strong>eos</strong></span> 
     </span>
    </p>
   </div>
   <div class='ocr_carea' id='block_1_68' title="bbox 165 3663 960 3732">
    <p class='ocr_par' dir='ltr' id='par_1_68' title="bbox 165 3663 960 3732">
     <span class='ocr_line' id='line_1_68' title="bbox 165 3663 960 3732; baseline 0.001 -17"><span class='ocrx_word' id='word_1_545' title='bbox 165 3665 240 3732; x_wconf 85' lang='lat' dir='ltr'><strong>qui</strong></span> <span class='ocrx_word' id='word_1_546' title='bbox 269 3673 626 3718; x_wconf 83' lang='lat' dir='ltr'><strong>convertentur</strong></span> <span class='ocrx_word' id='word_1_547' title='bbox 659 3663 728 3716; x_wconf 87' lang='lat' dir='ltr'><strong>ad</strong></span> <span class='ocrx_word' id='word_1_548' title='bbox 757 3680 866 3717; x_wconf 88' lang='lat' dir='ltr'><strong>cor.</strong></span> <span class='ocrx_word' id='word_1_549' title='bbox 955 3719 960 3724; x_wconf 95' lang='lat'><em>_</em></span> 
     </span>
    </p>
   </div>
   <div class='ocr_carea' id='block_1_69' title="bbox 227 3751 1726 3826">
    <p class='ocr_par' dir='ltr' id='par_1_69' title="bbox 227 3751 1726 3826">
     <span class='ocr_line' id='line_1_69' title="bbox 227 3751 1726 3826; baseline 0.004 -21"><span class='ocrx_word' id='word_1_550' title='bbox 227 3751 620 3818; x_wconf 83' lang='lat' dir='ltr'><strong>Verumtamen,</strong></span> <span class='ocrx_word' id='word_1_551' title='bbox 647 3755 894 3822; x_wconf 84' lang='lat' dir='ltr'><strong>quamvis</strong></span> <span class='ocrx_word' id='word_1_552' title='bbox 922 3764 975 3809; x_wconf 87' lang='lat' dir='ltr'><strong>et</strong></span> <span class='ocrx_word' id='word_1_553' title='bbox 1000 3753 1202 3810; x_wconf 71' lang='lat' dir='ltr'><strong>Iudaeis</strong></span> <span class='ocrx_word' id='word_1_554' title='bbox 1243 3756 1446 3810; x_wconf 90' lang='lat' dir='ltr'><strong>sanctis</strong></span> <span class='ocrx_word' id='word_1_555' title='bbox 1474 3764 1528 3811; x_wconf 92' lang='lat' dir='ltr'><strong>et</strong></span> <span class='ocrx_word' id='word_1_556' title='bbox 1551 3759 1726 3826; x_wconf 84' lang='lat' dir='ltr'><strong>genti-</strong></span> 
     </span>
    </p>
   </div>
   <div class='ocr_carea' id='block_1_70' title="bbox 163 3842 1721 3914">
    <p class='ocr_par' dir='ltr' id='par_1_70' title="bbox 163 3842 1721 3914">
     <span class='ocr_line' id='line_1_70' title="bbox 163 3842 1721 3914; baseline 0.003 -19"><span class='ocrx_word' id='word_1_557' title='bbox 163 3842 250 3897; x_wconf 86' lang='lat' dir='ltr'><strong>bus</strong></span> <span class='ocrx_word' id='word_1_558' title='bbox 277 3845 650 3898; x_wconf 89' lang='lat' dir='ltr'><strong>convertendis</strong></span> <span class='ocrx_word' id='word_1_559' title='bbox 673 3844 738 3896; x_wconf 89' lang='lat' dir='ltr'><strong>ad</strong></span> <span class='ocrx_word' id='word_1_560' title='bbox 763 3859 858 3898; x_wconf 90' lang='lat' dir='ltr'><strong>cor</strong></span> <span class='ocrx_word' id='word_1_561' title='bbox 889 3845 957 3898; x_wconf 88' lang='lat' dir='ltr'><strong>sit</strong></span> <span class='ocrx_word' id='word_1_562' title='bbox 986 3860 1171 3914; x_wconf 85' lang='lat' dir='ltr'><strong>pacem</strong></span> <span class='ocrx_word' id='word_1_563' title='bbox 1202 3846 1448 3910; x_wconf 90' lang='lat' dir='ltr'><strong>daturus,</strong></span> <span class='ocrx_word' id='word_1_564' title='bbox 1466 3848 1721 3913; x_wconf 86' lang='lat' dir='ltr'><strong>salutare,</strong></span> 
     </span>
    </p>
   </div>
   <div class='ocr_carea' id='block_1_71' title="bbox 164 3933 1721 4006">
    <p class='ocr_par' dir='ltr' id='par_1_71' title="bbox 164 3933 1721 4006">
     <span class='ocr_line' id='line_1_71' title="bbox 164 3933 1721 4006; baseline 0.003 -20"><span class='ocrx_word' id='word_1_565' title='bbox 164 3933 209 3986; x_wconf 91' lang='lat' dir='ltr'><strong>id</strong></span> <span class='ocrx_word' id='word_1_566' title='bbox 232 3945 309 3988; x_wconf 88' lang='lat' dir='ltr'><strong>est</strong></span> <span class='ocrx_word' id='word_1_567' title='bbox 333 3935 579 3990; x_wconf 89' lang='lat' dir='ltr'><strong>Salvator</strong></span> <span class='ocrx_word' id='word_1_568' title='bbox 595 3935 708 4003; x_wconf 84' lang='lat' dir='ltr'><strong>ejus</strong></span> <span class='ocrx_word' id='word_1_569' title='bbox 725 3935 912 3999; x_wconf 87' lang='lat' dir='ltr'><strong>Filius,</strong></span> <span class='ocrx_word' id='word_1_570' title='bbox 939 3937 1142 3990; x_wconf 88' lang='lat' dir='ltr'><strong>scilicet</strong></span> <span class='ocrx_word' id='word_1_571' title='bbox 1165 3953 1260 4006; x_wconf 90' lang='lat' dir='ltr'><strong>per</strong></span> <span class='ocrx_word' id='word_1_572' title='bbox 1285 3952 1442 4006; x_wconf 90' lang='lat' dir='ltr'><strong>quem</strong></span> <span class='ocrx_word' id='word_1_573' title='bbox 1465 3939 1721 3992; x_wconf 90' lang='lat' dir='ltr'><strong>mundum</strong></span> 
     </span>
    </p>
   </div>
   <div class='ocr_carea' id='block_1_72' title="bbox 161 4025 1721 4098">
    <p class='ocr_par' dir='ltr' id='par_1_72' title="bbox 161 4025 1721 4098">
     <span class='ocr_line' id='line_1_72' title="bbox 161 4025 1721 4098; baseline 0.003 -21"><span class='ocrx_word' id='word_1_574' title='bbox 161 4025 392 4091; x_wconf 78' lang='lat' dir='ltr'><strong>saltabit,</strong></span> <span class='ocrx_word' id='word_1_575' title='bbox 419 4029 830 4082; x_wconf 84' lang='lat' dir='ltr'><strong>conversabitur</strong></span> <span class='ocrx_word' id='word_1_576' title='bbox 858 4029 1122 4098; x_wconf 84' lang='lat' dir='ltr'><strong>corporali</strong></span> <span class='ocrx_word' id='word_1_577' title='bbox 1142 4030 1422 4098; x_wconf 66' lang='lat' dir='ltr'><strong>prie-entia</strong></span> <span class='ocrx_word' id='word_1_578' title='bbox 1452 4045 1557 4083; x_wconf 91' lang='lat' dir='ltr'><strong>non</strong></span> <span class='ocrx_word' id='word_1_579' title='bbox 1581 4029 1721 4098; x_wconf 90' lang='lat' dir='ltr'><strong>apud</strong></span> 
     </span>
    </p>
   </div>
   <div class='ocr_carea' id='block_1_73' title="bbox 161 4120 1721 4190">
    <p class='ocr_par' dir='ltr' id='par_1_73' title="bbox 161 4120 1721 4190">
     <span class='ocr_line' id='line_1_73' title="bbox 161 4120 1721 4190; baseline 0.006 -22"><span class='ocrx_word' id='word_1_580' title='bbox 161 4127 349 4183; x_wconf 82' lang='lat' dir='ltr'><strong>gentes,</strong></span> <span class='ocrx_word' id='word_1_581' title='bbox 381 4120 472 4172; x_wconf 85' lang='lat' dir='ltr'><strong>sed</strong></span> <span class='ocrx_word' id='word_1_582' title='bbox 511 4135 692 4189; x_wconf 81' lang='lat' dir='ltr'><strong>prope,</strong></span> <span class='ocrx_word' id='word_1_583' title='bbox 722 4121 772 4174; x_wconf 93' lang='lat' dir='ltr'><strong>id</strong></span> <span class='ocrx_word' id='word_1_584' title='bbox 797 4128 880 4174; x_wconf 88' lang='lat' dir='ltr'><strong>est</strong></span> <span class='ocrx_word' id='word_1_585' title='bbox 909 4123 1047 4190; x_wconf 88' lang='lat' dir='ltr'><strong>apud</strong></span> <span class='ocrx_word' id='word_1_586' title='bbox 1077 4123 1316 4175; x_wconf 86' lang='lat' dir='ltr'><strong>timentes</strong></span> <span class='ocrx_word' id='word_1_587' title='bbox 1345 4140 1487 4188; x_wconf 88' lang='lat' dir='ltr'><strong>eum,</strong></span> <span class='ocrx_word' id='word_1_588' title='bbox 1513 4125 1721 4178; x_wconf 87' lang='lat' dir='ltr'><strong>scilicet</strong></span> 
     </span>
    </p>
   </div>
   <div class='ocr_carea' id='block_1_74' title="bbox 161 4207 1718 4282">
    <p class='ocr_par' dir='ltr' id='par_1_74' title="bbox 161 4207 1718 4282">
     <span class='ocr_line' id='line_1_74' title="bbox 161 4207 1718 4282; baseline 0.009 -26"><span class='ocrx_word' id='word_1_589' title='bbox 161 4209 284 4276; x_wconf 87' lang='lat' dir='ltr'><strong>apud</strong></span> <span class='ocrx_word' id='word_1_590' title='bbox 311 4207 547 4273; x_wconf 69' lang='lat' dir='ltr'><strong>iudices,</strong></span> <span class='ocrx_word' id='word_1_591' title='bbox 593 4211 684 4280; x_wconf 89' lang='lat' dir='ltr'><strong>qui</strong></span> <span class='ocrx_word' id='word_1_592' title='bbox 727 4209 839 4277; x_wconf 89' lang='lat' dir='ltr'><strong>jam</strong></span> <span class='ocrx_word' id='word_1_593' title='bbox 866 4226 895 4264; x_wconf 88' lang='lat' dir='ltr'><strong>a</strong></span> <span class='ocrx_word' id='word_1_594' title='bbox 925 4220 1163 4282; x_wconf 90' lang='lat' dir='ltr'><strong>tempore</strong></span> <span class='ocrx_word' id='word_1_595' title='bbox 1209 4214 1440 4268; x_wconf 68' lang='lat' dir='ltr'><strong>Abrahae</strong></span> <span class='ocrx_word' id='word_1_596' title='bbox 1474 4216 1718 4271; x_wconf 88' lang='lat' dir='ltr'><strong>notitiam</strong></span> 
     </span>
    </p>
   </div>
   <div class='ocr_carea' id='block_1_75' title="bbox 159 4298 1719 4368">
    <p class='ocr_par' dir='ltr' id='par_1_75' title="bbox 159 4298 1719 4368">
     <span class='ocr_line' id='line_1_75' title="bbox 159 4298 1719 4368; baseline 0.008 -18"><span class='ocrx_word' id='word_1_597' title='bbox 159 4298 261 4366; x_wconf 87' lang='lat' dir='ltr'><strong>ejus</strong></span> <span class='ocrx_word' id='word_1_598' title='bbox 282 4302 477 4356; x_wconf 90' lang='lat' dir='ltr'><strong>habent</strong></span> <span class='ocrx_word' id='word_1_599' title='bbox 501 4313 553 4357; x_wconf 91' lang='lat' dir='ltr'><strong>et</strong></span> <span class='ocrx_word' id='word_1_600' title='bbox 584 4303 861 4368; x_wconf 87' lang='lat' dir='ltr'><strong>timorem;</strong></span> <span class='ocrx_word' id='word_1_601' title='bbox 894 4315 946 4359; x_wconf 83' lang='lat' dir='ltr'><strong>et</strong></span> <span class='ocrx_word' id='word_1_602' title='bbox 993 4305 1074 4359; x_wconf 90' lang='lat' dir='ltr'><strong>sic</strong></span> <span class='ocrx_word' id='word_1_603' title='bbox 1103 4315 1279 4360; x_wconf 86' lang='lat' dir='ltr'><strong>tamen</strong></span> <span class='ocrx_word' id='word_1_604' title='bbox 1333 4316 1391 4359; x_wconf 92' lang='lat' dir='ltr'><strong>ut</strong></span> <span class='ocrx_word' id='word_1_605' title='bbox 1438 4323 1542 4361; x_wconf 92' lang='lat' dir='ltr'><strong>non</strong></span> <span class='ocrx_word' id='word_1_606' title='bbox 1600 4309 1719 4364; x_wconf 88' lang='lat' dir='ltr'><strong>illos</strong></span> 
     </span>
    </p>
   </div>
   <div class='ocr_carea' id='block_1_76' title="bbox 159 4392 1717 4466">
    <p class='ocr_par' dir='ltr' id='par_1_76' title="bbox 159 4392 1717 4466">
     <span class='ocr_line' id='line_1_76' title="bbox 159 4392 1717 4466; baseline 0.008 -23"><span class='ocrx_word' id='word_1_607' title='bbox 159 4392 287 4446; x_wconf 84' lang='lat' dir='ltr'><strong>solos</strong></span> <span class='ocrx_word' id='word_1_608' title='bbox 308 4394 570 4462; x_wconf 84' lang='lat' dir='ltr'><strong>gloriosos</strong></span> <span class='ocrx_word' id='word_1_609' title='bbox 603 4393 764 4448; x_wconf 81' lang='lat' dir='ltr'><strong>iaciat</strong></span> <span class='ocrx_word' id='word_1_610' title='bbox 789 4397 929 4450; x_wconf 90' lang='lat' dir='ltr'><strong>inter</strong></span> <span class='ocrx_word' id='word_1_611' title='bbox 980 4411 1115 4465; x_wconf 86' lang='lat' dir='ltr'><strong>quos</strong></span> <span class='ocrx_word' id='word_1_612' title='bbox 1163 4401 1594 4466; x_wconf 88' lang='lat' dir='ltr'><strong>c0nvcrsabitur,</strong></span> <span class='ocrx_word' id='word_1_613' title='bbox 1624 4402 1717 4456; x_wconf 90' lang='lat' dir='ltr'><strong>sed</strong></span> 
     </span>
    </p>
   </div>
   <div class='ocr_carea' id='block_1_77' title="bbox 161 4483 1716 4563">
    <p class='ocr_par' dir='ltr' id='par_1_77' title="bbox 161 4483 1716 4563">
     <span class='ocr_line' id='line_1_77' title="bbox 161 4483 1716 4563; baseline 0.007 -27"><span class='ocrx_word' id='word_1_614' title='bbox 161 4483 224 4536; x_wconf 87' lang='lat' dir='ltr'><strong>ita</strong></span> <span class='ocrx_word' id='word_1_615' title='bbox 254 4498 310 4540; x_wconf 91' lang='lat' dir='ltr'><strong>ut</strong></span> <span class='ocrx_word' id='word_1_616' title='bbox 351 4501 448 4556; x_wconf 89' lang='lat' dir='ltr'><strong>per</strong></span> <span class='ocrx_word' id='word_1_617' title='bbox 467 4485 582 4554; x_wconf 85' lang='lat' dir='ltr'><strong>ejus</strong></span> <span class='ocrx_word' id='word_1_618' title='bbox 603 4489 832 4558; x_wconf 90' lang='lat' dir='ltr'><strong>gratiam</strong></span> <span class='ocrx_word' id='word_1_619' title='bbox 890 4488 1155 4544; x_wconf 85' lang='lat' dir='ltr'><strong>inhabitet</strong></span> <span class='ocrx_word' id='word_1_620' title='bbox 1207 4491 1259 4544; x_wconf 95' lang='lat' dir='ltr'><strong>in</strong></span> <span class='ocrx_word' id='word_1_621' title='bbox 1319 4491 1500 4546; x_wconf 77' lang='lat' dir='ltr'><strong>futuro</strong></span> <span class='ocrx_word' id='word_1_622' title='bbox 1547 4493 1716 4563; x_wconf 83' lang='lat' dir='ltr'><strong>gloria</strong></span> 
     </span>
    </p>
   </div>
   <div class='ocr_carea' id='block_1_78' title="bbox 161 4575 1716 4648">
    <p class='ocr_par' dir='ltr' id='par_1_78' title="bbox 161 4575 1716 4648">
     <span class='ocr_line' id='line_1_78' title="bbox 161 4575 1716 4648; baseline 0.008 -21"><span class='ocrx_word' id='word_1_623' title='bbox 161 4575 562 4632; x_wconf 88' lang='lat' dir='ltr'><strong>immortalitatis</strong></span> <span class='ocrx_word' id='word_1_624' title='bbox 579 4588 635 4633; x_wconf 87' lang='lat' dir='ltr'><strong>et</strong></span> <span class='ocrx_word' id='word_1_625' title='bbox 673 4579 1152 4648; x_wconf 73' lang='lat' dir='ltr'><strong>in&#39;tpassibilitatis,</strong></span> <span class='ocrx_word' id='word_1_626' title='bbox 1188 4599 1292 4636; x_wconf 90' lang='lat' dir='ltr'><strong>non</strong></span> <span class='ocrx_word' id='word_1_627' title='bbox 1321 4583 1492 4637; x_wconf 89' lang='lat' dir='ltr'><strong>solum</strong></span> <span class='ocrx_word' id='word_1_628' title='bbox 1518 4587 1568 4638; x_wconf 92' lang='lat' dir='ltr'><strong>in</strong></span> <span class='ocrx_word' id='word_1_629' title='bbox 1596 4587 1716 4639; x_wconf 87' lang='lat' dir='ltr'><strong>aui-</strong></span> 
     </span>
    </p>
   </div>
   <div class='ocr_carea' id='block_1_79' title="bbox 158 4671 1718 4736">
    <p class='ocr_par' dir='ltr' id='par_1_79' title="bbox 158 4671 1718 4736">
     <span class='ocr_line' id='line_1_79' title="bbox 158 4671 1718 4736; baseline 0.009 -19"><span class='ocrx_word' id='word_1_630' title='bbox 158 4681 233 4718; x_wconf 85' lang='lat' dir='ltr'><strong>ma</strong></span> <span class='ocrx_word' id='word_1_631' title='bbox 261 4671 586 4733; x_wconf 81' lang='lat' dir='ltr'><strong>nostra,&quot;sed</strong></span> <span class='ocrx_word' id='word_1_632' title='bbox 611 4681 666 4722; x_wconf 90' lang='lat' dir='ltr'><strong>et</strong></span> <span class='ocrx_word' id='word_1_633' title='bbox 696 4672 748 4723; x_wconf 92' lang='lat' dir='ltr'><strong>in</strong></span> <span class='ocrx_word' id='word_1_634' title='bbox 783 4679 928 4725; x_wconf 87' lang='lat' dir='ltr'><strong>terra</strong></span> <span class='ocrx_word' id='word_1_635' title='bbox 954 4681 1160 4736; x_wconf 87' lang='lat' dir='ltr'><strong>nostra,</strong></span> <span class='ocrx_word' id='word_1_636' title='bbox 1213 4673 1264 4726; x_wconf 91' lang='lat' dir='ltr'><strong>id</strong></span> <span class='ocrx_word' id='word_1_637' title='bbox 1315 4685 1396 4728; x_wconf 87' lang='lat' dir='ltr'><strong>est</strong></span> <span class='ocrx_word' id='word_1_638' title='bbox 1448 4675 1502 4728; x_wconf 88' lang='lat' dir='ltr'><strong>in</strong></span> <span class='ocrx_word' id='word_1_639' title='bbox 1555 4691 1718 4731; x_wconf 86' lang='lat' dir='ltr'><strong>carne</strong></span> 
     </span>
    </p>
   </div>
   <div class='ocr_carea' id='block_1_80' title="bbox 141 4760 1716 4844">
    <p class='ocr_par' dir='ltr' id='par_1_80' title="bbox 141 4760 1716 4844">
     <span class='ocr_line' id='line_1_80' title="bbox 141 4760 1716 4844; baseline 0.011 -38"><span class='ocrx_word' id='word_1_640' title='bbox 141 4764 504 4838; x_wconf 31' lang='grc' dir='ltr'>ἰιοξιι-ειτιιιιιεε</span> <span class='ocrx_word' id='word_1_641' title='bbox 525 4760 685 4814; x_wconf 88' lang='lat' dir='ltr'><strong>modo</strong></span> <span class='ocrx_word' id='word_1_642' title='bbox 712 4769 927 4814; x_wconf 88' lang='lat' dir='ltr'><strong>terrena</strong></span> <span class='ocrx_word' id='word_1_643' title='bbox 958 4772 1058 4815; x_wconf 91' lang='lat' dir='ltr'><strong>est.</strong></span> <span class='ocrx_word' id='word_1_644' title='bbox 1114 4761 1205 4816; x_wconf 89' lang='lat' dir='ltr'><strong>Vel</strong></span> <span class='ocrx_word' id='word_1_645' title='bbox 1257 4772 1434 4832; x_wconf 88' lang='lat' dir='ltr'><strong>potest</strong></span> <span class='ocrx_word' id='word_1_646' title='bbox 1466 4767 1716 4844; x_wconf 86' lang='lat' dir='ltr'><strong>superius</strong></span> 
     </span>
    </p>
   </div>
   <div class='ocr_carea' id='block_1_81' title="bbox 153 4843 1712 4929">
    <p class='ocr_par' dir='ltr' id='par_1_81' title="bbox 153 4843 1712 4929">
     <span class='ocr_line' id='line_1_81' title="bbox 153 4843 1712 4929; baseline 0.01 -32"><span class='ocrx_word' id='word_1_647' title='bbox 153 4843 310 4917; x_wconf 77' lang='lat' dir='ltr'><strong>iungi,</strong></span> <span class='ocrx_word' id='word_1_648' title='bbox 340 4850 428 4903; x_wconf 90' lang='lat' dir='ltr'><strong>ubi</strong></span> <span class='ocrx_word' id='word_1_649' title='bbox 445 4851 579 4904; x_wconf 61' lang='lat' dir='ltr'><strong>dixit</strong></span> <span class='ocrx_word' id='word_1_650' title='bbox 606 4868 619 4903; x_wconf 92' lang='lat'><strong>:</strong></span> <span class='ocrx_word' id='word_1_651' title='bbox 657 4850 918 4921; x_wconf 83' lang='lat' dir='ltr'><strong>Loquetur</strong></span> <span class='ocrx_word' id='word_1_652' title='bbox 936 4870 1115 4923; x_wconf 81' lang='lat' dir='ltr'><strong>pacem</strong></span> <span class='ocrx_word' id='word_1_653' title='bbox 1141 4867 1421 4909; x_wconf 88' lang='lat' dir='ltr'><strong>venturam</strong></span> <span class='ocrx_word' id='word_1_654' title='bbox 1443 4858 1497 4909; x_wconf 82' lang='lat' dir='ltr'><strong>in</strong></span> <span class='ocrx_word' id='word_1_655' title='bbox 1516 4858 1712 4929; x_wconf 79' lang='lat' dir='ltr'><strong>plebem</strong></span> 
     </span>
    </p>
   </div>
   <div class='ocr_carea' id='block_1_82' title="bbox 154 4942 1713 5016">
    <p class='ocr_par' dir='ltr' id='par_1_82' title="bbox 154 4942 1713 5016">
     <span class='ocr_line' id='line_1_82' title="bbox 154 4942 1713 5016; baseline 0.01 -27"><span class='ocrx_word' id='word_1_656' title='bbox 154 4954 312 5016; x_wconf 79' lang='lat' dir='ltr'><strong>suam,</strong></span> <span class='ocrx_word' id='word_1_657' title='bbox 340 4942 466 5009; x_wconf 85' lang='lat' dir='ltr'><strong>quia</strong></span> <span class='ocrx_word' id='word_1_658' title='bbox 492 4942 702 4998; x_wconf 85' lang='lat' dir='ltr'><strong>illi-duo</strong></span> <span class='ocrx_word' id='word_1_659' title='bbox 738 4959 928 4999; x_wconf 87' lang='lat' dir='ltr'><strong>versus</strong></span> <span class='ocrx_word' id='word_1_660' title='bbox 958 4946 1259 5016; x_wconf 87' lang='lat' dir='ltr'><strong>interpositi</strong></span> <span class='ocrx_word' id='word_1_661' title='bbox 1311 4947 1546 5002; x_wconf 79' lang='lat' dir='ltr'><strong>fuerunt.</strong></span> <span class='ocrx_word' id='word_1_662' title='bbox 1582 4949 1713 5005; x_wconf 89' lang='lat' dir='ltr'><strong>Dico</strong></span> 
     </span>
    </p>
   </div>
   <div class='ocr_carea' id='block_1_83' title="bbox 154 5033 1712 5111">
    <p class='ocr_par' dir='ltr' id='par_1_83' title="bbox 154 5033 1712 5111">
     <span class='ocr_line' id='line_1_83' title="bbox 154 5033 1712 5111; baseline 0.01 -29"><span class='ocrx_word' id='word_1_663' title='bbox 154 5033 282 5098; x_wconf 89' lang='lat' dir='ltr'><strong>quod</strong></span> <span class='ocrx_word' id='word_1_664' title='bbox 311 5047 414 5102; x_wconf 79' lang='lat' dir='ltr'><strong>pax</strong></span> <span class='ocrx_word' id='word_1_665' title='bbox 441 5035 542 5090; x_wconf 88' lang='lat' dir='ltr'><strong>erit</strong></span> <span class='ocrx_word' id='word_1_666' title='bbox 574 5036 624 5090; x_wconf 94' lang='lat' dir='ltr'><strong>in</strong></span> <span class='ocrx_word' id='word_1_667' title='bbox 655 5036 808 5106; x_wconf 87' lang='lat' dir='ltr'><strong>plebe</strong></span> <span class='ocrx_word' id='word_1_668' title='bbox 836 5036 972 5104; x_wconf 86' lang='lat' dir='ltr'><strong>ejus,</strong></span> <span class='ocrx_word' id='word_1_669' title='bbox 1023 5049 1078 5092; x_wconf 89' lang='lat' dir='ltr'><strong>et</strong></span> <span class='ocrx_word' id='word_1_670' title='bbox 1125 5055 1232 5094; x_wconf 89' lang='lat' dir='ltr'><strong>non</strong></span> <span class='ocrx_word' id='word_1_671' title='bbox 1288 5040 1399 5094; x_wconf 87' lang='lat' dir='ltr'><strong>sola</strong></span> <span class='ocrx_word' id='word_1_672' title='bbox 1433 5057 1556 5111; x_wconf 83' lang='lat' dir='ltr'><strong>pax,</strong></span> <span class='ocrx_word' id='word_1_673' title='bbox 1615 5043 1712 5098; x_wconf 91' lang='lat' dir='ltr'><strong>sed</strong></span> 
     </span>
    </p>
   </div>
   <div class='ocr_carea' id='block_1_84' title="bbox 154 5123 1710 5202">
    <p class='ocr_par' dir='ltr' id='par_1_84' title="bbox 154 5123 1710 5202">
     <span class='ocr_line' id='line_1_84' title="bbox 154 5123 1710 5202; baseline 0.01 -29"><span class='ocrx_word' id='word_1_674' title='bbox 154 5123 223 5177; x_wconf 87' lang='lat' dir='ltr'><strong>sic</strong></span> <span class='ocrx_word' id='word_1_675' title='bbox 247 5127 346 5178; x_wconf 84' lang='lat' dir='ltr'><strong>erit</strong></span> <span class='ocrx_word' id='word_1_676' title='bbox 369 5128 422 5179; x_wconf 87' lang='lat' dir='ltr'><strong>in</strong></span> <span class='ocrx_word' id='word_1_677' title='bbox 455 5129 626 5192; x_wconf 82' lang='lat' dir='ltr'><strong>nobis,</strong></span> <span class='ocrx_word' id='word_1_678' title='bbox 658 5130 748 5196; x_wconf 88' lang='lat' dir='ltr'><strong>qui</strong></span> <span class='ocrx_word' id='word_1_679' title='bbox 776 5129 924 5198; x_wconf 86' lang='lat' dir='ltr'><strong>plebs</strong></span> <span class='ocrx_word' id='word_1_680' title='bbox 949 5129 1064 5197; x_wconf 89' lang='lat' dir='ltr'><strong>ejus</strong></span> <span class='ocrx_word' id='word_1_681' title='bbox 1091 5146 1297 5196; x_wconf 87' lang='lat' dir='ltr'><strong>sumus,</strong></span> <span class='ocrx_word' id='word_1_682' title='bbox 1342 5148 1469 5202; x_wconf 81' lang='lat' dir='ltr'><strong>pax,</strong></span> <span class='ocrx_word' id='word_1_683' title='bbox 1493 5144 1550 5187; x_wconf 86' lang='lat' dir='ltr'><strong>ut</strong></span> <span class='ocrx_word' id='word_1_684' title='bbox 1588 5150 1710 5190; x_wconf 82' lang='lat' dir='ltr'><strong>cum</strong></span> 
     </span>
    </p>
   </div>
   <div class='ocr_carea' id='block_1_85' title="bbox 154 5217 1710 5294">
    <p class='ocr_par' dir='ltr' id='par_1_85' title="bbox 154 5217 1710 5294">
     <span class='ocr_line' id='line_1_85' title="bbox 154 5217 1710 5294; baseline 0.01 -28"><span class='ocrx_word' id='word_1_685' title='bbox 154 5228 274 5282; x_wconf 81' lang='lat' dir='ltr'><strong>pace</strong></span> <span class='ocrx_word' id='word_1_686' title='bbox 298 5217 543 5272; x_wconf 76' lang='lat' dir='ltr'><strong>inhabitet</strong></span> <span class='ocrx_word' id='word_1_687' title='bbox 583 5220 749 5288; x_wconf 84' lang='lat' dir='ltr'><strong>gloria</strong></span> <span class='ocrx_word' id='word_1_688' title='bbox 773 5225 828 5274; x_wconf 84' lang='lat' dir='ltr'><strong>in</strong></span> <span class='ocrx_word' id='word_1_689' title='bbox 863 5231 1003 5274; x_wconf 88' lang='lat' dir='ltr'><strong>terra</strong></span> <span class='ocrx_word' id='word_1_690' title='bbox 1039 5234 1242 5278; x_wconf 86' lang='lat' dir='ltr'><strong>nostra.</strong></span> <span class='ocrx_word' id='word_1_691' title='bbox 1279 5224 1557 5294; x_wconf 74' lang='lat' dir='ltr'><strong>Expositio</strong></span> <span class='ocrx_word' id='word_1_692' title='bbox 1603 5241 1710 5282; x_wconf 86' lang='lat' dir='ltr'><strong>non</strong></span> 
     </span>
    </p>
   </div>
   <div class='ocr_carea' id='block_1_86' title="bbox 154 5307 1708 5382">
    <p class='ocr_par' dir='ltr' id='par_1_86' title="bbox 154 5307 1708 5382">
     <span class='ocr_line' id='line_1_86' title="bbox 154 5307 1708 5382; baseline 0.01 -26"><span class='ocrx_word' id='word_1_693' title='bbox 154 5316 400 5359; x_wconf 84' lang='lat' dir='ltr'><strong>mutatur.</strong></span> <span class='ocrx_word' id='word_1_694' title='bbox 429 5307 492 5360; x_wconf 85' lang='lat' dir='ltr'><strong>Et</strong></span> <span class='ocrx_word' id='word_1_695' title='bbox 516 5309 582 5361; x_wconf 84' lang='lat' dir='ltr'><strong>ad</strong></span> <span class='ocrx_word' id='word_1_696' title='bbox 617 5321 756 5362; x_wconf 87' lang='lat' dir='ltr'><strong>naue</strong></span> <span class='ocrx_word' id='word_1_697' title='bbox 804 5326 988 5380; x_wconf 84' lang='lat' dir='ltr'><strong>paceni</strong></span> <span class='ocrx_word' id='word_1_698' title='bbox 1033 5327 1136 5365; x_wconf 89' lang='lat' dir='ltr'><strong>non</strong></span> <span class='ocrx_word' id='word_1_699' title='bbox 1167 5322 1264 5382; x_wconf 85' lang='lat' dir='ltr'><strong>per</strong></span> <span class='ocrx_word' id='word_1_700' title='bbox 1297 5326 1482 5369; x_wconf 89' lang='lat' dir='ltr'><strong>nostra</strong></span> <span class='ocrx_word' id='word_1_701' title='bbox 1517 5317 1708 5372; x_wconf 87' lang='lat' dir='ltr'><strong>merita</strong></span> 
     </span>
    </p>
   </div>
   <div class='ocr_carea' id='block_1_87' title="bbox 153 5395 1707 5474">
    <p class='ocr_par' dir='ltr' id='par_1_87' title="bbox 153 5395 1707 5474">
     <span class='ocr_line' id='line_1_87' title="bbox 153 5395 1707 5474; baseline 0.012 -32"><span class='ocrx_word' id='word_1_702' title='bbox 153 5395 490 5464; x_wconf 82' lang='lat' dir='ltr'><strong>attingemus.</strong></span> <span class='ocrx_word' id='word_1_703' title='bbox 521 5399 612 5451; x_wconf 88' lang='lat' dir='ltr'><strong>sed</strong></span> <span class='ocrx_word' id='word_1_704' title='bbox 641 5415 736 5466; x_wconf 85' lang='lat' dir='ltr'><strong>per</strong></span> <span class='ocrx_word' id='word_1_705' title='bbox 766 5401 1204 5456; x_wconf 88' lang='lat' dir='ltr'><strong>misericordiam.</strong></span> <span class='ocrx_word' id='word_1_706' title='bbox 1226 5404 1318 5458; x_wconf 90' lang='lat' dir='ltr'><strong>Dei</strong></span> <span class='ocrx_word' id='word_1_707' title='bbox 1351 5417 1406 5459; x_wconf 90' lang='lat' dir='ltr'><strong>et</strong></span> <span class='ocrx_word' id='word_1_708' title='bbox 1434 5421 1534 5474; x_wconf 88' lang='lat' dir='ltr'><strong>per</strong></span> <span class='ocrx_word' id='word_1_709' title='bbox 1567 5407 1707 5462; x_wconf 87' lang='lat' dir='ltr'><strong>veri-</strong></span> 
     </span>
    </p>
   </div>
   <div class='ocr_carea' id='block_1_88' title="bbox 156 5487 1707 5566">
    <p class='ocr_par' dir='ltr' id='par_1_88' title="bbox 156 5487 1707 5566">
     <span class='ocr_line' id='line_1_88' title="bbox 156 5487 1707 5566; baseline 0.012 -30"><span class='ocrx_word' id='word_1_710' title='bbox 156 5493 306 5538; x_wconf 85' lang='lat' dir='ltr'><strong>tatem</strong></span> <span class='ocrx_word' id='word_1_711' title='bbox 335 5487 472 5554; x_wconf 84' lang='lat' dir='ltr'><strong>ejus,</strong></span> <span class='ocrx_word' id='word_1_712' title='bbox 497 5489 752 5556; x_wconf 89' lang='lat' dir='ltr'><strong>quoniam</strong></span> <span class='ocrx_word' id='word_1_713' title='bbox 779 5506 940 5545; x_wconf 83' lang='lat' dir='ltr'><strong>verax</strong></span> <span class='ocrx_word' id='word_1_714' title='bbox 965 5502 1070 5558; x_wconf 88' lang='lat' dir='ltr'><strong>est,</strong></span> <span class='ocrx_word' id='word_1_715' title='bbox 1095 5505 1150 5548; x_wconf 90' lang='lat' dir='ltr'><strong>ct</strong></span> <span class='ocrx_word' id='word_1_716' title='bbox 1191 5510 1313 5549; x_wconf 88' lang='lat' dir='ltr'><strong>cum</strong></span> <span class='ocrx_word' id='word_1_717' title='bbox 1365 5495 1468 5551; x_wconf 87' lang='lat' dir='ltr'><strong>hoc</strong></span> <span class='ocrx_word' id='word_1_718' title='bbox 1512 5500 1707 5566; x_wconf 84' lang='lat' dir='ltr'><strong>promi-</strong></span> 
     </span>
    </p>
   </div>
   <div class='ocr_carea' id='block_1_89' title="bbox 154 5578 1708 5652">
    <p class='ocr_par' dir='ltr' id='par_1_89' title="bbox 154 5578 1708 5652">
     <span class='ocr_line' id='line_1_89' title="bbox 154 5578 1708 5652; baseline 0.014 -25"><span class='ocrx_word' id='word_1_719' title='bbox 154 5578 294 5638; x_wconf 86' lang='lat' dir='ltr'><strong>serit,</strong></span> <span class='ocrx_word' id='word_1_720' title='bbox 331 5594 437 5632; x_wconf 91' lang='lat' dir='ltr'><strong>non</strong></span> <span class='ocrx_word' id='word_1_721' title='bbox 484 5590 657 5648; x_wconf 78' lang='lat' dir='ltr'><strong>potest</strong></span> <span class='ocrx_word' id='word_1_722' title='bbox 683 5597 786 5636; x_wconf 84' lang='lat' dir='ltr'><strong>non</strong></span> <span class='ocrx_word' id='word_1_723' title='bbox 843 5583 1134 5652; x_wconf 88' lang='lat' dir='ltr'><strong>complere,</strong></span> <span class='ocrx_word' id='word_1_724' title='bbox 1187 5596 1243 5640; x_wconf 89' lang='lat' dir='ltr'><strong>et</strong></span> <span class='ocrx_word' id='word_1_725' title='bbox 1293 5588 1601 5646; x_wconf 83' lang='lat' dir='ltr'><strong>misericors</strong></span> <span class='ocrx_word' id='word_1_726' title='bbox 1653 5593 1708 5648; x_wconf 92' lang='lat' dir='ltr'><strong>in</strong></span> 
     </span>
    </p>
   </div>
   <div class='ocr_carea' id='block_1_90' title="bbox 155 5667 1706 5738">
    <p class='ocr_par' dir='ltr' id='par_1_90' title="bbox 155 5667 1706 5738">
     <span class='ocr_line' id='line_1_90' title="bbox 155 5667 1706 5738; baseline 0.014 -22"><span class='ocrx_word' id='word_1_727' title='bbox 155 5675 356 5730; x_wconf 81' lang='lat' dir='ltr'><strong>natura,</strong></span> <span class='ocrx_word' id='word_1_728' title='bbox 381 5683 506 5724; x_wconf 86' lang='lat' dir='ltr'><strong>vere</strong></span> <span class='ocrx_word' id='word_1_729' title='bbox 532 5685 627 5738; x_wconf 88' lang='lat' dir='ltr'><strong>per</strong></span> <span class='ocrx_word' id='word_1_730' title='bbox 649 5674 1075 5729; x_wconf 76' lang='lat' dir='ltr'><strong>misericordiam</strong></span> <span class='ocrx_word' id='word_1_731' title='bbox 1103 5667 1179 5729; x_wconf 81' lang='lat' dir='ltr'><strong>et</strong></span> <span class='ocrx_word' id='word_1_732' title='bbox 1207 5677 1490 5734; x_wconf 85' lang='lat' dir='ltr'><strong>veritatem</strong></span> <span class='ocrx_word' id='word_1_733' title='bbox 1521 5681 1614 5736; x_wconf 90' lang='lat' dir='ltr'><strong>Dei</strong></span> <span class='ocrx_word' id='word_1_734' title='bbox 1641 5686 1706 5738; x_wconf 88' lang='lat' dir='ltr'><strong>ad</strong></span> 
     </span>
    </p>
   </div>
   <div class='ocr_carea' id='block_1_91' title="bbox 158 5757 1706 5837">
    <p class='ocr_par' dir='ltr' id='par_1_91' title="bbox 158 5757 1706 5837">
     <span class='ocr_line' id='line_1_91' title="bbox 158 5757 1706 5837; baseline 0.012 -25"><span class='ocrx_word' id='word_1_735' title='bbox 158 5757 251 5815; x_wconf 81' lang='lat' dir='ltr'><strong>ltoc&#39;</strong></span> <span class='ocrx_word' id='word_1_736' title='bbox 271 5760 649 5832; x_wconf 79' lang='lat' dir='ltr'><strong>_attingemus;</strong></span> <span class='ocrx_word' id='word_1_737' title='bbox 685 5764 806 5822; x_wconf 88' lang='lat' dir='ltr'><strong>ideo</strong></span> <span class='ocrx_word' id='word_1_738' title='bbox 835 5782 1068 5837; x_wconf 83' lang='lat' dir='ltr'><strong>namque</strong></span> <span class='ocrx_word' id='word_1_739' title='bbox 1097 5767 1454 5827; x_wconf 75' lang='lat' dir='ltr'><strong>misericordia</strong></span> <span class='ocrx_word' id='word_1_740' title='bbox 1484 5783 1532 5826; x_wconf 85' lang='lat' dir='ltr'><strong>et</strong></span> <span class='ocrx_word' id='word_1_741' title='bbox 1571 5776 1706 5829; x_wconf 78' lang='lat' dir='ltr'><strong>reri-</strong></span> 
     </span>
    </p>
   </div>
   <div class='ocr_carea' id='block_1_92' title="bbox 1828 3317 3409 3394">
    <p class='ocr_par' dir='ltr' id='par_1_92' title="bbox 1828 3317 3409 3394">
     <span class='ocr_line' id='line_1_92' title="bbox 1828 3317 3409 3394; baseline 0.008 -25"><span class='ocrx_word' id='word_1_742' title='bbox 1828 3317 2057 3386; x_wconf 81' lang='lat' dir='ltr'><strong>fruetum</strong></span> <span class='ocrx_word' id='word_1_743' title='bbox 2087 3321 2348 3373; x_wconf 89' lang='lat' dir='ltr'><strong>bonarum</strong></span> <span class='ocrx_word' id='word_1_744' title='bbox 2380 3322 2794 3390; x_wconf 86' lang='lat' dir='ltr'><strong>cogitationum,</strong></span> <span class='ocrx_word' id='word_1_745' title='bbox 2817 3324 2910 3378; x_wconf 92' lang='lat' dir='ltr'><strong>sed</strong></span> <span class='ocrx_word' id='word_1_746' title='bbox 2938 3335 2988 3378; x_wconf 90' lang='lat' dir='ltr'><strong>et</strong></span> <span class='ocrx_word' id='word_1_747' title='bbox 3017 3337 3157 3380; x_wconf 84' lang='lat' dir='ltr'><strong>terra</strong></span> <span class='ocrx_word' id='word_1_748' title='bbox 3208 3340 3409 3394; x_wconf 81' lang='lat' dir='ltr'><strong>nostra,</strong></span> 
     </span>
    </p>
   </div>
   <div class='ocr_carea' id='block_1_93' title="bbox 1827 3410 3412 3491">
    <p class='ocr_par' dir='ltr' id='par_1_93' title="bbox 1827 3410 3412 3491">
     <span class='ocr_line' id='line_1_93' title="bbox 1827 3410 3412 3491; baseline 0.006 -26"><span class='ocrx_word' id='word_1_749' title='bbox 1827 3410 1881 3465; x_wconf 88' lang='lat' dir='ltr'><strong>id</strong></span> <span class='ocrx_word' id='word_1_750' title='bbox 1915 3421 1998 3466; x_wconf 87' lang='lat' dir='ltr'><strong>est</strong></span> <span class='ocrx_word' id='word_1_751' title='bbox 2029 3420 2240 3466; x_wconf 88' lang='lat' dir='ltr'><strong>terrena</strong></span> <span class='ocrx_word' id='word_1_752' title='bbox 2293 3413 2616 3468; x_wconf 88' lang='lat' dir='ltr'><strong>scnsualitas</strong></span> <span class='ocrx_word' id='word_1_753' title='bbox 2671 3416 2823 3469; x_wconf 89' lang='lat' dir='ltr'><strong>nobis</strong></span> <span class='ocrx_word' id='word_1_754' title='bbox 2873 3417 3258 3484; x_wconf 78' lang='lat' dir='ltr'><strong>conformittm,</strong></span> <span class='ocrx_word' id='word_1_755' title='bbox 3318 3422 3412 3491; x_wconf 86' lang='lat' dir='ltr'><strong>qui</strong></span> 
     </span>
    </p>
   </div>
   <div class='ocr_carea' id='block_1_94' title="bbox 1829 3504 3414 3580">
    <p class='ocr_par' dir='ltr' id='par_1_94' title="bbox 1829 3504 3414 3580">
     <span class='ocr_line' id='line_1_94' title="bbox 1829 3504 3414 3580; baseline 0.006 -24"><span class='ocrx_word' id='word_1_756' title='bbox 1829 3512 1957 3556; x_wconf 90' lang='lat' dir='ltr'><strong>tunc</strong></span> <span class='ocrx_word' id='word_1_757' title='bbox 2013 3504 2270 3572; x_wconf 86' lang='lat' dir='ltr'><strong>temporis</strong></span> <span class='ocrx_word' id='word_1_758' title='bbox 2313 3514 2496 3569; x_wconf 90' lang='lat' dir='ltr'><strong>erunt,</strong></span> <span class='ocrx_word' id='word_1_759' title='bbox 2546 3505 2688 3559; x_wconf 85' lang='lat' dir='ltr'><strong>dabit</strong></span> <span class='ocrx_word' id='word_1_760' title='bbox 2747 3507 2854 3560; x_wconf 85' lang='lat' dir='ltr'><strong>Deo</strong></span> <span class='ocrx_word' id='word_1_761' title='bbox 2887 3509 3136 3576; x_wconf 79' lang='lat' dir='ltr'><strong>fraetum,</strong></span> <span class='ocrx_word' id='word_1_762' title='bbox 3184 3511 3414 3580; x_wconf 73' lang='lat' dir='ltr'><strong>fructum</strong></span> 
     </span>
    </p>
   </div>
   <div class='ocr_carea' id='block_1_95' title="bbox 1827 3593 3414 3668">
    <p class='ocr_par' dir='ltr' id='par_1_95' title="bbox 1827 3593 3414 3668">
     <span class='ocr_line' id='line_1_95' title="bbox 1827 3593 3414 3668; baseline 0.005 -20"><span class='ocrx_word' id='word_1_763' title='bbox 1827 3593 2032 3648; x_wconf 89' lang='lat' dir='ltr'><strong>scilicet</strong></span> <span class='ocrx_word' id='word_1_764' title='bbox 2067 3595 2328 3649; x_wconf 88' lang='lat' dir='ltr'><strong>bonorum</strong></span> <span class='ocrx_word' id='word_1_765' title='bbox 2358 3609 2604 3664; x_wconf 86' lang='lat' dir='ltr'><strong>operum.</strong></span> <span class='ocrx_word' id='word_1_766' title='bbox 2647 3597 2779 3650; x_wconf 83' lang='lat' dir='ltr'><strong>Cum</strong></span> <span class='ocrx_word' id='word_1_767' title='bbox 2810 3599 2939 3652; x_wconf 90' lang='lat' dir='ltr'><strong>dicit</strong></span> <span class='ocrx_word' id='word_1_768' title='bbox 2965 3610 3164 3668; x_wconf 83' lang='lat' dir='ltr'><strong>nostra,</strong></span> <span class='ocrx_word' id='word_1_769' title='bbox 3197 3603 3414 3656; x_wconf 79' lang='lat' dir='ltr'><strong>confor-</strong></span> 
     </span>
    </p>
   </div>
   <div class='ocr_carea' id='block_1_96' title="bbox 1827 3682 3414 3756">
    <p class='ocr_par' dir='ltr' id='par_1_96' title="bbox 1827 3682 3414 3756">
     <span class='ocr_line' id='line_1_96' title="bbox 1827 3682 3414 3756; baseline 0.006 -21"><span class='ocrx_word' id='word_1_770' title='bbox 1827 3691 1938 3736; x_wconf 87' lang='lat' dir='ltr'><strong>mat</strong></span> <span class='ocrx_word' id='word_1_771' title='bbox 1967 3697 2024 3737; x_wconf 92' lang='lat' dir='ltr'><strong>se</strong></span> <span class='ocrx_word' id='word_1_772' title='bbox 2065 3683 2310 3738; x_wconf 79' lang='lat' dir='ltr'><strong>ﬁdelibus</strong></span> <span class='ocrx_word' id='word_1_773' title='bbox 2360 3684 2612 3739; x_wconf 78' lang='lat' dir='ltr'><strong>Ecclesia:</strong></span> <span class='ocrx_word' id='word_1_774' title='bbox 2667 3685 2882 3750; x_wconf 79' lang='lat' dir='ltr'><strong>futuris,</strong></span> <span class='ocrx_word' id='word_1_775' title='bbox 2934 3687 3059 3756; x_wconf 88' lang='lat' dir='ltr'><strong>quia</strong></span> <span class='ocrx_word' id='word_1_776' title='bbox 3114 3682 3414 3745; x_wconf 79' lang='lat' dir='ltr'><strong>secundum</strong></span> 
     </span>
    </p>
   </div>
   <div class='ocr_carea' id='block_1_97' title="bbox 1825 3770 3411 3850">
    <p class='ocr_par' dir='ltr' id='par_1_97' title="bbox 1825 3770 3411 3850">
     <span class='ocr_line' id='line_1_97' title="bbox 1825 3770 3411 3850; baseline 0.006 -26"><span class='ocrx_word' id='word_1_777' title='bbox 1825 3772 1984 3825; x_wconf 86' lang='lat' dir='ltr'><strong>tidem</strong></span> <span class='ocrx_word' id='word_1_778' title='bbox 2007 3770 2120 3839; x_wconf 90' lang='lat' dir='ltr'><strong>jam</strong></span> <span class='ocrx_word' id='word_1_779' title='bbox 2149 3771 2406 3828; x_wconf 72' lang='lat' dir='ltr'><strong>Ecclesia:</strong></span> <span class='ocrx_word' id='word_1_780' title='bbox 2447 3775 2746 3827; x_wconf 87' lang='lat' dir='ltr'><strong>membrum</strong></span> <span class='ocrx_word' id='word_1_781' title='bbox 2776 3785 2916 3829; x_wconf 89' lang='lat' dir='ltr'><strong>erat.</strong></span> <span class='ocrx_word' id='word_1_782' title='bbox 2955 3776 3084 3830; x_wconf 77' lang='lat' dir='ltr'><strong>Dico</strong></span> <span class='ocrx_word' id='word_1_783' title='bbox 3129 3782 3270 3848; x_wconf 89' lang='lat' dir='ltr'><strong>quod</strong></span> <span class='ocrx_word' id='word_1_784' title='bbox 3321 3781 3411 3850; x_wconf 89' lang='lat' dir='ltr'><strong>ju-</strong></span> 
     </span>
    </p>
   </div>
   <div class='ocr_carea' id='block_1_98' title="bbox 1825 3865 3410 3937">
    <p class='ocr_par' dir='ltr' id='par_1_98' title="bbox 1825 3865 3410 3937">
     <span class='ocr_line' id='line_1_98' title="bbox 1825 3865 3410 3937; baseline 0.004 -19"><span class='ocrx_word' id='word_1_785' title='bbox 1825 3865 1967 3918; x_wconf 89' lang='lat' dir='ltr'><strong>stitia</strong></span> <span class='ocrx_word' id='word_1_786' title='bbox 2009 3873 2064 3917; x_wconf 88' lang='lat' dir='ltr'><strong>et</strong></span> <span class='ocrx_word' id='word_1_787' title='bbox 2094 3879 2196 3934; x_wconf 81' lang='lat' dir='ltr'><strong>pax</strong></span> <span class='ocrx_word' id='word_1_788' title='bbox 2223 3873 2382 3920; x_wconf 90' lang='lat' dir='ltr'><strong>erunt</strong></span> <span class='ocrx_word' id='word_1_789' title='bbox 2419 3867 2469 3918; x_wconf 92' lang='lat' dir='ltr'><strong>in</strong></span> <span class='ocrx_word' id='word_1_790' title='bbox 2501 3865 2809 3922; x_wconf 89' lang='lat' dir='ltr'><strong>hominibus</strong></span> <span class='ocrx_word' id='word_1_791' title='bbox 2857 3883 2954 3937; x_wconf 81' lang='lat' dir='ltr'><strong>per</strong></span> <span class='ocrx_word' id='word_1_792' title='bbox 2999 3869 3305 3934; x_wconf 86' lang='lat' dir='ltr'><strong>veritatem,</strong></span> <span class='ocrx_word' id='word_1_793' title='bbox 3353 3881 3410 3925; x_wconf 85' lang='lat' dir='ltr'><strong>et</strong></span> 
     </span>
    </p>
   </div>
   <div class='ocr_carea' id='block_1_99' title="bbox 1822 3957 3408 4028">
    <p class='ocr_par' dir='ltr' id='par_1_99' title="bbox 1822 3957 3408 4028">
     <span class='ocr_line' id='line_1_99' title="bbox 1822 3957 3408 4028; baseline 0.003 -17"><span class='ocrx_word' id='word_1_794' title='bbox 1822 3966 2106 4026; x_wconf 88' lang='lat' dir='ltr'><strong>postquam</strong></span> <span class='ocrx_word' id='word_1_795' title='bbox 2129 3957 2258 4026; x_wconf 89' lang='lat' dir='ltr'><strong>justi</strong></span> <span class='ocrx_word' id='word_1_796' title='bbox 2289 3957 2611 4021; x_wconf 85' lang='lat' dir='ltr'><strong>ellicientttr,</strong></span> <span class='ocrx_word' id='word_1_797' title='bbox 2636 3960 2848 4028; x_wconf 85' lang='lat' dir='ltr'><strong>justitia</strong></span> <span class='ocrx_word' id='word_1_798' title='bbox 2875 3961 3182 4028; x_wconf 80' lang='lat' dir='ltr'><strong>ambulabit,</strong></span> <span class='ocrx_word' id='word_1_799' title='bbox 3217 3963 3267 4016; x_wconf 88' lang='lat' dir='ltr'><strong>id</strong></span> <span class='ocrx_word' id='word_1_800' title='bbox 3304 3973 3408 4027; x_wconf 87' lang='lat' dir='ltr'><strong>est,</strong></span> 
     </span>
    </p>
   </div>
   <div class='ocr_carea' id='block_1_100' title="bbox 1823 4031 3407 4116">
    <p class='ocr_par' dir='ltr' id='par_1_100' title="bbox 1823 4031 3407 4116">
     <span class='ocr_line' id='line_1_100' title="bbox 1823 4031 3407 4116; baseline 0.004 -17"><span class='ocrx_word' id='word_1_801' title='bbox 1823 4031 2417 4116; x_wconf 23' lang='lat' dir='ltr'><strong>ipsi-promovebantur</strong></span> <span class='ocrx_word' id='word_1_802' title='bbox 2459 4049 2524 4101; x_wconf 88' lang='lat' dir='ltr'><strong>de</strong></span> <span class='ocrx_word' id='word_1_803' title='bbox 2560 4049 2698 4102; x_wconf 90' lang='lat' dir='ltr'><strong>bono</strong></span> <span class='ocrx_word' id='word_1_804' title='bbox 2734 4049 2800 4102; x_wconf 90' lang='lat' dir='ltr'><strong>ad</strong></span> <span class='ocrx_word' id='word_1_805' title='bbox 2850 4050 3064 4114; x_wconf 87' lang='lat' dir='ltr'><strong>melius,</strong></span> <span class='ocrx_word' id='word_1_806' title='bbox 3097 4059 3152 4103; x_wconf 89' lang='lat' dir='ltr'><strong>et</strong></span> <span class='ocrx_word' id='word_1_807' title='bbox 3186 4067 3290 4104; x_wconf 89' lang='lat' dir='ltr'><strong>non</strong></span> <span class='ocrx_word' id='word_1_808' title='bbox 3339 4055 3407 4107; x_wconf 82' lang='lat' dir='ltr'><strong>ad</strong></span> 
     </span>
    </p>
   </div>
   <div class='ocr_carea' id='block_1_101' title="bbox 1822 4139 3408 4213">
    <p class='ocr_par' dir='ltr' id='par_1_101' title="bbox 1822 4139 3408 4213">
     <span class='ocr_line' id='line_1_101' title="bbox 1822 4139 3408 4213; baseline 0.004 -21"><span class='ocrx_word' id='word_1_809' title='bbox 1822 4139 2059 4192; x_wconf 77' lang='lat' dir='ltr'><strong>favorem</strong></span> <span class='ocrx_word' id='word_1_810' title='bbox 2085 4141 2380 4205; x_wconf 84' lang='lat' dir='ltr'><strong>hominum,</strong></span> <span class='ocrx_word' id='word_1_811' title='bbox 2407 4142 2499 4197; x_wconf 88' lang='lat' dir='ltr'><strong>sed</strong></span> <span class='ocrx_word' id='word_1_812' title='bbox 2521 4152 2641 4195; x_wconf 85' lang='lat' dir='ltr'><strong>ante</strong></span> <span class='ocrx_word' id='word_1_813' title='bbox 2670 4157 2786 4195; x_wconf 84' lang='lat' dir='ltr'><strong>eum</strong></span> <span class='ocrx_word' id='word_1_814' title='bbox 2811 4141 3142 4213; x_wconf 79' lang='lat' dir='ltr'><strong>(Dominam)</strong></span> <span class='ocrx_word' id='word_1_815' title='bbox 3167 4145 3408 4198; x_wconf 82' lang='lat' dir='ltr'><strong>ambula-</strong></span> 
     </span>
    </p>
   </div>
   <div class='ocr_carea' id='block_1_102' title="bbox 1822 4231 3408 4300">
    <p class='ocr_par' dir='ltr' id='par_1_102' title="bbox 1822 4231 3408 4300">
     <span class='ocr_line' id='line_1_102' title="bbox 1822 4231 3408 4300; baseline 0.005 -18"><span class='ocrx_word' id='word_1_816' title='bbox 1822 4231 1915 4293; x_wconf 90' lang='lat' dir='ltr'><strong>bit,</strong></span> <span class='ocrx_word' id='word_1_817' title='bbox 1957 4231 2126 4283; x_wconf 90' lang='lat' dir='ltr'><strong>idest</strong></span> <span class='ocrx_word' id='word_1_818' title='bbox 2162 4232 2228 4282; x_wconf 89' lang='lat' dir='ltr'><strong>ad</strong></span> <span class='ocrx_word' id='word_1_819' title='bbox 2269 4232 2369 4284; x_wconf 90' lang='lat' dir='ltr'><strong>hoc</strong></span> <span class='ocrx_word' id='word_1_820' title='bbox 2415 4241 2471 4285; x_wconf 91' lang='lat' dir='ltr'><strong>ut</strong></span> <span class='ocrx_word' id='word_1_821' title='bbox 2509 4233 2555 4284; x_wconf 85' lang='lat' dir='ltr'><strong>ei</strong></span> <span class='ocrx_word' id='word_1_822' title='bbox 2611 4233 2747 4286; x_wconf 88' lang='lat' dir='ltr'><strong>bene</strong></span> <span class='ocrx_word' id='word_1_823' title='bbox 2797 4231 3022 4300; x_wconf 76' lang='lat' dir='ltr'><strong>placeat.</strong></span> <span class='ocrx_word' id='word_1_824' title='bbox 3079 4232 3408 4298; x_wconf 82' lang='lat' dir='ltr'><strong>Qualitatem</strong></span> 
     </span>
    </p>
   </div>
   <div class='ocr_carea' id='block_1_103' title="bbox 1821 4322 3411 4400">
    <p class='ocr_par' dir='ltr' id='par_1_103' title="bbox 1821 4322 3411 4400">
     <span class='ocr_line' id='line_1_103' title="bbox 1821 4322 3411 4400; baseline 0.003 -25"><span class='ocrx_word' id='word_1_825' title='bbox 1821 4324 1968 4389; x_wconf 85' lang='lat' dir='ltr'><strong>penit</strong></span> <span class='ocrx_word' id='word_1_826' title='bbox 1997 4335 2096 4389; x_wconf 91' lang='lat' dir='ltr'><strong>pro</strong></span> <span class='ocrx_word' id='word_1_827' title='bbox 2116 4323 2280 4390; x_wconf 87' lang='lat' dir='ltr'><strong>quali,</strong></span> <span class='ocrx_word' id='word_1_828' title='bbox 2309 4323 2569 4392; x_wconf 85' lang='lat' dir='ltr'><strong>justitiam</strong></span> <span class='ocrx_word' id='word_1_829' title='bbox 2604 4322 2811 4376; x_wconf 87' lang='lat' dir='ltr'><strong>scilicet</strong></span> <span class='ocrx_word' id='word_1_830' title='bbox 2855 4338 2954 4392; x_wconf 86' lang='lat' dir='ltr'><strong>pro</strong></span> <span class='ocrx_word' id='word_1_831' title='bbox 2997 4323 3180 4400; x_wconf 72' lang='lat' dir='ltr'><strong>jitstis.</strong></span> <span class='ocrx_word' id='word_1_832' title='bbox 3217 4323 3281 4378; x_wconf 80' lang='lat' dir='ltr'><strong>Et</strong></span> <span class='ocrx_word' id='word_1_833' title='bbox 3311 4342 3411 4396; x_wconf 83' lang='lat' dir='ltr'><strong>per</strong></span> 
     </span>
    </p>
   </div>
   <div class='ocr_carea' id='block_1_104' title="bbox 1819 4413 3412 4486">
    <p class='ocr_par' dir='ltr' id='par_1_104' title="bbox 1819 4413 3412 4486">
     <span class='ocr_line' id='line_1_104' title="bbox 1819 4413 3412 4486; baseline 0.004 -20"><span class='ocrx_word' id='word_1_834' title='bbox 1819 4413 1920 4466; x_wconf 87' lang='lat' dir='ltr'><strong>hoc</strong></span> <span class='ocrx_word' id='word_1_835' title='bbox 1947 4413 2234 4466; x_wconf 82' lang='lat' dir='ltr'><strong>ambulabit</strong></span> <span class='ocrx_word' id='word_1_836' title='bbox 2259 4423 2378 4466; x_wconf 82' lang='lat' dir='ltr'><strong>ante</strong></span> <span class='ocrx_word' id='word_1_837' title='bbox 2406 4429 2544 4478; x_wconf 81' lang='lat' dir='ltr'><strong>eum,</strong></span> <span class='ocrx_word' id='word_1_838' title='bbox 2563 4414 2686 4482; x_wconf 87' lang='lat' dir='ltr'><strong>quia</strong></span> <span class='ocrx_word' id='word_1_839' title='bbox 2717 4415 3057 4483; x_wconf 83' lang='lat' dir='ltr'><strong>ipsajustitia</strong></span> <span class='ocrx_word' id='word_1_840' title='bbox 3085 4429 3237 4486; x_wconf 82' lang='lat' dir='ltr'><strong>ponet</strong></span> <span class='ocrx_word' id='word_1_841' title='bbox 3261 4435 3412 4486; x_wconf 75' lang='lat' dir='ltr'><strong>gres-</strong></span> 
     </span>
    </p>
   </div>
   <div class='ocr_carea' id='block_1_105' title="bbox 1819 4505 3404 4580">
    <p class='ocr_par' dir='ltr' id='par_1_105' title="bbox 1819 4505 3404 4580">
     <span class='ocr_line' id='line_1_105' title="bbox 1819 4505 3404 4580; baseline 0.006 -22"><span class='ocrx_word' id='word_1_842' title='bbox 1819 4521 1907 4558; x_wconf 82' lang='lat' dir='ltr'><strong>sus</strong></span> <span class='ocrx_word' id='word_1_843' title='bbox 1927 4521 2070 4565; x_wconf 77' lang='lat' dir='ltr'><strong>suos.</strong></span> <span class='ocrx_word' id='word_1_844' title='bbox 2098 4505 2149 4558; x_wconf 89' lang='lat' dir='ltr'><strong>id</strong></span> <span class='ocrx_word' id='word_1_845' title='bbox 2179 4515 2263 4560; x_wconf 89' lang='lat' dir='ltr'><strong>est</strong></span> <span class='ocrx_word' id='word_1_846' title='bbox 2285 4521 2445 4572; x_wconf 87' lang='lat' dir='ltr'><strong>opera</strong></span> <span class='ocrx_word' id='word_1_847' title='bbox 2470 4522 2563 4560; x_wconf 89' lang='lat' dir='ltr'><strong>sua</strong></span> <span class='ocrx_word' id='word_1_848' title='bbox 2587 4507 2784 4574; x_wconf 87' lang='lat' dir='ltr'><strong>quibus</strong></span> <span class='ocrx_word' id='word_1_849' title='bbox 2815 4510 2885 4562; x_wconf 91' lang='lat' dir='ltr'><strong>ad</strong></span> <span class='ocrx_word' id='word_1_850' title='bbox 2919 4511 3080 4564; x_wconf 85' lang='lat' dir='ltr'><strong>vitam</strong></span> <span class='ocrx_word' id='word_1_851' title='bbox 3124 4513 3404 4580; x_wconf 81' lang='lat' dir='ltr'><strong>gradietur</strong></span> 
     </span>
    </p>
   </div>
   <div class='ocr_carea' id='block_1_106' title="bbox 1821 4595 3403 4668">
    <p class='ocr_par' dir='ltr' id='par_1_106' title="bbox 1821 4595 3403 4668">
     <span class='ocr_line' id='line_1_106' title="bbox 1821 4595 3403 4668; baseline 0.006 -20"><span class='ocrx_word' id='word_1_852' title='bbox 1821 4597 1876 4648; x_wconf 89' lang='lat' dir='ltr'><strong>in</strong></span> <span class='ocrx_word' id='word_1_853' title='bbox 1912 4596 2020 4662; x_wconf 80' lang='lat' dir='ltr'><strong>via,</strong></span> <span class='ocrx_word' id='word_1_854' title='bbox 2045 4595 2093 4649; x_wconf 92' lang='lat' dir='ltr'><strong>id</strong></span> <span class='ocrx_word' id='word_1_855' title='bbox 2119 4606 2202 4650; x_wconf 88' lang='lat' dir='ltr'><strong>est</strong></span> <span class='ocrx_word' id='word_1_856' title='bbox 2227 4596 2277 4650; x_wconf 90' lang='lat' dir='ltr'><strong>in</strong></span> <span class='ocrx_word' id='word_1_857' title='bbox 2307 4598 2522 4650; x_wconf 82' lang='lat' dir='ltr'><strong>Christo</strong></span> <span class='ocrx_word' id='word_1_858' title='bbox 2557 4598 2649 4666; x_wconf 90' lang='lat' dir='ltr'><strong>qui</strong></span> <span class='ocrx_word' id='word_1_859' title='bbox 2699 4608 2781 4653; x_wconf 91' lang='lat' dir='ltr'><strong>est</strong></span> <span class='ocrx_word' id='word_1_860' title='bbox 2837 4617 2854 4650; x_wconf 89' lang='lat' dir='ltr'><strong>t</strong></span> <span class='ocrx_word' id='word_1_861' title='bbox 2907 4599 3018 4663; x_wconf 84' lang='lat' dir='ltr'><strong>via,</strong></span> <span class='ocrx_word' id='word_1_862' title='bbox 3069 4605 3288 4668; x_wconf 88' lang='lat' dir='ltr'><strong>veritas,</strong></span> <span class='ocrx_word' id='word_1_863' title='bbox 3349 4615 3403 4658; x_wconf 86' lang='lat' dir='ltr'><strong>et</strong></span> 
     </span>
    </p>
   </div>
   <div class='ocr_carea' id='block_1_107' title="bbox 1822 4685 3410 4758">
    <p class='ocr_par' dir='ltr' id='par_1_107' title="bbox 1822 4685 3410 4758">
     <span class='ocr_line' id='line_1_107' title="bbox 1822 4685 3410 4758; baseline 0.007 -21"><span class='ocrx_word' id='word_1_864' title='bbox 1822 4685 1930 4738; x_wconf 88' lang='lat' dir='ltr'><strong>vita</strong></span> <span class='ocrx_word' id='word_1_865' title='bbox 1973 4685 2157 4753; x_wconf 77' lang='lat' dir='ltr'><strong>(Joan.</strong></span> <span class='ocrx_word' id='word_1_866' title='bbox 2185 4702 2295 4749; x_wconf 80' lang='lat' dir='ltr'><strong>xw,</strong></span> <span class='ocrx_word' id='word_1_867' title='bbox 2327 4686 2404 4756; x_wconf 87' lang='lat'><strong>6),</strong></span> <span class='ocrx_word' id='word_1_868' title='bbox 2439 4706 2456 4737; x_wconf 73' lang='grc' dir='ltr'><strong>ι</strong></span> <span class='ocrx_word' id='word_1_869' title='bbox 2492 4688 2699 4742; x_wconf 88' lang='lat' dir='ltr'><strong>scilicet</strong></span> <span class='ocrx_word' id='word_1_870' title='bbox 2761 4689 2886 4758; x_wconf 89' lang='lat' dir='ltr'><strong>quia</strong></span> <span class='ocrx_word' id='word_1_871' title='bbox 2935 4693 3240 4749; x_wconf 77' lang='lat' dir='ltr'><strong>conformes</strong></span> <span class='ocrx_word' id='word_1_872' title='bbox 3289 4697 3410 4748; x_wconf 74' lang='lat' dir='ltr'><strong>elli-</strong></span> 
     </span>
    </p>
   </div>
   <div class='ocr_carea' id='block_1_108' title="bbox 1819 4778 3398 4852">
    <p class='ocr_par' dir='ltr' id='par_1_108' title="bbox 1819 4778 3398 4852">
     <span class='ocr_line' id='line_1_108' title="bbox 1819 4778 3398 4852; baseline 0.006 -20"><span class='ocrx_word' id='word_1_873' title='bbox 1819 4779 2034 4832; x_wconf 90' lang='lat' dir='ltr'><strong>cientur</strong></span> <span class='ocrx_word' id='word_1_874' title='bbox 2062 4778 2278 4834; x_wconf 84' lang='lat' dir='ltr'><strong>Christo</strong></span> <span class='ocrx_word' id='word_1_875' title='bbox 2315 4780 2366 4832; x_wconf 92' lang='lat' dir='ltr'><strong>in</strong></span> <span class='ocrx_word' id='word_1_876' title='bbox 2393 4781 2678 4850; x_wconf 87' lang='lat' dir='ltr'><strong>operibus;</strong></span> <span class='ocrx_word' id='word_1_877' title='bbox 2712 4797 2809 4852; x_wconf 90' lang='lat' dir='ltr'><strong>per</strong></span> <span class='ocrx_word' id='word_1_878' title='bbox 2841 4799 2898 4838; x_wconf 90' lang='lat' dir='ltr'><strong>se</strong></span> <span class='ocrx_word' id='word_1_879' title='bbox 2926 4785 3073 4839; x_wconf 83' lang='lat' dir='ltr'><strong>enim</strong></span> <span class='ocrx_word' id='word_1_880' title='bbox 3103 4803 3208 4841; x_wconf 91' lang='lat' dir='ltr'><strong>non</strong></span> <span class='ocrx_word' id='word_1_881' title='bbox 3251 4787 3398 4842; x_wconf 82' lang='lat' dir='ltr'><strong>suili-</strong></span> 
     </span>
    </p>
   </div>
   <div class='ocr_carea' id='block_1_109' title="bbox 1817 4870 3398 4942">
    <p class='ocr_par' dir='ltr' id='par_1_109' title="bbox 1817 4870 3398 4942">
     <span class='ocr_line' id='line_1_109' title="bbox 1817 4870 3398 4942; baseline 0.008 -19"><span class='ocrx_word' id='word_1_882' title='bbox 1817 4879 2005 4924; x_wconf 89' lang='lat' dir='ltr'><strong>cerent</strong></span> <span class='ocrx_word' id='word_1_883' title='bbox 2028 4871 2094 4925; x_wconf 90' lang='lat' dir='ltr'><strong>ad</strong></span> <span class='ocrx_word' id='word_1_884' title='bbox 2117 4870 2497 4924; x_wconf 83' lang='lat' dir='ltr'><strong>ambulandum</strong></span> <span class='ocrx_word' id='word_1_885' title='bbox 2525 4875 2590 4926; x_wconf 90' lang='lat' dir='ltr'><strong>de</strong></span> <span class='ocrx_word' id='word_1_886' title='bbox 2617 4875 2760 4929; x_wconf 90' lang='lat' dir='ltr'><strong>bono</strong></span> <span class='ocrx_word' id='word_1_887' title='bbox 2796 4875 2846 4930; x_wconf 92' lang='lat' dir='ltr'><strong>in</strong></span> <span class='ocrx_word' id='word_1_888' title='bbox 2867 4877 3094 4942; x_wconf 88' lang='lat' dir='ltr'><strong>_melius.</strong></span> <span class='ocrx_word' id='word_1_889' title='bbox 3139 4880 3233 4935; x_wconf 85' lang='lat' dir='ltr'><strong>Vel</strong></span> <span class='ocrx_word' id='word_1_890' title='bbox 3273 4883 3352 4936; x_wconf 85' lang='lat' dir='ltr'><strong>sic</strong></span> <span class='ocrx_word' id='word_1_891' title='bbox 3379 4899 3398 4936; x_wconf 90' lang='lat'><strong><em>:</em></strong></span> 
     </span>
    </p>
   </div>
   <div class='ocr_carea' id='block_1_110' title="bbox 1818 4962 3402 5042">
    <p class='ocr_par' dir='ltr' id='par_1_110' title="bbox 1818 4962 3402 5042">
     <span class='ocr_line' id='line_1_110' title="bbox 1818 4962 3402 5042; baseline 0.007 -27"><span class='ocrx_word' id='word_1_892' title='bbox 1818 4962 1945 5016; x_wconf 91' lang='lat' dir='ltr'><strong>Dico</strong></span> <span class='ocrx_word' id='word_1_893' title='bbox 1977 4963 2118 5032; x_wconf 85' lang='lat' dir='ltr'><strong>quod</strong></span> <span class='ocrx_word' id='word_1_894' title='bbox 2145 4964 2454 5028; x_wconf 84' lang='lat' dir='ltr'><strong>ambulat-it,</strong></span> <span class='ocrx_word' id='word_1_895' title='bbox 2494 4975 2548 5020; x_wconf 90' lang='grc' dir='ltr'><strong>ει</strong></span> <span class='ocrx_word' id='word_1_896' title='bbox 2581 4966 2682 5021; x_wconf 91' lang='lat' dir='ltr'><strong>hoc</strong></span> <span class='ocrx_word' id='word_1_897' title='bbox 2737 4983 2842 5022; x_wconf 89' lang='lat' dir='ltr'><strong>non</strong></span> <span class='ocrx_word' id='word_1_898' title='bbox 2902 4986 2998 5038; x_wconf 89' lang='lat' dir='ltr'><strong>per</strong></span> <span class='ocrx_word' id='word_1_899' title='bbox 3045 4986 3122 5034; x_wconf 90' lang='lat' dir='ltr'><strong>se,</strong></span> <span class='ocrx_word' id='word_1_900' title='bbox 3177 4973 3269 5024; x_wconf 90' lang='lat' dir='ltr'><strong>sed</strong></span> <span class='ocrx_word' id='word_1_901' title='bbox 3304 4989 3402 5042; x_wconf 85' lang='lat' dir='ltr'><strong>per</strong></span> 
     </span>
    </p>
   </div>
   <div class='ocr_carea' id='block_1_111' title="bbox 1822 5053 3404 5130">
    <p class='ocr_par' dir='ltr' id='par_1_111' title="bbox 1822 5053 3404 5130">
     <span class='ocr_line' id='line_1_111' title="bbox 1822 5053 3404 5130; baseline 0.006 -21"><span class='ocrx_word' id='word_1_902' title='bbox 1822 5055 1922 5109; x_wconf 89' lang='lat' dir='ltr'><strong>hoc</strong></span> <span class='ocrx_word' id='word_1_903' title='bbox 1946 5053 2086 5122; x_wconf 90' lang='lat' dir='ltr'><strong>quod</strong></span> <span class='ocrx_word' id='word_1_904' title='bbox 2119 5055 2380 5109; x_wconf 88' lang='lat' dir='ltr'><strong>Dominus</strong></span> <span class='ocrx_word' id='word_1_905' title='bbox 2398 5067 2550 5124; x_wconf 79' lang='lat' dir='ltr'><strong>ponet</strong></span> <span class='ocrx_word' id='word_1_906' title='bbox 2575 5074 2783 5127; x_wconf 84' lang='lat' dir='ltr'><strong>gressus</strong></span> <span class='ocrx_word' id='word_1_907' title='bbox 2809 5076 2954 5123; x_wconf 82' lang='lat' dir='ltr'><strong>suos,</strong></span> <span class='ocrx_word' id='word_1_908' title='bbox 2989 5061 3040 5114; x_wconf 88' lang='lat' dir='ltr'><strong>id</strong></span> <span class='ocrx_word' id='word_1_909' title='bbox 3069 5071 3150 5114; x_wconf 90' lang='lat' dir='ltr'><strong>est</strong></span> <span class='ocrx_word' id='word_1_910' title='bbox 3179 5077 3404 5130; x_wconf 81' lang='lat' dir='ltr'><strong>gressus</strong></span> 
     </span>
    </p>
   </div>
   <div class='ocr_carea' id='block_1_112' title="bbox 1819 5145 3401 5222">
    <p class='ocr_par' dir='ltr' id='par_1_112' title="bbox 1819 5145 3401 5222">
     <span class='ocr_line' id='line_1_112' title="bbox 1819 5145 3401 5222; baseline 0.007 -24"><span class='ocrx_word' id='word_1_911' title='bbox 1819 5145 2098 5215; x_wconf 87' lang='lat' dir='ltr'><strong>adjutricis</strong></span> <span class='ocrx_word' id='word_1_912' title='bbox 2125 5145 2313 5216; x_wconf 69' lang='lat' dir='ltr'><strong>gratia!</strong></span> <span class='ocrx_word' id='word_1_913' title='bbox 2341 5147 2392 5200; x_wconf 90' lang='lat' dir='ltr'><strong>in</strong></span> <span class='ocrx_word' id='word_1_914' title='bbox 2421 5148 2531 5213; x_wconf 87' lang='lat' dir='ltr'><strong>via,</strong></span> <span class='ocrx_word' id='word_1_915' title='bbox 2557 5149 2608 5202; x_wconf 90' lang='lat' dir='ltr'><strong>id</strong></span> <span class='ocrx_word' id='word_1_916' title='bbox 2632 5159 2715 5204; x_wconf 85' lang='lat' dir='ltr'><strong>est</strong></span> <span class='ocrx_word' id='word_1_917' title='bbox 2745 5150 2797 5204; x_wconf 89' lang='lat' dir='ltr'><strong>in</strong></span> <span class='ocrx_word' id='word_1_918' title='bbox 2825 5152 2955 5220; x_wconf 89' lang='lat' dir='ltr'><strong>ipsis</strong></span> <span class='ocrx_word' id='word_1_919' title='bbox 2985 5148 3168 5218; x_wconf 82' lang='lat' dir='ltr'><strong>justis,</strong></span> <span class='ocrx_word' id='word_1_920' title='bbox 3189 5155 3278 5222; x_wconf 87' lang='lat' dir='ltr'><strong>qui</strong></span> <span class='ocrx_word' id='word_1_921' title='bbox 3308 5155 3401 5210; x_wconf 75' lang='lat' dir='ltr'><strong>via</strong></span> 
     </span>
    </p>
   </div>
   <div class='ocr_carea' id='block_1_113' title="bbox 1820 5234 3492 5315">
    <p class='ocr_par' dir='ltr' id='par_1_113' title="bbox 1820 5234 3492 5315">
     <span class='ocr_line' id='line_1_113' title="bbox 1820 5234 3492 5315; baseline 0.002 -27"><span class='ocrx_word' id='word_1_922' title='bbox 1820 5234 2203 5315; x_wconf 73' lang='lat' dir='ltr'><strong>D.itiicentur,</strong></span> <span class='ocrx_word' id='word_1_923' title='bbox 2233 5250 2302 5290; x_wconf 87' lang='lat' dir='ltr'><strong>eo</strong></span> <span class='ocrx_word' id='word_1_924' title='bbox 2320 5239 2461 5307; x_wconf 89' lang='lat' dir='ltr'><strong>quod</strong></span> <span class='ocrx_word' id='word_1_925' title='bbox 2489 5239 2539 5293; x_wconf 90' lang='lat' dir='ltr'><strong>iu</strong></span> <span class='ocrx_word' id='word_1_926' title='bbox 2563 5240 2643 5295; x_wconf 87' lang='lat' dir='ltr'><strong>eis</strong></span> <span class='ocrx_word' id='word_1_927' title='bbox 2690 5240 3042 5308; x_wconf 86' lang='lat' dir='ltr'><strong>spiritualiter</strong></span> <span class='ocrx_word' id='word_1_928' title='bbox 3098 5243 3398 5298; x_wconf 75' lang='lat' dir='ltr'><strong>ambulabis</strong></span> <span class='ocrx_word' id='word_1_929' title='bbox 3475 5239 3492 5292; x_wconf 84' lang='grc'><strong>“.</strong></span> 
     </span>
    </p>
   </div>
   <div class='ocr_carea' id='block_1_114' title="bbox 1817 5329 3397 5401">
    <p class='ocr_par' dir='ltr' id='par_1_114' title="bbox 1817 5329 3397 5401">
     <span class='ocr_line' id='line_1_114' title="bbox 1817 5329 3397 5401; baseline 0.003 -18"><span class='ocrx_word' id='word_1_930' title='bbox 1817 5329 2112 5383; x_wconf 87' lang='lat' dir='ltr'><strong>secundum</strong></span> <span class='ocrx_word' id='word_1_931' title='bbox 2137 5331 2509 5400; x_wconf 88' lang='lat' dir='ltr'><strong>inoperantem</strong></span> <span class='ocrx_word' id='word_1_932' title='bbox 2541 5333 2793 5401; x_wconf 86' lang='lat' dir='ltr'><strong>gratiam,</strong></span> <span class='ocrx_word' id='word_1_933' title='bbox 2822 5347 2925 5385; x_wconf 90' lang='lat' dir='ltr'><strong>non</strong></span> <span class='ocrx_word' id='word_1_934' title='bbox 2959 5337 3254 5387; x_wconf 79' lang='lat' dir='ltr'><strong>secundum</strong></span> <span class='ocrx_word' id='word_1_935' title='bbox 3283 5349 3397 5388; x_wconf 75' lang='lat' dir='ltr'><strong>mo-</strong></span> 
     </span>
    </p>
   </div>
   <div class='ocr_carea' id='block_1_115' title="bbox 1819 5410 3396 5490">
    <p class='ocr_par' dir='ltr' id='par_1_115' title="bbox 1819 5410 3396 5490">
     <span class='ocr_line' id='line_1_115' title="bbox 1819 5410 3396 5490; baseline 0.004 -19"><span class='ocrx_word' id='word_1_936' title='bbox 1819 5427 1928 5472; x_wconf 89' lang='lat' dir='ltr'><strong>tum</strong></span> <span class='ocrx_word' id='word_1_937' title='bbox 1961 5419 2204 5486; x_wconf 88' lang='lat' dir='ltr'><strong>localem,</strong></span> <span class='ocrx_word' id='word_1_938' title='bbox 2227 5420 2381 5488; x_wconf 83' lang='lat' dir='ltr'><strong>juxta</strong></span> <span class='ocrx_word' id='word_1_939' title='bbox 2407 5422 2547 5490; x_wconf 89' lang='lat' dir='ltr'><strong>quod</strong></span> <span class='ocrx_word' id='word_1_940' title='bbox 2578 5421 2718 5474; x_wconf 90' lang='lat' dir='ltr'><strong>idem</strong></span> <span class='ocrx_word' id='word_1_941' title='bbox 2747 5422 2876 5474; x_wconf 88' lang='lat' dir='ltr'><strong>dicit</strong></span> <span class='ocrx_word' id='word_1_942' title='bbox 2908 5438 3002 5490; x_wconf 86' lang='lat' dir='ltr'><strong>per</strong></span> <span class='ocrx_word' id='word_1_943' title='bbox 3033 5410 3396 5490; x_wconf 63' lang='lat' dir='ltr'><strong>Proplieiam-</strong></span> 
     </span>
    </p>
   </div>
   <div class='ocr_carea' id='block_1_116' title="bbox 1821 5508 3395 5583">
    <p class='ocr_par' dir='ltr' id='par_1_116' title="bbox 1821 5508 3395 5583">
     <span class='ocr_line' id='line_1_116' title="bbox 1821 5508 3395 5583; baseline 0.005 -23"><span class='ocrx_word' id='word_1_944' title='bbox 1821 5528 1840 5559; x_wconf 74' lang='grc' dir='ltr'><strong>ι</strong></span> <span class='ocrx_word' id='word_1_945' title='bbox 1877 5508 2225 5564; x_wconf 84' lang='lat' dir='ltr'><strong>inambulabo</strong></span> <span class='ocrx_word' id='word_1_946' title='bbox 2251 5511 2301 5564; x_wconf 92' lang='lat' dir='ltr'><strong>in</strong></span> <span class='ocrx_word' id='word_1_947' title='bbox 2333 5511 2460 5573; x_wconf 90' lang='lat' dir='ltr'><strong>illis,</strong></span> <span class='ocrx_word' id='word_1_948' title='bbox 2495 5520 2547 5564; x_wconf 90' lang='lat' dir='ltr'><strong>et</strong></span> <span class='ocrx_word' id='word_1_949' title='bbox 2578 5526 2671 5564; x_wconf 90' lang='lat' dir='ltr'><strong>ero</strong></span> <span class='ocrx_word' id='word_1_950' title='bbox 2696 5511 2905 5565; x_wconf 88' lang='lat' dir='ltr'><strong>illorum</strong></span> <span class='ocrx_word' id='word_1_951' title='bbox 2941 5512 3080 5567; x_wconf 81' lang='lat' dir='ltr'><strong>Deus</strong></span> <span class='ocrx_word' id='word_1_952' title='bbox 3103 5512 3288 5583; x_wconf 67' lang='lat' dir='ltr'><strong>(Leuit.</strong></span> <span class='ocrx_word' id='word_1_953' title='bbox 3315 5528 3395 5582; x_wconf 72' lang='lat' dir='ltr'><strong>vr,</strong></span> 
     </span>
    </p>
   </div>
   <div class='ocr_carea' id='block_1_117' title="bbox 1815 5601 3394 5672">
    <p class='ocr_par' dir='ltr' id='par_1_117' title="bbox 1815 5601 3394 5672">
     <span class='ocr_line' id='line_1_117' title="bbox 1815 5601 3394 5672; baseline 0.004 -16"><span class='ocrx_word' id='word_1_954' title='bbox 1815 5601 1926 5671; x_wconf 76' lang='lat' dir='ltr'><strong>l2).</strong></span> <span class='ocrx_word' id='word_1_955' title='bbox 1951 5622 1968 5654; x_wconf 74' lang='grc' dir='ltr'><strong>ι</strong></span> <span class='ocrx_word' id='word_1_956' title='bbox 2001 5603 2192 5657; x_wconf 88' lang='lat' dir='ltr'><strong>Velvia</strong></span> <span class='ocrx_word' id='word_1_957' title='bbox 2225 5605 2496 5666; x_wconf 88' lang='lat' dir='ltr'><strong>dicuntur,</strong></span> <span class='ocrx_word' id='word_1_958' title='bbox 2521 5619 2585 5658; x_wconf 89' lang='lat' dir='ltr'><strong>eo</strong></span> <span class='ocrx_word' id='word_1_959' title='bbox 2632 5605 2772 5672; x_wconf 88' lang='lat' dir='ltr'><strong>quod</strong></span> <span class='ocrx_word' id='word_1_960' title='bbox 2799 5604 2865 5661; x_wconf 90' lang='lat' dir='ltr'><strong>ad</strong></span> <span class='ocrx_word' id='word_1_961' title='bbox 2893 5605 3108 5661; x_wconf 88' lang='lat' dir='ltr'><strong>modum</strong></span> <span class='ocrx_word' id='word_1_962' title='bbox 3127 5606 3224 5660; x_wconf 68' lang='lat' dir='ltr'><strong>vite</strong></span> <span class='ocrx_word' id='word_1_963' title='bbox 3241 5607 3394 5662; x_wconf 77' lang='lat' dir='ltr'><strong>dire-</strong></span> 
     </span>
    </p>
   </div>
   <div class='ocr_carea' id='block_1_118' title="bbox 1813 5693 2678 5751">
    <p class='ocr_par' dir='ltr' id='par_1_118' title="bbox 1813 5693 2678 5751">
     <span class='ocr_line' id='line_1_118' title="bbox 1813 5693 2678 5751; baseline -0.001 -2"><span class='ocrx_word' id='word_1_964' title='bbox 1813 5696 1884 5749; x_wconf 88' lang='lat' dir='ltr'><strong>cti</strong></span> <span class='ocrx_word' id='word_1_965' title='bbox 1909 5704 2070 5751; x_wconf 88' lang='lat' dir='ltr'><strong>erunt</strong></span> <span class='ocrx_word' id='word_1_966' title='bbox 2099 5709 2128 5749; x_wconf 92' lang='lat' dir='ltr'><strong>a</strong></span> <span class='ocrx_word' id='word_1_967' title='bbox 2161 5693 2390 5750; x_wconf 88' lang='lat' dir='ltr'><strong>Domino</strong></span> <span class='ocrx_word' id='word_1_968' title='bbox 2420 5694 2488 5749; x_wconf 86' lang='lat' dir='ltr'><strong>ad</strong></span> <span class='ocrx_word' id='word_1_969' title='bbox 2514 5693 2678 5748; x_wconf 89' lang='lat' dir='ltr'><strong>vitam</strong></span> 
     </span>
    </p>
   </div>
  </div>
