3872 6320
450 279 580 336 1091
1015 272 1073 327 S.
1117 269 1468 326 BRUNONIS
1504 265 2150 326 CARTIIUSIANORUM
2189 263 2678 321 INSTITUTORIS
2717 266 2866 322 OPP.
2909 267 3089 322 PARS
3125 269 3163 320 Ι.
3553 278 3655 333 1993

877 383 939 438 IN
977 381 1307 437 I‘SALMUM
1343 380 1609 436 LXXXV.
2061 395 2108 452 Α
2141 381 2222 432 lue
2242 378 2557 434 occasiones
2590 379 2804 434 valeant
2829 382 2895 434 ad
2920 380 3020 435 hoc
3048 391 3104 434 ut
3139 394 3225 435 me
3261 382 3508 438 exaudi-as
3534 403 3542 436 :
3569 400 3654 458 seu,

518 481 731 536 Titulus
757 477 1075 547 octogesimi
1102 475 1273 543 quinti
1301 491 1315 526 :
1355 471 1542 526 Oratio
1570 471 1667 541 ipsi
1710 468 1900 531 David,
1929 467 2030 522 sei-
2132 471 2378 538 quoniam
2430 479 2506 533 tu,
2543 468 2784 533 Domine,
2809 471 2982 523 suavis
3015 486 3095 536 es,
3148 471 3200 524 id
3250 482 3333 524 est
3381 474 3593 532 amabilis
3616 493 3656 537 ei

447 577 572 630 licet
599 574 847 637 Christo,
877 569 1214 624 ascribenda.
1245 567 1369 620 Etsi
1397 565 1641 634 quredam
1667 563 1718 615 in
1752 563 1852 616 hoc
1878 561 2023 630 psal-
2127 561 2399 631 joeundus
2427 563 2583 617 cibus
2623 564 2828 619 sanctis
2860 563 3192 627 hominibus,
3227 565 3318 633 qui
3358 575 3520 620 tamen
3566 584 3657 628 sum

449 683 537 720 mo
564 664 900 720 enuntiative
927 661 1199 724 dicuntur,
1249 657 1374 725 quia
1434 668 1612 708 tamen
1661 652 2030 722 principaliter
2145 663 2418 724 utcunque
2467 665 2805 724 peccatores,
2867 668 2922 712 et
2972 657 3129 728 longe
3179 673 3264 711 me
3315 657 3592 721 inferiores;
3623 678 3658 718 ei

447 760 512 812 ad
542 759 844 812 orationem
875 761 1103 823 spectat,
1127 749 1303 803 oratio
1341 746 1558 800 dicitur.
1587 744 1847 797 Dominus
1882 745 2028 796 enim
2132 747 2272 800 mitis
2323 763 2384 802 es
2420 750 2797 817 peccatoribus
2851 751 3088 804 nonduin
3145 750 3532 820 pteniteutibns,
3558 770 3660 823 quos

444 848 604 904 Jesus
625 849 774 902 circa
804 855 1013 914 tempus
1043 841 1306 911 passionis
1334 851 1515 899 orans,
1548 834 1689 888 etde
1718 835 2028 888 constantia
2132 857 2238 896 non
2264 841 2445 895 statim
2467 840 2613 910 juste
2639 843 2885 904 damnas.
2916 843 3008 898 sed
3037 844 3309 912 patienter
3323 854 3659 911 exspectant

447 954 515 993 ne
543 939 718 1000 cedat,
751 947 803 991 et
831 931 1335 991 de.resurrectione,
1367 937 1422 981 et
1453 928 1518 980 de
1568 927 1809 995 gentium
1852 936 1904 980 et
1935 925 2030 981 Ju-
2131 930 2312 984 multa:
2349 931 2423 996 ,id
2472 943 2555 986 est
2587 933 2810 986 inﬁnita:
2843 931 3222 986 misericordia:
3267 947 3351 996 es,
3399 934 3664 990 remittendo

447 1031 688 1084 dzeorum
711 1024 1197 1084 com'ertcndorum
1225 1021 1398 1074 salute
1426 1021 1478 1072 in
1508 1021 1609 1073 hoc
1637 1019 2030 1088 psalinuiutro-
2136 1030 2357 1088 peccata
2394 1023 2634 1076 omnibus
2685 1024 3045 1076 invocantibus
3091 1033 3160 1085 te,
3201 1022 3254 1076 id
3306 1033 3393 1076 est
3432 1022 3664 1081 all'ecluose

445 1119 685 1184 ducitur,
723 1127 780 1171 ut
810 1114 962 1169 nobis
989 1111 1176 1166 orandi
1211 1111 1520 1180 exemplum
1547 1120 1602 1163 et
1645 1126 1744 1179 pro
1788 1111 1942 1164 nobis
1975 1122 2029 1164 et
2132 1112 2412 1168 orantibus
2464 1115 2531 1169 de
2573 1117 2893 1170 remissione
2927 1134 2939 1169 :
2969 1114 3186 1182 I’ercipe
3229 1115 3510 1168 orationem
3541 1134 3665 1173 meam

447 1227 545 1282 pro
571 1208 800 1264 inimicis
831 1205 1050 1260 tribuat.
1087 1202 1238 1269 Quod
1265 1211 1445 1255 autem
1477 1217 1534 1255 se
1574 1217 1866 1271 pauperem
1899 1201 2030 1255 dicit
2129 1204 2366 1268 auribus,
2401 1205 2450 1259 id
2473 1214 2556 1260 est
2583 1209 2818 1276 potentia
2863 1208 3250 1262 misericordi-.2
3303 1216 3439 1271 tum;
3493 1216 3539 1261 et
3573 1225 3665 1278 per-

443 1302 736 1357 secundnm
768 1299 1058 1352 humanam
1091 1305 1362 1358 naturam,
1397 1295 1487 1364 qui
1517 1303 1697 1347 tamen
1727 1296 2026 1349 secundum
2129 1294 2376 1364 cipieud.)
2426 1297 2629 1351 intende
2682 1301 2794 1352 roci
2849 1299 3229 1369 deprecationis
3293 1314 3447 1360 mem.
3503 1298 3545 1352 id
3591 1309 3665 1362 est,

444 1393 604 1446 aliam
631 1383 882 1445 nafuram
939 1388 1083 1442 Deus
1131 1395 1186 1440 et
1237 1387 1580 1456 omnipotens
1645 1395 1779 1447 erat,
1826 1387 1890 1440 ad
1934 1402 2028 1440 no-
2131 1384 2400 1440 intensum
2472 1399 2522 1443 te
2581 1389 2667 1446 l'.c
2725 1391 2839 1446 voci
2893 1405 3024 1445 mem
3081 1390 3393 1458 deprecanti
3449 1398 3516 1442 ιλ.
3556 1391 3668 1457 Quod

449 1493 615 1537 stram
665 1479 1072 1534 instructionem
1103 1477 1250 1542 facit,
1283 1486 1363 1542 ut,
1389 1477 1478 1545 qui
1508 1476 1826 1546 simpliciter
1855 1476 2030 1530 homi-
2130 1483 2212 1528 est
2251 1476 2433 1534 dicere
2465 1495 2478 1530 :
2519 1478 2651 1532 Cum
2684 1479 2788 1532 illis
2822 1481 2912 1548 qui
2963 1480 3240 1548 simplices
3281 1479 3521 1532 homines
3559 1491 3668 1542 sunt,

444 1591 540 1630 nes
568 1590 754 1629 sumus
781 1582 834 1627 et
870 1581 1185 1641 peccatores
1220 1580 1275 1623 et
1308 1569 1664 1639 fragilissimi,
1697 1585 1793 1622 nos
1823 1584 2026 1638 paupe-
2129 1576 2185 1620 et
2238 1568 2290 1621 iu
2363 1569 2545 1639 aliquo
2596 1580 2648 1625 te
2707 1573 3059 1636 oil'endenles,
3119 1574 3236 1626 lucc
3284 1571 3535 1625 beneﬁcia
3577 1588 3670 1626 cou-

441 1683 528 1721 res
565 1676 620 1721 et
646 1665 832 1734 inopes
869 1663 1084 1734 penitus
1112 1675 1231 1715 esse
1263 1671 1594 1728 reputantes,
1624 1676 1654 1714 a
1696 1660 1876 1714 divina
1906 1674 2029 1730 gra-
2135 1659 2335 1724 cedas,
2361 1668 2420 1714 ut
2461 1663 2541 1715 eis
2567 1664 2748 1716 suavis
2780 1665 2856 1717 sis
2896 1675 2950 1717 et
2985 1664 3156 1730 mitis,
3190 1672 3246 1718 et
3284 1663 3466 1716 multa:
3503 1663 3669 1716 miseri-

443 1758 514 1812 tia
538 1772 757 1812 oremus
793 1755 1090 1809 clementer
1121 1752 1385 1821 adjuvari.
2061 1765 2104 1820 ιι
2131 1751 2352 1816 θοι-ἀίω,
2380 1753 2508 1806 mihi
2537 1754 2717 1824 potius
2743 1753 2852 1808 Deo
2875 1764 2928 1810 et
2961 1755 3188 1818 homini,
3223 1763 3280 1808 et
3309 1770 3339 1806 a
3374 1764 3576 1822 peccato
3597 1755 3671 1806 im-

513 1848 744 1912 lnclina,
768 1847 988 1900 Domine
1017 1845 1194 1908 Pater,
1225 1861 1402 1898 aurem
1433 1855 1597 1909 tuam,
1654 1844 1856 1900 dictum
1892 1854 1974 1900 est
2000 1861 2030 1898 a
2135 1843 2307 1909 muni,
2340 1844 2552 1902 intense
2583 1849 2761 1902 tribue
2790 1849 2932 1914 quod
2960 1864 3077 1902 ore.
3119 1836 3346 1902 Et'ideo
3375 1837 3556 1900 exaudi
3579 1849 3672 1917 quia

441 1940 797 1996 similitudine
827 1938 1019 1992 medici
1074 1936 1383 1991 inclinantis
1432 1953 1616 1990 aurem
1666 1937 1899 2001 inlirmo,
1941 1938 2032 2007 qui
2133 1936 2375 2000 clamavi,
2405 1937 2455 1992 id
2496 1949 2580 1992 est
2623 1939 2860 1995 clamore
2897 1940 3112 1996 intenso
3161 1939 3271 2010 egi,
3323 1939 3388 1991 ad
3430 1951 3477 1993 te
3502 1954 3672 2007 prome-

442 2048 552 2103 pr:c
577 2032 741 2086 nimia
757 2031 1073 2100 aegritudine
1101 2046 1206 2082 non
1231 2038 1404 2098 potest
1436 2029 1602 2098 loqui,
1637 2039 1693 2083 ut
1717 2031 2032 2084 inelinando
2135 2027 2362 2082 rendum
2392 2029 2446 2082 in
2485 2031 2568 2084 die
2597 2031 2954 2085 tribulationis
2978 2049 3128 2096 mete,
3169 2018 3220 2085 id
3254 2041 3338 2086 est
3377 2032 3428 2085 in
3458 2041 3674 2084 totot:m-

441 2141 626 2180 aurem
665 2125 924 2193 percipiat
950 2132 1151 2192 quanta
1180 2123 1250 2176 sit
1275 2121 1727 2190 inﬁrniitas.ejus,
1767 2131 1820 2175 et
1869 2124 2033 2176 mise-
2131 2132 2262 2186 pore
2284 2119 2408 2172 vita:
2432 2135 2582 2182 meae,
2615 2136 2736 2190 qua:
2776 2123 2909 2176 nihil
2937 2123 3081 2178 aliud
3126 2133 3212 2176 est
3242 2137 3404 2192 quam
3427 2121 3673 2176 tribulatio.

441 2226 626 2270 reatur
649 2215 720 2269 ei.
753 2214 915 2268 Auris
945 2227 1069 2266 vero
1121 2213 1361 2281 potentia
1413 2212 1609 2266 divina:
1646 2211 2032 2266 misericordiae
2132 2208 2197 2262 Et
2228 2209 2331 2264 hoc
2366 2209 2480 2264 fere
2513 2212 2650 2265 idem
2681 2222 2767 2267 est
2794 2214 2937 2280 quod
2970 2215 3224 2283 superius
3249 2216 3412 2279 dixit,
3435 2217 3502 2268 ad
3527 2225 3570 2268 te
3593 2216 3672 2268 cla-

443 2309 660 2373 dicitur,
689 2321 754 2360 eo
783 2307 924 2376 quod
952 2307 1090 2360 sicut
1116 2306 1297 2360 audita
1327 2305 1654 2375 percipimus
1678 2321 1832 2369 aure,
1871 2306 1950 2361 sic
1977 2315 2031 2360 et.
2133 2301 2272 2352 mavi
2292 2309 2398 2353 tota
2425 2301 2534 2367 die,
2567 2303 2668 2356 nisi
2698 2303 2822 2372 quia
2855 2304 2997 2359 aliud
3028 2313 3200 2368 notat,
3225 2321 3350 2360 cum
3384 2306 3508 2360 dicit
3542 2307 3675 2358 tribu-

443 2400 561 2470 ipse
587 2399 729 2468 quod
758 2413 976 2452 oramus
999 2399 1248 2467 percipit,
1291 2406 1345 2451 et
1381 2397 1614 2466 complet
1646 2397 1887 2464 potentia
1933 2397 2034 2452 mi-
2132 2393 2376 2456 lationis:
2399 2413 2460 2450 ac
2491 2399 2534 2452 si
2562 2408 2785 2468 poneret
2816 2417 2829 2456 :
2867 2400 3126 2468 Qutunris
3150 2399 3368 2454 assidue
3419 2401 3467 2454 iu
3495 2399 3674 2453 tribula-

443 2489 773 2564 sericordia‘.
806 2489 970 2558 Etest
1002 2491 1105 2543 hoc
1129 2505 1191 2544 ac
1218 2490 1260 2542 si
1301 2489 1504 2543 diceret
1539 2505 1551 2540 :
1592 2486 1799 2541 Inciina
1849 2503 2031 2540 aurem
2134 2485 2279 2540 tione
2325 2488 2540 2556 fuerim,
2574 2508 2848 2560 nunquam
2884 2502 3062 2546 tamen
3115 2507 3146 2546 a
3199 2493 3439 2547 clamore
3489 2491 3674 2554 cessari,

443 2591 609 2646 tuam,
645 2581 696 2634 id
729 2589 812 2635 est
843 2581 1282 2634 condescendere
1337 2579 1420 2632 fac
1467 2580 1762 2648 potentiam
1819 2579 2031 2632 miseri-
2142 2577 2373 2647 ideoque
2411 2581 2604 2651 dignus
2635 2599 2754 2636 sum
2784 2583 3052 2637 exaudiri.

443 2674 641 2728 cordia:
672 2681 776 2726 tua:
819 2673 949 2727 mihi
1009 2673 1222 2726 iulirmo
1279 2673 1576 2727 secundum
1610 2671 2026 2725 humanitatem.
2203 2668 3358 2743 Ostenditaulemqua:utilitassequeturde
3379 2671 3678 2726 exaudirent:

443 2765 594 2833 Quod
623 2774 704 2820 est
727 2765 949 2820 dicere:
992 2764 1072 2819 Tu
1101 2765 1190 2834 qui
1226 2781 1310 2819 me
1343 2765 1612 2819 infirmum
1662 2778 1874 2832 semper
1901 2779 2031 2818 con-
2131 2771 2246 2819 sua,
2289 2759 2406 2813 sic:
2445 2759 2572 2814 Dico
2601 2760 2828 2816 Auribus
2865 2764 3066 2832 percipe
3096 2765 3388 2817 orittfonem
3423 2780 3603 2827 nteant;
3637 2770 3678 2815 et

442 2859 668 2924 sideras,
703 2873 798 2912 oro
825 2857 990 2912 etiam
1049 2868 1107 2911 ut
1153 2867 1357 2912 attente
1377 2858 1692 2912 consideres
1746 2855 2028 2909 inﬁriuita-
2131 2847 2202 2900 ita
2247 2847 2432 2903 facies.
2473 2849 2536 2903 Et
2586 2852 2708 2920 quia
2747 2854 3033 2917 exauttisti,
3075 2853 3129 2906 i.l
3185 2863 3269 2907 est
3313 2854 3556 2906 exaudies
3600 2868 3676 2913 me,

443 2961 548 3006 tem
585 2952 940 3006 humanitatis
980 2966 1132 3018 mem,
1159 2962 1206 3004 ει
1236 2952 1429 3006 exaudi
1459 2968 1558 3004 me,
1609 2951 1670 3004 Et
1700 2966 1921 3005 necesse
1947 2960 2029 3004 ρει
2131 2941 2486 2994 custodiendo
2540 2953 2592 2997 et
2654 2945 3026 2998 resuscitando
3051 2962 3255 3010 omnes,
3307 2946 3356 2998 id
3394 2958 3474 3000 est
3512 2945 3678 2998 omnis-

449 3044 662 3098 utniihi
701 3044 1181 3098 condescendendo
1218 3041 1379 3112 343
1433 3057 1517 3096 me
1563 3042 1844 3105 exaudi-as,
1896 3059 1978 3111 qui

2151 3031 2274 3085 nodi
2300 3043 2473 3101 gentes
2519 3051 2852 3106 quascunque
2895 3037 3087 3104 fecisti,
3111 3052 3210 3106 per
3253 3053 3428 3090 meam
3471 3050 3677 3091 resurre-

441 3135 585 3188 niam
612 3149 730 3203 ego,
765 3132 855 3202 qui
913 3132 1055 3186 Deus
1097 3149 1212 3186 sum
1260 3143 1315 3186 et
1353 3133 1694 3202 omnipotens
1730 3135 2025 3187 secundum
2056 3125 2098 3184 C
2132 3123 2364 3177 CllOlieill
2389 3126 2668 3178 venientad
2695 3137 2740 3180 te
2767 3129 2892 3190 lide,
2915 3144 3036 3196 qua:
3062 3129 3370 3200 longinqua:
3392 3141 3508 3184 sunt
3535 3132 3677 3182 incre-

442 3227 718 3292 deitatem,
757 3242 876 3281 sum
931 3227 1228 3281 secundum
1296 3227 1693 3280 humanitatem
1748 3228 1917 3296 inaps,

2146 3213 2520 3269 itililate.1\’0n
2558 3227 2716 3271 vacat
2747 3234 2776 3271 a
2809 3221 3069 3288 pondere,
3107 3223 3253 3288 quod
3302 3223 3471 3292 punit,
3519 3221 3675 3288 {eris-ti.

441 3332 524 3374 est
586 3297 914 3374 iiisuﬂiciens
969 3319 1190 3372 alterius
1237 3333 1338 3387 ope
1382 3318 1621 3382 liberari,
1680 3320 1780 3373 nisi
1814 3330 1930 3384 tua;

2147 3305 2220 3359 Ac
2246 3306 2290 3358 si
2319 3306 2465 3360 dicat
2491 3323 2502 3358 :
2535 3307 2762 3376 Dignum
2787 3319 2868 3364 est
2895 3319 2951 3363 ut
2981 3311 3047 3363 ad
3089 3319 3140 3365 te
3190 3313 3430 3376 veniant,
3467 3327 3576 3365 cum
3605 3325 3676 3365 eas

439 3425 658 3479 pauper,
690 3407 742 3462 id
771 3418 853 3462 est
883 3407 1215 3462 insuﬂiciens
1269 3421 1371 3475 ope
1435 3423 1550 3460 mea
1584 3405 1850 3474 adjuvari,
1878 3408 1941 3460 Ει
1978 3410 2026 3461 in
2131 3397 2425 3451 creavcris.
2455 3398 2592 3464 Quid
2616 3400 2758 3452 enim
2787 3402 3186 3471 competentius
3207 3418 3370 3472 quam
3399 3414 3452 3454 ut
3472 3399 3678 3456 Creatori

443 3503 548 3558 hoc
573 3502 790 3564 exaudi,
818 3501 1028 3555 scilicet
1062 3500 1265 3554 custodi
1295 3501 1526 3553 animum
1578 3517 1769 3565 meum,
1823 3516 1890 3553 ne
1933 3501 1972 3554 dt

2147 3498 2376 3542 :reatura
2405 3489 2756 3556 subjiciatur?
2789 3491 2853 3544 Et
2883 3501 3173 3562 postquam
3219 3494 3487 3555 venerint,
3532 3506 3676 3544 coram

447 3579 594 3647 [fciat
621 3609 650 3645 a
676 3591 985 3658 sanctitate,
1042 3592 1235 3646 timore
1263 3592 1474 3656 mortis,
1535 3592 1783 3660 quoniam
1838 3609 1976 3647 l‘CVUl

2153 3598 2178 3633 ε
2218 3584 2534 3646 existentes,
2591 3583 2641 3636 id
2707 3593 2791 3638 est
2843 3585 2894 3637 in
2961 3586 3375 3654 heneplaccntia
3440 3594 3520 3638 tua
3572 3586 3675 3636 ade-

442 3695 654 3739 sanctus
673 3700 789 3738 sum
825 3686 953 3738 etin
981 3685 1306 3754 cogitatione
1351 3685 1481 3737 etin
1511 3699 1706 3752 opere;
1744 3694 1798 3738 et
1846 3702 2027 3741 resus-
2131 3671 2318 3722 νηίθιιηι
2373 3683 2442 3736 ιθ,
2493 3673 2546 3725 itl
2607 3685 2692 3727 erit
2751 3677 3158 3754 venerabuntur
3206 3688 3259 3731 te
3322 3679 3588 3732 devotione
3632 3685 3674 3728 et

444 3777 658 3831 citando
685 3777 882 3830 salvum
908 3793 991 3832 me
1011 3778 1098 3846 [ac
1119 3780 1186 3830 ab
1211 3779 1310 3830 hac
1338 3777 1652 3831 inﬁrmitate
1678 3777 1973 3837 liumanitat

2149 3762 2317 3815 iumili
2353 3765 2619 3819 oratione.
2673 3765 2739 3819 Et
2781 3768 2945 3821 etiam
2974 3753 3346 3838 glori/imbuat
3379 3769 3495 3822 aliis
3524 3783 3675 3821 nomen

445 3887 598 3934 mete,
627 3887 826 3925 servum
851 3881 1017 3934 tuum,
1054 3871 1194 3924 Deus
1231 3887 1407 3933 meus;
1436 3870 1748 3939 specialiter
1793 3872 1967 3940 quada

2145 3863 2302 3916 ‘aum,
2329 3855 2380 3909 id
2412 3868 2497 3910 eSt
2533 3861 2904 3926 praedicabunt
2962 3863 3377 3919 successoribus
3427 3861 3674 3933 gloriosqu

443 3965 703 4036 singulari
749 3965 1056 4019 ohedientia
1094 3978 1179 4017 inc
1213 3979 1416 4017 servant
1468 3964 1605 4025 dico,
1648 3974 1942 4034 sperantem

2144 3959 2250 3999 :ssc
2277 3961 2472 4000 nomen
2499 3959 2668 4002 tuum.
2707 3951 2906 4006 Versus
2938 3963 3122 4007 autem
3150 3954 3243 4023 qui
3274 3953 3418 4008 hunc
3445 3953 3673 4022 praecedit,

442 4066 512 4121 te,
540 4072 644 4110 non
680 4056 730 4110 iu
774 4055 955 4125 aliquo
986 4055 1091 4110 alio
1143 4055 1407 4124 adjutore.
1455 4055 1533 4109 Ac
1579 4056 1623 4109 si
1674 4058 1818 4110 dicat
1850 4074 1862 4109 :
1891 4057 2026 4111 Cum
2131 4043 2336 4100 5οηίοοῑ
2359 4048 2481 4102 Νοη
2504 4044 2868 4100 “lamin-imi
2895 4050 2945 4101 ίη
2973 4048 3244 4114 dit-siem"
3265 4065 3366 4118 Per
3388 4049 3674 4120 Ριιεποηιιιε·

441 4163 632 4203 servus
665 4157 786 4202 tuus
816 4149 941 4212 sim,
981 4148 1033 4201 in
1089 4146 1236 4200 nullo
1280 4147 1547 4200 resultans
1577 4156 1632 4202 et
1681 4149 1734 4202 in
1780 4150 2030 4204 omnibus
2131 4142 2234 4195 Sitit
2270 4143 2639 4212 iltlerpusilus.
2673 4143 2752 4220 sic
2789 4153 2909 4213 post
2937 4144 3080 4197 hunc
3117 4160 3335 4198 versum
3359 4147 3449 4216 qui
3473 4156 3546 4202 est
3570 4144 3672 4198 0m-

443 4241 537 4296 tibi
569 4241 845 4302 obedieus,
879 4248 931 4294 et
968 4254 1090 4293 cum
1123 4239 1173 4293 in
1214 4249 1262 4293 te
1283 4239 1397 4299 solo
1427 4255 1531 4293 non
1566 4240 1618 4293 in
1657 4241 1894 4310 quolibet
1922 4243 2029 4297 alio
2133 4250 2220 4288 tte-8
2251 4246 2448 4304 θεηιεε,
2476 4244 2605 4297 εισι,
2641 4235 2895 4304 legettdtts
2929 4246 3032 4290 cst--
3067 4237 3198 4291 Dico
3219 4239 3368 4306 quod
3393 4256 3554 4292 omnes
3574 4253 3675 4308 geu-

441 4349 671 4404 sperem,
697 4343 748 4388 et
777 4334 854 4388 sis
885 4333 1049 4396 Deus,
1077 4332 1165 4386 cui
1195 4331 1502 4403 specialiter
1524 4349 1632 4402 prae
1659 4335 1870 4390 caeteris
1904 4336 2032 4391 ohe-
2133 4338 2205 4381 tes
2237 4329 2305 4381 ad
2353 4339 2401 4380 te
2438 4329 2667 4393 venient,
2723 4329 2927 4383 relictis
2948 4329 3150 4392 ,idolis.
3204 4331 3275 4384 Et
3328 4332 3552 4386 merito:
3577 4329 3673 4384 Non

442 4428 554 4492 dio,
587 4427 805 4496 dignum
835 4435 916 4481 est
939 4433 997 4480 ut
1034 4425 1272 4480 animam
1301 4440 1478 4480 meam
1517 4427 1814 4495 custodias,
1845 4436 1906 4484 et
1943 4444 2030 4484 me
2062 4474 2106 4496 ﬁ
2133 4423 2277 4478 enim
2310 4435 2383 4478 est
2413 4425 2601 4478 similis
2629 4426 2708 4478 tui
2764 4426 2816 4479 in
2857 4435 3054 4480 natura
3097 4428 3300 4496 aliquis
3330 4429 3384 4482 in
3411 4429 3524 4488 diis,
3545 4425 3588 4480 id
3609 4435 3674 4477 est

445 4474 554 4492 --η
590 4474 805 4496 -.ῦ-------
839 4474 915 4481 η-
943 4474 997 4480 ν
1301 4474 1478 4480 -_-_-_-
1521 4474 1814 4495 -_---..._-.,
1855 4474 1905 4484 ν-
1943 4474 2030 4484 ...ν
2857 4474 3054 4480 __-_-___
3097 4474 3299 4496 _-_.,--._
3615 4474 3646 4477 ,ἡ

439 4519 648 4576 salvum
671 4519 861 4574 facias.
2057 4474 2106 4534 Β
2133 4519 2186 4573 in
2223 4519 2381 4574 idolis
2414 4533 2626 4582 eorum,
2661 4533 2782 4587 qua:
2808 4517 2945 4574 falso
2973 4519 3046 4573 dii
3077 4529 3279 4584 erunt;
3307 4530 3358 4574 et
3393 4537 3490 4573 non
3513 4530 3576 4573 est
3600 4517 3674 4569 ali-

512 4615 578 4668 Et
621 4614 740 4668 ideo
767 4615 943 4669 adhuc
973 4614 1216 4669 miserere
1239 4616 1358 4683 mei,
1417 4615 1791 4671 resuscitando
1825 4625 1881 4672 et
1929 4633 2027 4672 cu-
2133 4610 2255 4680 tltlis
2272 4624 2435 4676 agens
2463 4611 2750 4663 secundum
2771 4625 2928 4678 οΡενα
2953 4619 3066 4675 tua.
3100 4611 3152 4664 id
3174 4621 3257 4666 est
3285 4627 3518 4682 operans
3539 4610 3670 4663 mira-

441 4706 758 4773 stodiendo;
790 4709 1040 4776 quoniam
1079 4717 1188 4762 tota
1215 4709 1319 4774 die,
1362 4709 1521 4763 idest
1559 4709 1705 4762 omni
1749 4710 1855 4764 rita
1882 4725 2022 4776 mea,
2133 4703 2414 4768 biliter,ad
2433 4704 2647 4757 modum
2667 4703 3230 4774 mirabiliumoperum
3247 4698 3670 4780 tuorum.Sin_gu|a

440 4813 558 4868 quae
598 4797 744 4853 clara
773 4797 950 4853 fuitet
977 4800 1253 4867 splendida
1288 4801 1339 4852 in
1373 4801 1512 4854 bono
1536 4809 1592 4854 ut
1617 4801 1756 4869 dies,
1780 4801 2022 4869 clamavi,
2135 4797 2299 4867 igitur
2339 4795 2565 4866 singulis
2614 4795 2811 4862 reddit.
2866 4812 2990 4851 cum
3030 4797 3222 4852 add“:
3267 4799 3409 4852 Vere
3445 4797 3602 4852 "unus
3629 4794 3670 4844 ίκ

443 4889 499 4944 id
540 4897 626 4944 est
655 4887 897 4943 clamore
923 4889 1152 4962 intensge
1177 4892 1482 4946 devotionis
1510 4893 1616 4963 egi,
1649 4893 1716 4946 ad
1739 4904 1786 4948 te
1819 4894 2024 4964 adipis-
2132 4887 2234 4941 diis
2263 4897 2516 4956 operatur
2542 4891 2828 4940 secundum
2857 4904 3014 4956 opera
3056 4899 3181 4953 tua;
3209 4892 3459 4960 quoniam
3487 4901 3535 4941 tu
3559 4885 3671 4940 solus

438 4981 690 5036 cendum.
715 4980 802 5048 Et,
827 4995 922 5035 oro
949 4981 1134 5042 etiam,
1163 4982 1375 5050 Iani/ica
1402 4985 1634 5037 animum
1661 4999 1833 5038 meam
1856 4985 1908 5038 in
1938 4999 2023 5040 re-
2131 4996 2352 5049 magnus
2381 4996 2456 5046 es,
2481 4979 2535 5032 id
2569 4988 2648 5033 est
2673 4989 2865 5049 potens
2895 4990 2942 5032 et
2981 4980 3183 5049 {aciem
3226 4983 3488 5036 mirabilia
3523 4993 3666 5048 opera.

369 5074 372 5076 ’
440 5072 802 5136 surrectione,
835 5087 955 5140 quae
981 5073 1142 5126 modo
1169 5073 1339 5128 tristis
1367 5083 1451 5128 est
1478 5074 1529 5128 in
1559 5074 1831 5144 passione.
1866 5073 2022 5129 Larti—
2131 5071 2234 5141 lpsi
2267 5086 2393 5126 vero
2420 5084 2592 5139 neque
2621 5073 2822 5142 magni,
2857 5087 3034 5141 neque
3066 5073 3337 5128 mirabilia
3379 5084 3665 5142 operantrs:

440 5162 542 5229 [ica
577 5163 834 5245 animum,
860 5161 974 5217 fere
1010 5163 1150 5216 idem
1189 5172 1274 5218 est
1321 5165 1374 5219 in
1429 5165 1724 5231 sententia,
1776 5166 1919 5234 quod
1968 5175 2024 5220 et
2131 5163 2376 5218 etnullus
2399 5161 3547 5234 aﬂsimilstuiinnatura;quialusolus
3565 5162 3668 5214 licus

441 5250 644 5306 salvum
677 5253 762 5320 [ac
785 5268 991 5306 servum
1023 5261 1170 5306 tuum
1197 5271 1215 5318 ;
1242 5255 1345 5310 nisi
1370 5256 1536 5324 quod,
1569 5256 1694 5310 dum
1725 5255 1860 5311 dicit
1888 5256 2023 5310 livti-
2131 5271 2211 5319 es,
2230 5255 2475 5309 etnullus
2496 5270 2685 5310 eorum
2710 5255 2870 5310 Deus.
2889 5254 3223 5312 Oratatiteni
3244 5265 3336 5310 aut
3358 5272 3452 5326 pro
3467 5253 3668 5325 gentibus

447 5337 572 5404 ﬁcu.
601 5339 838 5392 ostendit
871 5339 937 5392 ad
966 5340 1293 5394 evidentiam
1332 5339 1642 5409 fragilitatis
1672 5355 1785 5395 suae
1812 5356 1872 5397 se
1893 5357 2023 5398 con-
2129 5354 2534 5418 convertendis,
2567 5353 2645 5408 sic
2677 5369 2693 5408 :
2728 5352 2858 5407 Dico
2899 5353 3042 5424 quod
3078 5348 3256 5423 gentes
3295 5355 3364 5406 ad
3397 5364 3443 5407 te
3484 5350 3666 5404 mm.

439 5430 718 5486 tristatum
753 5429 940 5487 fuisse.
975 5432 1105 5498 Oro,
1131 5433 1365 5500 lwtiﬁra.
1395 5433 1458 5485 Et
1486 5433 1709 5502 dignum
1747 5446 1864 5501 est;
1898 5437 2023 5504 quia
2130 5457 2183 5500 ei
2210 5459 2306 5512 pro
2334 5445 2431 5509 eis,
2482 5443 2709 5499 Domine
2746 5444 2928 5509 Pater,
2957 5444 3166 5500 scilicet
3204 5446 3374 5499 deduc
3409 5445 3469 5499 de
3507 5444 3670 5494 virtute

438 5538 544 5577 non
573 5524 813 5592 depressi
842 5526 1074 5579 animam
1115 5541 1284 5578 meam
1309 5526 1551 5580 vacando
1592 5526 1737 5581 vitiis
1776 5536 1831 5582 et
1870 5529 2024 5584 malis
2135 5536 2188 5589 in
2216 5535 2469 5589 virtutem
2496 5551 2602 5602 me,
2634 5536 2687 5590 id
2721 5547 2805 5590 est
2840 5537 2984 5606 ipsas
3016 5547 3200 5607 .gentes
3235 5552 3382 5591 meas
3406 5536 3594 5589 futuras
3627 5530 3666 5579 iu

437 5617 692 5686 operibus
717 5635 729 5670 :
761 5617 855 5673 sed
885 5617 1082 5682 levavi,
1109 5617 1161 5671 id
1197 5627 1281 5670 est
1311 5617 1596 5674 sublimari
1644 5620 1696 5675 in
1729 5620 2022 5676 virtutibus
2133 5627 2220 5682 via
2263 5637 2354 5680 tua
2379 5627 2605 5696 positas,
2634 5627 2684 5682 id
2711 5632 2797 5684 eSt
2823 5629 2877 5684 in
2924 5628 3032 5682 llde
3059 5639 3114 5684 et
3139 5629 3441 5699 cognitione
3469 5626 3555 5688 tui,
3591 5632 3666 5690 per

415 5719 491 5764 .et
515 5709 670 5780 bonis
697 5711 950 5781 operibus
971 5711 1040 5764 ad
1064 5721 1110 5764 te
1137 5713 1576 5780 promeremlum.
1610 5715 1672 5770 Et
1706 5730 1811 5771 non
1841 5717 2012 5773 solum
2125 5731 2290 5786 quam
2314 5717 2382 5772 ad
2421 5725 2471 5770 te
2507 5719 2738 5785 venient;
2771 5728 2819 5774 et
2865 5719 3152 5789 ingrediar,
3193 5720 3246 5774 id
3272 5729 3356 5775 est
3395 5714 3662 5786 ingredian-
