3840 6338
171 364 284 420 1095

1056 357 1419 416 EXPOSITIO
1458 357 1523 411 ΙΝ
1565 353 1973 409 ΡΞΜΛΞΟὸρη
1999 353 2188 409 PSAL.
2234 355 2515 411 LXXXVI.

3264 369 3400 425 ιοθι

169 496 243 539 ιω.
264 477 357 534 πηοί
384 476 448 531 ad
500 472 663 528 vitam
720 482 878 544 pOSlll
924 490 978 527 in
1022 475 1238 528 veritate
1269 483 1370 529 tua
1410 474 1483 537 ,id
1542 480 1626 525 est
1669 472 1719 524 in
1752 477 1794 530 Λ
1828 476 1988 531 strat,
2024 467 2103 521 sic
2139 485 2151 521 ε
2189 468 2348 523 Oravi
2394 479 2465 533 te,
2525 472 2750 531 Domine
2808 477 2988 543 Pater,
3018 496 3118 551 pro
3149 484 3402 551 gentibus

167 572 285 628 veris
307 566 581 638 praeceptis
610 565 743 628 tuis;
774 564 858 617 vel
912 564 1304 633 ingrediantur,
1359 565 1410 618 id
1454 575 1539 617 est
1581 576 1706 631 pro—

166 667 446 716 moveantur
468 658 519 710 in
548 656 692 710 veris
717 655 1003 724 praeceptis
1033 655 1157 708 luis.
1198 654 1264 707 Et
1289 655 1341 707 in
1378 656 1477 708 hac
1530 652 1702 706 dedu-

165 753 312 806 ctione
348 756 396 803 et
426 748 756 815 ingressione
798 745 1005 798 lwtetur
1042 760 1131 797 cor
1180 762 1372 808 meum,
1402 744 1451 797 id
1485 752 1567 797 est
1610 758 1705 796 cor

162 857 393 905 meorum,
432 840 640 894 scilicet
685 853 789 891 non
822 837 1215 891 contristentur
1261 837 1313 889 in
1346 836 1705 905 completione

161 941 512 1003 praeceptorum
542 939 782 991 tuorum,
816 928 910 982 sed
939 918 1225 992 laetentur;
1277 942 1380 980 non
1413 926 1490 999 sic
1524 936 1700 979 tamen

160 1034 206 1077 ut
230 1024 337 1076 inde
357 1021 689 1091 superbiant,
714 1019 806 1073 sed
836 1019 914 1072 sic
943 1028 1001 1070 ut
1041 1018 1243 1082 timeat,
1294 1017 1348 1071 id
1386 1025 1471 1070 est
1497 1015 1602 1069 mei
1636 1015 1703 1068 Ii-

158 1122 309 1170 meant
339 1129 519 1165 nomen
556 1121 723 1175 tuum,
755 1112 897 1179 quod
938 1122 1021 1163 eSt
1050 1109 1332 1173 Dominus,
1375 1107 1585 1161 scilicet
1636 1106 1703 1159 ti-

157 1214 308 1260 meant
335 1206 430 1258 hoc
463 1204 605 1272 quod
649 1204 963 1271 designatur
1009 1200 1064 1253 in
1129 1209 1181 1254 te
1220 1215 1317 1269 per
1354 1200 1456 1253 hoc
1504 1213 1697 1251 nomen

155 1296 269 1364 quod
287 1307 363 1348 est
390 1294 671 1347 Dominus.
711 1292 930 1347 Scilicet
961 1302 1013 1345 te
1041 1291 1467 1359 omnipotentem
1500 1304 1619 1343 esse
1645 1296 1701 1341 et

154 1386 371 1447 ultorem,
416 1384 630 1453 quieos
668 1382 859 1452 punics
894 1383 939 1436 si
971 1381 1358 1450 superbierint.
1396 1379 1549 1434 Unde
1595 1379 1700 1434 Do-

152 1479 297 1531 minus
331 1494 422 1547 per
462 1477 782 1546 Pmphetam
810 1476 939 1528 dicit
970 1493 982 1528 :
1019 1493 1037 1525 ι
1068 1474 1124 1528 Si
1155 1474 1317 1527 Pater
1351 1482 1528 1527 vester
1554 1487 1695 1539 sum,

151 1571 219 1623 ubi
259 1586 399 1622 amor
420 1571 612 1624 meus?
643 1570 686 1623 si
722 1570 878 1631 Deus,
911 1568 1000 1622 ubi
1038 1567 1252 1623 honor?
1309 1567 1356 1621 si
1410 1566 1691 1631 Dominus,

151 1661 218 1713 ubi
248 1661 431 1715 timori?
458 1660 635 1729 (Μαίη
662 1677 701 1722 ι,
734 1660 812 1729 6.)
832 1679 849 1710 ι

204 1751 514 1803 Enuntiatau
525 1760 632 1804 tem
650 1750 888 1803 futurum
904 1749 1046 1818 quod
1062 1749 1257 1814 oravit,
1276 1764 1398 1803 cum
1418 1748 1686 1817 adjungit:

1810 553 2114 621 salvandis;
2168 556 2291 611 volo
2342 558 2506 611 etiam
2534 568 2586 613 te
2604 576 2762 617 orare
2798 580 2896 633 pro
2940 566 3139 636 iniquis
3177 569 3399 629 Judacis.

1809 644 1875 696 Et
1904 646 2033 699 utile
2057 646 2277 714 quidem
2319 648 2398 702 eis
2429 658 2512 702 est
2559 658 2618 704 ut
2666 667 2762 720 pro
2786 654 2916 722 ipsis
2962 673 3141 723 orem.
3169 677 3201 715 ο
3233 665 3395 719 Deus.

1812 732 1952 786 Nam
1998 735 2185 805 iniqui,
2239 737 2394 791 idest
2450 740 2688 794 minores
2737 742 2790 795 in
2831 747 3027 813 populo
3056 748 3392 816 Judanorutn,

1806 840 1914 878 non
1944 842 2010 881 ex
2049 829 2247 882 merito
2280 844 2401 883 meo
2438 833 2531 885 sed
2561 847 2625 885 ex
2659 834 2945 902 iniquit.;te
2976 853 3071 891 sua
3101 841 3397 897 insurrexe—

1807 926 1925 967 runt
1962 917 2014 968 in
2067 934 2167 983 me,
2217 918 2572 974 inclamautes
2616 922 2882 996 Cruciligc
2935 927 3116 996 (lam.
3175 947 3285 995 xix,
3313 936 3392 1001 6),

1803 1015 1859 1060 et
1886 1016 2079 1062 extera
2113 1011 2265 1077 talia;
2302 1023 2347 1065 et
2375 1013 2655 1084 Synigoga
2701 1020 3007 1084 potentium,
3062 1020 3113 1073 id
3164 1030 3245 1075 est
3266 1038 3391 1078 con-

1804 1097 2051 1165 grcgatio
2099 1100 2411 1167 pontiﬁcum
2458 1110 2513 1155 et
2542 1112 2859 1159 cmterorum
2895 1107 3219 1180 principum,
3255 1128 3393 1182 quir-

1801 1185 2001 1236 sierunt
2056 1188 2286 1240 animum
2344 1206 2511 1242 meant
2554 1192 2811 1256 auferre,
2864 1206 2910 1248 et
2957 1214 3058 1251 non
3109 1217 3392 1268 proposue-

1803 1288 1924 1330 runt
1980 1287 2029 1332 te
2076 1280 2304 1335 ultorem
2365 1282 2603 1338 futurum
2668 1299 2788 1341 ante
2851 1304 3183 1359 conspectum
3208 1314 3384 1362 suum,

1803 1369 2011 1424 scilicet
2043 1387 2148 1425 non
2196 1387 2597 1442 proposuerunt
2628 1389 2755 1434 ante
2785 1393 3138 1451 conspectum
3192 1388 3391 1442 mentis

1801 1476 1912 1515 sua:
1945 1471 1995 1517 te
2022 1463 2100 1517 sic
2125 1465 2319 1519 debere
2351 1466 2555 1532 ulcisci,
2594 1473 2719 1538 quia
2766 1488 2833 1527 ex
2875 1464 3160 1543 iniquitate
3202 1480 3253 1531 in
3300 1495 3388 1534 me

1799 1549 2233 1620 insurrexerunt,
2284 1558 2425 1625 quod
2490 1561 2675 1628 utique
2742 1577 3043 1632 proponere
3100 1565 3383 1622 deberent.

1805 1640 1869 1695 Et
1920 1654 1998 1707 tu,
2049 1644 2293 1709 Domine,
2354 1664 2458 1701 non
2527 1650 2652 1706 iniie
2711 1651 2855 1721 juste
2916 1658 3131 1725 punias,
3186 1660 3281 1713 sed
3327 1669 3385 1713 ut

1798 1748 1922 1801 pars
1973 1750 2161 1789 eorum
2206 1738 2481 1805 salvetur,
2536 1749 2620 1806 tu,
2687 1744 2913 1798 Domine
2988 1744 3161 1810 L‘cus,
3227 1751 3385 1802 mise-

148 1841 232 1907 Οω
251 1851 302 1894 ιιι
331 1842 429 1895 mei
485 1842 827 1895 deducantur
870 1852 923 1895 et
956 1842 1183 1895 timeant
1229 1850 1301 1905 te,
1337 1850 1392 1895 et
1441 1843 1512 1895 ita
1542 1841 1688 1894 erit:

1798 1826 1959 1879 ricors
1988 1826 2148 1898 345
2179 1829 2229 1881 in
2256 1841 2479 1895 natura;
2501 1843 2547 1885 et
2578 1834 2873 1900 miserator,
2908 1839 3200 1891 secundum
3231 1840 3388 1894 exhi-

147 1933 317 1987 scilicet
345 1933 647 2001 Confitebor
674 1934 787 1998 tibi,
822 1934 1041 1987 Domine
1071 1933 1213 1987 Deus
1281 1951 1448 1999 meus,
1497 1935 1550 1988 id
1611 1943 1694 1989 est

146 2038 242 2076 cum
266 2025 334 2077 sis
362 2025 622 2078 Dominus
646 2035 698 2078 et
733 2026 871 2079 Deus
896 2040 1163 2089 meorum,
1187 2026 1290 2079 mei
1320 2024 1610 2078 laudabunt
1641 2034 1691 2078 te

143 2112 466 2181 intotoeorde
516 2130 655 2179 meo,
710 2114 762 2167 id
796 2123 877 2168 est
931 2114 983 2166 in
1018 2122 1128 2167 tota
1180 2113 1461 2168 affectione
1510 2114 1690 2169 cordis

142 2204 207 2257 sui
232 2222 243 2257 :
269 2206 468 2260 scilicet
532 2214 592 2257 ut
620 2220 724 2258 non
754 2206 806 2258 in
836 2214 990 2273 parte
1015 2206 1106 2259 tibi
1131 2215 1345 2271 vacent,
1375 2207 1506 2260 etin
1535 2216 1691 2275 parte

142 2297 425 2359 mundanis;
456 2298 555 2351 sed
584 2312 647 2351 ex
686 2306 799 2351 toto
836 2307 887 2351 te
917 2297 1212 2350 laudabunt
1242 2307 1351 2352 tota
1380 2297 1683 2353 affectione.

140 2386 192 2439 Et
224 2387 536 2457 glori/icabo,
596 2388 645 2441 id
675 2398 759 2442 est
805 2388 1097 2459 gloriosum
1156 2389 1523 2459 prmdicabunt
1569 2389 1689 2444 aliis

138 2494 290 2531 nomen
315 2490 478 2543 tuum,
512 2488 570 2532 ct
598 2480 698 2532 hoc
727 2481 781 2531 in
803 2490 1076 2532 wlernum.
1112 2478 1224 2533 lloe
1254 2488 1431 2532 autem
1459 2479 1578 2532 ideo
1604 2493 1687 2532 re-

137 2571 260 2636 petit,
291 2581 344 2623 ιιι
371 2572 538 2625 addat
572 2585 586 2623 :
625 2570 818 2625 Merito
847 2570 1229 2641 glorificabunt
1258 2585 1453 2625 nomen
1511 2580 1682 2636 tuum,

135 2670 176 2712 et
195 2661 579 2717 conﬁtebuntur
601 2663 694 2717 tibi
720 2664 770 2715 in
814 2672 927 2717 toto
950 2664 1148 2729 corde;
1180 2664 1301 2733 quia
1326 2652 1683 2716 misericordia

135 2759 203 2801 tua
223 2767 396 2821 magna
422 2764 496 2807 est
524 2769 681 2823 super
704 2768 785 2806 me
826 2753 899 2819 ,id
949 2764 1033 2807 est
1083 2770 1264 2818 meos;
1292 2754 1503 2808 scilicet
1555 2754 1682 2822 quia

132 2838 238 2906 ipsis
264 2842 388 2895 meis
416 2840 673 2897 confcres
697 2858 796 2911 per
825 2842 1254 2896 misericordiam
1294 2853 1438 2896 tuam
1486 2857 1681 2910 magna

132 2926 374 2994 beneﬁcia,
401 2930 732 2985 illustrando
755 2945 848 2983 eos
878 2931 1170 2985 virtutibus
1215 2940 1270 2984 et
1319 2932 1476 2984 bonis
1505 2931 1682 2999 operi-

129 3018 223 3071 bus.
252 3020 311 3073 Et
334 3021 481 3089 prius
518 3021 704 3073 eruisti
727 3021 958 3073 animum
1000 3037 1169 3074 meam
1219 3020 1510 3089 exinferno
1542 3021 1678 3089 infe-

131 3110 235 3161 riori
267 3112 334 3175 ,id
356 3122 439 3166 est
464 3127 632 3165 erues
681 3112 918 3166 animam
956 3128 1198 3167 meorum
1229 3129 1293 3167 ex
1335 3115 1679 3182 corruptione

1795 1916 2060 1971 bitionem
2094 1921 2511 1986 misericordiic;
2546 1934 2599 1979 et
2618 1927 2843 1991 patiens,
2868 1928 3229 1997 exspectando
3260 1934 3407 2000 pec-‘

1794 2018 2026 2071 calores,
2061 2027 2167 2066 non
2195 2015 2379 2068 statim
2413 2017 2674 2084 puniens;
2707 2028 2752 2070 et
2785 2018 2962 2073 maltw
2985 2021 3382 2087 misericordiw,

1791 2101 2144 2157 condonando
2176 2116 2396 2172 peccata
2428 2109 2731 2172 conversis;
2768 2120 2814 2162 et
2846 2126 3025 2176 verax,
3063 2112 3382 2181 complendo

1790 2192 1972 2244 omnia
2004 2208 2123 2261 qua:
2154 2197 2427 2263 promittis
2456 2216 2468 2250 :
2502 2200 2625 2268 quia
2670 2200 2877 2256 scilicet
2911 2218 3068 2256 verax
3094 2219 3172 2268 es,
3204 2213 3258 2257 et
3296 2220 3382 2259 me

1790 2284 2106 2338 salvandum
2152 2294 2207 2340 et
2249 2288 2659 2356 gloriﬁcandnm
2704 2294 3041 2359 promiseris,
3089 2282 3381 2365 respice'in

1788 2391 1891 2438 me,
1924 2376 2017 2428 tibi
2048 2392 2220 2445 usque
2253 2380 2320 2432 ad
2352 2389 2581 2435 mortem
2611 2383 2971 2450 obedientem,
2999 2396 3044 2437 et
3072 2387 3150 2439 sic
3179 2393 3249 2439 da
3276 2389 3377 2440 im-

1787 2467 1989 2534 perium
2030 2469 2193 2523 totius
2229 2471 2435 2530 mundi.
2473 2472 2603 2526 mihi
2636 2490 2818 2542 puero,
2860 2475 2910 2527 id
2939 2486 3025 2529 est
3069 2491 3227 2551 servo
3265 2488 3377 2543 tuo,

1786 2556 1840 2610 in
1872 2558 2018 2612 nullo
2043 2559 2137 2613 tibi
2168 2562 2474 2627 resultanti,
2500 2574 2549 2616 et
2581 2575 2736 2618 antea
2763 2581 2925 2635 quam
2952 2568 3046 2622 des
3073 2568 3379 2637 imperium,

1784 2661 1907 2716 post
1937 2661 2045 2705 tres
2076 2650 2191 2707 dies
2225 2652 2427 2730 saluum
2461 2654 2547 2723 [ac
2577 2672 2606 2708 a
2640 2667 2814 2710 morte
2842 2658 3013 2726 ﬁlium
3034 2660 3254 2714 'ancillw
3274 2671 3380 2715 tua:

1784 2740 1989 2795 Mariae.
2037 2742 2116 2797 Ac
2160 2743 2205 2797 si
2251 2744 2397 2799 dicat
2437 2763 2451 2799 :
2503 2746 2618 2800 Non
2664 2748 2838 2803 solum
2886 2750 2990 2804 hoc
3035 2764 3381 2819 promeretur

1782 2831 2089 2886 obedientia
2122 2848 2240 2888 mea
2272 2844 2327 2888 ut
2357 2851 2443 2889 me
2472 2824 2792 2901 salves,sed
2824 2848 2877 2892 et
2903 2840 3211 2894 obedientia
3258 2857 3373 2895 ma-

1786 2923 1883 2976 tris
1932 2939 2097 2989 nicae;
2146 2925 2232 2979 cui
2267 2940 2387 2979 cum
2420 2942 2515 2996 per
2541 2926 2850 2982 Gabrielem
2880 2930 3197 2985 mandasses
3222 2934 3377 3001 quod

1781 3028 1868 3067 nte
1911 3016 2257 3083 conciperet,
2298 3032 2404 3071 non
2454 3018 2726 3073 incredula
2764 3036 2939 3089 neque
2986 3020 3230 3088 rebellis,
3277 3025 3375 3079 sed

1780 3107 2041 3161 obediens
2072 3106 2212 3161 facta
2241 3118 2297 3163 et
2332 3108 2503 3164 fidelis
2530 3128 2542 3163 :
2573 3127 2709 3176 ecce,
2745 3112 2938 3182 inquit,
2978 3113 3030 3168 id
3062 3124 3147 3169 est
3182 3125 3372 3185 parata

128 3199 362 3264 excitatis,
393 3216 521 3270 qua:
546 3200 767 3255 inferior
798 3200 1063 3269 infernus,
1111 3203 1162 3256 id
1200 3214 1285 3257 est
1330 3204 1510 3258 imitas
1552 3218 1679 3257 con-
1709 3180 1752 3241 (ἶ
1786 3215 1929 3267 sum,
1962 3201 2156 3254 ancilla
2196 3218 2429 3272 namque
2457 3203 2672 3258 Domini
2711 3221 2829 3260 sum
2862 3206 3012 3276 (an.
3045 3224 3083 3275 ι,
3114 3210 3228 3279 58),
3260 3218 3368 3264 etc.

126 3304 229 3358 grue
248 3292 457 3359 dicitur,
481 3303 752 3362 quantum
776 3294 841 3347 ad
860 3297 1263 3364 corrUptionem
1286 3296 1549 3364 corporis,
1577 3297 1679 3350 sci-

126 3379 490 3452 licetquautum
525 3386 591 3440 ad
607 3386 1019 3455 passibilitatem
1045 3396 1100 3441 et
1121 3388 1675 3443 mortalitatem.Cum

126 3473 239 3526 enim
265 3478 537 3546 corruptio
584 3478 857 3545 corporis,
882 3480 1026 3547 quod
1061 3479 1336 3550 indignius
1363 3490 1446 3535 est
1475 3482 1528 3534 in
1579 3482 1676 3536 ho-

124 3566 254 3630 mine,
271 3568 386 3636 jure
412 3572 659 3626 infernus
684 3572 919 3637 dicatur,
958 3573 1008 3627 id
1031 3583 1114 3628 est
1140 3574 1319 3630 imitas
1344 3585 1396 3629 et
1426 3575 1672 3643 dejectio,

124 3661 467 3716 convenienter
487 3661 688 3715 anima:
718 3664 995 3730 corruptio
1015 3678 1109 3731 per
1139 3665 1443 3719 caecitatem
1477 3666 1676 3721 dicitur

123 3745 307 3804 inferior
354 3753 635 3816 infernus,
692 3754 744 3808 id
791 3762 876 3808 est
927 3754 1152 3809 inferior
1181 3757 1428 3825 dejectio.
1461 3757 1674 3824 Quanto

122 3841 236 3895 enim
261 3859 340 3899 res
361 3846 580 3917 dignior
609 3846 855 3910 etaltior,
886 3855 1036 3902 tanto
1054 3847 1169 3916 ejus
1196 3847 1427 3915 dejectio
1449 3850 1674 3904 inferior

121 3942 161 3983 et
180 3936 396 4002 gravior.
430 3938 531 3992 llic
557 3939 722 4007 igitur
749 3939 891 3992 Deus
916 3940 1101 3995 ﬁdeles
1129 3957 1255 3997 suos
1278 3945 1343 3997 de
1365 3944 1568 4014 inferno
1592 3948 1672 3999 in-

120 4018 265 4084 feriori
284 4025 495 4092 liberat,
523 4027 577 4080 id
600 4036 683 4081 est
709 4042 894 4082 eorum
922 4030 1182 4092 animam,
1205 4033 1356 4101 prius
1380 4049 1476 4102 per
1516 4036 1673 4091 eieci-

120 4119 254 4167 tatem
279 4128 613 4187 corruptam,
647 4102 873 4189 spiritali
904 4122 1076 4191 gratia
1109 4124 1366 4179 illustrat.
1403 4126 1457 4180 ln
1487 4125 1670 4183 futuro

117 4218 221 4260 vero
242 4209 301 4263 de
323 4210 537 4264 inferno
564 4212 810 4279 corporis
836 4228 927 4267 eos
952 4215 1164 4283 eripiet,
1194 4232 1314 4271 cum
1340 4218 1671 4275 immortales

118 4296 537 4369 etimpassibiles
587 4301 767 4356 faciet.
798 4303 894 4357 Vel
943 4304 1021 4358 sic
1078 4305 1179 4360 iste
1232 4322 1419 4362 versus
1474 4308 1671 4377 legitur

117 4392 495 4457 competentius,
528 4400 587 4446 ut
603 4393 668 4445 ad
688 4392 961 4447 Christum
982 4394 1275 4451 referatur:
1304 4397 1432 4453 Dico
1447 4403 1670 4455 conﬁtc-

115 4476 281 4535 buntur
305 4484 432 4551 tibi,
461 4495 510 4538 et
540 4485 909 4555 gloriﬁcabunt
928 4504 1111 4542 nomen
1140 4501 1309 4548 tuum.
1334 4493 1400 4546 Et
1421 4494 1520 4547 hoc
1547 4494 1668 4547 inde

115 4571 348 4640 continget
376 4575 504 4642 quia
539 4590 728 4643 magna
756 4583 852 4641 est,
907 4576 957 4629 id
991 4586 1075 4631 est
1122 4580 1250 4643 erit,
1300 4582 1664 4636 misericordia

114 4668 186 4712 tua
204 4677 349 4731 super
376 4682 478 4731 me,
518 4675 580 4719 ut
609 4666 739 4720 mihi
767 4672 1130 4724 constantiam
1176 4672 1272 4727 des
1305 4673 1357 4726 in
1389 4675 1662 4743 passione,

112 4759 153 4802 ει
179 4768 283 4821 post
305 4775 521 4815 omnem
553 4763 810 4817 mundum
848 4764 1038 4817 ditioni
1090 4779 1225 4818 mea:
1276 4765 1557 4836 subjicias.
1612 4777 1667 4822 et

113 4840 252 4901 dones
284 4852 410 4907 mihi
443 4868 640 4908 nomen
673 4857 817 4924 quod
855 4866 940 4911 est
966 4872 1128 4926 super
1155 4876 1314 4916 omne
1346 4877 1563 4915 nomen.
1594 4862 1663 4916 Et

109 4938 278 5005 eruisti,
306 4942 356 4997 id
371 4954 634 5000 esterues
663 4949 894 5001 animum
918 4966 1083 5002 meant
1107 4952 1388 5022 exin/eruo
1406 4955 1662 5023 inferiori,

110 5023 162 5074 ad
184 5040 328 5094 quem
353 5034 667 5099 descendet,
702 5048 759 5090 ut
790 5038 916 5092 inde
964 5039 1151 5096 ﬁdeles
1175 5043 1226 5097 in
1269 5047 1508 5102 tenebris
1536 5051 1654 5103 exi-

108 5122 281 5175 stentes
308 5127 578 5179 extrahat.
612 5128 862 5186 infernus
903 5130 1129 5187 inferior
1177 5150 1416 5200 congrue
1463 5141 1658 5195 dicitur

108 5200 317 5266 infernus
342 5215 431 5270 ille
454 5216 643 5272 localis
672 5221 738 5274 ad
770 5224 1231 5291 comparationem
1275 5228 1435 5297 hujus
1465 5231 1652 5285 mundi

107 5299 178 5362 qui
201 5308 439 5371 superior
469 5319 553 5363 est
583 5320 636 5364 et
688 5323 864 5367 tamen
921 5315 1166 5372 infernus
1212 5319 1415 5374 dicitur
1450 5322 1521 5383 ,id
1572 5335 1656 5377 est

108 5383 222 5444 imus
238 5404 289 5448 et
308 5397 551 5465 dejectus
581 5403 646 5457 ad
675 5407 1133 5475 comparationem
1172 5413 1368 5480 patriae
1388 5416 1649 5483 etnlestis,

107 5490 206 5544 qua:
231 5484 446 5543 dicenda
470 5503 553 5545 est
579 5510 733 5548 mons
758 5494 977 5551 iretitire.

163 5568 276 5628 Post
294 5582 593 5637 orationem
628 5588 692 5640 de
733 5590 1004 5658 gentibus,
1062 5593 1223 5647 etiam
1258 5595 1323 5650 de
1374 5597 1654 5671 insurgen-

109 5660 228 5758 tibus
247 5668 296 5722 in
318 5689 441 5728 eum
469 5675 666 5733 Judzeis
694 5696 852 5737 orare
887 5683 1137 5738 intendit.
1164 5686 1269 5742 Sed
1299 5699 1355 5744 ut
1391 5709 1487 5746 sua
1532 5711 1651 5750 ora.-

111 5758 232 5810 tione
252 5775 405 5831 egere
433 5767 699 5839 intendat,
735 5774 884 5843 prius
907 5789 999 5831 eos
1025 5777 1317 5847 cu‘pabiles
1346 5797 1464 5841 esse
1498 5801 1653 5843 mon-

1696 4543 1745 4601 D

1782 3292 1849 3345 Et
1875 3308 1981 3347 non
2010 3294 2091 3347 sic
2119 3308 2205 3348 tne
2236 3294 2411 3349 salves
2441 3311 2470 3349 a
2499 3306 2693 3363 morte,
2729 3308 2785 3350 ut
2810 3298 2912 3352 hoc
2940 3298 3134 3365 lateat;
3165 3300 3372 3355 inutilis
3396 3316 3407 3321 ‘

1779 3384 1923 3438 enim
1967 3385 2168 3439 mundo
2203 3395 2347 3441 esset
2386 3388 2710 3443 resurrectio
2740 3405 2877 3444 mea.
2913 3391 3018 3445 Sed
3051 3392 3175 3461 quia
3212 3393 3369 3446 mise-

1780 3475 1942 3529 ricors
1972 3490 2032 3529 es
2057 3484 2113 3530 et
2147 3477 2420 3531 miserator
2449 3486 2504 3531 et
2538 3478 2740 3548 patiens
2771 3490 2817 3533 et
2857 3481 3033 3535 multa:
3062 3482 3363 3536 misericor-

1778 3566 1900 3633 diw,
1932 3568 2018 3636 [ac
2052 3585 2255 3622 mecum
2297 3570 2503 3639 signum
2535 3572 2948 3626 resurrectionis
2994 3574 3049 3626 in
3096 3574 3248 3626 bono.
3299 3574 3368 3629 Et

1776 3658 1914 3714 bene
1945 3660 2096 3727 ponit
2142 3678 2364 3726 mecum,
2402 3671 2461 3716 ut
2505 3678 2563 3718 se
2595 3664 2783 3718 innuat
2811 3681 2931 3719 esse
2974 3665 3161 3720 Deum.
3196 3668 3361 3734 Quasi

1778 3750 1982 3804 diceret
2013 3769 2024 3804 :
2058 3751 2196 3820 Ego,
2227 3754 2524 3808 secundum
2556 3756 2697 3824 quod
2722 3755 2860 3811 Deus
2890 3773 3030 3824 sum,
3063 3757 3260 3814 faciam
3291 3762 3369 3815 si-

1774 3858 1937 3912 gnum
1966 3846 2403 3911 resurrectionis,
2431 3847 2482 3900 id
2507 3856 2590 3902 est
2617 3848 2916 3905 mirabilem
2944 3860 2997 3903 et
3021 3850 3365 3908 manifestam

1777 3936 2252 3991 resurrectionem.
2280 3939 2504 4008 Signum
2534 3940 2732 4010 quippe
2761 3956 2859 4011 pro
2889 3942 3149 3997 miraculo
3181 3944 3369 4013 sumis-

1774 4028 1908 4081 sime
1933 4030 2172 4098 ponitur.
2204 4030 2331 4084 Dico
2361 4031 2502 4100 quod
2533 4030 2726 4086 faciam
2760 4034 2970 4104 signum
3008 4038 3356 4090 resurrectio-

1774 4121 1879 4185 nis,
1913 4121 2100 4177 ethoc
2133 4123 2339 4192 signant
2371 4122 2475 4177 erit
2520 4124 2574 4177 in
2619 4124 2772 4189 bona,
2809 4126 2861 4179 id
2906 4134 2986 4179 est
3031 4127 3083 4179 in
3132 4128 3364 4183 utilitate

1771 4209 2079 4267 Judtcorum
2124 4223 2179 4268 et
2226 4215 2465 4281 gentium
2514 4215 3027 4270 convertendorum.
3073 4216 3215 4272 Vel:
3259 4233 3359 4288 ego

1770 4303 1991 4368 faciam,
2039 4304 2091 4357 id
2138 4313 2220 4358 est
2251 4303 2529 4373 complebo
2574 4306 2783 4374 signum
2832 4305 3002 4370 Jonm,
3050 4306 3256 4362 scilicet
3303 4318 3361 4363 ut

1770 4393 1910 4447 sicut
1954 4393 2118 4446 Jonas
2163 4394 2250 4447 die
2286 4394 2439 4447 tertia
2470 4396 2559 4449 de
2586 4404 2772 4449 ventre
2813 4396 2921 4449 ceti
2969 4412 3221 4467 egressus
3254 4410 3356 4465 est,

1773 4486 1845 4538 ita
1873 4500 1971 4555 ego
1995 4486 2081 4541 die
2109 4486 2264 4539 tertia
2297 4501 2515 4540 carnem
2547 4503 2719 4541 meam
2753 4488 2819 4542 de
2848 4488 3094 4558 sepulcro
3128 4492 3359 4545 resusci-

1774 4585 1935 4632 tatam
1980 4578 2163 4648 egredi
2210 4577 2404 4632 faciam
2438 4579 2651 4651 (Matth.
2686 4596 2782 4642 xu,
2814 4580 2926 4649 40).
2968 4600 2985 4631 ι
3024 4581 3354 4639 Potestatem

1768 4670 1913 4724 enim
1947 4669 2123 4724 habeo
2156 4671 2392 4740 ponendi
2419 4672 2656 4725 animam
2693 4687 2892 4739 meam,
2924 4683 2979 4727 et
3016 4674 3213 4730 iterum
3258 4692 3354 4731 su-

1768 4761 1946 4815 nzendi
1976 4760 2157 4831 (Joan.
2180 4779 2233 4826 χ,
2262 4762 2371 4833 18).
2406 4782 2425 4814 ι
2459 4762 2589 4819 Dico
2615 4764 2759 4833 quod
2790 4779 2889 4834 ego
2917 4764 3112 4820 faciam
3140 4768 3352 4839 signum

1767 4851 1819 4905 in
1856 4852 2034 4918 bono;
2068 4863 2115 4906 et
2164 4864 2218 4905 tu
2264 4853 2423 4907 l’ater
2454 4853 2543 4922 [ac
2588 4872 2809 4922 mecunt,
2843 4858 2894 4912 id
2934 4868 3018 4913 est
3061 4875 3356 4930 cooperare

1766 4958 1888 4998 cum
1920 4953 2111 5000 sancto
2145 4944 2346 5013 Spiritu
2394 4946 2495 5000 hoc
2524 4946 2729 5017 signant
2772 4950 2823 5001 in
2860 4949 3012 5015 bono,
3060 4962 3115 5002 ut
3149 4952 3351 5005 rideant

1770 5034 1891 5097 ﬁde,
1919 5036 2209 5089 secundum
2229 5046 2436 5105 partem
2468 5038 2845 5095 salvandorum
2877 5043 2965 5096 dic
2988 5066 3016 5098 ›.
3047 5043 3235 5104 Judaei,
3262 5044 3353 5113 qui

1767 5142 1848 5178 me
1874 5127 2116 5191 oderunt,
2143 5128 2385 5197 quoniam
2409 5137 2486 5191 tu,
2511 5127 2751 5195 Domine,
2777 5131 2967 5199 adjuri.
2984 5132 3024 5184 ti
3050 5148 3149 5196 me,
3174 5143 3218 5185 et
3244 5134 3348 5187 hoc

1768 5214 1926 5268 modo
1970 5215 2219 5284 adjuvisti
2260 5216 2402 5284 quod
2444 5217 2741 5271 consolatus
2782 5235 2833 5270 es
2873 5236 2951 5272 rue
3006 5221 3058 5274 in
3104 5237 3349 5277 resurre-

1766 5309 1968 5374 ctione,
2010 5309 2101 5378 qui
2132 5311 2291 5365 modo
2326 5311 2495 5364 tristis
2525 5320 2713 5381 sponte
2740 5327 2856 5365 sum
2890 5314 2941 5367 in
2972 5316 3241 5383 passione.
3278 5316 3347 5372 Et

1765 5400 1867 5454 hoc
1891 5402 2121 5455 videndo
2144 5401 2548 5457 confundantur
2596 5403 2732 5457 bona
2760 5403 3074 5461 confusione
3100 5411 3188 5476 qui
3217 5411 3345 5465 ode-

1760 5502 1886 5547 runt
1918 5510 2022 5559 me,
2051 5505 2098 5549 et
2134 5496 2209 5549 sic
2236 5505 2641 5551 convertantur.

2169 5607 2237 5663 IN
2275 5608 2602 5665 PSALMUM
2644 5610 2830 5666 LXXX
2844 5612 2924 5668 \‘l.

1831 5696 2038 5753 Titulus
2063 5701 2376 5769 octogesimi
2400 5702 2535 5755 sexti
2561 5720 2572 5756 :
2604 5700 2755 5756 Filii:
2779 5704 2928 5758 Core.
2949 5704 3193 5761 I’snlinus
3217 5724 3341 5762 mn-

1760 5789 1868 5842 tiri.
1902 5791 2051 5855 Quod
2082 5793 2159 5848 sic
2179 5793 2502 5862 exponitur:
2533 5794 2636 5851 hic
2661 5796 2899 5866 psalmus
2926 5800 3145 5865 cantici,
3180 5801 3228 5855 id
3256 5810 3340 5855 est
