3840 6338
506 325 646 383 10θὲ

1079 321 1136 376 S.
1179 316 1528 376 BRUNONIS
1569 317 2220 376 CARTHUSIANORUM
2262 317 2748 376 INS'I‘ITUTORIS
2779 319 2929 375 OPP.
2971 319 3152 376 PARS
3180 320 3215 376 Ι.

501 442 720 505 ιωιίιίεε,
753 405 880 513 (ηοὴ
903 437 1047 510 quod
1077 439 1131 491 in
1157 451 1222 492 eo
1248 445 1374 505 agat
1400 435 1665 507 Pmpheta
1693 438 1758 491 de
1790 435 1973 489 laetitia
2008 449 2090 488 re-
2123 447 2170 503 Α
2199 441 2255 486 et
2280 431 2507 501 apostoli
2541 443 2754 488 montes
2778 431 3035 487 dicuntur
3069 433 3285 499 excelsi,
3315 435 3379 489 ad
3408 433 3700 508 differentiam

503 533 898 588 numerationis
945 541 1192 596 aeternae,
1245 529 1342 583 sed
1389 529 1514 598 quia
1563 527 1716 582 valde
1755 527 1968 581 Letatur
2008 527 2096 580 hic

503 629 794 697 Propheta,
831 637 1003 694 agens
1035 625 1246 676 laudem
1280 619 1432 682 Sion,
1479 621 1531 673 id
1575 630 1654 673 est
1687 618 1940 674 Ecclesia:
1989 619 2096 686 pri-

506 722 712 775 mitiva:
742 721 807 773 de
835 717 1082 786 Judzeis),
1113 715 1432 786 proponitur
1452 713 1577 781 [iliis
1596 712 1750 779 Core,
1781 713 1831 766 id
1859 723 1941 766 est
1967 713 2096 766 ado-

504 812 666 880 ptivis
701 810 828 862 ﬁliis
857 808 1135 872 Crucilixi,
1165 823 1390 876 quorum
1423 806 1639 859 utilitati
1675 806 1724 859 in
1757 806 1858 860 hoc
1891 805 2096 875 psalmo

503 899 777 968 Propheta
816 897 1065 953 intendit.
1102 896 1308 950 Laudat
1337 896 1480 950 enim
1513 896 1563 948 in
1595 895 1696 950 hoc
1727 896 1932 965 psalmo
1963 894 2096 948 Pro-

504 992 670 1062 pheta
716 991 1015 1046 Ecclesiam
1057 988 1412 1057 primitivam,
1450 988 1515 1042 de
1551 987 1863 1041 l'undatioue
1902 994 1956 1040 et
1985 984 2096 1055 glo-

505 1082 588 1134 ria
620 1089 896 1150 portarum
928 1093 1169 1141 suarum,
1194 1085 1269 1133 ct.
1295 1085 1350 1128 ut
1385 1075 1827 1130 auclorizabilior
1853 1074 1969 1128 laus
1998 1089 2093 1127 sua

505 1175 605 1235 sit,
653 1171 913 1241 Spiritum
961 1179 1204 1222 sanctum
1253 1181 1370 1222 eam
1415 1169 1721 1221 laudantem
1775 1167 2088 1220 introducit.

505 1264 599 1318 Cui
629 1264 878 1318 Ecclesia:
907 1261 1214 1332 primitiva‘,
1242 1261 1306 1314 ad
1338 1261 1610 1314 cumulum
1635 1259 1750 1328 ejus
1787 1260 1980 1314 laudis.
2011 1259 2093 1314 di-

508 1355 585 1408 cit
634 1352 931 1422 Ecclesium
980 1353 1047 1406 de
1099 1353 1350 1422 gentibus
1400 1353 1794 1421 adjungendam
1843 1367 1992 1416 csse,
2041 1361 2095 1405 ct

509 1445 780 1499 Christum
813 1441 978 1498 Dcnin
1003 1452 1057 1498 et
1083 1444 1376 1504 hominem,
1405 1452 1460 1498 et
1485 1443 1652 1513 ipsius
1678 1444 1732 1496 Ει
1751 1445 1927 1498 elesiae
1955 1447 2096 1514 (quae

507 1535 602 1590 Dei
637 1537 829 1590 civitas
854 1537 958 1607 est)
991 1537 1278 1591 Dominum
1306 1537 1358 1589 in
1386 1551 1448 1590 ea
1485 1537 1817 1590 nasciturum
1847 1553 1988 1590 esse.
2031 1537 2098 1590 Et

508 1623 649 1679 hanc
687 1624 900 1678 laudem
933 1627 1002 1678 ad
1042 1625 1326 1678 utilitatem
1367 1624 1597 1679 filiorum
1634 1625 1772 1682 Core
1803 1627 1960 1690 facit,
1992 1625 2096 1680 sci-

501 1715 627 1770 licet
652 1727 728 1780 nt,
765 1718 876 1786 qui,
903 1718 1014 1788 jam
1041 1733 1136 1786 per
1157 1717 1487 1785 baptismum
1513 1717 1606 1770 lilii
1631 1717 1768 1772 Core
1799 1716 1948 1782 facti,
1981 1716 2096 1785 ejus

2199 524 2576 579 haereticorum
2611 533 2669 579 et
2715 527 2918 595 pseudo
2948 525 3373 594 prtedicatorum,
3401 533 3503 596 qu‘,
3535 538 3701 590 tametsi

2198 625 2410 670 montes
2439 616 2568 683 sint,
2613 617 2664 670 id
2709 625 2793 670 est
2839 619 2896 671 in
2945 617 3191 670 saeculari
3222 619 3469 686 sapientia
3495 631 3701 691 pravecti,

2198 723 2302 762 non
2335 717 2514 764 tamen
2559 710 2730 764 sancti
2782 717 2909 764 sunt
2955 709 3047 764 sed
3096 711 3378 765 tenebrosi.
3411 712 3592 767 Undea
3630 717 3705 770 Do-

2198 800 2343 854 mino
2370 800 2524 855 nobis
2549 817 2646 871 per
2677 800 3018 870 Scripturain
3070 803 3374 872 praecipitur
3403 814 3454 858 ut
3481 805 3528 858 in
3554 810 3707 861 lllOltll-

2197 891 2300 945 bus
2328 893 2627 947 tenebrosis
2656 895 2844 962 pedem
2869 892 3143 946 olIendere
3172 909 3465 950 caveamus.
3501 895 3709 952 Dicuntur

2198 997 2377 1042 autem
2413 989 2693 1058 propheta:
2737 998 2792 1041 et
2841 987 3068 1059 apostoli
3119 988 3369 1042 Ecclesia:
3401 989 3708 1054 lundaazcuta,

2197 1094 2263 1134 eo
2298 1080 2440 1149 quod
2469 1095 2565 1150 per
2595 1081 2835 1149 ipsorum
2879 1080 3158 1135 doctrinas
3201 1094 3362 1149 super
3389 1097 3536 1134 animi
3560 1093 3605 1135 et
3637 1081 3711 1134 im-

2199 1170 2397 1225 mobile
2454 1171 2882 1233 fundamentum,
2910 1175 3052 1240 quod
3108 1181 3189 1226 est
3238 1171 3500 1235 Christus,
3545 1173 3589 1224 iu
3633 1170 3712 1226 lide

2200 1260 2420 1313 fundata
2445 1260 2536 1314 sit.
2565 1259 2729 1314 Juxta
2759 1259 2888 1314 illud
2917 1260 3205 1330 Apostoli.:
3243 1277 3260 1309 ι
3298 1257 3552 1314 Λῑιιὶιὴιιιὶ
3588 1275 3712 1329 Super

2197 1350 2608 1407 fundamentum
2663 1353 3032 1421 apostolorum
3084 1363 3140 1408 et
3196 1354 3582 1423 prOphetarum,
3627 1356 3712 1421 ipso

2197 1460 2408 1499 summo
2431 1446 2622 1515 angnia
2633 1446 2672 1498 ri
2699 1446 2876 1514 lapide
2897 1445 3113 1500 Christo
3133 1444 3261 1500 Jesu
3287 1445 3488 1514 (Epltcs.
3512 1445 3670 1510 1|,20).
3695 1465 3708 1495 ι

2197 1531 2303 1586 Sed
2334 1534 2501 1602 diligit
2530 1533 2808 1599 Dominus,
2834 1545 2938 1589 etc.
2969 1534 3123 1601 Quod
3155 1536 3233 1589 sic
3255 1534 3597 1604 conjungitur:
3617 1533 3714 1586 Dim

2197 1627 2338 1692 quod
2389 1625 2517 1680 Sion
2575 1625 2698 1680 inde
2735 1625 3020 1680 laudabilis
3065 1627 3138 1681 sit
3184 1628 3309 1696 quia
3357 1626 3558 1680 fundata
3580 1636 3646 1679 est
3675 1625 3715 1677 in

2197 1717 2460 1769 montibus
2486 1718 2704 1771 sanctis.
2737 1716 3048 1772 Laudabilis
3075 1720 3240 1772 etiam
3275 1729 3360 1772 est
3383 1719 3444 1773 de
3470 1717 3714 1786 pulchritu-

502 1809 739 1863 civitatis
767 1815 912 1865 cives
941 1820 1088 1875 sunt,
1113 1812 1214 1864 hac
1247 1810 1404 1865 laude
1437 1810 1674 1881 instigati
1707 1824 1983 1878 nunquam
2021 1809 2088 1862 ab
2126 1797 2167 1852 Β
2197 1807 2322 1862 dine
2347 1817 2404 1862 et
2438 1809 2770 1876 perlectione
2811 1819 3088 1879 portarum
3137 1826 3379 1876 suarum,
3409 1809 3713 1896 apostolorpm

502 1900 619 1970 ejus
651 1902 1064 1970 participatione
1087 1900 1397 1966 discedant;
1437 1901 1526 1970 qui
1561 1915 1689 1954 vero
1721 1901 1954 1954 nondum
1980 1897 2096 1966 ejus

504 1992 650 2047 cives
670 1993 925 2060 existunt,
954 1993 1044 2046 tali
1071 1992 1224 2046 laude
1245 1993 1310 2046 ad
1335 2007 1454 2047 eam
1484 1993 1847 2046 attrahuntur.
1872 1992 1934 2043 Et
1960 1991 2096 2044 bene

503 2083 720 2152 quidem
747 2084 997 2140 Christus
1023 2086 1159 2140 Core
1183 2087 1404 2151 dicitur,
1431 2085 1481 2138 id
1515 2098 1599 2138 est
1633 2085 1837 2148 calvus,
1863 2098 1927 2138 eo
1951 2083 2094 2150 quod

506 2190 536 2228 a
569 2172 789 2240 Judaeis,
827 2176 918 2244 qui
961 2176 1109 2230 stulti
1141 2176 1361 2231 fuerunt
1393 2185 1450 2229 ut
1483 2176 1659 2245 pueri,
1693 2174 1903 2227 derisus
1937 2174 2038 2238 sit,
2065 2187 2094 2227 a

508 2265 862 2320 similitudine
892 2282 1128 2330 reorum,
1157 2268 1245 2336 qui
1284 2284 1380 2337 pro
1405 2266 1700 2320 sceleri-bus
1730 2265 2019 2328 decalvati,
2045 2266 2094 2318 id

505 2369 590 2410 cst
610 2357 815 2425 capillis
842 2359 1095 2422 truncati,
1120 2359 1454 2413 deridentur.
1481 2358 1633 2424 Quod
1661 2359 1712 2410 iu
1739 2357 1929 2410 Elismo
1944 2357 2096 2410 calvo

506 2458 978 2517 prmmonstratnm
1021 2461 1133 2513 est;
1178 2451 1269 2518 qui
1310 2466 1432 2503 cum
1477 2451 1761 2504 discedens
1809 2465 1836 2502 a
1879 2447 2096 2504 Jcricho

507 2547 744 2592 montem
782 2538 966 2592 Bethel
1002 2541 1336 2603 ascenderet,
1371 2540 1521 2609 pueri
1557 2554 1678 2592 eum
1717 2541 2094 2593 ascendentem

505 2632 912 2687 considerantes
934 2633 1565 2696 deridebant,dicentes:
1594 2650 1611 2681 ι
1635 2631 1902 2697 Ascende,
1920 2633 2092 2697 ealte,

506 2725 755 2791 accnde,
800 2725 951 2780 calve
992 2724 1096 2796 (IV
1135 2725 1262 2794 Reg.
1301 2741 1361 2790 ll,
1389 2725 1506 2794 ΞΒ).
1545 2743 1562 2775 ι
1603 2725 1702 2790 Qui
1730 2740 1874 2788 mox,
1917 2725 2096 2779 divina

505 2817 710 2871 ultione
741 2818 1110 2886 peri'nitteute,
1136 2832 1165 2869 a
1196 2816 1398 2871 duobus
1429 2815 1574 2870 ursis
1613 2817 1745 2869 silva
1771 2816 2100 2886 egredienti-

505 2910 606 2964 bus
629 2911 870 2965 dcvorati
899 2924 1024 2966 sunt
1045 2911 1233 2984 (Ibid.,
1257 2912 1369 2982 2i).
1395 2913 1483 2966 Sic
1505 2921 1559 2966 ct
1581 2911 1774 2977 Judazi,
1793 2911 1916 2981 quia
1942 2909 2099 2964 Citri-

505 3011 645 3054 stum
677 3005 742 3055 ab
771 3000 988 3057 Jericho
1023 3013 1412 3068 transeuntem,
1443 3003 1494 3057 id
1525 3012 1607 3058 est
1641 3004 1708 3056 ab
1745 3005 1844 3057 hac
1879 3004 2010 3067 vita,
2045 3011 2100 3056 et

504 3092 713 3160 Betliel,
746 3095 797 3148 id
831 3104 915 3149 est
941 3096 1161 3160 emittm,
1205 3111 1299 3165 per
1331 3097 1535 3150 exitum
1571 3096 1762 3150 mortis
1805 3095 2097 3149 ascendere

505 3193 810 3250 parantem,
857 3186 982 3238 dum
1029 3201 1246 3240 crucem
1296 3186 1577 3251 ascendit,
1627 3188 1963 3252 deriserunt,
2013 3185 2097 3239 di-

507 3257 682 3328 cendo
709 3295 720 3329 :
755 3295 772 3326 ι
808 3277 863 3331 Si
893 3277 1060 3332 Filius
1088 3279 1176 3332 Dei
1205 3293 1284 3342 es,
1312 3280 1576 3333 descende
1603 3280 1669 3333 de
1693 3291 1856 3331 cruce
1877 3277 2093 3347 (Matth.

505 3382 675 3427 xxvii,
703 3367 815 3438 40),
853 3388 872 3420 ›
911 3386 1031 3424 mox
1063 3379 1182 3440 post
1237 3370 1302 3423 42
1341 3386 1514 3424 annos
1550 3385 1579 3423 a
1613 3370 1820 3424 duobus
1864 3371 2097 3438 impera;

505 3459 736 3521 toribus,
764 3459 887 3513 Tito
931 3461 1135 3514 scilicet
1166 3469 1218 3515 et
1249 3461 1604 3530 Vespasiano,
1639 3460 1806 3513 Itonia
1846 3463 2094 3514 exeunti-

506 3552 610 3608 bus
661 3555 924 3610 dcstructi
956 3563 1100 3609 sunt.
1131 3555 1192 3608 Et
1225 3553 1359 3610 bene
1395 3555 1576 3609 mundi
1625 3555 1783 3621 hujus
1812 3556 1922 3608 vita
1954 3552 2096 3607 Jeri-

507 3644 612 3698 cbo
642 3643 863 3709 dicitur,
891 3661 956 3699 eo
986 3645 1128 3716 quod
1169 3646 1236 3699 ad
1273 3646 1488 3700 modum
1518 3645 1656 3699 luna:
1685 3645 1974 3714 aliquando
2005 3659 2099 3714 per

506 3749 764 3805 prospera
821 3738 1177 3807 augmentari,
1225 3737 1514 3808 aliquando
1557 3753 1683 3790 vero
1730 3753 1825 3805 per
1869 3738 2096 3790 adversa

509 3826 741 3881 deiicere
767 3827 1035 3882 videatur.
1063 3826 1281 3882 Jericho
1308 3829 1505 3898 quippe
1534 3828 1658 3880 luna
1689 3829 2096 3896 interpretatur.

509 3918 762 3987 Congrue
801 3933 1016 3989 quoque
1057 3935 1152 3988 per
1191 3930 1425 3973 montem
1466 3920 1676 3982 lieth‘cl,
1718 3921 1911 3974 caelum
1952 3919 2097 3971 desi-

509 4020 727 4080 gnatur,
762 4009 904 4079 quod
948 4011 1158 4066 excelsa
1193 4014 1386 4066 domus
1415 4021 1519 4075 est,
1550 4013 1798 4065 videlicet
1835 4012 2098 4065 habitatio

509 4101 625 4166 ejus
664 4118 902 4170 summa,
949 4119 1054 4159 non
1085 4104 1272 4159 locatis
1305 4107 1399 4160 sed
1445 4105 1722 4174 spiritalis.
1753 4105 1938 4160 Bcthel
1969 4120 2099 4160 sane

508 4200 695 4245 domus
728 4191 822 4246 Dei
856 4194 1263 4262 interpretatur.

579 4280 748 4355 346
795 4281 1164 4338 Fundamenta
1195 4283 1307 4352 ejus
1337 4283 1390 4335 in
1422 4283 1684 4336 montibus
1713 4283 1930 4336 sanctis.
1963 4282 2097 4338 Cum

511 4375 583 4429 ita
615 4376 823 4432 laudem
853 4379 1108 4434 Ecclesiae
1148 4380 1456 4449 primitivat,
1488 4395 1609 4449 qua:
1656 4379 1746 4433 Dei
1773 4380 1964 4434 civitas
1993 4387 2096 4442 est,

2197 1899 2426 1964 Scilicet,
2449 1901 2538 1971 qui
2585 1918 2689 1956 non
2723 1902 2896 1956 solum
2930 1903 3304 1966 fundamenta,
3343 1903 3434 1957 sed
3471 1903 3610 1955 etiam
3645 1900 3720 1954 Ec-

2197 1989 2374 2045 clesia:
2421 2003 2588 2060 porta:
2629 1993 2908 2058 dicuntur,
2947 2008 3012 2047 eo
3038 1994 3181 2062 quod
3213 2008 3400 2048 eorum
3425 1993 3647 2047 doctrinis
3671 1990 3720 2043 ad

2197 2080 2434 2151 ejusdem
2467 2084 2722 2139 Ecclesia:
2763 2086 3104 2140 consortium
3127 2085 3373 2139 inﬁdeles
3396 2085 3649 2137 introeunt.
3673 2081 3722 2133 Et

2199 2193 2294 2242 per
2322 2177 2422 2231 hoc
2452 2187 2635 2246 portis
2659 2176 2777 2244 ejus
2799 2178 3076 2246 speciosus
3108 2179 3162 2230 in
3196 2177 3478 2231 virtutibus
3508 2184 3555 2229 et
3585 2175 3722 2242 operi-

2200 2267 2298 2320 bus
2325 2281 2445 2320 esse
2474 2267 2835 2331 convincitur,
2867 2265 2992 2336 quia
3028 2265 3310 2331 Dominus,
3336 2267 3424 2335 qui
3451 2279 3535 2318 eas
3555 2278 3641 2316 non
3663 2259 3723 2315 di-

2199 2357 2390 2427 ligeret
2447 2358 2546 2412 nisi
2589 2358 2828 2428 pulchrae
2875 2367 3081 2422 essent,
3121 2358 3295 2427 diligit
3333 2367 3502 2426 portas
3537 2353 3659 2412 Sion,
3685 2354 3722 2407 id

2197 2461 2282 2504 est
2331 2451 2515 2521 diliget
2555 2468 2710 2520 super
2751 2451 2927 2505 omnia
2975 2451 3322 2505 tabernacula
3366 2449 3540 2515 Jacub,
3565 2446 3722 2502 scil.cet

2197 2542 2468 2609 apostolos
2513 2543 2696 2614 diliget
2733 2543 2782 2596 ei
2829 2543 3126 2597 militantes
3175 2541 3452 2611 plusquam
3495 2554 3651 2594 omnes
3685 2538 3723 2592 iu

2199 2633 2364 2702 priori
2397 2634 2590 2704 popqu
2617 2633 2862 2701 .Iudaico,
2898 2634 2988 2704 qui
3020 2634 3122 2688 t‘uit
3149 2634 3218 2688 de
3245 2648 3438 2704 genere
3465 2630 3634 2692 Jacob;
3659 2627 3724 2695 qui

2200 2726 2320 2780 ideo
2356 2727 2703 2780 tabernacula
2735 2727 3009 2788 dicuntur,
3041 2727 3164 2794 quia
3199 2725 3311 2779 Deo
3339 2725 3391 2778 in
3430 2719 3727 2776 tabernaculis

2200 2819 2586 2883 militaverunt,
2634 2821 2684 2874 id
2729 2829 2814 2873 est
2852 2819 2903 2872 in
2933 2819 3121 2872 militia
3153 2817 3449 2884 carnalium
3486 2815 3725 2867 observan-

2203 2910 2416 2974 tiarum,
2438 2925 2557 2978 qua:
2583 2910 2648 2964 ad
2675 2910 3080 2963 similitudinem
3113 2908 3567 2963 tabernaculorum
3595 2917 3727 2960 trans-

2201 3000 2372 3054 itoria:
2429 3000 2681 3064 fuerunt,
2739 3011 3022 3070 postquam
3079 3000 3384 3068 signiﬁcata
3427 3001 3725 3054 advenerunt.

2201 3093 2364 3160 Quasi
2393 3095 2537 3149 dicat
2569 3114 2582 3150 :
2618 3095 2739 3149 Ideo
2765 3094 2936 3164 magis
2963 3092 3150 3164 diliget
3195 3093 3453 3148 Dominus
3493 3087 3726 3161 apostolos.

2198 3185 2323 3254 quia
2372 3186 2470 3255 ipsi
2509 3188 2559 3240 iu
2593 3186 2890 3241 moralibus
2919 3187 3206 3256 praeceptis
3251 3186 3374 3241 sibi
3403 3185 3726 3239 militaverunt.

2200 3277 2409 3330 Fideles
2454 3293 2580 3331 vero
2628 3279 2678 3331 iu
2730 3278 2894 3346 priori
2941 3278 3138 3347 populo
3181 3278 3236 3332 in
3269 3273 3729 3332 carnalibusobser-

2199 3371 2414 3434 vantiis,
2465 3386 2583 3437 quae
2625 3369 2832 3422 umbrat
2872 3380 2998 3424 sunt
3029 3371 3344 3434 muralium,
3391 3370 3494 3423 Deo
3519 3366 3730 3420 titillave-

2201 3473 2347 3517 ruut.
2382 3463 2539 3518 Pauci
2571 3478 2724 3527 vero,
2743 3463 2854 3532 jam
2889 3462 2992 3517 lide
3016 3463 3275 3518 Ecclesiae
3295 3463 3521 3516 membra
3541 3461 3730 3511 existen-

2201 3566 2301 3616 tes,
2350 3555 2451 3608 etsi
2493 3553 2692 3608 fuerint
2723 3556 2773 3607 iu
2809 3554 3105 3608 moralibus
3132 3554 3448 3615 militantes,
3476 3569 3568 3606 non
3594 3558 3730 3600 tamen

2200 3646 2319 3700 ideo
2354 3646 2592 3714 perfecte
2629 3656 2687 3700 ut
2714 3645 2966 3715 apostoli,
3003 3646 3235 3714 ideoque
3278 3647 3438 3715 digne
3481 3643 3633 3696 minus
3668 3637 3730 3688 di-

2199 3737 2346 3791 lecti.
2381 3737 2506 3790 Sive
2533 3739 2575 3792 si
2613 3737 2749 3791 hauc
2775 3737 2985 3792 laudem
3017 3738 3083 3792 de
3113 3738 3262 3792 omni
3299 3736 3524 3792 Ecclesia
3553 3733 3732 3786 velimus

2201 3830 2477 3896 accipere,
2515 3843 2644 3898 pars
2671 3826 2825 3894 cujus
2850 3825 2961 3894 jam
2991 3828 3043 3882 in
3073 3829 3231 3884 coctis
3262 3845 3386 3884 cum
3415 3826 3601 3898 angelis
3621 3824 3732 3875 tcta-

2202 3929 2309 3983 tur,
2360 3935 2486 3987 pars
2535 3929 2716 3972 autem
2759 3919 2812 3971 iu
2847 3919 2947 3972 hac
2982 3920 3087 3972 vita
3125 3925 3333 3991 degens
3367 3922 3534 3974 adhuc
3559 3916 3642 3971 sub
3663 3926 3735 3965 an-

2200 4010 2496 4080 gustiarum
2529 4011 2764 4079 pondere
2795 4011 2902 4063 Deo
2935 4009 3146 4072 militat,
3179 4022 3362 4079 portas
3407 4012 3530 4065 Sion
3557 4002 3736 4072 accipie-

2202 4115 2320 4152 mus
2349 4099 2575 4152 virtutes
2601 4113 2721 4168 qua:
2751 4107 2923 4168 porlze
2948 4097 3066 4165 ejus
3093 4109 3244 4163 sunt,
3278 4115 3376 4170 per
3404 4113 3533 4170 quas
3555 4091 3736 4164 ingredi-

2207 4178 2397 4244 ltii'atl
2440 4192 2643 4256 vitam;
2676 4206 2812 4259 quas
2874 4191 3130 4244 Dominus
3175 4192 3351 4261 diligit
3406 4190 3563 4259 magis
3610 4197 3734 4254 quam

2201 4281 2542 4334 tabernacula
2572 4282 2760 4347 Iacob,
2794 4282 2844 4335 id
2875 4292 2961 4336 est
3007 4283 3378 4336 transitoriam
3411 4281 3630 4336 militiam
3653 4287 3738 4328 car-

2205 4371 2406 4426 nalium
2435 4373 2907 4428 observantiarum
2951 4374 3148 4444 prioris
3180 4375 3389 4444 populi.
3423 4370 3681 4440 Sequitur:

512 4467 762 4522 videatur
807 4486 988 4540 agere,
1032 4473 1186 4541 quasi
1232 4471 1298 4526 de
1339 4487 1400 4526 ea
1453 4472 1656 4541 aliquid
1717 4472 1826 4541 jam
1874 4471 2096 4526 dixisset
2125 4480 2175 4540 D
2273 4465 2540 4528 Gloriosa,
2589 4477 2694 4521 etc.
2744 4466 2897 4533 Quod
2943 4467 3022 4521 sic
3071 4469 3463 4521 continuatur:
3499 4462 3656 4518 Laudo
3679 4467 3732 4516 te,

515 4554 686 4625 (ponit
714 4559 856 4613 enim
887 4562 937 4615 in
968 4562 1233 4632 principio
1263 4563 1400 4618 hanc
1433 4563 1714 4617 rclativam
1747 4579 1950 4628 vocem,
1979 4579 2100 4634 qua:

513 4657 595 4701 est
623 4646 782 4718 ejus),
826 4650 1001 4706 innuit
1033 4653 1186 4708 nobis
1230 4655 1372 4723 quod
1417 4654 1483 4710 de
1513 4669 1578 4708 ea
1609 4655 1721 4725 jam
1771 4654 1996 4707 multum
2044 4662 2098 4708 et

513 4735 828 4806 frequenter
878 4741 930 4794 in
970 4753 1148 4799 mente
1195 4746 1481 4814 cogitando
1530 4746 1718 4815 egerit.
1769 4745 1834 4798 Et
1868 4760 1964 4814 per
1997 4746 2100 4799 hoc

511 4843 632 4880 eam
662 4828 817 4882 valde
844 4834 1204 4897 commendat,
1225 4851 1345 4888 cum
1371 4835 1504 4902 ipse,
1536 4837 1618 4888 vir
1645 4835 1978 4905 gravissinne
2004 4851 2101 4888 au-

513 4919 804 4978 ctoritatis.
841 4921 906 4974 de
952 4921 1062 4989 ipsa
1096 4923 1332 4978 Ecclesia
1383 4941 1441 4979 se
1493 4925 1803 4994 frequenter
1835 4926 2099 4993 cogitasse

514 5009 725 5066 innuat.
756 5012 822 5066 Et
847 5023 931 5068 est
954 5028 1018 5068 ac
1045 5015 1088 5068 si
1120 5015 1265 5069 dicat
1291 5034 1304 5071 :
1340 5017 1493 5082 Sion,
1525 5019 1576 5072 id
1605 5029 1688 5073 cst
1719 5018 1959 5072 Ecclesia
1993 5021 2100 5088 pri-

516 5106 722 5172 mitiva,
752 5121 870 5176 qua:
917 5107 1286 5176 speculabitur
1333 5119 1568 5174 teterna,
1621 5127 1726 5166 non
1777 5113 2100 5166 attendendo

515 5203 822 5271 praesentia,
854 5203 1008 5268 valde
1055 5202 1340 5256 laudabilis
1382 5204 1506 5259 erit.
1556 5202 1922 5258 Fundamenta
1955 5206 2097 5258 enim

513 5295 630 5364 ejus
661 5305 821 5350 erunt
869 5297 920 5350 in
967 5297 1227 5350 montibus
1262 5299 1480 5362 sanctis,
1513 5297 1770 5365 apostolis
1813 5297 2018 5352 scilicet
2047 5307 2102 5350 et

514 5388 816 5456 prophetis,
835 5386 925 5456 qui
953 5398 1162 5444 montes
1185 5398 1346 5444 erunt
1373 5389 1608 5453 dicendi,
1643 5389 1851 5444 scilicet
1894 5391 1945 5444 in
1974 5405 2096 5460 per-

516 5481 752 5535 lectione
798 5481 1060 5536 virtutmn
1106 5493 1158 5538 et
1194 5497 1420 5554 operum
1451 5482 1686 5537 Excelsi.
1721 5482 1874 5549 Quod
1907 5491 1991 5538 est
2021 5482 2103 5537 di-

517 5588 682 5628 cere:
717 5572 846 5628 Sion
891 5561 1205 5630 l'undabitur
1251 5578 1301 5630 in
1345 5575 1591 5632 doctrina
1636 5575 2019 5645 prophetarum
2049 5585 2102 5628 et.

516 5665 904 5735 apostolorum,
941 5675 1017 5729 ut,
1052 5668 1204 5722 llrma
1239 5669 1402 5734 facta,
1427 5671 1494 5724 ad
1541 5667 1776 5724 hostium
1809 5667 2100 5721 visibilium

517 5763 574 5809 et
597 5753 942 5811 invisibiliuin
977 5757 1264 5824 impulsmn
1292 5775 1396 5816 non
1425 5767 1663 5816 corruat.
1695 5757 1796 5824 Qui
1825 5756 2101 5830 pmpheta:

2205 4558 2366 4622 Sion,
2416 4559 2482 4612 de
2535 4559 2898 4612 fundamentis
2943 4559 3049 4611 tuis
3091 4567 3145 4612 et
3191 4560 3389 4627 portis,
3433 4566 3484 4610 et
3529 4557 3616 4607 hoc
3651 4562 3734 4601 non

2202 4650 2489 4704 adiuvenio
2528 4665 2596 4703 ex
2644 4665 2756 4716 me;
2805 4650 2898 4704 sed
2943 4651 3057 4704 haec
3100 4650 3354 4718 gloriosa,
3405 4648 3594 4703 scilicet
3627 4638 3736 4711 quod

2205 4741 2326 4794 talis
2353 4741 2461 4796 eris
2503 4742 2555 4794 in
2607 4740 2971 4795 fundamentis
2999 4749 3054 4795 et
3103 4743 3298 4811 portis,
3345 4743 3482 4794 dicta
3509 4745 3612 4792 sunt
3636 4729 3735 4785 mihi

2202 4834 2265 4885 de
2304 4846 2350 4884 te
2394 4850 2420 4884 a
2470 4833 2671 4900 Spiritu
2705 4843 2916 4896 sancto,
2963 4848 3066 4886 nou
3110 4848 3384 4893 sermone,
3435 4832 3523 4885 sed
3567 4821 3734 4880 occulta

2203 4923 2577 4994 inspiratione,
2619 4939 2652 4977 ο
2692 4923 2871 4978 riritas
2914 4923 3030 4988 Dei,
3067 4925 3269 4978 niunita
3317 4925 3371 4978 in
3414 4920 3672 4975 virtutibus
3697 4919 3736 4963 ει

2203 5015 2361 5069 bonis
2382 5016 2650 5085 operibus.
2667 5014 2963 5069 lntroducit
2987 5015 3151 5085 igitur
3173 5017 3334 5070 verba
3361 5013 3584 5084 Spiritus
3603 4999 3735 5061 sancti

2202 5109 2304 5164 sibi
2349 5111 2576 5163 interius
2617 5107 2906 5178 loquentis,
2955 5124 3076 5163 cum
3121 5108 3272 5162 addit
3312 5122 3507 5161 memor
3537 5104 3736 5161 "0,810-

2203 5200 2357 5268 Quod
2400 5201 2482 5255 sic
2519 5201 2806 5270 adoptatur
2839 5217 2850 5253 :
2901 5199 3032 5254 Dico
3061 5201 3203 5268 quod
3247 5200 3364 5253 hzee
3393 5195 3606 5268 gloriosa
3629 5187 3737 5239 dicta

2202 5303 2322 5346 situt
2351 5292 2482 5346 mihi
2510 5292 2574 5346 de
2599 5302 2648 5345 te
2673 5309 2702 5345 a
2729 5291 2958 5362 Spiritu,
2985 5291 3078 5360 qui
3103 5291 3232 5344 mihi
3259 5289 3388 5342 talia
3415 5288 3581 5340 adhuc
3605 5277 3660 5332 ad
3683 5273 3737 5326 uti

2205 5387 2414 5439 laudem
2441 5385 2704 5454 prmtlicit.
2729 5385 2841 5455 Ego
2862 5385 2953 5453 qui
2982 5385 3127 5436 visus
3153 5398 3269 5435 sum
3298 5377 3546 5434 oblivioni
3567 5368 3739 5424 dedisse

2205 5478 2355 5531 ltaab
2401 5487 2456 5531 et
2501 5477 2846 5548 Babylonem,
2889 5490 2992 5529 non
3032 5473 3385 5529 illuminanda
3427 5470 3544 5531 tidc,
3583 5470 3740 5515 motor

2203 5587 2290 5625 ero
2312 5570 2471 5624 ullius
2495 5569 2660 5634 Raab,
2684 5579 2730 5622 rt
2765 5568 3074 5638 Babylonis,
3105 5578 3161 5620 ut
3188 5569 3250 5619 ad
3279 5567 3440 5618 lilcni
3471 5574 3580 5613 ram
3606 5550 3738 5605 addu-

2205 5678 2344 5725 cam,
2389 5672 2445 5716 et
2486 5663 2590 5717 hoc
2623 5663 2903 5716 sci-cutibus
2943 5677 3046 5726 me,
3077 5661 3130 5715 id
3158 5669 3242 5714 est
3276 5673 3372 5727 per
3409 5652 3740 5725 pnedicatorfs

2205 5753 2462 5810 Ecclesiae
2501 5753 2810 5823 primitivte,
2855 5752 2945 5822 qui
2990 5766 3076 5808 me
3115 5750 3308 5812 scient,
3351 5735 3402 5801 id
3443 5750 3524 5798 est
3560 5735 3638 5806 qui
3673 5741 3739 5782 uie
