3840 6338
142 331 245 388 1097

920 322 1281 380 cxrosmo
1325 323 1388 376 IN
1428 295 1759 377 essurus.
1788 351 1855 362 —
1883 319 2076 375 esse
2110 318 2413 374 uxxxvn.

3183 333 3317 390 1098

137 448 265 521 347
304 444 396 500 fide
448 451 785 512 cognoscent.
845 442 995 498 Raab
1037 443 1252 513 quidem
1303 452 1358 497 et
1405 441 1642 514 Babylon
1675 454 1719 510 Α
1746 441 1926 496 dicere
1969 440 2189 509 quilibet
2222 441 2311 510 qui
2342 440 2566 511 simplex
2599 443 2757 498 homo
2797 444 2887 510 sit,
2917 445 2969 499 id
3002 445 3083 499 ea
3108 447 3314 503 anima-

138 542 204 593 ltic
231 540 456 592 videntur
490 535 625 588 idem
653 535 912 587 denotare
950 552 964 586 :
1003 535 1209 588 scilicet
1239 533 1477 604 gentium
1508 534 1647 586 ntul-

137 632 389 685 titodinctn.
415 627 556 681 Raab
576 627 717 680 enim
742 628 981 696 superbia
1014 628 1093 681 vel
1125 628 1345 679 latitudo
1362 644 1381 692 ;
1410 626 1643 696 Babylon

137 732 238 771 vero
262 716 477 784 confusio
515 719 917 784 interpretatur.
950 716 1099 771 Unde
1137 732 1374 786 congrue
1406 717 1643 786 gentium

134 806 315 877 populus
338 806 472 859 itaab
501 814 550 858 et
578 805 812 876 Babylon
845 807 1065 868 dicitur,
1104 820 1168 861 eo
1195 807 1335 876 quod
1369 822 1465 876 per
1490 809 1643 861 volu-

129 906 295 968 ptatem
317 906 367 951 et
409 897 530 950 vitia
565 896 673 950 late
708 898 1011 961 incesserit,
1038 908 1093 952 et
1122 897 1231 951 Deo
1263 898 1465 951 cultum
1498 897 1645 951 dehi-

135 999 217 1039 tnnt
245 987 534 1057 deneganda
567 998 757 1041 contra
790 1003 914 1041 eum
952 989 1321 1056 superbierit;
1356 1004 1461 1057 qua
1489 988 1555 1041 de
1590 1002 1644 1042 re

132 1076 306 1146 dignum
343 1090 397 1129 se
442 1075 754 1130 confusione
802 1077 948 1132 fecit.
985 1078 1194 1133 Dicitur
1238 1094 1453 1148 quoque
1501 1080 1641 1132 idem

130 1166 311 1236 populus
339 1166 479 1221 Raab
514 1183 609 1236 per
634 1170 874 1224 historia:
904 1170 1152 1240 figuram.
1182 1172 1334 1226 Sicut
1356 1172 1501 1225 enim
1534 1172 1643 1226 Ra-

132 1257 183 1309 ab
219 1257 447 1309 meretrix
499 1258 548 1310 in
587 1256 824 1322 Jerieho,
864 1260 1061 1314 dicitur
1108 1261 1236 1313 olim
1266 1261 1641 1330 exploratores

129 1346 314 1398 filiorum
342 1346 498 1401 Israel
541 1349 873 1417 suscepisse,
910 1359 962 1404 ct
992 1366 1086 1420 per
1115 1353 1215 1406 hoc
1260 1353 1509 1408 meritum
1541 1354 1640 1407 do-

127 1451 217 1490 mus
238 1453 333 1490 sua:
356 1438 612 1492 familiam
639 1440 690 1493 in
721 1442 1087 1496 destructione
1117 1428 1334 1497 Jericho
1361 1445 1460 1497 sub
1486 1444 1640 1514 signo

129 1524 306 1579 funiculi
338 1527 477 1581 rubei
515 1544 544 1581 a
579 1531 880 1599 perditione
909 1531 1144 1586 salvasse
1169 1533 1306 1604 (Jos.
1343 1535 1403 1603 ιι)
1430 1551 1443 1600 ;
1476 1534 1553 1588 sic
1584 1543 1639 1589 et

122 1636 220 1689 pars
245 1623 467 1689 gentium
497 1640 617 1693 quae
647 1626 919 1695 apostolos
950 1629 1208 1696 suscepit,
1245 1638 1300 1683 ct
1347 1630 1428 1683 cis
1462 1630 1637 1684 credi-

126 1712 197 1779 dit,
232 1714 308 1782 qui
352 1714 438 1768 Dei
469 1716 843 1785 exploratores
894 1718 944 1771 in
979 1721 1229 1789 gentibus
1265 1718 1503 1785 fuerunt,
1539 1737 1638 1790 per

1749 531 1815 583 lis
1848 546 1950 584 non
1977 532 2139 584 etiam
2172 531 2448 600 spiritalis,
2478 546 2836 603 nequaquam.
2889 536 3000 591 Non
3042 541 3186 593 enim
3214 541 3313 598 de-

1746 619 1881 673 biles
1918 621 2019 674 hoc
2051 625 2237 675 testari
2291 625 2409 676 ausi
2452 634 2578 677 sunt
2621 627 2762 694 quod
2796 627 3042 685 Christus
3087 632 3226 690 Dens
3260 645 3317 690 et

1748 712 1907 765 homo
1933 711 2143 766 fuisset.
2175 713 2321 768 Unde
2349 714 2629 770 Manieluci
2660 719 2873 771 mentiti
2898 732 3023 776 sunt
3055 738 3176 777 eum
3210 742 3315 781 non

1747 818 1931 858 verum
1981 805 2252 858 hominem
2299 805 2487 870 fuisse,
2536 808 2628 861 sed
2667 823 2865 879 corpus
2910 812 3311 889 phantasticunt

1746 898 2069 964 suscepisse.
2102 896 2301 951 Iudaeis
2346 900 2488 952 enim
2520 900 2620 955 hoc
2666 911 2783 956 crat
2813 905 3148 971 scandalum,
3176 925 3311 979 gen-

1749 992 1894 1046 tibus
1923 1002 2102 1045 autent
2135 992 2360 1045 stultitia
2392 992 2441 1063 (1
2468 993 2589 1047 (.‘or.
2622 1011 2660 1059 ι,
2696 996 2812 1067 23),
2838 1008 2896 1052 ut
2921 1000 3148 1067 quilibet
3177 1003 3316 1058 Deus

1744 1091 1794 1136 et
1825 1081 1985 1135 homo
2024 1081 2317 1135 diceretur.
2350 1081 2461 1138 lloc
2496 1093 2675 1139 autem
2706 1088 2772 1141 ad
2805 1088 3017 1145 laudem
3056 1093 3318 1161 pradica-

1744 1180 1917 1224 tnrunt
1948 1171 2208 1239 praulicit,
2247 1173 2388 1243 quod
2422 1174 2628 1229 scilicet
2655 1192 2747 1231 eos
2797 1178 2971 1232 innttit
3016 1197 3137 1237 esse
3189 1199 3316 1239 con-

1741 1271 1948 1316 stanter
1978 1263 2388 1332 pra‘dicaturos,
2419 1268 2560 1336 quod
2590 1268 2796 1324 debiles
2820 1273 3061 1326 confiteri
3090 1292 3193 1330 nott
3221 1293 3317 1330 au-

1742 1356 1959 1409 debunt.
2014 1357 2070 1411 Si
2122 1356 2377 1410 Dominus
2423 1362 2677 1414 narrabit.
2721 1362 2873 1428 Quod
2929 1367 3008 1419 sic
3048 1366 3313 1436 jungitur.

1741 1444 1874 1511 Quia
1899 1448 2109 1501 dixerat
2153 1465 2167 1501 ;
2204 1446 2459 1519 Nunquid
2491 1452 2624 1505 dicet
2656 1454 2830 1520 homo,
2878 1471 2945 1511 ne
2970 1458 3197 1526 quilibet
3232 1462 3313 1515 in-

1744 1539 2011 1607 telligeret
2038 1539 2137 1592 hoc
2172 1540 2308 1594 adeo
2353 1558 2516 1611 grave
2544 1560 2686 1608 esse,
2716 1547 2856 1615 quod
2887 1550 3067 1603 nullus
3105 1567 3169 1605 ex
3204 1563 3315 1608 toto

1742 1632 1925 1686 dicere
1951 1643 2130 1700 posset
2163 1633 2245 1687 vel
2275 1637 2518 1699 auderet,
2544 1637 2693 1691 addit
2724 1652 2738 1691 :
2768 1639 3025 1705 Quamvis
3074 1643 3178 1698 hoc
3207 1661 3310 1701 non

1739 1721 1871 1774 dicet
1921 1723 2097 1786 homo,
2131 1733 2307 1778 tamen
2336 1740 2441 1779 non
2476 1742 2541 1779 cx
2573 1735 2684 1782 toto
2735 1733 3023 1784 tacebitur.
3056 1732 3313 1787 Dominus

124 1803 288 1872 signum
335 1820 581 1876 purpura-
610 1808 878 1875 passionis
914 1808 1138 1870 Christi,
1168 1819 1218 1865 et
1250 1810 1301 1863 itt
1330 1811 1417 1864 die
1443 1811 1633 1879 jndicii
1670 1808 1709 1866 Β
1737 1813 1881 1865 enim
1918 1813 2055 1867 Deus
2083 1815 2317 1867 narravit
2346 1815 2467 1879 hoc,
2501 1818 2551 1870 id
2574 1826 2657 1871 est
2689 1821 2932 1875 narrabit
2956 1823 3010 1875 iu
3038 1826 3314 1892 scripturis

120 1898 213 1953 cunt
234 1901 464 1957 onmibus
490 1901 859 1958 imitatoribus
888 1903 1001 1957 suis
1033 1903 1353 1969 salrabitnr,
1396 1918 1515 1959 cum
1544 1904 1637 1962 Je-

122 1991 253 2055 riclto,
289 1993 337 2047 id
369 2003 448 2049 est
487 1995 749 2050 deficiens
781 1996 1042 2050 malorum
1070 1997 1261 2051 civitas
1306 1997 1634 2053 destruetur.

123 2082 220 2147 Qua:
257 2083 460 2139 Jcricho
499 2087 721 2151 dicitur,
773 2103 836 2142 co
866 2089 1006 2157 quod
1060 2090 1147 2143 hic
1179 2090 1228 2143 itt
1270 2090 1637 2159 prosperitate

121 2186 307 2240 crescat,
349 2177 397 2231 in
442 2178 632 2232 futuro
664 2194 789 2233 vero
824 2180 876 2233 itt
926 2182 1211 2236 tormentis
1262 2180 1332 2236 sit
1368 2182 1634 2238 defectum

117 2277 319 2328 passura,
348 2268 410 2320 ad
455 2268 873 2325 similitudinem
925 2269 1064 2325 lunae
1113 2272 1412 2327 crescentis
1441 2282 1495 2327 et
1542 2273 1637 2327 de-

120 2357 380 2409 crescentis.

169 2445 279 2501 Ecce
304 2450 629 2521 alicnigenm,
683 2463 788 2507 etc.
823 2453 977 2520 Quod
1024 2455 1101 2510 sic
1143 2457 1427 2527 adoptatur
1458 2475 1472 2511 :
1503 2458 1635 2513 Dico

116 2537 222 2603 quod
249 2555 426 2593 memor
445 2558 541 2595 era
571 2540 715 2595 Raab
743 2554 789 2596 ct
821 2545 1127 2615 Bnby'onis,
1154 2557 1208 2600 et
1235 2549 1305 2600 ita
1336 2550 1462 2603 erit.
1496 2550 1634 2603 Ecce

117 2630 218 2681 enim
238 2632 332 2699 jam
361 2645 567 2687 certum
596 2645 679 2690 est
706 2640 857 2705 quasi
893 2655 1131 2706 praesens
1166 2640 1255 2705 sit,
1287 2642 1429 2710 quod
1454 2642 1637 2695 alieni-

119 2734 245 2787 genat,
275 2723 319 2776 id
348 2735 425 2780 cst
451 2736 643 2796 gentes
672 2724 791 2797 qnce
821 2730 1009 2784 alienae
1037 2742 1164 2786 sunt
1199 2747 1227 2784 a
1264 2733 1390 2797 lide,
1420 2743 1473 2787 et
1500 2734 1637 2787 alte-

120 2810 564 2882 rinsgcncrationis
595 2832 757 2885 quam
800 2818 993 2885 Judari,
1024 2822 1233 2877 scilicet
1273 2823 1345 2875 illi
1380 2823 1637 2894 alienige-

122 2911 182 2949 na:
209 2901 328 2965 dico,
365 2906 451 2971 qtti
485 2915 685 2959 suntet
712 2905 879 2976 Tyrus
903 2919 947 2961 et
969 2910 1189 2977 papulus
1220 2911 1547 2981 {Et/tiopum,
1582 2913 1633 2966 id

120 2996 182 3040 est
200 3006 303 3059 pars
330 3008 554 3062 quorum
588 3006 671 3049 est
700 2996 897 3067 Tyrus,
930 2999 982 3052 id
1022 3009 1104 3055 est
1129 3003 1396 3071 angustia,
1426 3004 1634 3059 scilicet

121 3084 380 3148 angustioris
413 3086 601 3143 fideles
640 3104 789 3143 meos
810 3091 1167 3157 imultimode,
1198 3103 1247 3148 et
1278 3110 1401 3164 pars
1421 3106 1505 3151 est
1537 3112 1635 3167 po-

120 3170 239 3235 p'tlus
265 3174 595 3248 (Elhiopllm,
631 3189 685 3234 et
714 3183 756 3235 si
792 3198 897 3236 non
942 3184 1050 3237 sint
1082 3184 1278 3256 Tyrus,
1310 3188 1469 3243 idest
1496 3189 1633 3261 nigri

123 3259 161 3311 in
174 3269 384 3329 peccatis
412 3271 477 3324 ad
526 3272 745 3327 modntn
774 3273 954 3344 populi
983 3275 1319 3346 EthiOpum,
1359 3281 1448 3349 qtti
1483 3259 1638 3351 niger

116 3361 179 3404 est
204 3353 247 3406 in
271 3370 507 3427 corpore.
536 3361 602 3415 lli
626 3378 845 3428 omnes,
866 3366 1074 3420 scilicet
1103 3379 1157 3421 et
1187 3368 1363 3439 Tyrus
1389 3381 1443 3425 et
1467 3386 1636 3441 popu-

118 3441 486 3520 lllSAEllliOplllll
518 3454 613 3524 qui
639 3465 762 3509 sunt
798 3472 923 3525 pars
954 3458 1395 3530 alienigenarum,
1426 3462 1635 3531 fuerunt

117 3531 215 3599 illic,
238 3536 280 3590 id
293 3550 369 3594 est
395 3542 758 3613 adjungentnr
782 3547 832 3599 itt
856 3550 1186 3602 consortium
1214 3550 1354 3606 illius
1377 3553 1503 3607 Sion
1531 3554 1638 3623 pri-

119 3624 275 3687 ιιιὶιὶνω
301 3647 388 3700 per
406 3635 642 3689 scientes
667 3652 769 3691 tne.
791 3638 845 3691 Si
874 3641 1038 3704 enim,
1064 3639 1340 3711 Nunquid,
1359 3652 1462 3699 etc.
1484 3644 1636 3711 Quod

118 3712 177 3767 sic
200 3721 539 3795 coniungitur,
568 3737 621 3780 et
646 3739 1027 3797 prazposterate
1055 3732 1267 3800 legitur.
1299 3735 1445 3799 Dico,
1478 3752 1511 3791 o
1543 3753 1638 3790 au-

121 3806 300 3879 ditores,
319 3819 453 3885 quod
484 3820 589 3879 hoc
609 3820 736 3874 dicit
763 3823 891 3875 mihi
924 3822 1156 3892 Spiritus
1186 3826 1426 3891 sanctus,
1445 3845 1640 3883 memor

118 3914 183 3952 cro
207 3914 251 3958 et
277 3922 383 3962 cccc
408 3909 735 3980 alicnigcntv.
774 3912 840 3966 Et
877 3914 943 3967 ad
982 3915 1257 3968 cumulum
1304 3915 1478 3972 laudis
1524 3918 1640 3986 ejus

120 3989 195 4047 hoc
218 3996 275 4051 de
298 4015 353 4054 ea
380 4004 509 4056 tttihi
544 4013 794 4066 testatur,
821 4007 1029 4061 scilicet
1057 4009 1199 4075 quod
1223 4019 1278 4062 et
1303 4010 1521 4079 quidam
1545 4000 1645 4064 ηας

118 4090 179 4135 un
201 4097 282 4150 est,
306 4090 352 4145 id
378 4102 460 4157 est
486 4104 746 4149 nascetur
775 4095 827 4149 itt
855 4112 915 4151 ea
946 4098 1120 4164 homo,
1148 4100 1198 4153 id
1234 4109 1316 4154 est
1345 4102 1637 4156 secundum

116 4179 225 4240 Quod
268 4180 436 4250 homo,
467 4196 525 4240 et
566 4188 682 4255 ipse
723 4189 813 4256 qui
869 4189 920 4243 in
966 4206 1029 4255 ea
1074 4201 1349 4260 nascetur,
1401 4195 1639 4263 fundavit

115 4277 220 4333 eam,
250 4270 295 4324 id
321 4284 400 4327 est
427 4278 639 4330 creabit
683 4292 826 4343 eam,
859 4288 912 4332 et
945 4281 996 4333 in
1040 4280 1144 4336 [ide
1171 4290 1225 4336 et
1269 4285 1321 4337 in
1350 4286 1641 4340 virtutibus

118 4352 652 4429 lundabitAltissimus,
689 4369 741 4422 id
769 4379 850 4424 est
875 4374 1169 4426 secundum
1205 4374 1352 4429 illam
1390 4388 1637 4432 naturam

1739 1902 2066 1972 populorum,
2085 1904 2135 1956 id
2165 1906 2318 1961 estin
2358 1904 2653 1975 Scripturis
2678 1924 2795 1977 qua:
2820 1911 3031 1980 populis
3053 1912 3314 1967 Christia-

1740 1982 1823 2046 nis
1855 2003 2222 2061 proponentur
2246 1994 2313 2046 ad
2346 1994 2771 2066 intelligendum.
2804 1998 2881 2051 Ac
2903 2001 2946 2053 si
2981 2000 3163 2054 dicat:
3196 2000 3312 2055 Non

1738 2091 1897 2135 erunt
1928 2082 2030 2136 illa:
2059 2084 2354 2152 Scriptum
2386 2085 2811 2157 inintclligibilcs
2846 2096 2900 2143 ct
2930 2089 3089 2143 nimis
3120 2091 3309 2146 obscu-

1739 2189 1812 2228 ra:
1848 2183 1905 2227 ttt
1930 2176 2210 2244 scriptura:
2245 2176 2718 2246 philosophorum,
2766 2195 2885 2249 qua:
2917 2182 3078 2236 nimis
3115 2184 3313 2238 obscu-

1740 2280 1813 2319 ra:
1842 2275 1986 2329 sunt,
2022 2275 2074 2320 et
2119 2283 2148 2320 a
2175 2269 2364 2337 paucis
2408 2268 2574 2340 348
2624 2272 3018 2341 intelliguntur,
3049 2290 3169 2328 eum
3199 2278 3313 2331 fere

1738 2356 1871 2409 nihil
1924 2359 2037 2411 veri
2093 2358 2411 2428 loquentur;
2453 2363 2543 2415 sed
2594 2377 2712 2416 cum
2748 2379 2872 2417 vera
2923 2377 2978 2420 et
3027 2369 3312 2424 manifesta

1734 2448 2049 2515 praedicent,
2089 2465 2117 2501 a
2153 2449 2332 2505 multis
2360 2451 2572 2522 populis
2599 2453 2981 2523 itttclligcntur.
3011 2456 3069 2512 In
3101 2460 3203 2513 hoc
3225 2478 3316 2515 au.

1743 2550 1845 2592 teut
1898 2541 2041 2609 ipsas
2081 2542 2392 2611 Scripturas
2448 2544 2601 2599 valde
2647 2550 3011 2602 cornuu-ndat.
3064 2549 3314 2609 Ostendit

1744 2634 1908 2685 etiam
1932 2636 2000 2686 ad
2024 2633 2199 2689 laudis
2220 2652 2408 2690 carum
2435 2641 2914 2708 exaggerationem
2946 2642 3181 2711 ipsarum
3214 2660 3313 2700 an-

1739 2733 1934 2789 elorcs,
1966 2741 2085 2779 cum
2112 2725 2352 2797 adjungit
2382 2746 2394 2781 :
2419 2728 2547 2784 Dico
2578 2732 2718 2799 quod
2749 2733 2801 2785 in
2836 2735 2951 2803 scri,
2977 2737 3108 2788 turis
3145 2754 3307 2806 popu-

1740 2812 1910 2867 lornm
1942 2816 2203 2880 narrabit,
2236 2828 2289 2872 et
2322 2819 2371 2872 id
2403 2829 2486 2874 est
2531 2822 2738 2876 scilicet
2768 2826 2821 2877 in
2858 2827 3132 2895 scripturis
3158 2831 3311 2895 prin-

1741 2904 1913 2972 cipum
1956 2906 2141 2959 [eorum
2179 2910 2488 2977 populorum
2530 2914 2771 2967 narrabit
2806 2915 2906 2969 hoc
2946 2918 3035 2986 qui
3064 2917 3307 2986 fuerunt,

1741 2993 1793 3045 id
1816 3004 1897 3048 est
1921 2996 2009 3065 qni
2040 3008 2197 3051 erunt
2217 2999 2273 3051 in
2299 3015 2358 3052 ea
2388 3000 2536 3055 Sion.
2568 3001 2719 3067 Quod
2748 3015 2831 3059 cst
2856 3006 3037 3062 dicere
3065 3026 3078 3061 :
3108 3007 3224 3064 Non
3258 3011 3308 3064 in

1742 3087 2207 3159 qualilntscuuque
2236 3092 2521 3161 scripturis
2548 3096 2864 3165 populorum
2911 3101 3013 3155 hoc
3044 3103 3305 3172 narrabit,

1738 3181 1833 3235 sed
1862 3181 1912 3233 itt
1945 3182 2243 3251 Seriptnris
2279 3187 2668 3254 apostolorum,
2703 3191 2794 3261 qui
2832 3203 2991 3248 crunt
3032 3196 3308 3267 principes

1740 3271 1793 3328 in
1823 3274 2063 3329 doctrina
2088 3275 2300 3330 illorum
2333 3279 2650 3348 p0pulornm
2676 3284 2767 3352 qni
2790 3295 2949 3338 erunt
2977 3287 3027 3340 itt
3052 3303 3115 3341 ea
3149 3288 3321 3344 Sion.‘

1740 3364 1995 3435 Sequitur
2026 3383 2040 3420 :
2074 3367 2220 3422 Sicut
2257 3369 2569 3425 lwtautium.
2616 3373 2766 3441 Qttod
2803 3377 2881 3430 sic
2909 3380 3257 3435 continuatur
3291 3400 3304 3435 :

1740 3458 1891 3513 Facit
1945 3461 2325 3531 apostrOphatn
2360 3465 2424 3516 ad
2474 3479 2592 3519 eant
2628 3482 2688 3520 ex
2739 3467 3075 3535 jocunditatc
3117 3471 3303 3533 nitnia,

1740 3550 1840 3604 sic.
1874 3551 2025 3617 Dico,
2051 3568 2083 3607 o
2112 3552 2264 3619 Sion,
2291 3557 2431 3625 quod
2462 3558 2565 3611 hoc
2589 3558 2717 3613 dicit
2740 3560 2871 3614 mihi
2925 3560 3160 3630 Spiritus
3185 3578 3309 3619 san-

1739 3649 1859 3695 ctus
1898 3644 1964 3695 dc
1996 3652 2081 3704 te,
2120 3645 2376 3713 quoniam
2405 3647 2567 3702 homo
2606 3661 2861 3705 nascetur
2890 3652 2939 3710 in
2980 3663 3051 3721 te,
3097 3664 3152 3710 et
3195 3659 3313 3728 ipse

1740 3731 1985 3786 fundabit
2031 3744 2101 3788 te.
2142 3735 2208 3789 Et
2240 3738 2339 3790 huc
2370 3739 2589 3808 insuper
2626 3742 2757 3796 dicit
2791 3744 2922 3798 mihi
2960 3746 3027 3801 de
3060 3757 3132 3815 te,
3185 3765 3313 3819 qna-

1741 3831 1897 3877 tcnns
1937 3824 2197 3879 habitatio
2265 3830 2495 3881 omnium
2537 3831 2881 3889 habitantium
2908 3840 2960 3890 in
2989 3849 3036 3892 te
3070 3841 3173 3894 erit
3202 3842 3309 3898 sic-

1741 3927 1800 3970 ut
1841 3918 2092 3972 Imbitatio
2140 3922 2458 3977 laetantium.
2514 3924 2664 3991 Quod
2708 3938 2791 3982 est
2839 3931 3018 3986 dicere
3066 3933 3310 3992 :Omnos

1742 4008 1831 4076 qui
1862 4008 1914 4061 itt
1949 4019 1999 4063 te
2030 4010 2133 4065 fide
2178 4011 2539 4083 habitabant,
2588 4029 2746 4074 erunt
2797 4022 2939 4078 sicut
2984 4024 3227 4081 laetantes
3258 4030 3310 4082 in

1741 4101 1975 4170 puritate
2002 4103 2349 4159 conscientite
2381 4121 2509 4161 suae.
2540 4107 2701 4163 Juxta
2733 4113 2875 4181 quod
2920 4115 3206 4182 Apostolus
3228 4117 3281 4172 di
3301 4147 3313 4157 -

1742 4194 1815 4248 cit
1842 4212 1855 4247 :
1890 4213 1905 4246 ‹
1944 4194 2126 4251 Gloria
2158 4213 2228 4251 no
2265 4209 2343 4252 tra
2374 4199 2491 4255 lucc
2515 4212 2599 4267 est
2629 4205 2991 4260 testimonium
3033 4212 3311 4266 conscien-

1744 4288 1831 4343 tia:
1862 4299 2061 4343 nostra:
2094 4289 2178 4359 (Il
2212 4290 2334 4345 Cor.
2369 4309 2407 4356 ι,
2438 4294 2548 4364 12).
2591 4313 2609 4346 ι
2647 4296 2713 4350 Ει
2735 4298 2872 4352 bene
2896 4301 3049 4369 ponit
3083 4317 3188 4357 non
3218 4304 3311 4359 la:-

1744 4378 1996 4443 tantium,
2042 4380 2132 4433 sed
2162 4382 2296 4434 sicut
2338 4381 2650 4452 lwtnntium,
2701 4387 2825 4456 quia
2864 4389 2989 4444 licet
3039 4393 3127 4449 hic
3161 4394 3316 4452 valde

118 4459 196 4511 qua
218 4450 341 4507 Deus
369 4458 472 4511 crit
498 4459 864 4527 omnipotens.
906 4461 1058 4528 Quod
1102 4473 1186 4518 cst
1231 4466 1410 4520 dicere
1441 4486 1454 4521 :
1485 4469 1640 4522 Chri-
1672 4483 1719 4541 ι)
1749 4466 1932 4522 ﬁdeles
1955 4470 2020 4523 de
2045 4470 2286 4539 puritate
2328 4474 2677 4530 conscientite
2704 4493 2815 4533 sum
2845 4480 3093 4537 laetentur
3126 4500 3312 4541 revera

119 4545 208 4590 stus
234 4547 519 4601 secundum
551 4548 941 4605 humanitatem
979 4554 1031 4607 itt
1060 4555 1254 4624 populo
1284 4555 1513 4614 Judaieo
1539 4576 1639 4613 na-

120 4638 280 4696 scetur,
306 4638 391 4705 qui
425 4650 606 4693 tamen
639 4644 934 4697 secundum
966 4646 1304 4703 divinitatem
1329 4663 1451 4703 eum
1491 4667 1641 4707 crea-

118 4719 191 4783 vit,
220 4734 267 4778 et
301 4729 349 4783 iit
400 4732 504 4786 fide
548 4732 797 4789 fundabit
840 4739 1136 4792 secundum
1179 4750 1409 4809 partem.
1448 4742 1516 4797 Et
1543 4746 1643 4800 hoc

118 4816 227 4876 quod
251 4819 308 4873 de
331 4831 379 4877 te
406 4826 641 4882 obscure
670 4829 810 4895 dico,
841 4845 873 4884 ο
915 4831 1069 4885 Sion.
1103 4831 1359 4906 Nunquid
1384 4837 1520 4890 dicet
1550 4839 1642 4891 Ito-

117 4917 196 4997 ξω,
226 4909 269 4963 id
298 4924 378 4968 est
411 4920 655 4987 nunquid
685 4921 856 4977 solvet
883 4922 1080 4993 aliquis
1109 4927 1199 4993 qui
1233 4928 1300 4981 sit
1327 4929 1644 4997 simpliciter

121 4992 266 5064 homo,
299 5006 347 5059 id
380 5022 467 5063 est
507 5012 756 5067 animalis
797 5024 852 5067 et
894 5030 999 5069 non
1033 5018 1334 5086 spiritalis?
1366 5020 1502 5077 Vere
1537 5039 1641 5079 non

118 5085 245 5155 dit-ct,
292 5097 338 5151 id
368 5111 447 5154 est
488 5102 697 5157 solvere
723 5118 828 5158 non
870 5109 1069 5174 poterit
1105 5111 1338 5177 qualiter
1369 5113 1470 5169 hoc
1517 5130 1647 5169 con-

120 5178 273 5248 ιίηξςυι,
303 5191 440 5257 quod
472 5192 633 5247 homo
662 5206 917 5250 nascetur
946 5198 997 5250 iit
1034 5208 1105 5265 te,
1138 5212 1193 5255 et
1245 5204 1357 5271 ipse
1403 5206 1646 5261 fundabit

120 5272 173 5320 lc.
201 5291 215 5321 ι
245 5275 500 5335 Anitnalis
525 5283 667 5336 enim
707 5285 867 5340 homo
899 5302 1005 5342 non
1040 5292 1271 5361 percipit
1310 5309 1373 5349 ea
1409 5311 1525 5364 qure
1552 5297 1644 5351 Dei

120 5369 217 5453 sunt
241 5365 284 5431 (1
316 5367 436 5423 Cor.
487 5387 551 5435 tt,
585 5374 706 5444 14).
746 5397 763 5426 ι
802 5376 904 5431 Per
945 5379 1048 5433 hoc
1079 5392 1257 5437 autem
1308 5387 1503 5453 innuit,
1545 5389 1647 5442 hoc

122 5446 333 5548 itelfabili
369 5466 626 5533 mysterio
670 5476 723 5520 et
754 5472 1128 5526 sacratissimo
1160 5477 1471 5547 contigisse,
1504 5480 1645 5548 quod

121 5533 288 5598 homini
315 5551 442 5607 dicit
464 5570 585 5609 esse
610 5558 897 5631 insolubile
932 5579 945 5615 :
978 5563 1057 5617 vel
1087 5565 1188 5617 sic.
1222 5568 1349 5622 Dico
1383 5571 1524 5638 quod
1552 5572 1649 5624 ho-

122 5637 189 5724 illo
229 5647 468 5695 mscel'"
517 5644 568 5697 i"
602 5654 682 5712 l0;
710 5657 764 5701 Cl
812 5650 925 5718 ipse
958 5650 1205 5708 fundabit
1241 5666 1310 5709 te.
1346 5637 1411 5711 Et
1460 5660 1581 5724 hoc,
1615 5677 1647 5711 o

123 5712 246 5789 Sion,
275 5733 499 5802 nunquid
530 5734 658 5789 dicet
686 5739 858 5805 homo,
906 5742 955 5795 id
998 5752 1080 5799 cst
1127 5749 1369 5816 nnnqnil
1425 5750 1641 5803 audebit

523 5825 789 5890 Psruoc.
836 5833 1016 5898 LL“.

1742 4567 1798 4611 et
1827 4559 2022 4628 ample,
2063 4562 2126 4613 ad
2157 4564 2614 4631 comparationem
2648 4575 2824 4624 tamen
2864 4580 3078 4626 ueterum
3114 4575 3311 4631 Icctitire

1744 4648 1937 4717 fultum
1966 4649 2078 4704 lucc
2116 4666 2352 4720 prtesens
2398 4669 2503 4708 non
2557 4657 2756 4712 dicitur
2797 4659 3009 4726 laetitia;
3047 4666 3141 4720 sed
3172 4667 3313 4721 sicut

1744 4737 1949 4802 laetitia,
1983 4739 2138 4795 idest
2169 4741 2356 4795 umbra
2390 4743 2587 4799 lmtitiae
2621 4745 2834 4803 futurre.
2867 4751 2967 4806 Per
3000 4754 3101 4809 hoc
3132 4767 3312 4811 autem

1746 4834 1969 4887 attrahit
1996 4835 2062 4888 ad
2093 4839 2424 4894 consortium
2456 4841 2711 4897 Ecclesiae
2743 4846 2862 4901 illos
2890 4850 2978 4917 qui
3012 4862 3162 4906 extra
3214 4856 3315 4908 lic-

1746 4924 1961 4978 clesiam
2005 4940 2148 4995 sunt,
2183 4943 2303 4983 cum
2351 4931 2517 5000 ipsius
2545 4935 2877 4994 habitatores
2903 4940 3048 4996 dicat
3076 4957 3194 4997 esse
3224 4943 3317 4998 lac-

1750 5025 1941 5070 tantes.

2140 5111 2203 5165 IN
2246 5113 2467 5168 PSALSI
2483 5116 2571 5171 [ΞΜ
2612 5118 2917 5177 LXXXVII.

1821 5200 2030 5257 Titulus
2053 5207 2368 5274 octogesitni
2402 5210 2638 5277 septimi.
2673 5212 2943 5269 Canticum
2971 5217 3157 5284 psalmi
3192 5218 3316 5285 [iliis

1749 5291 1898 5352 Core,
1934 5295 1987 5347 in
2025 5296 2178 5363 ﬁnem
2204 5315 2297 5367 pro
2329 5298 2524 5354 Mclcck
2558 5302 2629 5372 [al
2662 5344 2676 5368 ,
2714 5304 2961 5379 Mueletlt]
3003 5308 3071 5359 ad
3106 5325 3317 5377 respou—

1749 5386 1997 5449 dendum,
2040 5391 2326 5445 inrelt'cctus
2363 5394 2527 5448 Erum
2568 5396 2823 5451 Israclitm
2856 5400 2973 5471 [al.,
3008 5402 3320 5479 Ezraltitu'].

1751 5477 1865 5531 Non
1898 5480 2026 5534 dicit
2053 5486 2310 5537 canticum
2335 5489 2476 5554 quod
2509 5488 2594 5542 hic
2621 5499 2742 5557 agat
2766 5492 2831 5546 de
2854 5492 3187 5558 jocunditatc
3235 5477 3320 5553 re-

1751 5573 2139 5629 munerationis
2169 5587 2402 5640 ceterum,
2433 5578 2525 5631 sed
2549 5581 2673 5647 quia
2704 5582 2953 5638 Christus
2980 5588 3067 5641 hic
3096 5589 3161 5642 de
3194 5605 3317 5659 pas-

1752 5663 1901 5714 sione
1938 5678 2034 5715 sua
2076 5680 2259 5732 agens,
2294 5677 2343 5717 et
2381 5683 2545 5747 orans
2573 5679 2627 5722 nt
2656 5671 2794 5727 Deus
2823 5690 2944 5729 eum
2984 5687 3320 5735 constantem

1752 5754 1909 5810 faciat
1940 5766 1992 5810 et
2023 5758 2327 5824 resuscitet,
2364 5759 2585 5815 instruit
2618 5779 2809 5818 omnes
2841 5768 2931 5837 qtti
2966 5779 3089 5824 sttnt
3124 5767 3215 5827 lilii
3239 5775 3320 5827 sui

2726 5857 2802 5919 375
