3840 6338
573 310 710 366 ιιθει

1107 306 1164 364 8.
1207 306 1555 366 BRUNONIS
1597 306 2130 365 CARTIIUSIANOB

2233 306 2244 359 Ι
2287 305 2774 363 INSTITUTORIS
2811 306 2962 364 ΟΡΡ.
3003 306 3241 363 ΡΑιιει.

3619 319 3716 374 ιιοο

568 421 832 490 adoptivi,
865 427 922 473 ut
951 420 1092 474 sicut
1133 419 1250 489 ipse
1278 435 1380 473 non
1411 420 1634 485 invitus,
1667 422 1759 475 sed
1801 437 1920 474 cmn
1963 421 2144 474 Ia-titia
2177 427 2220 483 Α
2253 421 2353 473 hoc
2377 429 2432 474 ut
2455 422 2790 491 compleatur
2815 439 2842 475 a
2868 421 3216 476 similitudine
3239 422 3718 500 houestorumlegatu-

529 553 534 556 -
566 529 664 582 pro
701 511 854 566 nobis
881 525 1098 565 crucem
1151 512 1428 576 sustinuit,
1479 512 1604 566 licet
1642 515 1935 566 secundum
1962 514 2146 566 carnis

563 603 899 657 debilitatem
928 601 1100 656 tristis
1141 611 1446 671 appareret,
1479 602 1550 654 ita
1581 610 1634 656 et
1668 603 1759 656 lilii
1800 604 1917 670 ejus
1947 619 2043 670 pro
2079 618 2144 656 eo

567 697 610 747 si
654 708 880 748 necesse
912 690 1096 756 fuerit,
1131 707 1250 746 cum
1281 691 1467 746 ltetitia
1498 693 1731 747 debeant
1760 695 1986 747 adversa
2027 709 2144 748 sus-

566 786 772 850 tinere,
805 785 935 840 etin
968 783 1099 854 ipsis
1131 785 1377 838 adversis
1425 799 1606 839 orare.
1653 785 1718 838 Et
1769 787 1869 839 hoc
1903 785 1953 838 in
1989 785 2143 838 titulo

565 877 808 930 innuitur
833 892 956 931 cum
987 875 1117 930 dicit
1150 893 1163 928 :
1214 875 1489 929 Canticum
1517 877 1706 946 psalmi
1735 877 1860 944 ﬁliis
1891 875 2052 940 Core,
2087 878 2142 929 in

563 971 740 1038 ﬁnem,
777 986 873 1038 pro
926 966 1124 1020 Melech
1159 967 1226 1020 ad
1269 967 1706 1037 respondendum.
1753 969 1852 1034 Qui
1913 969 1992 1021 sic
2044 968 2140 1019 ad-

564 1071 802 1130 aptatur.
833 1058 1107 1113 Canticum
1133 1057 1292 1126 hujus
1315 1059 1524 1126 psalmi,
1547 1057 1596 1110 id
1626 1067 1707 1111 est
1729 1057 2023 1124 jucundum
2053 1072 2142 1110 ne-

564 1151 765 1220 gotium
793 1149 951 1218 hujus
982 1159 1269 1214 tractatus,
1306 1148 1516 1203 scilicet
1550 1149 1825 1216 negotium
1871 1146 2140 1217 passionis

563 1244 790 1309 Christi,
820 1244 872 1297 in
896 1258 1004 1313 quo
1035 1243 1148 1313 ipse
1175 1257 1272 1312 pro
1309 1243 1486 1296 salute
1514 1241 1696 1294 mutuli
1733 1255 1924 1310 passus
1952 1238 2142 1309 praeci-

564 1336 704 1390 nuit.
755 1336 984 1405 Ideoque
1027 1335 1225 1388 dicitur
1267 1333 1528 1386 canticum
1573 1332 1717 1402 quod
1775 1333 1825 1385 in
1872 1332 1972 1384 hoc
2005 1330 2140 1399 psal-

562 1445 649 1484 mo
681 1429 1018 1494 continetur,
1053 1427 1374 1497 proponitur
1416 1426 1543 1495 ﬁliis
1589 1427 1755 1491 Core,
1799 1425 1848 1478 id
1895 1432 1978 1478 est
2018 1423 2140 1478 filiis

559 1518 784 1584 Christi,
816 1519 905 1589 qui
941 1519 1032 1573 filii
1059 1517 1176 1586 ejus
1205 1519 1443 1587 adoptivi
1479 1517 1604 1571 facti
1638 1528 1766 1571 sunt
1801 1533 1896 1586 per
1930 1517 2140 1585 passio-

559 1627 700 1667 nem.
732 1613 796 1666 Et
823 1613 1140 1682 proponitur
1163 1611 1292 1682 ipsis
1323 1611 1392 1664 ad
1425 1610 1862 1680 respondendum,
1889 1609 1940 1662 id
1966 1619 2046 1662 est
2074 1609 2138 1661 ad

559 1705 662 1758 hoc
689 1713 745 1757 ut
773 1705 821 1758 ei
856 1704 1249 1774 respondeant,
1283 1718 1386 1756 non
1432 1701 1613 1756 verbis
1644 1702 1736 1755 sed
1770 1701 1952 1765 factis,
1987 1699 2138 1754 scili-

2248 527 2386 574 rum,
2431 512 2521 580 qui
2567 513 2862 566 thalamum
2921 513 3129 567 Domini
3173 515 3362 570 intrare
3393 520 3702 586 permittuntur

2245 602 2396 668 Quod
2423 604 2554 657 dicit
2578 604 2631 657 in
2663 606 2751 658 die
2779 604 3000 658 clamavi
3031 616 3079 658 et
3110 617 3251 660 nocte
3277 623 3434 660 coram
3461 619 3516 671 te,
3538 611 3716 681 interpo-

2245 694 2407 746 situm
2433 705 2534 760 est,
2565 705 2617 749 et
2647 705 2730 750 est
2756 712 2820 749 ac
2849 697 2892 750 si
2925 697 3002 750 sic
3032 697 3231 750 diceret
3259 715 3270 750 :
3299 698 3491 753 Cu‘m.tu
3523 701 3718 756 Dominus

2245 780 2318 834 sis
2346 783 2588 836 omnium
2622 793 2678 837 et
2716 784 2876 850 Deus,
2909 795 2963 838 et
2996 801 3093 854 per
3126 787 3223 840 hoc
3263 797 3310 839 te
3343 788 3633 843 manifestum
3662 805 3720 845 est

2243 873 2670 940 omnipotentem
2704 889 2824 929 esse
2858 893 2870 927 :
2903 885 2957 929 et
2983 875 3096 943 jam
3127 877 3298 946 epifex
3335 895 3453 932 mea:
3477 880 3630 935 salutis
3653 899 3720 934 cx-

2244 963 2470 1030 stiteris,
2515 975 2570 1018 et
2609 966 2733 1018 talia
2778 965 2942 1020 etiam
2989 981 3138 1020 orem
3179 984 3291 1036 quze
3319 969 3365 1020 in
3394 982 3634 1038 conspectu
3657 981 3720 1024 tun

2245 1067 2394 1121 sunt,
2421 1073 2518 1112 oro
2551 1067 2606 1111 ut
2637 1061 2814 1112 oratio
2841 1073 2957 1113 mea
2987 1060 3171 1124 intret,
3203 1062 3252 1112 id
3279 1071 3353 1115 cst
3377 1064 3653 1116 adtnillalur.
3677 1065 3720 1115 Et

2241 1148 2366 1214 quia
2403 1148 2613 1201 dixerat
2635 1148 2841 1212 salutis,
2870 1149 3038 1218 ipsam
3070 1150 3292 1203 salutem
3322 1152 3529 1204 ostendit
3554 1154 3721 1205 cumino

2245 1239 2478 1306 terponit
2525 1257 2537 1291 :
2580 1239 2748 1305 Hujus
2785 1241 2996 1294 scilicet
3029 1241 3219 1295 salutis
3263 1242 3399 1294 l'uisli
3425 1242 3720 1310 opilex,quod

2243 1345 2324 1381 me
2347 1331 2482 1383 adeo
2513 1329 2814 1398 perlectum
2851 1331 3047 1390 fecisti,
3088 1332 3229 1400 quod
3271 1349 3367 1384 non
3394 1347 3612 1384 remissus
3635 1333 3717 1383 lui:

2241 1421 2334 1471 sed
2364 1419 2608 1484 clamaui,
2644 1421 2693 1472 id
2720 1431 2804 1475 est
2843 1420 3080 1474 clamore
3117 1421 3338 1474 intensa'
3365 1422 3718 1489 dcvolionisrgi,

2240 1521 2293 1565 et
2319 1512 2372 1564 in
2399 1511 2554 1566 dicet
2586 1513 2636 1565 in
2669 1523 2838 1573 nocte,
2866 1529 2970 1565 non
3000 1511 3178 1566 factus
3207 1515 3257 1566 in
3285 1518 3366 1569 die
3393 1502 3632 1585 superbus,
3655 1533 3722 1569 nec

2243 1604 2294 1658 in
2327 1612 2484 1658 nocte
2513 1605 2706 1658 timore
2735 1604 3052 1660 eunfracIus
3089 1620 3102 1656 :
3142 1610 3284 1674 quod
3308 1623 3449 1676 teque
3475 1625 3641 1662 summa
3661 1626 3723 1662 sa-

2244 1694 2324 1748 lus
2344 1705 2426 1748 est
2451 1709 2517 1748 ne
2541 1697 2662 1764 quis
2692 1697 2743 1748 in
2775 1696 2863 1749 die
2894 1695 2975 1749 vel
3006 1697 3056 1748 in
3093 1705 3250 1750 nocte
3288 1713 3314 1749 a
3346 1698 3427 1750 tali
3448 1698 3640 1751 clamore
3660 1701 3723 1751 de-

556 1804 638 1850 cet
672 1804 729 1848 ιιι
759 1797 899 1850 sicut
948 1796 1060 1864 ipso
1089 1793 1376 1864 praecinuit
1419 1808 1516 1862 pro
1551 1792 1629 1846 eis
1658 1793 1936 1861 patiendo,
1971 1791 2043 1844 ita
2083 1800 2136 1844 et
2170 1781 2210 1834 Β
2239 1786 2416 1840 sistat.
2449 1786 2578 1840 DitO
2609 1790 2765 1840 intret
2795 1787 2963 1840 oratio
2995 1803 3132 1850 mea,
3163 1797 3296 1840 etut
3323 1804 3418 1842 non
3439 1789 3722 1842 excludatur:

557 1885 659 1956 ipsi
688 1887 732 1940 si
763 1886 1066 1956 oportuerit
1111 1885 1399 1939 suceinant
1438 1895 1490 1937 et
1522 1883 1902 1954 respondeant,
1939 1898 2036 1952 pro
2069 1899 2133 1937 eo

557 1987 785 2032 mortem
817 1978 924 2047 pati
971 1992 1074 2031 non
1122 1976 1393 2048 fugiendo.
1450 1977 1515 2030 Et
1559 1992 1663 2028 non
1710 1976 1862 2028 inviti
1898 1973 2133 2043 'respou-

555 2068 734 2133 deant,
769 2080 861 2123 attt
896 2071 1050 2140 quasi
1093 2085 1154 2123 ex
1192 2069 1548 2132 necessitate;
1578 2068 1670 2122 sed
1702 2084 1795 2136 pro
1829 2065 2048 2129 Melcrh,
2083 2065 2134 2120 id

552 2171 636 2216 est
665 2164 959 2216 secundum
991 2161 1341 2216 concordiam
1390 2160 1676 2214 eharitatis
1711 2169 1764 2212 et
1801 2159 2130 2224 dilectionis,

555 2253 760 2308 scilicet
786 2263 842 2308 ut
875 2254 1017 2308 sicut
1052 2255 1168 2323 ipse
1198 2269 1318 2307 cum
1353 2252 1620 2305 charitate
1657 2250 1961 2304 dilectionis
2011 2265 2134 2303 sus-

556 2345 748 2410 tinuit;
773 2345 853 2400 sic
875 2355 929 2400 et
959 2345 1056 2415 ipsi
1083 2360 1203 2398 cum
1233 2331 1498 2398 charitate
1523 2342 1846 2404 sustineant,
1873 2351 1928 2394 et
1951 2341 1999 2394 in
2033 2341 2134 2394 hoc

558 2449 743 2489 secum
769 2436 1121 2490 concordent.
1151 2431 1285 2492 Nam
1317 2434 1360 2486 si
1399 2433 1722 2485 tradiderint
1752 2447 1950 2501 corpus
1976 2447 2129 2486 suum

554 2535 615 2582 ιιι
645 2527 898 2594 ardeant,
925 2529 1244 2583 charhatem
1269 2536 1449 2582 autem
1479 2515 1584 2580 non
1614 2525 1868 2590 habeant,
1895 2525 2026 2578 nihil
2054 2527 2133 2580 eis

555 2621 796 2690 proderit
827 2619 878 2691 (1
905 2619 1030 2674 Cor.
1062 2636 1181 2684 xui,
1210 2619 1286 2690 5).
1318 2619 1380 2672 Et
1413 2619 1553 2672 hanc
1585 2618 1989 2687 responsionem
2025 2634 2132 2672 non

553 2712 620 2766 ad
651 2713 841 2766 horam
887 2710 1070 2766 facere
1109 2711 1331 2775 debent,
1365 2709 1456 2764 sed
1492 2724 1664 2779 usque
1712 2711 1765 2762 in
1795 2709 1951 2776 ﬁnem
1987 2709 2129 2762 vitae.

557 2820 576 2854 ι
607 2801 706 2870 Qui
736 2802 878 2856 enim
910 2800 1340 2873 perseveraverit
1369 2815 1538 2869 usque
1567 2799 1616 2852 in
1652 2798 1810 2852 finem
1841 2798 1929 2853 hic
1955 2799 2133 2852 sa’vns

550 2893 654 2948 erit
681 2893 896 2964 (Matth.
925 2893 1115 2964 x,22).
1146 2913 1162 2945 ι
1196 2891 1400 2946 Melech
1425 2890 1641 2961 quidem
1661 2889 1848 2943 chorus
1872 2890 2132 2958 interpre-

549 2991 715 3039 tatur.
762 2984 973 3039 Etenim
1021 2983 1146 3053 quia
1181 2981 1235 3036 in
1278 2981 1447 3036 choro
1491 2981 1629 3035 solet
1669 2994 1790 3034 esse
1837 2978 2128 3033 concordia

529 3084 770 3140 cautus,
807 3075 1008 3129 Melech
1041 3090 1138 3144 pro
1178 3073 1468 3128 concordia
1519 3079 1890 3142 competenter
1934 3070 2132 3139 accipi-

548 3174 658 3220 tur.
694 3165 758 3220 Et
787 3166 889 3220 hoc
911 3174 993 3220 est
1015 3163 1304 3219 intellectus
1331 3160 1502 3215 Entan
1531 3159 1814 3225 Israelittr,
1837 3159 1888 3212 id
1916 3170 1996 3214 est
2028 3160 2129 3212 hoc

548 3253 816 3310 intellexit
848 3255 1120 3315 Christus,
1151 3268 1271 3308 esse
1320 3252 1531 3307 scilicet
1565 3252 1922 3314 cantandum,
1967 3249 2020 3304 id
2047 3257 2131 3302 est

543 3349 841 3420 jomtndum
873 3350 924 3404 in
954 3349 1134 3403 anima
1169 3349 1220 3402 in
1252 3347 1626 3411 tribulatione,
1657 3347 1783 3400 licet
1815 3344 2036 3397 tristitia
2062 3345 2130 3398 sit

547 3443 791 3497 exterius
836 3456 902 3496 ex
945 3457 1140 3506 carne;
1190 3441 1360 3495 Eman
1407 3439 1606 3509 quippe
1648 3437 1835 3507 frater,
1884 3436 2129 3490 Israelita

546 3547 680 3588 vero
727 3533 907 3587 videns
971 3532 1136 3586 Deum
1193 3533 1604 3602 interpretatur.
1673 3527 1824 3583 Unde
1891 3543 2130 3598 congrue

547 3621 798 3676 Christus
830 3623 996 3676 Eman
1045 3621 1285 3675 Israelita
1337 3619 1569 3685 dicitur;
1605 3619 1695 3689 qui
1734 3618 1908 3672 frater
1945 3619 2131 3672 noster

547 3720 655 3776 est,
685 3719 741 3765 et
765 3712 1066 3766 secundum
1099 3711 1495 3765 humanitatem
1531 3719 1773 3765 nostram
1803 3725 1964 3779 quam
2000 3724 2128 3778 par-

553 3802 814 3872 ticipavit,
851 3802 1229 3856 etsecundqu
1264 3802 1608 3856 divinitatem
1642 3816 1814 3865 suam,
1848 3799 2000 3867 cujus
2028 3811 2127 3853 no-

549 3893 634 3950 bis
691 3894 1164 3964 participationcm
1229 3895 1473 3949 donavit.
1527 3893 1682 3949 Unde
1738 3894 1880 3948 idem
1951 3893 2124 3948 dicit:

553 4002 572 4036 ι
626 3984 949 4054 Quicunque
997 3984 1188 4040 fecerit
1240 3991 1573 4039 voluntatem
1607 3983 1785 4038 Patris
1825 3984 1954 4050 mei,
2015 3983 2130 4053 ipse

546 4089 700 4130 meus
735 4073 900 4129 frater
926 4083 1012 4130 est
1059 4073 1256 4144 (Marc.
1292 4089 1390 4141 ιιι,
1440 4074 1517 4145 5).
1555 4094 1574 4127 ι
1627 4074 1693 4128 Ει
1737 4073 1862 4128 alibi
1909 4092 1922 4129 :
1961 4094 1979 4126 ι
2015 4074 2127 4140 lte,

542 4169 706 4224 dicite
746 4165 1005 4222 fratribus
1048 4182 1199 4222 meus
1247 4167 1472 4239 (Matth.
1499 4184 1690 4232 xxvtu,
1745 4168 1854 4238 l0).
1898 4187 1916 4220 ι
1952 4167 2127 4222 Israe-

542 4260 635 4315 lita
695 4275 825 4315 vero
857 4261 1259 4331 digue‘dicitur.
1306 4259 1438 4327 Quis
1487 4261 1631 4316 enim
1665 4261 1712 4314 ei
1749 4269 1926 4329 potest
1961 4261 2129 4330 requi-

539 4350 719 4420 parari
758 4349 923 4422 3&9
970 4351 1020 4404 in
1077 4351 1170 4406 Dei
1237 4351 1462 4418 visione,
1521 4349 1673 4420 cujus
1734 4352 2125 4407 humanitatem

2237 1876 2432 1929 inclina
2458 1893 2636 1929 aurem
2660 1888 2828 1943 tuam,
2863 1877 2914 1930 id
2938 1884 3021 1930 est
3047 1879 3469 1932 condescendere
3491 1880 3563 1931 fac
3589 1889 3724 1946 poten-

2237 1967 2366 2019 tiam
2391 1967 2898 2022 miserieordizettue
2930 1968 3117 2021 humili
3150 1970 3294 2037 preci
3325 1983 3463 2022 aucte.
3484 1969 3522 2021 Α
3545 1968 3728 2021 similitu-

2237 2058 2361 2112 dine
2400 2060 2617 2124 medici,
2660 2062 2750 2130 qui
2793 2077 2982 2114 aurem
3026 2073 3234 2132 aegroto
3281 2061 3506 2126 inclinat,
3547 2078 3620 2115 seu
3646 2059 3724 2128 jam

2236 2152 2430 2220 δωιιὶιιδ
2472 2163 2752 2207 ostensum
2797 2163 2899 2207 est.
2942 2153 3009 2207 Et
3051 2169 3276 2208 necesse
3316 2163 3392 2207 est
3430 2166 3479 2207 ιιι
3511 2170 3656 2207 aurem
3680 2155 3726 2203 ad

2234 2261 2434 2314 precem
2474 2262 2638 2298 meam
2679 2246 2928 2310 inclines,
2960 2248 3084 2316 quia
3131 2248 3309 2300 anima
3349 2263 3454 2300 mea
3495 2246 3648 2314 repleta
3676 2257 3725 2296 est

2236 2337 2412 2402 malis,
2447 2337 2604 2392 idest
2639 2339 2933 2406 replebitur
2970 2339 3424 2393 tribulationibus.
3465 2337 3579 2391 Mala
3611 2338 3726 2390 nimi-

2237 2445 2355 2482 rum
2391 2446 2488 2499 pro
2534 2429 2970 2484 tribulationibus
2999 2432 3302 2499 sa'pissitne
3336 2440 3596 2500 ponuntur;
3621 2430 3724 2480 vcdu

2235 2523 2407 2591 gratia
2441 2524 2492 2576 in
2524 2522 2620 2578 Job
2657 2541 2669 2577 :
2706 2543 2724 2575 ι
2758 2525 2811 2578 Si
2843 2526 2982 2577 bona
3019 2525 3357 2594 suscepimus
3401 2524 3460 2576 de
3493 2538 3624 2576 lll'dllll
3658 2519 3728 2572 Du-

2238 2617 2411 2669 mini:
2451 2617 2591 2670 mala
2623 2626 2804 2670 autem
2848 2632 3017 2685 quare
3057 2633 3162 2671 non
3209 2617 3543 2684 suscipiamus
3571 2613 3727 2682 (John.

2238 2707 2348 2773 10).
2373 2723 2389 2756 ι
2427 2706 2493 2760 Et
2521 2707 2659 2761 adeo
2692 2707 2992 2776 replebitur
3018 2707 3200 2760 anima
3230 2723 3342 2761 mea
3366 2703 3727 2774 malis,quoui;uu

2236 2798 2338 2850 vita
2370 2815 2506 2861 mea,
2537 2799 2586 2851 id
2607 2808 2683 2878 est
2707 2800 2818 2868 ipsa
2849 2800 3051 2864 anima,
3077 2815 3199 2870 quae
3221 2815 3376 2854 causa
3406 2809 3479 2854 est
3501 2801 3728 2855 vincirer,

2236 2891 2688 2960 appropinquavit,
2717 2892 2767 2946 id
2800 2901 2880 2946 est
2909 2894 3382 2962 appropinquabtt,
3414 2891 3606 2960 inferno,
3628 2887 3729 2942 scilic

2237 2989 2320 3033 cet
2350 2996 2446 3050 per
2475 2983 2702 3036 nimium
2737 2983 3147 3037 tribulationum
3180 2985 3387 3053 pondus
3417 2999 3442 3035 a
3468 2997 3652 3050 corpore
3675 2993 3730 3030 se-

2237 3074 2504 3142 paranda,
2543 3074 2593 3127 iu
2624 3073 2893 3128 inferntun
2927 3077 3257 3131 descendet:
3287 3087 3338 3130 et
3365 3085 3550 3146 partem
3572 3073 3730 3128 salvan-

2233 3164 2423 3218 dorum
2453 3166 2576 3221 inde
2604 3167 2875 3221 extrahet.
2907 3168 3036 3222 Dico
3063 3169 3210 3238 quod
3239 3169 3363 3222 ani:
3387 3185 3412 3221 a
3437 3184 3538 3221 mea
3560 3163 3730 3232 περιρ-ιιι-

2236 3265 2323 3308 tur
2372 3257 2833 3313 tribulationibus.
2865 3260 2932 3313 Et
2969 3263 3034 3314 ad
3074 3261 3346 3315 cumulum
3385 3261 3730 3330 persecutionum

2231 3352 2801 3417 mearum,a'stimatus
2825 3369 2963 3416 sunt,
2991 3353 3042 3406 id
3070 3364 3152 3407 est
3171 3355 3473 3408 :estimabor
3495 3371 3518 3405 ιι
3540 3364 3731 3418 persecu-

2234 3445 2441 3503 toribus
2479 3448 2614 3500 meis
2643 3445 2863 3512 Judueis,
2904 3464 3021 3501 cum
3069 3449 3487 3502 descendentibus
3519 3447 3563 3496 in
3588 3443 3732 3495 lucum.

2233 3538 2282 3590 id
2314 3548 2396 3592 est
2424 3556 2544 3593 cum
2577 3539 2878 3595 latronibus
2899 3541 3355 3596 descendentilms
3391 3542 3439 3594 in
3471 3534 3734 3609 profundita-

2233 3635 2338 3680 tem
2375 3628 2646 3692 vitiorum,
2685 3630 2972 3698 deputatus
3008 3647 3126 3684 sum
3170 3631 3367 3702 dignus
3399 3629 3521 3683 tradi
3564 3622 3734 3690 turpiter

2233 3719 2285 3772 in
2307 3720 2580 3773 'mortcm.
2620 3720 2768 3775 Unde
2801 3723 3064 3792 propheta
3106 3733 3382 3777 testatur:
3417 3741 3434 3772 ι
3466 3721 3523 3773 Ει
3548 3713 3736 3771 cumini-

2231 3809 2354 3879 quis
2377 3809 2665 3879 deputatus
2687 3820 2771 3866 est
2795 3809 2930 3880 (lsa.
2961 3828 3079 3877 LIII,
3112 3813 3211 3878 12;
3240 3813 3368 3866 an.
3400 3828 3520 3875 xxu,
3541 3808 3630 3876 37).
3658 3801 3732 3854 »ει

2231 3903 2402 3970 factus
2429 3918 2566 3967 sum,
2598 3901 2649 3957 id
2686 3911 2768 3957 est
2801 3904 2926 3956 liam
2965 3919 3062 3972 pro
3099 3905 3438 3972 reputatione
3473 3915 3629 3955 eorum
3651 3894 3736 3946 vilis

2195 4037 2198 4039 .
2231 4001 2285 4046 et
2310 3990 2568 4058 abjeetus,
2596 3992 2736 4047 sicut
2765 3993 2917 4046 homo
2947 3996 3058 4047 sine
3087 3995 3380 4063 adjutorio,
3422 3991 3602 4047 scilicet
3626 3992 3735 4054 puta-

2230 4082 2363 4136 bunt
2390 4098 2475 4136 me
2511 4083 2817 4138 nullatenus
2842 4083 3211 4152 adjuvandum
3242 4100 3364 4139 esse
3402 4103 3414 4137 :
3448 4097 3556 4138 cum
3580 4094 3658 4146 ego
3685 4085 3738 4125 tr.-

2233 4189 2353 4227 men
2381 4172 2592 4228 futums
2619 4174 2720 4227 sim
2747 4173 2877 4228 liber
2900 4190 2928 4228 a
2950 4173 3075 4242 jure
3113 4177 3326 4238 mortis,
3356 4171 3610 4228 existendo
3641 4170 3737 4218 inter

2232 4273 2488 4316 mortuos.
2523 4262 2747 4317 Scilicet
2775 4279 2896 4318 cmn
2919 4279 3015 4318 ero
3045 4265 3099 4317 in
3132 4280 3366 4319 numero
3397 4272 3682 4318 mortuorum
3700 4252 3736 4303 in

2230 4369 2459 4424 corpore
2483 4364 2758 4420 mortuus;
2797 4371 2902 4410 non
2936 4371 3031 4411 ero
3064 4366 3245 4411 tamen
3281 4358 3332 4410 in
3366 4361 3609 4426 potestate
3635 4361 3736 4400 mor-

541 4440 718 4530 Yerbo
766 4441 857 4494 Dei
921 4439 1264 4510 conjunctatn
1320 4456 1443 4497 esse
1495 4458 1600 4496 non
1651 4451 1731 4496 est
1778 4443 2018 4507 dubium,
2071 4443 2124 4498 in
2154 4471 2206 4530 υ
2236 4449 2323 4513 tis,
2366 4458 2424 4501 ut
2456 4465 2538 4502 nte
2567 4449 2805 4504 retinere
2831 4449 3038 4512 valeat;
3064 4450 3158 4504 sed
3193 4450 3336 4504 liber
3362 4465 3470 4512 ero,
3501 4455 3552 4500 ut
3575 4439 3737 4512 quando

538 4529 779 4598 ejusdem
815 4547 1054 4601 personae
1115 4535 1458 4590 inenarrabili
1497 4535 1725 4590 unione?
1749 4535 1852 4591 Per
1892 4537 1992 4590 hoc
2026 4537 2126 4608 igi-
2232 4540 2362 4593 mihi
2406 4540 2686 4610 placuerit,
2729 4541 3042 4608 resurgendi
3079 4541 3310 4595 habeam
3343 4539 3638 4595 facultatem.
3663 4529 3736 4582 Per

497 4689 502 4696 _
543 4629 629 4675 tur
657 4621 795 4677 filios
817 4623 954 4678 Core
996 4626 1341 4682 vehementer
1367 4627 1592 4681 attrahit
1615 4627 1682 4681 ad
1719 4629 2044 4682 cantandum
2075 4629 2127 4683 in

542 4711 910 4780 tribulatione,
925 4730 1044 4769 cum
1060 4718 1338 4785 perhibent
1356 4717 1634 4773 Christum
1659 4719 1760 4772 hoc
1777 4718 2124 4774 intellexisse.

541 4799 656 4856 Non
685 4802 830 4856 enim
868 4805 970 4858 hoc
1025 4805 1415 4874 intellexisset,
1463 4808 1507 4862 si
1537 4824 1641 4863 non
1683 4807 1868 4876 utique
1903 4807 1970 4863 ad
1999 4822 2125 4877 pas-

539 4893 710 4949 sionis
737 4895 1098 4956 obedientiam
1133 4898 1434 4953 voluntarie
1462 4899 1815 4954 cucurrisset.

613 4987 832 5042 Domine
868 4987 1027 5041 Pater
1057 4987 1196 5042 Deus
1225 4991 1406 5060 opifex
1430 4991 1618 5045 salutis
1656 5007 1806 5056 mete,
1849 4991 1901 5044 in
1929 4990 2032 5051 die,
2072 4989 2126 5044 id

539 5087 625 5134 est
660 5081 712 5134 in
754 5081 1134 5150 prosperitate,
1183 5092 1230 5136 et
1272 5092 1440 5148 nocte,
1475 5083 1526 5136 id
1557 5091 1643 5138 est
1682 5083 1736 5136 in
1772 5083 2120 5148 adversilate,

539 5169 784 5236 clamavi,
814 5171 867 5226 id
897 5181 981 5225 est
1009 5169 1246 5225 clamore
1271 5171 1484 5226 intenso
1504 5173 1586 5243 egi
1615 5173 1769 5227 bonae
1791 5173 2118 5228 devotionis.

541 5263 608 5316 Et
636 5262 738 5318 hoc
769 5272 854 5318 est
894 5280 1073 5318 coram
1095 5275 1166 5331 te,
1205 5262 1261 5318 id
1294 5271 1377 5318 est
1406 5263 1508 5318 hoc
1533 5264 1681 5317 vides
1713 5273 1788 5327 tu,
1814 5265 2124 5334 quicunque

539 5353 642 5413 hoc
671 5359 902 5428 ignoret.
933 5359 1074 5428 Ergo
1103 5361 1276 5414 oratio
1299 5374 1414 5412 mea
1441 5358 1584 5413 facta
1609 5359 1664 5412 in
1701 5368 1978 5426 conspectu
2006 5368 2120 5422 tuo,

539 5450 591 5506 id
613 5461 696 5506 est
725 5451 865 5506 facta
891 5455 958 5508 de
988 5452 1080 5507 tali
1112 5467 1171 5508 re
1200 5466 1320 5522 quae
1345 5461 1430 5506 est
1459 5451 1514 5505 in
1543 5460 1840 5520 conspectu
1875 5460 1987 5516 tuo,
2014 5447 2121 5504 sci-

538 5541 665 5598 licet
691 5541 830 5598 facta
853 5543 921 5600 de
946 5543 1282 5614 perfectione
1313 5541 1656 5608 constantiae,
1685 5549 1740 5597 et
1765 5541 1832 5597 de
1871 5555 2114 5596 resurre-

539 5634 737 5700 ctione,
769 5651 889 5706 quze
931 5636 1026 5690 tibi
1068 5636 1208 5691 bene
1245 5635 1476 5706 placent,
1517 5645 1576 5690 ut
1611 5633 1678 5690 de
1717 5633 1798 5689 eis
1839 5646 2030 5688 orem:
2063 5641 2118 5686 et

540 5741 658 5792 quae
697 5727 839 5782 dono
881 5725 1041 5797 digna
1090 5734 1238 5790 sunt,
1279 5728 1459 5790 intret,
1493 5726 1542 5781 id
1575 5733 1659 5782 est
1689 5722 2008 5780 admittatur
2047 5723 2114 5775 ad

2232 4629 2332 4685 hoc
2361 4629 2503 4699 quod
2539 4644 2597 4684 se
2632 4629 2862 4683 liberum
2905 4629 3056 4694 dicit,
3093 4645 3202 4700 quo
3227 4632 3352 4684 tiam
3395 4623 3652 4680 voluntarie
3672 4634 3737 4688 p1-

2233 4720 2416 4783 tietur,
2467 4719 2666 4782 innuit,
2713 4719 2854 4773 unde
2894 4733 2990 4774 nos
3025 4720 3093 4774 ad
3140 4719 3392 4775 affectum
3438 4725 3597 4788 pater:
3632 4712 3645 4764 i
3681 4709 3737 4760 in-

2227 4810 2410 4863 struit.
2445 4808 2511 4861 Et
2535 4809 2873 4862 existimabor
2896 4810 3073 4864 adlmc
3099 4809 3167 4864 ab
3201 4812 3410 4866 eisdem
3442 4798 3736 4878 persecutori-

2229 4901 2331 4955 bus
2355 4916 2476 4956 esse
2498 4910 2775 4970 peccator,
2808 4901 2948 4955 sicut
2975 4911 3099 4954 sunt
3127 4903 3280 4956 multi
3319 4899 3566 4956 vulnerati
3588 4896 3736 4963 prius:

2225 5004 2392 5058 prava
2415 4991 2762 5062 suggestione
2791 5005 2884 5060 per
2915 5005 3266 5057 consensum,
3297 5003 3352 5047 et
3373 4991 3483 5061 jam
3521 4985 3736 5042 dormien-

2193 5099 2196 5102 '
2228 5091 2308 5136 tes
2333 5085 2386 5136 in
2407 5083 2679 5152 sepulcris,
2715 5085 2766 5136 id
2797 5099 2881 5140 est
2908 5085 3067 5152 sopiti
3097 5095 3151 5138 et
3179 5085 3378 5138 mortui
3409 5084 3458 5136 iu
3483 5075 3736 5148 corporibus

2225 5175 2339 5230 suis
2373 5189 2471 5246 per
2499 5175 2872 5244 operationem
2907 5177 3086 5230 nimiae
3122 5177 3432 5246 voluptatis.
3466 5171 3652 5228 Scilicet
3675 5173 3736 5214 Ite

2224 5265 2456 5320 similem
2489 5265 2820 5333 reputabunt
2847 5265 3248 5335 peccatoribus,
3287 5265 3378 5336 qui
3409 5264 3549 5333 prius
3583 5274 3607 5311 ει
3639 5267 3736 5320 δυῧ·

2223 5355 2470 5424 gestione
2499 5370 2596 5410 sua
2629 5357 2682 5410 in
2721 5371 2992 5411 consensu
3021 5357 3310 5421 vulnerati,
3339 5357 3449 5426 jam
3475 5353 3535 5407 ad
3558 5357 3736 5404 consue-

2223 5447 2464 5502 tudinem
2493 5449 2752 5518 operaudi
2793 5449 3122 5518 voluptatem
3165 5451 3514 5514 devenerunt,
3555 5452 3601 5497 et
3634 5437 3734 5492 adeo

2221 5537 2363 5606 quod
2390 5539 2585 5594 animte
2613 5551 2801 5598 eorum
2833 5549 2963 5594 sunt
2994 5541 3312 5594 dormientes
3344 5540 3395 5592 in
3427 5531 3670 5606 sepulcris,
3697 5521 3733 5576 id

2219 5637 2302 5684 est
2328 5629 2515 5698 sopita:
2534 5637 2589 5684 et
2617 5639 2841 5684 mortum
2866 5629 2917 5684 in
2947 5629 3312 5699 voluptatibus
3342 5639 3624 5698 corporum,
3645 5629 3732 5685 (ιιιέιτ

2223 5729 2368 5774 recte
2418 5720 2598 5787 scpnle-
2635 5734 2666 5773 a
2723 5735 2817 5790 ,ρι’
2865 5719 3268 5776 similitudinem
3320 5721 3572 5776 dicuntur.
3619 5709 3730 5763 Situl
