3840 6338
147 327 242 385 illi!

932 317 1294 375 EXPOSITIO
1334 317 1396 371 ΙΝ
1438 316 1773 373 PSALMOS.
1811 349 1875 358 —
1907 318 2099 374 PSAL
2130 320 2434 377 LXXXVII.

3193 329 3336 386 “03

143 442 254 498 enim
286 448 496 506 corpora
523 432 576 487 in
616 430 878 502 sepulcris
919 432 1157 502 jacentia
1198 430 1456 486 deﬁciunt
1482 440 1530 484 et
1579 429 1655 484 fe-
1688 437 1730 490 Α
1763 429 1885 482 dine
1910 430 2049 483 illius
2072 432 2163 499 qui
2192 432 2242 485 in
2268 431 2601 486 obscuritate
2626 431 2724 485 loci
2752 432 3037 501 cujuslibet
3067 438 3333 505 existens,

143 540 265 591 teut;
303 529 367 581 ita
405 535 455 580 et
488 525 680 578 animae
719 523 1082 592 voluptatibus
1126 538 1417 593 corporum
1464 536 1653 575 assen-

144 622 288 678 tiendo
328 617 479 688 350
531 616 882 669 immoranlcs
923 615 974 668 in
1009 615 1178 678 vitiis,
1221 615 1461 667 exterius
1502 613 1655 667 mala:

142 713 264 767 fama:
291 709 498 763 fetorem
542 704 813 759 emittunt.
863 706 1098 771 Quorum
1140 706 1520 761 dormientium
1552 723 1655 760 non

140 820 178 858 et
201 799 395 870 ttatplius
423 812 635 860 memor,
671 796 723 849 id
757 804 843 851 est
884 797 974 866 qui
1015 797 1149 851 adeo
1181 798 1481 862 dormiunt,
1512 798 1655 867 quod

139 896 322 968 amplius
343 908 519 948 80mm
548 907 651 945 non
675 892 863 946 existis
885 906 1112 956 memor,
1140 901 1196 944 ut
1218 906 1310 945 eos
1334 892 1652 946 exsuscitcs.

140 990 238 1042 Dico
259 986 385 1055 quod
402 982 795 1037 existimabunt
831 996 917 1034 me
945 982 1179 1035 similem
1221 982 1611 1036 dormientibus
1637 999 1650 1034 :

136 1091 169 1133 et
204 1078 287 1145 ipsi
331 1085 501 1128 tamen
540 1081 659 1125 sunt
699 1070 893 1140 repulsi
921 1071 985 1123 de
1014 1087 1175 1124 manu
1222 1081 1333 1136 tua,
1377 1071 1429 1125 id
1465 1079 1549 1125 est
1588 1070 1654 1125 de

135 1167 417 1239 protectione
449 1173 537 1217 tua
562 1163 719 1217 malis
751 1163 960 1217 meritis
986 1163 1119 1225 suis,
1147 1171 1204 1216 ut
1234 1178 1421 1217 eorum
1450 1179 1552 1217 non
1578 1163 1654 1217 sis

136 1274 337 1322 memor;
376 1272 435 1310 ac
472 1255 517 1309 si
561 1254 750 1309 dicat:
786 1251 843 1307 Si
884 1253 985 1323 ipsi
1027 1254 1118 1322 qui
1152 1269 1237 1307 me
1285 1253 1447 1308 talem
1491 1269 1653 1322 repu-

136 1362 240 1412 tant,
259 1348 374 1418 justi
402 1356 603 1410 essent,
642 1363 748 1402 non
783 1356 892 1401 tam
932 1349 1178 1404 mirabile
1208 1349 1505 1404 videretur.
1547 1347 1653 1402 Sed
1694 1406 1701 1411 _

134 1457 227 1494 runt
252 1441 338 1510 ipsi
369 1440 499 1494 adeo
527 1447 844 1509 peccatores
874 1438 1003 1503 sint,
1037 1447 1094 1491 ut
1114 1436 1227 1509 jam
1258 1439 1417 1493 malis
1445 1440 1655 1494 meritis

134 1534 219 1588 suis
247 1532 592 1602 exigentibus,
624 1533 691 1586 de
735 1547 897 1585 manu
937 1540 1022 1584 tua
1055 1531 1254 1601 repulsi
1291 1532 1416 1595 sint,
1448 1548 1531 1584 me
1559 1532 1650 1600 qui

130 1624 269 1694 justus
293 1638 399 1677 sum
435 1622 593 1677 talem
622 1622 964 1685 existimare,
998 1623 1194 1676 mirum
1237 1623 1449 1677 videtur
1477 1631 1531 1677 ct
1558 1639 1654 1690 pe-

134 1713 246 1768 nitus
269 1714 551 1783 iudiguum.
589 1713 773 1781 Etper
800 1714 902 1766 hoc
933 1714 1072 1767 ﬁlios
1111 1712 1248 1767 Core
1278 1714 1499 1766 instrtut
1526 1729 1653 1767 con-

130 1805 333 1861 tumelias
352 1814 714 1876 peccatorum,
742 1804 1013 1872 licctjusti
1040 1805 1167 1870 sint,
1193 1804 1496 1858 voluntarie
1522 1804 1655 1873 pali,

130 1912 226 1951 cum
253 1898 355 1967 ipse
384 1898 731 1967 singulariter
753 1897 935 1966 justus
962 1907 1018 1953 et
1046 1915 1074 1951 a
1106 1899 1344 1968 peccatis
1376 1898 1532 1964 liber,
1575 1908 1655 1953 tot

128 1989 431 2043 contumelias
462 1989 809 2044 sustinuerit.

183 2080 235 2134 Et
262 2094 556 2151 posuerunt,
601 2082 654 2137 id
694 2090 777 2136 est
820 2090 1020 2150 ponent
1059 2098 1138 2134 me
1174 2096 1272 2150 pro
1315 2081 1657 2149 reputatione

130 2187 200 2225 sua
228 2173 273 2226 in
292 2173 401 2227 lacu
432 2174 695 2244 inferiori,
725 2174 777 2228 id
808 2182 894 2228 est
934 2174 985 2227 in
1013 2174 1381 2243 profunditale
1412 2186 1657 2242 peccato-

131 2280 237 2331 rum,
261 2265 457 2320 scilicet
483 2275 874 2336 reputaverunt
903 2266 1046 2335 quod
1074 2265 1188 2334 jam
1231 2267 1570 2321 devertissem
1604 2267 1655 2320 in

131 2353 326 2409 infimam
366 2354 786 2426 profunditatem
832 2365 1199 2425 peccatorum.
1248 2356 1315 2409 Et
1360 2366 1658 2426 posuerunt

124 2460 196 2501 tne
220 2448 539 2516 reputatione
570 2462 667 2502 sua
706 2448 760 2500 in
793 2447 1100 2512 tenebrosis,
1139 2448 1190 2502 id
1218 2457 1303 2503 est
1342 2450 1393 2501 in
1430 2463 1656 2503 numero

129 2537 514 2592 teucbrosorum.
546 2536 772 2593 Scilicet
798 2547 1186 2608 reputas-erunt
1222 2554 1306 2593 me
1338 2554 1459 2594 esse
1487 2539 1537 2593 in
1574 2549 1655 2593 te-

122 2628 272 2683 nebris
300 2630 619 2701 ignorantia:
654 2631 774 2695 Dei,
805 2639 860 2685 et
891 2645 995 2684 non
1028 2631 1081 2685 in
1110 2631 1475 2701 qualicunque
1505 2632 1656 2702 igno-

126 2721 300 2786 rantia;
340 2721 427 2776 sed
466 2722 522 2776 in
565 2724 753 2775 umbra
795 2736 958 2776 causa
999 2723 1206 2786 mortis,
1252 2722 1304 2776 id
1342 2732 1426 2777 est
1467 2723 1518 2776 in
1562 2722 1653 2775 illa

124 2809 410 2867 obscuritate
451 2812 776 2880 ignorantia:
810 2826 931 2881 qum
965 2826 1127 2865 causa
1157 2821 1236 2866 est
1269 2813 1459 2866 mortis
1486 2821 1652 2867 mter-

127 2912 205 2953 nte.
248 2900 320 2955 De
358 2918 460 2971 qua
533 2902 739 2972 legitur
786 2919 798 2955 :
849 2919 868 2952 ι
911 2902 1173 2972 ignorans
1212 2902 1546 2973 ignorabitur
1601 2903 1654 2973 (I

125 2987 219 3045 Cor.
247 3008 346 3059 Juv,
369 2993 477 3063 58).
516 3012 535 3046 ι
586 2993 676 3046 llle
706 2993 954 3050 videlicet
977 2994 1258 3065 ignorans,
1283 2996 1374 3064 qui
1407 2995 1497 3049 Dei
1524 3011 1655 3064 pra;-

127 3092 360 3153 ceptorum
390 3087 581 3141 notitia
622 3086 840 3156 penitus
868 3096 1041 3142 caret.
1075 3088 1210 3142 Sunt
1238 3089 1379 3143 enim
1408 3091 1650 3159 quaedam

122 3173 389 3243 ignorantia:
416 3194 536 3248 qua:
570 3177 637 3230 ad
680 3186 910 3231 mortem
949 3178 1173 3234 minimc
1213 3180 1415 3233 ducunt
1460 3196 1471 3231 :
1511 3189 1569 3232 ut
1608 3180 1652 3233 si

124 3265 278 3320 divina:
301 3266 577 3321 Trinitatis
618 3276 673 3320 ct
699 3268 922 3321 unitatis
956 3267 1347 3330 habitudinem,
1377 3277 1426 3323 et
1459 3278 1656 3322 cratera

126 3354 220 3409 talia
247 3356 519 3412 incllabilia
550 3358 648 3411 Dei
673 3359 927 3430 mysteria
955 3360 1375 3429 ignoramusEt
1400 3360 1501 3414 hoc
1525 3376 1656 3430 quo-

96 3476 99 3479 -
124 3461 202 3514 que
227 3451 558 3518 reputabant,
590 3450 729 3519 quod
756 3451 913 3520 furor
940 3462 1060 3504 tuus
1092 3454 1435 3520 conﬁrmatus
1468 3464 1540 3507 est
1565 3470 1656 3506 su-

119 3554 188 3605 per
207 3558 296 3603 me,
321 3542 369 3597 id
394 3552 478 3599 est
507 3544 679 3598 nimia
710 3543 791 3603 ira
818 3553 906 3598 tua
939 3544 1089 3598 ﬁrma
1123 3554 1175 3600 ct
1202 3545 1496 3600 immobilis
1526 3561 1654 3601 con-

122 3637 267 3707 tigerit
290 3657 444 3713 super
474 3657 587 3707 me,
627 3642 789 3697 idest
828 3642 1113 3711 contigerit
1147 3642 1199 3696 in
1239 3658 1324 3698 me
1360 3645 1425 3697 ad
1465 3644 1565 3699 hoc
1595 3654 1655 3699 ut

120 3731 347 3797 opprimat
388 3748 495 3795 me,
558 3733 626 3787 ad
681 3732 898 3786 modum
947 3733 1375 3802 ponderosorum
1422 3734 1655 3803 desuper

120 3818 400 3875 cadentium.
442 3822 603 3889 Quod
648 3831 733 3877 est
765 3822 947 3876 dicere
979 3839 992 3876 :
1026 3821 1139 3877 lloc
1184 3823 1284 3891 ipsi
1326 3823 1657 3892 reputabunt

118 3911 231 3974 quod
260 3912 340 3969 hic
379 3916 509 3969 mihi
544 3913 703 3968 valde
738 3915 815 3968 sis
862 3914 1031 3968 iratus
1058 3923 1113 3969 et
1145 3914 1468 3981 malevolus,
1502 3925 1558 3970 et
1599 3917 1652 3971 in

120 3996 263 4057 futuro
292 4015 447 4075 prout
474 4004 578 4076 ipsi
609 4005 931 4075 reputabunt
966 4020 980 4058 :
1012 4006 1268 4059 induxiin
1294 4022 1451 4075 super
1474 4023 1573 4070 me,
1602 4006 1653 4060 id

116 4100 181 4143 est
202 4091 404 4149 induces
433 4097 499 4149 ad
528 4096 941 4164 oppressionem
977 4104 1032 4149 et
1075 4097 1497 4151 destructionem
1549 4098 1654 4153 mei

116 4194 259 4236 omnes
290 4187 475 4254 ﬂuctus
513 4197 655 4252 tuos,
690 4187 741 4241 id
779 4195 861 4241 est
900 4202 1090 4255 omnes
1122 4188 1389 4243 vindictas
1418 4204 1515 4258 per
1546 4198 1655 4244 tor-

117 4281 285 4333 menta,
314 4292 430 4346 qua:
457 4292 700 4345 congrue
726 4277 944 4345 quidem
976 4277 1171 4331 ﬂuctus
1199 4279 1475 4333 dicuntur.
1502 4279 1656 4335 Sicut

114 4363 229 4417 enim
255 4366 442 4424 ﬁuctns
468 4369 917 4439 supervenientes
941 4370 1261 4443 naufragum
1288 4383 1565 4444 mergunt,
1597 4383 1655 4428 ut

1760 537 1865 575 non
1898 522 2008 575 vult
2048 523 2233 593 egredi
2274 539 2340 578 ne
2386 532 2668 592 appareat.
2701 524 2778 577 Ac
2812 526 2856 578 si
2887 527 3032 581 dicat
3062 547 3073 582 :
3112 530 3332 587 Possem

1756 613 1971 680 quidem
1994 631 2255 669 exercere
2283 616 2535 685 potentia:
2563 631 2695 668 mea:
2722 616 3014 672 vindictam
3032 638 3192 691 super
3215 640 3332 687 eos,

1758 718 1878 756 cum
1921 703 2036 771 ejus
2080 708 2308 760 traditus
2339 706 2524 769 fuero;
2559 709 2652 761 sed
2686 721 2785 775 ego
2828 725 2934 760 non
2973 714 3333 769 manifesutbu

1757 792 1835 845 eis
1858 795 2110 861 potentite
2138 810 2270 849 mea}
2291 797 2873 865 magnitudinem,qua:
2894 798 2972 851 eis
3001 800 3226 856 obscura
3251 815 3333 858 cst

1756 894 1810 936 et
1860 884 2060 953 ignota.
2109 886 2375 941 thterum
2410 889 2683 956 patienter
2726 889 2907 941 omnia
2951 889 3227 955 sufferam,
3277 905 3333 948 ut

1756 976 1892 1031 meis
1928 978 2235 1046 exemplum
2292 981 2524 1033 tribuam
2568 982 2842 1050 patienter
2882 983 2999 1037 sine
3044 985 3335 1041 rebellione

1757 1068 2016 1136 patiendi,
2055 1070 2145 1123 tibi
2181 1070 2343 1123 etiam
2380 1070 2558 1124 locum
2596 1072 2870 1125 habebunt
2912 1073 3232 1130 ulciscendi.
3270 1078 3335 1131 Et

1756 1158 1881 1227 quia
1912 1175 2016 1213 non
2042 1159 2329 1229 egrediar;
2362 1161 2501 1214 oculi
2528 1162 2628 1215 mei
2654 1161 2992 1232 laugucrunt,
3030 1164 3079 1217 id
3106 1175 3188 1219 est
3210 1180 3334 1235 apo-

1756 1249 1878 1327 stoli
1933 1249 2284 1319 languebunt,
2338 1250 2545 1304 scilicet
2579 1252 2842 1305 deﬁciens
2885 1268 2912 1305 a
2956 1268 3050 1322 spe
3093 1270 3335 1309 resurre-

1756 1344 1951 1397 ctionis
2000 1359 2165 1410 meae,
2212 1361 2322 1414 pra:
2370 1345 2548 1413 inopia
2600 1345 2734 1400 lucis
2777 1347 3077 1409 interioris,
3124 1349 3334 1403 scilicet

1757 1436 1880 1502 quia
1922 1451 2031 1488 non
2076 1445 2237 1489 erunt
2284 1436 2514 1490 interius
2562 1436 2669 1491 ﬁde
2714 1437 2957 1505 plcuarie
3002 1438 3331 1501 illuminati,

1756 1525 2007 1579 deﬁcient
2036 1541 2065 1578 a
2100 1540 2194 1595 spe
2227 1527 2668 1580 resurrectionis.
2724 1525 2877 1592 Unde
2904 1529 3120 1596 quidam
3151 1529 3333 1597 despc-

1758 1617 1925 1669 rando
1952 1617 2153 1670 dixisse
2182 1615 2433 1685 leguntur
2467 1631 2480 1669 :
2522 1635 2539 1665 ι
2567 1616 2673 1670 Nos
2696 1618 3036 1686 sperabimus
3076 1619 3216 1687 quod
3246 1620 3334 1673 hic

1756 1708 2133 1774 redempturus
2153 1716 2295 1761 esset
2325 1707 2485 1761 Israel
2512 1706 2664 1777 (Luc.
2696 1724 2844 1772 xxrv,
2868 1709 2981 1777 2|).
3006 1730 3022 1760 ι
3047 1710 3195 1764 Oculi
3224 1714 3332 1779 qui-

1693 1780 1731 1833 Β
1758 1798 1880 1853 dem
1924 1800 1975 1851 in
2006 1798 2245 1854 Ecclesia
2279 1800 2667 1854 convenienter
2694 1800 2921 1869 apostoli
2957 1803 3230 1865 dicuntur,
3270 1822 3333 1858 (ο

1759 1890 1901 1958 quod
1935 1891 2236 1945 minoribus
2276 1890 2533 1958 pastorali
2574 1907 2704 1945 cura
2753 1892 3123 1961 prmvideant;
3164 1895 3230 1945 ad
3263 1897 3335 1947 si-

1760 1982 2117 2037 militudinem
2155 1983 2459 2047 oculoxum,
2501 1984 2595 2037 toti
2638 1985 2852 2053 corpori
2900 1986 3332 2054 prmvidcntiutu.

1760 2072 1893 2128 Dico
1919 2075 2061 2142 quod
2089 2075 2266 2128 anima
2299 2092 2413 2128 mea
2445 2075 2739 2145 replebitur
2771 2078 2945 2143 malis,
2980 2088 3029 2133 et
3047 2090 3335 2133 a'sttmatus

1757 2179 1853 2218 ero
1875 2181 1991 2217 cum
2012 2165 2441 2219 descendentibus
2469 2167 2521 2219 iu
2552 2166 2751 2233 lacum,
2792 2178 2848 2222 et
2877 2170 3107 2223 traditus
3140 2186 3251 2235 cro,
3285 2182 3335 2223 ct

1759 2255 1897 2308 oculi
1934 2257 2036 2309 mei
2089 2259 2440 2326 languebunt.
2496 2260 2607 2320 Ego
2652 2270 2832 2316 tamen
2880 2279 2985 2316 non
3038 2264 3139 2317 hac
3179 2282 3338 2319 ncca-

1759 2345 1909 2397 sione
1937 2336 2197 2400 remissus
2230 2347 2335 2413 fui;
2367 2350 2462 2402 sed
2490 2349 2711 2403 clamavi
2734 2353 2800 2404 ad
2828 2362 2896 2419 te,
2932 2353 3151 2407 Domine
3176 2355 3332 2425 351

1757 2433 1939 2501 Pater,
1976 2436 2026 2489 id
2061 2446 2143 2490 est
2185 2437 2421 2492 clamore
2453 2440 2679 2495 intonsa:
2712 2443 3014 2499 devotionis
3044 2446 3126 2515 cgi
3165 2450 3231 2501 ad
3264 2459 3335 2509 te,

1758 2538 1817 2579 ιιι
1850 2543 1934 2581 me
1963 2540 2303 2584 constantem
2342 2532 2584 2598 faceres,
2618 2543 2671 2588 et
2708 2538 3101 2603 resuscitares;
3152 2550 3197 2593 et
3228 2550 3338 2594 tutu

1757 2617 1862 2681 die,
1901 2618 1952 2672 id
1982 2629 2065 2673 est
2090 2621 2311 2690 jngiter,
2344 2628 2573 2694 expamli
2602 2644 2787 2682 atauus
2812 2646 2973 2695 meas,
3005 2633 3054 2684 id
3086 2641 3176 2686 est
3211 2632 3339 2686 dila-

1762 2711 1865 2764 tavi
1901 2727 2093 2766 tnanus
2130 2715 2685 2781 cordis,allectiones
2717 2721 2888 2775 bonas
2926 2722 3156 2786 scilicet,
3190 2725 3257 2776 ad
3291 2736 3341 2777 te

1756 2805 2206 2872 promerendum;
2249 2807 2300 2861 id
2329 2818 2414 2861 est
2450 2809 2516 2862 ad
2544 2810 2647 2865 hoc
2674 2820 2731 2865 ιιι
2761 2813 2990 2881 gratiam
3041 2823 3185 2867 tuam
3218 2832 3341 2884 pro.

1758 2904 2021 2954 meret'er,
2076 2900 2130 2945 et
2169 2892 2250 2946 sic
2287 2902 2543 2948 constans
2602 2895 2810 2960 fierem,
2859 2908 2913 2951 et
2957 2902 3335 2955 resuscitarer.

1760 2980 1889 3034 Dico
1928 2982 2068 3050 quod
2106 2982 2326 3036 clamavi
2359 2984 2546 3038 dicens
2580 3001 2592 3036 :
2625 3000 2657 3038 ο
2690 2987 2935 3052 Domine,
2962 2989 3069 3042 noli
3112 3006 3197 3044 me
3225 2993 3337 3059 pati

1760 3089 2041 3129 remanere
2070 3075 2121 3127 iu
2152 3075 2419 3145 sepulcro.
2453 3076 2567 3130 Non
2593 3078 2669 3132 sic
2700 3078 2823 3133 dico
2851 3088 2903 3132 ιιι
2940 3096 3044 3133 non
3080 3097 3251 3151 ponar
3285 3084 3336 3136 in

1758 3177 1861 3228 eo;
1893 3164 1985 3217 secl
2021 3164 2093 3218 ita
2129 3174 2185 3217 ut
2220 3180 2325 3218 non
2363 3181 2669 3221 remaneant
2710 3170 2760 3222 in
2794 3171 3125 3238 perditione,
3175 3173 3226 3226 id
3252 3186 3335 3228 est

1758 3265 1817 3308 Ill.
1847 3270 1949 3308 llOll
1981 3265 2304 3324 ριιιιοδςιιιιι.

1829 3348 2085 3417 Nunquid
2110 3349 2251 3403 enim
2272 3350 2434 3418 [acies
2460 3350 2721 3404 mirabilia
2747 3350 2797 3404 in
2816 3354 3034 3406 mortuis
3061 3354 3111 3407 in
3136 3356 3336 3419 anima,

1754 3442 1966 3496 scilicet
1994 3442 2161 3497 facies
2189 3443 2303 3497 haec
2331 3442 2597 3497 mirabilia
2627 3443 2678 3496 in
2709 3443 3037 3510 hominibus,
3067 3446 3162 3516 qui
3195 3464 3335 3502 mor-

1758 3534 1832 3586 tui
1864 3543 1989 3587 sunt
2028 3550 2123 3604 per
2165 3543 2446 3603 peccatum
2497 3534 2760 3604 originale
2793 3554 2806 3588 :
2844 3544 2898 3589 ut
2937 3553 3032 3592 eos
3063 3538 3129 3592 ad
3177 3539 3337 3592 vitam

1758 3626 1985 3682 reducas
2017 3643 2110 3696 per
2140 3627 2320 3691 fidem,
2368 3627 2512 3681 sicut
2540 3629 2860 3697 promisisti,
2893 3646 2979 3685 me
3026 3643 3338 3688 remanente

1758 3717 1810 3769 in
1856 3717 2103 3785 sepulcro
2133 3726 2186 3771 et
2224 3718 2275 3770 in
2321 3718 2656 3787 perditione?
2686 3717 2923 3774 Minime.
2957 3721 3061 3774 Aut
3106 3723 3339 3792 apostoli

1755 3810 1846 3879 qui
1900 3818 2058 3864 erunt
2112 3798 2298 3863 medici
2358 3810 2465 3874 tui,
2527 3811 2799 3881 erogando
2868 3813 3191 3869 medicinam
3244 3817 3338 3870 do-

1757 3901 1943 3955 ctrina:
1987 3900 2216 3956 infirmis
2271 3901 2324 3955 in
2374 3901 2553 3956 anima
2594 3903 2851 3968 mortuis,
2884 3906 3206 3960 suscitabunt
3244 3921 3339 3975 per

1756 3994 2053 4049 doctrinam
2085 3994 2154 4048 ad
2184 3995 2346 4049 vitam
2387 3993 2510 4049 fidei
2546 3995 2691 4065 ipsos
2735 4007 2997 4062 mortuos,
3042 4013 3204 4053 omne
3234 4001 3338 4053 hu-

1756 4102 1975 4141 manum
2005 4103 2175 4157 genus
2200 4088 2428 4153 scilicet,
2455 4099 2503 4143 et
2532 4090 2633 4159 ipsi
2662 4090 2927 4154 suscitati,
2958 4092 3339 4158 conﬁtebuntur

1758 4182 1869 4245 tibi,
1907 4181 1958 4236 id
1981 4193 2064 4237 est
2093 4182 2390 4237 laudabunt
2422 4192 2475 4236 te
2505 4192 2561 4236 et
2584 4196 2713 4246 ore,
2754 4192 2809 4236 et
2844 4182 3037 4246 corde,
3073 4192 3128 4236 et
3152 4198 3335 4252 opere,

1758 4288 1845 4327 me
1872 4282 2240 4328 remanentem
2281 4274 2335 4327 in
2378 4273 2627 4341 sepulcro
2665 4290 2678 4325 :
2726 4271 2980 4343 Nunquid
3011 4273 3173 4327 etiam
3214 4290 3338 4328 nar-

1756 4363 1891 4416 rabit
1918 4363 2106 4432 aliquis
2130 4362 2369 4415 salvatus
2392 4361 2798 4415 misericordiam
2816 4371 2985 4424 tuam,
3013 4362 3063 4416 id
3090 4373 3336 4432 estrepa-

116 4464 199 4509 τιοι,
226 4459 385 4525 possit
413 4474 740 4531 exsurgere;
780 4460 862 4516 sic
889 4470 943 4515 ει
973 4463 1225 4517 Vindium
1256 4464 1347 4519 Dei
1390 4467 1650 4521 damna..-
1684 4470 1731 4528 ι)
1761 4455 2019 4508 rationem
2054 4454 2268 4506 humani
2297 4453 2509 4521 generis
2544 4451 2741 4507 factam
2784 4470 2879 4523 per
2909 4454 3334 4509 miscricordiam

114 4539 191 4597 dos
210 4545 254 4599 in
278 4555 543 4603 tormenta
572 4549 907 4620 demergent,
935 4567 1000 4605 ne
1026 4552 1244 4606 valeant
1276 4554 1501 4627 ulterius
1524 4572 1651 4610 eva-

116 4629 234 4689 dere.
265 4635 376 4691 Non
406 4640 584 4695 solum
611 4656 743 4696 vero
773 4642 875 4696 hoc
904 4644 1034 4696 mihi
1066 4646 1361 4713 continget.
1390 4656 1448 4700 ut
1480 4647 1600 4701 talis
1623 4664 1653 4703 a

112 4731 510 4787 persecutoribus
546 4731 848 4799 existimer,
889 4733 982 4787 sed
1011 4734 1175 4788 etiam
1209 4735 1275 4787 ad
1310 4736 1652 4793 miseriarum

112 4828 316 4873 tuearmu
349 4822 861 4891 accumulatiouem,
893 4824 1044 4894 longe
1074 4826 1267 4893 fecisti,
1318 4826 1369 4881 id
1408 4838 1492 4882 est
1532 4846 1658 4899 per-

113 4908 259 4967 mittes
300 4914 456 4987 longe
494 4916 609 4970 ﬁeri
647 4934 678 4970 a
726 4934 806 4971 me
848 4924 996 4971 notes
1044 4935 1203 4973 meos.
1244 4919 1464 4975 Scilicet
1506 4932 1651 4978 tanta

113 5001 193 5054 crit
219 5010 517 5074 persecutio
560 5026 699 5075 mea,
746 5011 887 5081 quod
931 5011 1175 5081 discipuli
1222 5013 1312 5083 qui
1369 5026 1495 5070 sunt
1541 5019 1652 5073 noti

110 5091 194 5145 inci
237 5094 504 5167 fugientes
550 5100 949 5170 elongabuntur
1000 5117 1028 5155 a
1074 5120 1178 5157 me.
1223 5104 1291 5159 Et
1335 5120 1441 5159 non
1482 5106 1652 5161 solum

112 5177 488 5253 “longabuutur,
530 5192 623 5246 sed
655 5201 709 5245 et
744 5203 1029 5262 posuerunt
1067 5211 1146 5247 me
1182 5195 1650 5262 abominationem,

110 5268 235 5329 illest
258 5296 474 5337 causam
508 5284 929 5339 abominationis
948 5286 1067 5351 sibi,
1093 5287 1300 5342 scilicet
1332 5289 1650 5357 quibusdam

113 5371 265 5419 eorum
296 5371 357 5423 dc
384 5374 785 5428 resurrectione
823 5389 940 5429 mea
969 5374 1415 5445 desperantibus,
1444 5378 1652 5432 videbi-‘

115 5454 185 5501 tttr
210 5455 580 5526 abominabile,
615 5464 743 5517 mihi
791 5465 1105 5519 atlluesisse.
1138 5465 1207 5520 Et
1233 5467 1398 5522 etiam
1427 5469 1653 5523 traditus

111 5553 225 5628 sum,
255 5546 304 5600 id
333 5562 410 5605 est
449 5556 635 5609 tradar
664 5555 864 5612 Judmis
906 5573 934 5611 a
966 5557 1201 5627 quodam
1238 5559 1499 5628 discipulo
1536 5574 1654 5614 meo

110 5626 222 5686 luda
247 5635 511 5700 lscariotc.
546 5646 610 5700 Et
643 5664 763 5702 eum
792 5626 1100 5702 tradarnon
1124 5651 1450 5719 egrediebar,
1486 5650 1537 5703 id
1571 5659 1655 5705 cst

110 5736 199 5779 non
234 5735 477 5801 egrediar
515 5738 578 5795 de
621 5740 953 5798 obscuritate
1003 5743 1288 5812 potentiae;
1332 5758 1358 5797 a
1398 5742 1652 5799 similitu-

1760 4556 1936 4611 tuatn,
1967 4547 2021 4599 in
2055 4546 2317 4615 sepulcro,
2353 4544 2510 4598 idest
2536 4545 2588 4597 in
2625 4547 3063 4601 consideratione
3107 4548 3338 4618 sepulcri

1757 4638 1885 4703 mei,
1916 4636 2121 4691 scilicet
2147 4637 2189 4690 si
2224 4650 2309 4689 me
2347 4635 2771 4690 censitleraverit
2797 4636 2849 4690 iu
2877 4636 3128 4706 sepulcro
3165 4654 3338 4692 rema-

1757 4743 1885 4784 nere
1907 4739 1959 4782 et
1988 4745 2094 4782 non
2138 4729 2452 4795 resurgere?
2480 4726 2546 4781 Et
2583 4729 2821 4798 nunquid
2861 4732 3105 4784 narrabit
3145 4732 3339 4801 aliquis

1757 4822 2024 4878 veritatem
2054 4832 2229 4885 tuant,
2266 4822 2318 4876 id
2358 4831 2442 4876 est
2483 4832 2537 4877 te
2564 4837 2811 4878 veracem
2852 4838 2973 4878 esse
3010 4825 3062 4877 in
3095 4826 3337 4894 complc-

1760 4918 1902 4971 tione
1931 4915 2346 4971 resurrectionis
2375 4930 2528 4979 mese,
2558 4931 2717 4985 quam
2751 4931 2847 4985 per
2886 4918 3172 4986 prophetas
3216 4933 3335 4984 pro-

1757 5008 1973 5075 misisti,
2006 5009 2059 5061 in
2092 5008 2401 5074 perditione,
2436 5008 2486 5062 id
2514 5017 2598 5062 est
2625 5009 2676 5061 iu
2701 5009 3132 5063 consideratione
3162 5012 3338 5077 perdi-

1759 5099 1921 5154 tionis
1946 5114 2098 5160 metc,
2127 5097 2332 5152 scilicet
2353 5097 2396 5150 si
2430 5099 2743 5167 permiseris
2772 5114 2856 5152 me
2884 5100 2949 5151 ad
2980 5100 3334 5167 perditionem

1756 5192 2027 5255 devenire,
2054 5199 2110 5243 ut
2134 5205 2237 5243 non
2276 5192 2589 5261 resurgam?
2615 5192 2681 5245 Et
2712 5193 2940 5261 nunquid
2967 5204 3337 5260 cognoscentur

1754 5285 1810 5337 in
1842 5284 2060 5338 tenebris
2080 5325 2093 5348 ,
2132 5284 2182 5337 id
2215 5292 2298 5338 est
2334 5284 2387 5338 in
2421 5285 2738 5349 tenebrosis,
2767 5284 2970 5337 scilicet
3003 5278 3188 5353 gentes
3217 5302 3335 5353 quzn

1756 5384 1881 5429 sunt
1912 5375 1963 5427 itt
2000 5375 2234 5431 tenebris
2282 5376 2636 5446 ignorantia},
2669 5384 2996 5444 cognoscent
3022 5391 3117 5445 per
3147 5393 3335 5431 narra-

1758 5469 1956 5521 tionem
1984 5468 2351 5537 apostolorum
2380 5468 2645 5521 mirabilia
2685 5478 2797 5531 tua,
2827 5483 2946 5537 qua:
2976 5483 3070 5537 per
3097 5484 3181 5521 me
3208 5484 3334 5538 ope-

1756 5558 1983 5624 raberis,
2030 5560 2237 5614 scilicet
2267 5558 2715 5627 expugnationem
2747 5558 2976 5622 diaboli,
3017 5568 3072 5614 et
3099 5558 3331 5614 Salutem

1758 5652 1970 5713 mundi,
2020 5660 2073 5706 et
2111 5660 2307 5706 caztera
2353 5642 2621 5704 mirabilia
2671 5666 2790 5720 quae
2828 5651 2991 5704 multa
3039 5661 3193 5717 sunt,
3246 5668 3333 5706 mc

1759 5751 2072 5799 remanente
2105 5743 2156 5798 in
2190 5741 2438 5813 sepulcro
2466 5752 2521 5798 et
2547 5742 2597 5797 itt
2625 5743 2957 5813 perditione?
2991 5744 3056 5797 Et
3091 5745 3332 5814 nunquid
