3840 6338
507 305 650 370 H03

1127 305 1185 361 S.
1221 301 1568 360 BRUNONIS
1605 303 2241 360 CARTHUSIANORUSI
2286 303 2769 360 INSTITUTORIS
2808 304 2958 371 OPP.
3007 303 3204 358 PARS.
3239 303 3259 356 Ι

3607 309 3724 365 1104

505 427 858 496 cognoscetur
891 419 944 474 in
977 426 1112 472 terra
1155 414 1456 480 oblivionis,
1498 416 1550 469 id
1596 425 1678 469 est
1727 417 1779 470 in
1829 417 2078 487 gentibus
2109 421 2310 477 Araus
2349 419 2401 472 in
2432 417 2736 472 obi-ilieutia
2785 416 3219 486 prmdicatiouis,
3271 425 3327 470 et
3373 418 3424 472 in
3473 418 3552 474 his
3595 423 3726 478 valde

507 533 627 590 qua:
662 525 802 570 terra
855 509 1139 566 maledicta
1183 515 1310 560 sunt
1354 522 1448 575 per
1493 507 1693 569 Adam,
1739 517 1796 561 et
1841 508 2074 575 quandiu

505 608 706 664 videris
729 601 982 661 oblivioni
1017 599 1317 659 tradidisse,
1338 599 1547 668 justitia
1576 609 1688 661 tua,
1731 599 1783 652 id
1823 609 1904 652 est
1943 615 2079 652 nun-

509 701 636 771 quid
667 699 994 766 cognoscent
1023 690 1148 758 ipsa:
1191 697 1378 759 gentes
1407 705 1620 742 omnem
1661 689 1923 755 justitiam
1961 702 2080 742 esse

509 807 538 846 a
569 801 622 845 te
648 804 753 844 non
785 800 814 838 a
848 798 923 844 se,
956 781 999 836 si
1041 795 1356 834 remansere
1383 780 1435 833 in
1470 780 1715 848 sepulcro
1747 789 1800 834 et
1828 781 1882 833 in
1908 780 2081 850 perdi-

509 876 683 938 tione?
716 876 954 932 Minime.

581 975 694 1030 Hoc
737 983 916 1028 autem
971 970 1112 1042 quod
1163 970 1261 1024 sub
1319 968 1742 1036 interrogatione
1796 967 1874 1022 sic
1929 965 2083 1036 ponit

508 1068 686 1123 oratio
733 1075 816 1121 est
853 1080 973 1118 eum
1027 1061 1215 1130 majori
1265 1061 1500 1131 pondere
1547 1058 1849 1113 all‘ectionis
1903 1057 2078 1121 facta,

509 1170 671 1227 quam
693 1157 736 1212 si
763 1156 878 1211 sine
905 1153 1326 1223 interrogatione
1359 1153 1528 1204 ﬁeret.
1558 1151 1624 1204 Et
1642 1159 1720 1203 est
1747 1164 1810 1202 ac
1832 1149 1877 1202 si
1903 1149 2081 1202 dicat:

512 1249 792 1305 Resuscita
825 1262 938 1310 me;
983 1259 1105 1298 nam
1134 1245 1176 1298 si
1209 1244 1260 1296 in
1301 1241 1548 1313 sepulcro
1588 1255 1896 1294 remaasero
1933 1249 1986 1292 et
2029 1240 2082 1310 in

508 1340 815 1411 perditione,
847 1338 962 1392 lucc
1011 1334 1444 1389 incenvcnientia
1481 1333 1792 1402 contingent
1827 1349 1840 1385 :
1882 1331 2086 1386 scilicet

509 1446 616 1484 non
684 1429 852 1484 facies
914 1425 1179 1480 mirabilia
1237 1425 1289 1478 in
1343 1425 1598 1484 mortuis,
1657 1438 1832 1491 neque
1897 1423 2085 1476 medici

510 1517 837 1574 suscitabnnt
875 1517 1296 1584 ipsos-mortuos
1327 1513 1708 1583 prmdicatione
1740 1527 1836 1566 sua
1865 1531 1877 1565 :
1914 1523 2086 1580 neque

508 1609 705 1664 mortui
751 1609 1052 1662 resuscitat:
1084 1607 1176 1660 tibi
1203 1605 1604 1672 conﬁtebuntur,
1644 1617 1817 1674 neque
1851 1605 2084 1656 narrabit

507 1699 696 1770 aliquis
759 1699 1171 1769 prardicatornm
1235 1696 1649 1749 misericordiam
1706 1705 1753 1748 et
1818 1695 2083 1748 veritatem

2179 507 2518 569 sublimatus,
2561 507 2881 560 admirabile
2911 516 2995 560 est
3019 523 3118 560 cur
3156 524 3241 561 me
3271 517 3376 562 tam
3414 513 3655 565 severiter
3677 516 3722 568 in

2180 599 2614 653 tribulationilnts
2659 600 2942 667 permittas
2991 598 3268 652 humiliari
3322 612 3376 653 et
3419 606 3729 658 conturbari-

2180 689 2418 756 Quacstio
2441 699 2524 744 est
2557 689 2716 752 facta,
2752 690 2818 742 ad
2845 688 3158 742 solvendum
3182 691 3413 754 accedit,
3444 708 3560 745 cum
3581 694 3723 749 dicit:

2181 775 2247 830 In
2283 795 2364 831 me
2391 781 2738 843 transierant,
2781 790 2885 832 etc.
2925 778 3079 844 Quod
3110 780 3189 832 sic
3211 781 3551 834 continuatur
3577 800 3590 834 :
3619 783 3728 838 Dico

2183 869 2270 923 hic
2301 871 2440 938 quod
2482 880 2665 940 posset
2713 871 2903 940 quani,
2947 870 3157 924 scilicet
3195 886 3369 939 quare.
3405 875 3597 939 repellis
3628 892 3706 928 ora

2183 962 2375 1013 tionem
2407 978 2607 1026 meam,
2647 972 2705 1016 et
2743 979 2916 1032 quare
2963 979 3050 1017 nte
3093 965 3364 1032 permittis
3397 965 3646 1019 hutniliari
3685 978 3731 1022 et

2184 1054 2534 1108 conturbari?
2567 1055 2627 1107 Et
2673 1070 2799 1109 ecce
2830 1071 2997 1125 quare
3051 1057 3152 1110 hoc
3191 1057 3261 1110 sit
3307 1074 3320 1110 :
3367 1056 3515 1122 ideo,
3554 1060 3734 1115 scilicet

2187 1144 2460 1208 humilior,
2491 1146 2616 1214 quia
2645 1147 2740 1200 irtc
2769 1159 2897 1211 ltta’,
2928 1147 2978 1200 id
3010 1157 3093 1202 est
3118 1148 3373 1202 vindicta:
3402 1160 3529 1215 tuae,
3551 1165 3672 1220 quas
3689 1154 3732 1206 in

2187 1237 2481 1290 huiuannm
2518 1253 2690 1306 genus
2718 1254 2942 1294 exerces
2979 1249 3202 1307 propter
3225 1250 3504 1309 peccatum
3533 1243 3665 1303 Adita,
3690 1244 3733 1296 in

2185 1343 2265 1378 me
2282 1327 2536 1396 conjecta:
2558 1329 2903 1393 transierunt,
2931 1329 2979 1382 id
3012 1338 3090 1383 est
3123 1330 3427 1382 transibunt
3452 1332 3516 1382 ab
3540 1333 3736 1383 humano

2187 1432 2412 1486 genere;
2458 1418 2599 1486 ιιιιοιι
2628 1420 2957 1473 estdicere:
2989 1417 3278 1473 Passiones
3316 1421 3369 1473 in
3404 1435 3489 1474 me
3517 1421 3734 1488 cenjecta:

2187 1524 2364 1564 causa:
2384 1521 2541 1563 erunt
2569 1526 2740 1580 quare
2779 1512 3085 1566 mortalitas
3115 1522 3171 1566 et
3197 1513 3552 1581 passibilitas,
3583 1521 3735 1567 etac-

2190 1608 2318 1652 tene
2362 1599 2610 1654 vindicta:
2654 1616 2791 1670 quas
2833 1611 2887 1654 tu
2937 1600 3081 1654 Dens
3124 1616 3352 1656 exerces
3383 1603 3436 1655 in
3483 1603 3736 1655 humanum

2189 1703 2378 1756 genus,
2405 1689 2772 1753 destruantur,
2805 1700 2852 1744 et
2885 1690 3006 1746 ideo
3032 1703 3258 1746 terrores
3287 1693 3388 1756 tui,
3418 1691 3472 1744 id
3499 1702 3577 1746 est
3603 1693 3737 1746 terri-

510 1800 657 1844 tuam
682 1830 696 1849 .
723 1805 897 1858 neque
927 1798 1116 1860 gentes
1146 1803 1264 1856 qua:
1308 1787 1604 1840 tenebrosae
1648 1795 1802 1850 sunt,
1843 1794 1898 1838 et
1941 1793 2084 1837 terra
2121 1758 2160 1814 Β
2191 1777 2323 1830 biles
2344 1779 2622 1847 passiones
2653 1794 2680 1832 a
2709 1789 2762 1833 te
2787 1780 3086 1849 dispositm,
3124 1782 3561 1836 conturbat-erunt
3587 1799 3670 1845 me,
3695 1783 3739 1836 id

509 1879 799 1935 oblivionis
827 1889 1153 1950 cognoscent
1180 1877 1440 1930 mirabilia
1469 1886 1580 1940 tua,
1613 1885 1666 1930 et
1697 1890 1912 1930 onmem
1935 1875 2083 1942 iusti-

509 1954 635 2026 tiam
669 1988 697 2025 a
727 1980 778 2026 te
800 1985 938 2026 esse.
962 1969 1094 2026 Cum
1124 1969 1285 2041 igitur
1311 1970 1422 2022 Ιιειιε
1447 1969 1878 2022 inconvenientia
1905 1978 2086 2022 osten-

506 2064 605 2127 dit,
638 2063 703 2117 ad
736 2062 1094 2132 praestandum
1121 2061 1262 2129 quod
1290 2069 1409 2113 erat
1437 2061 1524 2114 Dei
1551 2060 1888 2114 clementiam
1915 2059 2089 2128 magis

505 2152 796 2222 compellit.
857 2141 1070 2222 Repetit
1123 2161 1300 2204 autem
1351 2150 1491 2218 quod
1541 2150 1704 2213 dixit,
1739 2148 1992 2213 clamavi,
2030 2155 2086 2200 ut

507 2245 688 2297 addat.
721 2244 852 2298 Dico
897 2243 1041 2312 quod
1095 2241 1210 2296 luce
1256 2242 1690 2295 inemivcnicntia
1739 2241 2082 2310 contingent,

506 2333 609 2386 nisi
643 2334 998 2386 resuscitatus
1031 2331 1226 2386 fuero:
1262 2341 1317 2384 et
1352 2331 1472 2384 ideo
1515 2339 1572 2384 ιιι
1606 2331 1917 2384 rcsuscitari
1967 2345 2084 2382 me-

509 2439 656 2477 rerer
683 2443 694 2475 :
721 2423 944 2476 clamavi
975 2423 1044 2476 ad
1065 2432 1136 2486 te,
1167 2422 1386 2476 Domine
1415 2423 1594 2482 Pater,
1628 2438 1718 2490 ego
1759 2422 1849 2490 qui
1893 2422 2084 2490 dignus

506 2529 623 2570 sum
653 2513 917 2568 exaudiri.
947 2513 1012 2566 Et
1039 2528 1067 2566 a
1090 2512 1325 2566 clamore
1355 2528 1457 2564 non
1489 2511 1733 2564 deficiam
1761 2527 1775 2563 :
1800 2511 1892 2564 sed
1916 2512 2083 2564 orat-io

506 2622 620 2659 mea
650 2618 772 2660 cum
802 2603 1038 2658 clamore
1064 2602 1226 2669 facta,
1254 2604 1304 2656 in
1330 2619 1501 2666 ntane,
1534 2602 1714 2656 non-in
1746 2602 2000 2665 tenebris,
2032 2603 2082 2657 id

505 2706 588 2752 est
618 2697 671 2750 in
693 2694 942 2749 claritate
966 2697 1122 2750 bona:
1152 2693 1495 2749 conscientiae
1518 2702 1571 2746 et
1595 2693 1898 2746 devotionis
1927 2707 2079 2756 meae,

504 2787 777 2856 prwveniet
811 2795 879 2849 te,
913 2785 964 2840 id
987 2794 1070 2840 est
1094 2785 1370 2854 prwveniet
1395 2784 1885 2838 remunerationem
1913 2793 2078 2849 ttiatn,

503 2879 714 2933 scilicet
746 2877 1145 2948 promerebitur
1186 2876 1705 2936 remunerationem.
1760 2891 1788 2928 a
1825 2874 2080 2929 similitu-

504 2969 630 3032 dine
657 2968 860 3024 strenui
907 2951 1115 3032 militis,
1149 2967 1240 3036 qui
1274 2968 1528 3035 praecedit
1565 2966 1879 3019 donativum
1924 2963 2082 3018 obsc-

501 3063 648 3133 quio,
681 3071 738 3117 ut
767 3071 886 3132 post
911 3062 1068 3132 digne
1093 3062 1266 3129 ipsum
1291 3059 1600 3113 donativum
1625 3059 1902 3127 suscipiat.
1928 3055 2078 3123 Quod
2107 3100 2152 3158 Ε

497 3163 586 3209 est
621 3154 843 3209 dicere:
875 3153 942 3209 Ut
971 3153 1165 3224 dignus
1196 3152 1298 3206 sim
1335 3151 1768 3213 resuscitatioue,
1807 3163 2079 3219 promere-

503 3248 601 3301 bor
629 3247 732 3301 hoc
760 3246 910 3316 prius
959 3244 1239 3298 irretnissa
1269 3243 1514 3297 oratione
1546 3252 1601 3295 et
1640 3241 1895 3295 clamore.
1939 3240 2076 3295 Nam

501 3337 652 3410 prius
683 3337 736 3391 in
766 3337 920 3391 vinea
953 3343 1035 3389 est
1077 3333 1479 3398 labormidnm,
1519 3342 1703 3401 postea
1745 3346 1873 3384 vero
1915 3331 2080 3384 dena-

499 3431 614 3486 rius
643 3428 1008 3498 accipiendus.
1037 3427 1188 3482 Facit
1215 3435 1392 3480 autem
1415 3425 1788 3494 qua‘stionem,
1815 3433 1868 3477 ut
1894 3432 2078 3492 postea

499 3520 673 3575 solvat
705 3535 718 3572 :
751 3519 997 3574 videlicet
1025 3533 1196 3587 quare
1225 3517 1363 3570 Deus
1391 3533 1515 3572 eum
1553 3515 1784 3570 noluerit
1818 3515 2080 3570 exaudire

499 3618 744 3666 orantem
773 3618 834 3663 ut
879 3618 1063 3678 posset
1101 3607 1504 3662 tribulationem
1537 3607 1804 3676 passionis
1847 3607 2076 3670 evitare,

497 3717 623 3758 cum
693 3699 994 3770 adiungit:
1055 3697 1120 3753 Ut
1181 3699 1330 3769 quid,
1388 3708 1494 3752 etc.
1559 3698 1710 3770 Quod
1777 3699 1854 3753 sic
1901 3698 2080 3768 jungi-

503 3801 629 3846 tur:
665 3789 794 3844 Dieo
823 3789 964 3858 quod
1010 3789 1238 3843 clamavi
1280 3789 1486 3844 orando
1535 3769 1603 3842 aé
1654 3790 2074 3844 resurrectione.

497 3881 660 3938 Oravi
685 3881 846 3934 etiam
877 3889 956 3943 ut.
980 3879 1023 3935 si
1058 3880 1315 3949 possibile
1354 3889 1468 3941 est.
1498 3888 1736 3934 transeat
1757 3896 1785 3934 a
1818 3897 1904 3936 me
1934 3880 2074 3935 calix

497 3971 789 4043 passionis.
831 3970 897 4025 Et
929 3979 982 4023 ut
1011 3970 1163 4037 quid,
1199 3969 1442 4036 Domine,
1476 3971 1679 4040 repellis
1710 3972 1847 4025 hanc
1875 3972 2076 4025 oratio-

497 4079 612 4118 nem
638 4078 826 4126 meum,
861 4061 1228 4130 permittendo
1251 4076 1337 4116 me
1365 4062 1496 4130 pati,
1525 4071 1578 4116 et
1611 4062 1710 4116 hoc
1746 4063 1904 4116 modo
1930 4079 2078 4116 aver-

493 4157 582 4219 tis,
612 4155 665 4211 id
695 4163 778 4209 est
808 4153 1009 4208 videris
1039 4161 1288 4208 avertere
1312 4169 1344 4205 a
1366 4169 1446 4206 me
1480 4153 1692 4222 faciem,
1719 4153 1772 4206 id
1799 4166 1882 4208 εει
1909 4152 2076 4207 bene-

496 4247 787 4305 volentiam
815 4256 958 4300 tuam
985 4258 1004 4298 :
1041 4260 1068 4299 a
1095 4245 1259 4316 352
1287 4245 1640 4300 similitudine
1673 4245 1956 4307 iratorum,
1984 4246 2075 4316 qui

495 4340 563 4395 ab
590 4340 672 4395 his
693 4339 893 4410 quibus
922 4338 1046 4393 irati
1087 4348 1249 4404 sunt,
1290 4337 1484 4392 faciem
1525 4339 1820 4392 avertunt?
1858 4335 2075 4393 Faciem

2189 1877 2266 1922 est
2305 1869 2702 1923 conturbabunt
2731 1871 3029 1924 secundum
3061 1872 3408 1943 fragilitatem
3429 1873 3641 1937 carnis;
3672 1873 3738 1927 vel

2191 1967 2425 2012 terrores
2463 1961 2770 2026 passionum
2805 1961 3130 2026 multarum,
3171 1979 3308 2032 quas
3334 1965 3450 2018 scio
3475 1980 3556 2018 me
3581 1979 3739 2033 passu-

2191 2066 2308 2104 rum
2341 2067 2435 2120 per
2469 2061 2616 2106 tuam
2645 2053 3058 2122 dispositionem
3089 2055 3493 2109 conturbabunt
3530 2073 3627 2118 me,
3653 2071 3738 2108 non

2187 2157 2252 2195 ex
2287 2144 2639 2206 necessitate,
2679 2145 2772 2198 sed
2812 2153 3105 2214 spontanea
3151 2148 3593 2209 conturbationc.
3627 2149 3740 2200 unde

2187 2231 2419 2302 legitur:
2450 2253 2468 2284 ι
2501 2233 2678 2303 Coepit
2708 2233 2866 2289 Jesus
2889 2251 3086 2305 pavere
3110 2245 3167 2291 et
3205 2237 3406 2291 t:cdere
3433 2236 3622 2307 (.llarc.
3649 2252 3740 2300 ιιι,

2185 2325 2298 2394 55).
2342 2345 2360 2376 ι
2400 2325 2463 2378 Ιίι
2496 2341 2620 2380 vere
2653 2342 2736 2380 me
2767 2329 3170 2384 conturbabimt
3201 2339 3460 2384 terrores.
3503 2329 3629 2383 Nam
3651 2331 3737 2382 cir-

2185 2419 2560 2471 cumdederunt
2589 2435 2671 2472 me
2698 2420 2832 2472 sicut
2855 2437 3018 2489 aqua,
3047 2420 3098 2474 id
3135 2430 3218 2474 est
3249 2421 3651 2475 circumdabant
3672 2437 3743 2476 tne

2183 2523 2293 2566 tota
2315 2511 2396 2565 die
2427 2512 2707 2579 passiones
2732 2527 2894 2574 mete;
2917 2512 3053 2567 sicut
3080 2528 3241 2582 aqua,
3271 2514 3328 2567 id
3356 2523 3440 2569 est
3460 2513 3526 2568 ad
3556 2514 3738 2568 modum

2183 2616 2356 2672 aqum,
2386 2601 2590 2680 scilicet
2617 2611 2673 2654 ut
2701 2617 2784 2656 me
2807 2603 3136 2672 opprimant,
3169 2619 3199 2655 a
3230 2604 3586 2658 similitudine
3612 2618 3738 2672 aqua:

2185 2711 2305 2764 qua:
2346 2694 2578 2761 aliquem
2615 2694 2914 2748 circumdat
2965 2703 3022 2748 ut
3072 2697 3356 2766 demerget
3392 2705 3448 2750 ct
3481 2699 3739 2767 opprimat.

2184 2785 2672 2851 Circnmdedernnt,
2703 2787 2755 2840 id
2787 2796 2870 2841 est
2897 2787 3348 2854 circumdabant,
3376 2790 3614 2859 inquam,
3648 2807 3738 2849 me.

2183 2887 2237 2930 et
2266 2878 2366 2931 hoc
2394 2877 2572 2939 simul,
2605 2878 2657 2932 id
2693 2887 2776 2933 est
2805 2879 2873 2932 ita
2899 2879 3041 2947 quod
3065 2879 3245 2934 nullus
3269 2881 3596 2950 excipiatur;
3627 2897 3682 2934 ac
3703 2881 3740 2933 si

2183 2967 2367 3021 dicat:
2411 2967 2524 3021 Non
2561 2968 2631 3020 ita
2665 2984 2750 3022 me
2781 2968 3219 3030 circumdabant,
3253 2981 3311 3024 ut
3339 2972 3535 3039 partim
3580 2973 3626 3024 in
3655 2985 3744 3024 uno

2185 3069 2448 3128 tempore,
2471 3069 2522 3115 et
2548 3060 2744 3129 partim
2777 3061 2828 3114 in
2854 3061 2980 3125 alio,
3007 3062 3098 3116 sed
3133 3078 3322 3116 omnes
3357 3079 3443 3116 me
3475 3062 3629 3117 simul
3647 3063 3736 3116 cir-

2183 3151 2534 3217 cnmdabunt,
2581 3151 2645 3205 ad
2701 3154 3170 3223 exaggerationem
3211 3154 3574 3209 calamitatum
3621 3169 3741 3207 mea-

2184 3259 2324 3308 rum,
2371 3243 2490 3298 ideo
2537 3245 2679 3312 quod
2728 3245 3126 3300 circnnnlabor.
3157 3246 3240 3299 Ad
3281 3247 3552 3300 cumulum
3582 3256 3737 3300 autem

2179 3350 2545 3389 mrtuunarum
2583 3349 2822 3389 mearum
2855 3337 3110 3405 elongasti
3142 3355 3172 3389 ιι
3202 3353 3283 3389 me
3311 3339 3539 3391 amicum
3574 3349 3618 3390 et
3637 3352 3738 3406 pro-

2179 3425 2404 3490 ximum,
2447 3425 2654 3480 scilicet
2707 3435 2852 3479 tanta
2903 3426 3008 3479 erit
3059 3425 3404 3480 conturbatio
3453 3428 3738 3496 passiinutn

2181 3531 2445 3579 mearum,
2469 3518 2609 3586 quod
2634 3517 2800 3571 facies
2829 3533 2859 3570 ιι
2884 3531 2968 3570 me
2992 3514 3244 3586 fugiendo
3266 3517 3508 3588 elongari
3539 3519 3734 3572 amicos.

2182 3608 2454 3676 apostolos
2498 3608 2734 3671 scilicet,
2768 3607 2860 3676 qui
2888 3607 3046 3661 amici
3083 3607 3185 3660 mei
3231 3616 3352 3661 sunt
3379 3649 3394 3669 ,
3427 3609 3478 3663 id
3505 3617 3584 3662 est
3607 3607 3738 3660 valde

2182 3700 2496 3754 familiares.
2532 3719 2551 3751 ι
2591 3699 2870 3756 l—‘ercuties
2895 3700 3039 3754 enim
3070 3709 3344 3768 pastore-ai
3373 3711 3428 3754 ει
3457 3703 3737 3772 dispergen-

2182 3801 2269 3846 tur
2303 3807 2436 3846 oves
2466 3789 2658 3862 (lllurc.
2707 3807 2818 3854 xlv,
2847 3791 2960 3860 27).
2996 3811 3013 3842 ι
3049 3791 3114 3845 Et
3159 3792 3390 3860 proximi
3427 3794 3561 3858 mei,
3597 3792 3734 3846 idest

2180 3883 2512 3937 contribulcs
2549 3883 2675 3947 mei,
2705 3899 2732 3936 a
2769 3899 2852 3938 me
2874 3882 3293 3950 clongabuutur,
3324 3895 3371 3936 et
3412 3897 3558 3938 nolos
3593 3900 3732 3946 meos,

2181 3973 2232 4027 ld
2263 3981 2347 4027 est
2377 3973 2704 4028 occultiores
2753 3973 3077 4043 discipulos,
3124 3973 3264 4028 sicut
3311 3973 3646 4029 l‘iicmlcmnm
3684 3982 3730 4026 et

2178 4065 2524 4122 Gamalielem
2550 4075 2603 4120 et
2625 4076 2877 4129 caeteros,
2910 4082 2942 4120 a
2979 4081 3062 4119 me
3087 4067 3329 4137 elongari
3369 4065 3656 4135 permites.
3678 4064 3733 4118 Et

2181 4163 2282 4217 hoc
2326 4161 2468 4230 quod
2517 4161 2917 4238 elongabuntnr
2956 4159 3230 4229 continget
3279 4175 3314 4212 tt
3359 4159 3566 4212 miseria
3603 4169 3728 4216 mea,

2177 4251 2389 4307 scilicet
2419 4250 2544 4320 quia
2575 4249 2846 4303 miseriam
2898 4263 3072 4303 meam
3115 4248 3471 4318 multiplicem
3515 4247 3732 4302 conside-

2179 4343 2408 4401 rabuut.
2461 4340 2768 4410 relinquent
2816 4355 2899 4394 me
2940 4351 2994 4394 et
3047 4339 3270 4410 fugient.
3315 4339 3423 4394 Per
3469 4340 3566 4394 hoc
3609 4333 3728 4407 quod

493 4447 592 4502 pro
621 4431 993 4487 benevolentia
1021 4431 1195 4502 ponit,
1235 4445 1302 4486 eo
1327 4430 1468 4500 quod
1493 4430 1545 4484 in
1583 4428 1740 4484 faciei
1779 4430 2072 4486 serenitate
2097 4440 2148 4499 ι)
2174 4434 2378 4488 amicos
2405 4441 2459 4487 et
2489 4433 2765 4502 proximos
2793 4442 2840 4484 et
2884 4441 3033 4485 notos
3061 4447 3090 4484 a
3125 4447 3184 4486 se
3224 4431 3355 4487 dicit
3404 4429 3722 4496 eloagandos.

495 4523 665 4581 soleat
691 4524 1064 4580 benevolentia
1094 4524 1362 4580 dcnotari.

562 4616 821 4684 Quamvis
866 4625 1046 4671 autem
1101 4617 1390 4672 orationem
1433 4632 1602 4670 meam
1651 4614 1915 4686 repellas,
1971 4629 2072 4683 ego

491 4718 695 4771 tatuen,
731 4710 822 4776 qui
855 4705 1013 4778 allligi
1043 4709 1353 4778 permittor,
1393 4724 1592 4777 panper
1621 4725 1757 4771 sum,
1783 4707 1834 4760 id
1859 4715 1943 4761 est
1973 4707 2074 4760 liu-

491 4799 636 4854 milis
657 4813 782 4868 erga
807 4806 888 4862 te,
913 4800 1050 4853 sicut
1074 4814 1277 4868 pauper
1310 4814 1437 4869 erga
1464 4799 1685 4854 divitem
1705 4839 1718 4860 ,
1753 4807 1800 4852 et
1839 4798 1893 4852 in
1925 4797 2070 4852 labo-

491 4893 636 4946 ribus
663 4891 1093 4962 priedicationis,
1127 4909 1158 4946 τι
1193 4893 1467 4963 jucenlttle
1495 4909 1609 4950 mea
1632 4934 1645 4955 ,
1681 4893 1732 4948 id
1761 4901 1844 4949 est
1870 4909 1900 4947 a
1922 4894 2070 4963 prin-

489 4986 632 5057 cipio
671 4985 1006 5056 iuventutis,
1053 4985 1259 5042 scilicet
1305 5001 1336 5039 a
1385 4987 1664 5056 trigesimo
1715 4987 1890 5041 :ctatis
1935 5001 2072 5042 mea:

489 5090 664 5139 anno,
712 5089 741 5129 a
793 5091 899 5143 quo
949 5084 1193 5144 tempore
1243 5063 1446 5129 licitum
1499 5085 1581 5128 est.
1629 5075 2064 5143 priedicationem

485 5180 762 5223 exercere.
805 5167 869 5219 Et.
898 5181 998 5236 ego
1025 5164 1312 5229 exaltatus,
1341 5165 1390 5219 id
1422 5176 1505 5219 est
1525 5165 1682 5220 valde
1711 5176 1990 5234 promotus
2014 5167 2064 5221 in

488 5259 814 5322 humilitate,
840 5266 894 5312 et
923 5258 1258 5314 laboratione
1294 5257 1716 5326 praedicatioiiis,
1743 5257 1890 5332 quod
1915 5272 2068 5327 sique

489 5367 678 5422 magna
703 5349 961 5405 cxaltatio
982 5361 1088 5406 est.
1126 5347 1450 5403 Ilantiliatus
1477 5364 1614 5412 sum,
1639 5347 1688 5401 id
1717 5359 1800 5402 cst
1828 5348 2067 5418 dejectus

487 5440 540 5494 in
579 5439 1043 5506 tribulationibus,
1082 5449 1129 5495 et
1159 5438 1498 5494 conturbatus
1529 5447 1672 5492 metu
1703 5438 1940 5506 ipsarum
1971 5438 2066 5492 tri-

485 5529 852 5596 bulationum;
900 5544 965 5584 ac
994 5529 1038 5584 si
1085 5529 1293 5585 diceret
1325 5545 1342 5585 :
1385 5526 1441 5583 Si
1471 5525 1741 5596 superbus
1771 5535 1824 5581 et
1859 5526 2064 5582 otiosus

483 5622 917 5688 existet-euimon
947 5630 1092 5679 esset
1111 5621 1306 5677 mirum
1337 5636 1513 5677 meam
1535 5618 1831 5674 orationem
1859 5617 2058 5686 repelli.

485 5713 588 5767 Sed
611 5719 740 5768 ειιιιι⁸
781 5714 882 5768 sim
915 5714 1135 5769 humilis
1161 5714 1226 5782 ad
1266 5713 1480 5768 modum
1527 5709 1802 5786 pauperis,
1827 5719 1879 5764 et
1910 5708 2056 5764 labo-

2173 4524 2521 4594 multiplicctn
2564 4538 2686 4580 esse
2723 4522 2997 4577 miseriam
3033 4538 3187 4578 suam
3215 4522 3412 4588 innuit,
3443 4532 3499 4578 et
3521 4537 3612 4592 per
3643 4520 3724 4574 hoc

2174 4629 2271 4670 nos
2294 4615 2358 4668 ad
2385 4613 2697 4682 patiendum
2730 4628 2828 4682 pro
2859 4627 2924 4665 co
2955 4612 3128 4682 mag-is
3161 4612 3403 4666 instruit.

2539 4703 2608 4758 1N
2659 4703 2885 4759 PSALM
2898 4702 2992 4758 UM
3041 4702 3276 4758 LXXXV
3289 4702 3372 4757 Ill.

2240 4793 2436 4851 Psalmi
2499 4792 2816 4863 octogesitni
2873 4791 3052 4846 octavi
3116 4791 3304 4846 titulus
3382 4810 3398 4846 :
3457 4789 3724 4846 lntellects

2170 4887 2346 4942 Etltan
2381 4885 2660 4939 lsraelitw.
2710 4883 2862 4950 Quod
2906 4884 2984 4940 sic
3032 4887 3362 4954 exponitur:
3400 4884 3496 4939 llic
3527 4884 3725 4936 habetur

2168 4978 2458 5034 intellectus
2502 4974 2676 5029 Etltan
2730 4974 3022 5039 Israelitze,
3050 4991 3156 5030 non
3198 4984 3256 5029 ut
3287 4974 3465 5028 Etltan
3504 4971 3721 5028 Israelita

2171 5071 2314 5125 hunc
2345 5068 2679 5122 intellectum
2703 5067 2935 5133 habeat;
2967 5069 3061 5122 sed
3090 5068 3214 5138 quia
3247 5066 3517 5135 Pt-Oplieta
3552 5067 3644 5120 hoc
3679 5064 3722 5114 in

2170 5161 2378 5232 psalmo
2409 5173 2594 5230 agens,
2620 5157 2762 5213 hunc
2795 5159 3058 5228 tropieum
3092 5160 3253 5214 habet
3290 5159 3647 5220 intellectum,
3669 5155 3723 5206 dc.

2167 5251 2342 5306 Ellum
2373 5250 2643 5315 Israelita,
2676 5250 2725 5304 id
2765 5259 2850 5304 est
2883 5251 3198 5318 de_Christo
3227 5253 3318 5321 qui
3351 5263 3436 5307 est
3470 5252 3655 5313 Etlmtl,
3677 5245 3724 5300 id

2165 5352 2250 5398 est
2279 5344 2552 5405 robustus,
2582 5341 2916 5396 devineendo
2939 5341 3133 5396 fortem
3161 5353 3431 5399 armatum
3453 5341 3722 5400 diabolum,

2165 5443 2221 5488 ει
2248 5433 2490 5487 Israelita
2532 5438 2645 5494 est,
2677 5440 2736 5483 ιιι
2778 5431 2831 5484 in
2861 5431 3184 5500 praecedenti
3231 5433 3439 5502 psalmo
3473 5443 3720 5488 ostensum

2163 5533 2267 5580 est.
2317 5524 2585 5594 PrOpheta
2633 5523 2860 5592 quippe,
2910 5523 3036 5592 quia
3071 5524 3120 5576 in
3175 5525 3497 5593 praecedenti
3538 5519 3722 5594 psalmo

2163 5615 2438 5672 Christian
2475 5613 2752 5668 humiliter
2777 5625 3024 5682 agentem
3056 5614 3122 5670 de
3153 5617 3405 5684 passione
3439 5633 3532 5671 sua
3573 5616 3717 5667 intro-

2166 5711 2426 5772 duxerat,
2461 5705 2513 5761 in
2561 5706 2665 5762 hoc
2708 5705 2918 5774 psalmo
2951 5707 3177 5762 intendit
3223 5724 3348 5763 cum
3391 5724 3631 5779 magnum
3672 5713 3716 5755 et
