3840 6338
129 381 229 437 lili'o'

961 370 1322 427 EXI’OSITIO
1358 371 1420 425 IN
1464 368 1797 425 PSALMOS.
1837 397 1908 406 —
1947 364 2138 419 PSAL.
2170 362 2496 418 LXXXVlll.

3160 367 3297 423 “06

127 505 340 567 potentem
376 499 424 545 et
462 488 928 557 incomparabilem
961 488 1280 550 ostendere,
1317 486 1619 540 enarrando
1648 487 1692 540 A
1720 496 1853 535 ram.
1896 480 2150 543 Eosdem,
2179 476 2387 532 scilicet
2414 472 2597 530 ﬁdeles
2631 489 2768 543 quos
2792 493 2963 532 semen
2992 489 3140 534 tuum
3177 496 3297 538 esse

129 587 331 644 beneﬁcia
362 583 725 637 misericordias
757 582 872 648 Dei,
897 597 992 651 per
1020 599 1141 636 cum
1176 583 1410 635 humano
1437 579 1619 649 generi

126 675 404 734 tottfereuda.
442 674 504 725 Et
530 672 625 725 hoc
650 672 812 725 etiam
840 674 1165 725 auctoritate
1196 680 1413 739 paterna
1437 685 1620 722 corro-

122 773 255 825 borat,
281 780 422 834 quem
453 763 753 831 loquentem
780 764 1002 828 inducit,
1033 774 1086 815 et
1116 763 1376 817 beneﬁcia
1402 778 1521 830 qua:
1550 762 1622 814 sit

121 861 158 912 itt
178 858 357 913 Christo
381 864 429 906 et
459 868 550 922 per
591 854 862 906 Christum
913 854 963 906 in
1007 853 1244 906 Ecclesia
1276 862 1618 921 operatnrus,

121 950 475 1019 promittentem.
526 945 771 1000 Ostendit
817 944 976 1015 353
1019 946 1179 999 etiam
1227 944 1313 999 hic
1358 943 1619 1011 l’ropheta

120 1057 195 1094 tton
219 1039 585 1108 intell'gendutn
626 1054 745 1091 esse
779 1040 1077 1106 passiones,
1107 1054 1225 1105 qua:
1252 1036 1301 1089 itt
1333 1036 1548 1091 Christo
1569 1045 1623 1090 et

118 1134 157 1186 itt
179 1131 378 1184 Ecclesia
407 1138 593 1190 erunt,
646 1128 853 1182 futuras
883 1130 949 1181 ad
995 1129 1487 1195 constttnptioncm,
1528 1126 1621 1180 sed

119 1222 458 1278 azleorttmdem
504 1223 740 1276 ﬁdelium
772 1222 1238 1292 expurgationetn.
1281 1218 1411 1277 Orat
1457 1220 1619 1275 etiam

116 1324 153 1366 et
171 1328 245 1381 pro
276 1313 378 1381 ipso
405 1313 575 1381 capite
601 1322 654 1366 et
682 1328 778 1381 pro
807 1312 1097 1375 membris,
1142 1321 1200 1364 ιιι
1244 1313 1437 1366 bonam
1486 1309 1619 1363 all‘e-

115 1406 296 1457 ctioneut
322 1420 464 1457 suam
509 1420 667 1472 quam
715 1419 842 1473 erga
890 1419 1010 1459 eum
1050 1404 1213 1457 habet
1250 1402 1523 1466 ostendat,
1568 1410 1623 1454 et

116 1496 309 1564 exemplo
334 1512 423 1550 suo
457 1497 650 1551 bonam
684 1498 735 1549 iu
766 1497 921 1550 nobis
961 1495 1298 1549 alTectionetn
1330 1493 1523 1561 pariat.

166 1587 505 1643 Hiscricordias
534 1588 765 1649 Domini.
814 1589 864 1642 id
904 1597 987 1642 est
1020 1585 1278 1642 beneﬁcia
1312 1584 1622 1638 misericor-

115 1679 188 1733 dia:
213 1680 392 1733 Domini
422 1678 617 1742 Patris,
653 1696 770 1748 qua:
800 1682 1034 1733 humano
1059 1679 1243 1747 generi
1272 1674 1536 1736 conferet,
1567 1674 1620 1726 in

115 1778 310 1822 «rtemann
341 1769 613 1833 duratura,
656 1769 898 1832 cantabo,
936 1769 986 1822 id
1030 1777 1109 1821 est
1142 1782 1261 1820 cum
1287 1764 1619 1831 jocunditale

115 1860 323 1914 tractabo.
362 1861 489 1926 Quia
536 1875 666 1915 vero
708 1869 890 1930 posset
923 1859 1170 1928 intelligi,
1214 1856 1354 1925 quod
1404 1856 1457 1907 in
1507 1854 1620 1907 sola

116 1960 248 2003 mente
266 1959 517 2012 cantaret.
550 1951 897 2014 determinat,
942 1949 1322 2017 apostropham
1349 1946 1413 1998 ad
1446 1946 1620 2015 ipsum

118 2042 326 2105 iaciendo,
354 2059 467 2096 cum
492 2041 751 2112 adjungit,
786 2040 992 2096 scilicet
1024 2036 1345 2092 atmnntiabo
1382 2036 1619 2103 scriptis,

115 2132 209 2184 etin
234 2136 539 2201 generatione
582 2135 683 2188 hac
714 2131 986 2202 prmscnti,
1027 2140 1083 2185 et
1121 2144 1291 2196 usque
1327 2129 1378 2181 in
1406 2144 1623 2196 genera-

114 2230 255 2274 tt'oaetn
281 2222 522 2285 ultimam,
557 2223 613 2278 id
648 2234 732 2278 est
756 2238 968 2292 semper
994 2220 1231 2291 quandiu
1264 2219 1498 2272 mundus
1522 2218 1624 2270 dn-

116 2314 237 2378 rabit,
258 2318 501 2370 reritatem
536 2326 705 2382 luant,
743 2317 793 2371 id
824 2325 906 2370 est
932 2314 1187 2369 beneﬁcia
1216 2312 1623 2375 misericordiae,

113 2421 199 2472 qua:
228 2408 331 2462 ideo
355 2409 646 2477 complebis
686 2418 747 2462 ut
791 2424 949 2463 verus
993 2421 1250 2476 appatcas
1296 2406 1345 2459 in
1397 2405 1629 2474 promis-

114 2495 242 2549 sione.
279 2496 541 2551 Veritatem
570 2500 694 2555 dico
721 2500 772 2552 in
796 2515 881 2552 ore
913 2514 1020 2550 meo
1044 2506 1308 2565 paratam,
1335 2495 1485 2549 idest
1507 2508 1627 2562 qua:

112 2600 189 2637 non
218 2586 369 2641 solum
409 2598 587 2643 mente
632 2589 810 2658 cogito
843 2588 924 2642 vel
954 2586 1171 2655 scriptis
1211 2586 1491 2649 annttntio,
1532 2586 1624 2641 sed

113 2692 160 2727 ex
182 2675 429 2733 allectione
461 2680 630 2734 nimia
662 2695 755 2734 ore
788 2678 1018 2749 profero.
1055 2677 1328 2730 Innuentlo
1367 2677 1525 2746 igitur
1550 2676 1629 2729 sic

112 2766 327 2837 Propheta
352 2756 699 2828 allectionem'
727 2788 899 2837 suam,
937 2770 1211 2825 auditores
1241 2777 1477 2823 attentos
1505 2768 1629 2821 red-

114 2858 184 2913 dit.
213 2859 290 2915 νει
315 2864 389 2918 sic
414 2880 427 2916 :
465 2862 800 2918 Annuntiabo
831 2862 885 2914 in
914 2877 1001 2915 ore
1032 2877 1164 2935 meo,
1198 2860 1352 2913 idest
1380 2860 1430 2912 in
1454 2858 1630 2912 oll'ieio

112 2954 193 3008 oris
216 2956 302 3010 mei
334 2975 345 3010 :
392 2959 659 3011 veritatem
685 2965 827 3009 tuam
855 2954 1167 3009 duraturam
1206 2953 1260 3004 in
1300 2953 1631 3021 generatione

112 3057 145 3096 et
163 3051 523 3115 generationem,
570 3048 621 3101 id
653 3056 735 3102 est
760 3048 814 3101 in
839 3056 1106 3099 wtcrnum.
1142 3041 1536 3097 Misericordias
1577 3049 1633 3096 et

1722 572 1852 637 dixi,
1898 570 2169 638 a’di/icabo
2216 578 2276 623 ut
2318 567 2463 638 digni
2512 566 2621 621 sint
2669 568 2721 620 in
2768 569 2959 636 quibus
3002 573 3215 637 sedeas,
3244 582 3299 630 et

1722 677 1857 729 quos
1897 674 2109 728 semper
2160 674 2336 729 regas.
2388 657 2581 710 Anima
2630 656 2775 711 enim
2824 658 2956 727 justi
3004 662 3161 717 sedes
3213 673 3299 719 est

1723 750 1841 805 Dei.

1792 862 2081 931 Postquam
2113 861 2272 914 verba
2304 858 2481 914 Patris
2509 858 2747 912 breviter
2778 857 3009 922 induxit,
3032 858 3297 930 Propheta

1725 954 1775 1027 in
1802 968 2025 1022 persona
2055 968 2148 1006 sua
2173 966 2357 1021 agens,
2387 950 2771 1018 apostmpham
2796 948 2861 1002 ad
2889 948 3056 1002 ﬁlium
3078 948 3210 1005 facit
3231 968 3297 1006 ex

1722 1045 2004 1100 atl'ectione
2043 1044 2208 1097 nimia
2244 1043 2344 1097 sic.
2376 1040 2420 1097 Ο
2466 1040 2690 1094 Domine
2731 1041 2826 1102 lili,
2862 1041 3299 1110 quandoquidem

1721 1152 1818 1204 per
1855 1147 1904 1189 te
1932 1133 2300 1190 misericordia
2339 1131 2696 1187 auliﬁcabitur
2724 1131 2776 1185 itt
2810 1131 2963 1186 caelis
3005 1130 3157 1202 :'ipsi
3186 1135 3299 1189 ctelt

1722 1228 2104 1296 conﬁtebuntur
2125 1224 2385 1279 mirabilia
2409 1234 2520 1285 tua,
2546 1223 2597 1277 id
2620 1231 2701 1277 est
2728 1238 2849 1277 cum
2878 1222 3033 1277 laude
3060 1239 3304 1293 pronun-

1724 1321 1933 1376 tiabunt
1974 1319 2109 1372 mira
2136 1315 2396 1372 beneﬁcia
2431 1324 2541 1381 tua,
2575 1314 2813 1369 humano
2847 1314 3031 1383 generi
3059 1315 3255 1370 collata
3284 1333 3301 1370 :

1721 1423 1775 1468 et
1801 1412 2041 1481 exponit,
2070 1412 2123 1464 in
2154 1418 2306 1480 parte
2339 1425 2353 1462 :
2383 1423 2510 1463 vere
2548 1407 2956 1476 conﬁtebuntur.
2994 1406 3203 1461 Etenim
3242 1408 3303 1462 in

1723 1504 1956 1558 Ecclesia
1978 1510 2297 1565 sanctarum,
2329 1499 2380 1554 id
2407 1507 2491 1554 est
2516 1499 2569 1552 in
2595 1497 3015 1569 congregatione
3040 1497 3300 1564 ﬁdelium,

1722 1593 2105 1661 confitebuntur
2148 1599 2409 1644 veritatem
2450 1603 2618 1651 .nam,
2664 1587 2715 1641 id
2755 1596 2841 1642 cst
2878 1586 3138 1642 beneﬁcia
3182 1602 3303 1657 qua:

1721 1684 2009 1753 complebit
2045 1684 2247 1737 veritas
2272 1690 2385 1746 tua,
2416 1678 2500 1734 vel
2529 1680 2607 1734 sic
2641 1697 2653 1732 :
2682 1678 3080 1748 Conﬁtebnntur
3116 1681 3304 1736 rerila-

1722 1784 1821 1827 tem
1846 1785 1989 1826 luant
2019 1773 2073 1825 in
2095 1771 2310 1825 ecclesia
2331 1778 2632 1823 sanctorum
2662 1768 3065 1837 complendum;
3103 1779 3158 1823 et
3186 1785 3303 1825 me-

1726 1865 1828 1918 rito
1858 1865 2260 1932 conﬁtebuntur,
2295 1881 2418 1920 cum
2454 1865 2525 1919 sit
2554 1865 2633 1920 eis
2668 1863 2883 1931 dignior
2908 1871 2965 1917 et
2993 1862 3303 1918 sublimior.

1725 1954 1986 2020 Quoniam
2013 1959 2129 2027 quis
2167 1958 2221 2010 in
2269 1958 2508 2023 nubibus,
2562 1957 2614 2011 id
2643 1965 2727 2010 est
2764 1955 2906 2009 inter
2952 1954 3096 2025 ipsos
3134 1956 3302 2011 caelos

1723 2052 1837 2118 (qui
1871 2051 2042 2105 nubes
2062 2052 2328 2114 dicentur,
2354 2067 2418 2105 co
2440 2050 2583 2120 quod
2611 2050 2746 2105 alios
2767 2048 3079 2118 compluent
3105 2049 3308 2104 doctri-

1727 2140 1814 2209 na)
1848 2143 2141 2211 a'qaabitur
2178 2142 2398 2196 Domino
2436 2141 2692 2196 Christo?
2729 2139 2936 2195 Nullus.
2987 2139 3054 2192 Et
3092 2141 3209 2208 quis
3251 2140 3308 2192 in

1725 2234 1851 2301 [iliis
1880 2234 1995 2297 Dei,
2031 2235 2083 2288 id
2120 2244 2204 2289 est
2249 2236 2371 2304 quis
2421 2235 2561 2288 inter
2600 2234 2743 2303 ipsas
2788 2233 2981 2295 nubes.
3033 2247 3155 2300 qua:
3208 2230 3304 2285 ﬁlii

1728 2324 1820 2377 Dei
1864 2334 2043 2387 erunt,
2090 2325 2274 2378 similis
2314 2325 2408 2378 erit
2460 2325 2683 2379 Domino
2734 2326 2872 2381 Filio
2914 2326 2966 2379 in
3020 2325 3311 2379 tiliatione?

1727 2415 1934 2469 Nullus.
1966 2414 2081 2482 Ipse
2111 2429 2342 2483 namque
2369 2415 2508 2469 ﬁlius
2533 2432 2628 2485 per
2658 2426 2929 2478 naturam,
2956 2415 3027 2468 illi
3054 2430 3181 2469 vero
3212 2430 3310 2484 per

1727 2506 2031 2574 ad0ptionis
2059 2505 2311 2574 gratiam,
2342 2506 2484 2573 quod
2509 2517 2590 2563 cst
2620 2506 2801 2559 dicere
2832 2522 2846 2558 :
2879 2505 3018 2559 Vere
3043 2502 3312 2559 debentei

1726 2598 1999 2661 conliteri,
2031 2612 2153 2649 cum
2197 2596 2308 2650 sint
2335 2597 2385 2651 ei
2415 2596 2469 2651 itt
2517 2598 2778 2667 dignitate
2810 2596 3101 2651 dissimiles
3145 2603 3202 2650 et
3231 2595 3313 2650 in-

1726 2690 1985 2760 aequales.
2011 2688 2349 2758 lnaequalitas
2378 2704 2506 2744 sane
2538 2689 2736 2744 dicitur
2771 2690 2835 2743 de
2877 2703 2934 2742 re
2962 2703 3125 2757 quam
3174 2701 3314 2741 unus

1732 2780 1895 2834 habet
1928 2780 2127 2837 minus.
2166 2788 2221 2832 et
2263 2778 2401 2833 alius
2446 2779 2619 2847 magis
2652 2797 2665 2833 :
2716 2787 2775 2831 ιιι
2814 2777 2978 2848 354
3008 2779 3052 2831 si
3084 2777 3313 2847 quilibet

1731 2868 1940 2938 longior
1978 2868 2050 2921 sit
2079 2866 2259 2936 aliquo
2305 2868 2484 2938 longo.
2531 2865 2923 2922 Dissimilitndo
2970 2881 3097 2920 vero
3136 2867 3203 2920 de
3245 2879 3305 2920 re

1733 2973 1894 3029 quam
1926 2973 2066 3011 unus
2099 2957 2282 3021 habet,
2314 2967 2369 3011 et
2404 2956 2541 3011 alter
2578 2966 2729 3011 caret
2762 2973 2774 3009 :
2821 2965 2879 3009 ut
2919 2955 2961 3009 si
2995 2956 3117 3025 quis
3157 2956 3312 3011 albus

1734 3048 1825 3110 sit,
1854 3046 1992 3101 alius
2032 3061 2158 3099 vero
2192 3045 2431 3099 minime.
2485 3045 2733 3100 Ostendit
2762 3058 2891 3099 vero
2923 3060 3044 3100 esse
3074 3044 3314 3101 dissimi-

114 3138 324 3192 raritatem
361 3156 453 3209 pro
483 3140 674 3194 eodem
707 3139 888 3192 habet.
930 3133 1303 3203 l‘ossetquzeri
1337 3150 1349 3185 :
1385 3132 1481 3187 Ubi
1507 3139 1631 3187 sunt
1659 3167 1703 3228 Ο
1734 3140 1833 3202 les,
1864 3154 1988 3194 cum
2018 3138 2149 3193 dicit,
2185 3155 2197 3190 :
2242 3136 2378 3191 Vcrc
2416 3151 2520 3191 non
2570 3145 2653 3192 est
2697 3136 2892 3206 aliquis
2933 3135 3144 3203 similis.
3172 3136 3312 3193 Nam

114 3230 456 3298 utisericorditc,
481 3247 621 3302 quas
644 3229 991 3284 annuntiabis
1010 3268 1024 3291 ,
1049 3242 1311 3295 nusquam
1339 3224 1631 3294 apparent?

112 3319 171 3373 Ad
193 3325 311 3389 quod
339 3326 413 3379 sic
440 3324 753 3394 respondet,
782 3324 882 3376 hoc
906 3321 1226 3374 auctoritate
1253 3319 1423 3386 ipsius
1453 3317 1632 3371 Patris

113 3416 442 3484 continuando,
476 3420 580 3472 sic.
617 3418 743 3471 Dico
791 3415 935 3485 quod
972 3411 1353 3467 misericordias
1388 3410 1631 3474 cantabo,

114 3506 219 3572 quod
253 3524 279 3561 a
307 3524 386 3563 me
416 3510 636 3578 quidem
687 3524 793 3560 nou
840 3506 1033 3567 habeo,
1085 3503 1178 3557 sed
1224 3518 1251 3556 a
1290 3513 1357 3563 te,
1410 3502 1635 3556 Domine

112 3595 252 3662 Pater,
298 3603 535 3670 quoniam
586 3600 768 3654 dixisti
820 3598 948 3651 mihi
1009 3596 1235 3650 interius
1285 3596 1637 3664 inSpiratioue

113 3696 196 3753 tua,
217 3692 343 3761 quod
381 3692 764 3757 misericordia,
798 3689 848 3743 id
879 3696 962 3743 est
990 3686 1307 3742 beneficium
1338 3685 1638 3739 misericor-

112 3783 186 3836 dite
205 3785 250 3838 in
280 3796 522 3841 internum
570 3785 913 3846 duraturum,
944 3780 1292 3847 wdi/icabitur
1316 3780 1366 3830 in
1398 3778 1554 3838 caelis,
1586 3777 1636 3831 id

112 3880 173 3925 est
196 3874 267 3929 ﬁet
299 3877 348 3930 in
389 3875 675 3946 apostolis,
716 3873 921 3930 scilicet
951 3886 1086 3941 quos
1120 3870 1222 3924 ﬁde
1248 3878 1300 3923 et
1346 3870 1418 3921 ιιιί
1451 3868 1637 3936 cogni-

112 3964 225 4020 tione
258 3968 577 4023 illnminabis
629 3967 684 4021 in
734 3965 1050 4025 virtutibus,
1095 3970 1150 4015 et
1197 3960 1451 4029 operibus
1487 3959 1641 4013 bouis

112 4056 399 4122 sublimabis,
439 4070 492 4114 et
526 4058 745 4113 tandem
776 4054 1129 4111 beatiﬁcabis.
1176 4052 1243 4106 Et
1286 4054 1338 4104 in
1368 4053 1438 4104 eis
1466 4051 1637 4116 coelis,

113 4146 151 4199 id
170 4160 238 4204 est
260 4168 347 4221 per
366 4169 458 4207 eos
486 4152 659 4208 caelos
682 4149 1066 4220 prwparabitur
1091 4148 1142 4200 in
1170 4146 1290 4199 aliis
1314 4146 1500 4197 veritas
1528 4153 1640 4205 tua,

113 4247 170 4303 ειν
194 4242 236 4296 id
263 4254 337 4300 est
361 4244 681 4301 beneﬁcium
716 4240 1125 4303 misericordiae,
1156 4238 1297 4308 quod
1325 4237 1526 4290 veritas
1554 4245 1642 4289 tua

113 4337 370 4404 complebit.
402 4338 614 4394 luducit
642 4347 822 4391 autem
863 4334 1029 4388 verba
1078 4332 1249 4402 ipsius
1280 4330 1476 4393 Patris,
1522 4330 1599 4385 sic
1628 4346 1641 4382 :

114 4420 214 4481 Dico
232 4429 359 4495 quod
388 4430 590 4493 dixisti,
621 4437 675 4481 et
701 4441 827 4481 ecce
849 4425 990 4480 dicta
1021 4432 1109 4477 tua
1139 4423 1370 4491 disposui
1398 4422 1462 4476 ab
1491 4431 1642 4475 aiter-

1735 3232 1843 3287 erit
1873 3231 2036 3295 Deus,
2084 3238 2136 3283 et
2170 3227 2289 3283 talis
2320 3227 2482 3293 Dens,
2513 3228 2602 3296 qui
2638 3227 2965 3298 glorificatur
3002 3228 3055 3280 in
3092 3229 3311 3281 consilio

1734 3333 2058 3385 sanctorum,
2091 3319 2143 3375 id
2164 3327 2247 3374 est
2272 3317 2681 3389 gloriﬁcabitur,
2710 3327 2764 3372 ct
2796 3317 2893 3387 ipsi
2921 3331 3024 3370 non
3057 3316 3190 3372 tales
3213 3318 3311 3381 dii,

1736 3416 1826 3486 qtti
1859 3412 2227 3484 gloriﬁcentur
2254 3412 2306 3465 in
2329 3410 2547 3464 consilio
2578 3421 2898 3464 sanctorum.
2930 3409 2989 3461 Et
3020 3408 3154 3462 bene
3184 3408 3317 3464 dicit

1738 3522 1842 3560 non
1860 3503 2177 3572 simpliciter
2202 3502 2254 3555 in
2281 3501 2506 3565 sanctis,
2532 3501 2626 3555 sed
2658 3501 2711 3553 in
2741 3498 2958 3553 consilio
2985 3509 3312 3564 sanctorum,

1738 3606 1801 3646 ac
1824 3590 1868 3645 si
1891 3590 2035 3643 dicat
2070 3606 2080 3640 :
2117 3586 2285 3652 Quem
2316 3585 2489 3639 sancti
2530 3594 2585 3640 et
2612 3584 2918 3647 devotione,
2957 3590 3010 3637 et
3046 3596 3232 3651 opere,
3261 3591 3315 3636 et

1738 3696 1832 3738 ore
1859 3679 2273 3750 gloriﬁcabunt:
2307 3686 2360 3730 et
2386 3676 2488 3730 hoc
2520 3690 2623 3729 non
2649 3672 2975 3737 inconsulte,
3007 3674 3104 3728 sed
3132 3673 3319 3728 consi-

1740 3775 1812 3828 lio
1844 3770 2148 3827 rationabili
2188 3770 2386 3837 z'quod
2432 3767 2681 3837 equidem
2721 3766 2937 3834 dignius
2967 3774 3239 3834 estquam
3271 3766 3316 3820 si

1741 3866 1858 3922 sine
1885 3862 2111 3917 consilio
2138 3862 2239 3914 hoc
2268 3868 2537 3932 ageretur.
2565 3858 2812 3913 Ostendit
2832 3872 3044 3926 quoque
3072 3871 3169 3912 eos
3192 3857 3319 3912 intr-

1742 3955 1928 4025 quales
1958 3968 2100 4018 esse,
2128 3966 2250 4005 cum
2282 3950 2431 4004 addit
2463 3964 2476 4003 :
2517 3949 2653 4004 Vere
2685 3947 2861 4002 nullus
2888 3947 3182 4017 trquabitur
3213 3946 3322 3999 Do-

1742 4048 1881 4100 mino
1904 4045 2057 4100 Filio.
2095 4043 2227 4097 Nam
2260 4044 2373 4111 ipse
2406 4042 2511 4097 erit
2543 4058 2760 4111 magnus
2802 4040 2855 4094 in
2883 4038 3122 4110 polentia
3149 4026 3318 4091 mira-

1744 4137 2007 4201 culorum,
2040 4146 2085 4189 et
2118 4134 2364 4189 terribilis
2395 4134 2446 4187 in
2476 4132 2729 4196 vindicta,
2755 4146 2909 4199 super
2930 4144 3107 4182 omnes
3134 4128 3322 4197 prcedi-

1746 4239 1959 4285 catores
2004 4227 2094 4297 qui
2138 4235 2281 4288 sunt,
2326 4224 2376 4278 id
2415 4231 2498 4276 est
2528 4221 2616 4289 qui
2648 4228 2807 4275 erunt
2854 4218 2906 4272 in
2937 4216 3156 4270 circuitu
3186 4216 3321 4285 ejus,

1749 4320 1798 4373 id
1828 4328 1911 4373 est
1939 4315 2195 4371 famulatu
2218 4313 2353 4381 ejus.
2378 4311 2422 4365 A
2447 4309 2796 4365 similitudine
2821 4308 3020 4362 dictum
3048 4315 3129 4359 est
3153 4304 3325 4360 famu-

1748 4410 1943 4474 lorum,
1974 4408 2063 4476 qtti
2102 4406 2387 4459 Dominum
2417 4400 2778 4463 circumdant,
2810 4408 2869 4452 ιιι
2894 4398 2938 4452 ei
2974 4396 3323 4463 famulentur,

113 4527 182 4581 n0,
208 4530 557 4575 testamentum
585 4536 783 4585 meum,
837 4519 888 4572 id
928 4527 1012 4572 est
1049 4516 1414 4571 ﬁrmissimam
1454 4531 1646 4569 nova-u
1682 4510 1724 4563 D
1752 4518 1814 4556 ac
1848 4502 1891 4555 Si
1926 4501 2068 4554 άίεὲιι
2102 4516 2113 4552 ε
2152 4498 2285 4551 Cum
2319 4496 2416 4565 iPSi
2449 4494 2625 4564 ηιθειιῖ
2654 4492 2764 4585 εἶπεν
2804 4493 2855 4545 Ῐ¹¹
2889 4489 3127 4561 Pommia
3162 4488 3328 4545 miri“

113 4599 250 4674 legem
273 4625 438 4665 meam
478 4625 564 4664 me
588 4611 839 4662 daturum
863 4607 1036 4661 electis
1062 4607 1206 4667 meis.
1234 4606 1440 4661 scilicet
1477 4606 1647 4659 ﬁdeli-

114 4693 190 4752 bus
225 4702 349 4757 meis
400 4704 452 4758 in
500 4712 743 4772 tempore
782 4701 1133 4771 plenitudinis
1172 4699 1389 4763 futuris,
1420 4713 1555 4765 quos
1584 4702 1649 4753 de

115 4800 257 4843 massa
283 4794 615 4861 perditorum
644 4792 862 4861 eligam,
895 4799 949 4845 et
978 4789 1178 4859 jurari,
1224 4788 1274 4842 id
1312 4797 1394 4842 est
1428 4785 1650 4840 ﬁrmiter

113 4888 152 4931 et
175 4884 307 4949 quasi
355 4901 480 4939 cum
510 4884 819 4952 juramento
851 4882 1096 4950 promisi,
1136 4879 1304 4933 David
1332 4894 1476 4931 serra
1515 4893 1647 4941 meo,

116 4968 154 5021 id
177 4984 248 5027 est
270 4977 481 5032 Christo
503 4975 807 5045 signiﬁcato
831 4991 924 5045 per
949 4972 1111 5027 David
1139 4990 1154 5037 ;
1183 4971 1270 5039 qui
1296 4986 1482 5024 servus
1502 4983 1652 5023 meus

114 5061 195 5115 erit
238 5068 527 5121 secundum
577 5066 717 5135 quod
766 5066 923 5118 homo
978 5064 1029 5117 in
1079 5061 1327 5115 omnibtts
1376 5059 1649 5113 obediens.

116 5150 205 5209 Hoc
241 5160 440 5215 scilicet
482 5159 705 5230 promisi
741 5158 855 5218 tibi,
890 5174 921 5211 ο
953 5154 1139 5216 David,
1172 5152 1313 5220 quod
1350 5147 1654 5217 pra'parabo

117 5257 191 5309 ιιοτ
230 5252 613 5317 prmdicatores
656 5250 709 5302 in
757 5248 860 5301 ﬁde
888 5262 1062 5299 semen
1106 5255 1273 5304 tuum,
1321 5239 1371 5292 id
1400 5247 1483 5292 est
1519 5236 1655 5290 ﬁlios

118 5343 213 5390 tuos
241 5342 541 5409 adoptivos,
576 5341 665 5410 qui
696 5338 778 5409 tui
817 5350 1078 5405 sequaces
1115 5340 1272 5386 erunt
1307 5336 1467 5397 prout
1508 5335 1657 5396 pote-

120 5432 407 5487 rttttt.'Dit-.o
445 5448 619 5485 semen
666 5427 1005 5498 prtepurabo,
1053 5439 1224 5476 semen
1267 5420 1385 5473 dico
1417 5432 1575 5486 usque
1605 5417 1658 5467 in

120 5526 333 5572 aternum
364 5534 796 5590 permansurum.
846 5517 944 5583 Qui
990 5514 1130 5570 enim
1157 5512 1340 5565 credet
1372 5509 1424 5561 in
1453 5517 1524 5566 te.
1554 5520 1659 5558 non

119 5610 345 5665 marietnr
374 5614 429 5667 in
462 5622 722 5666 aeternum
765 5611 944 5679 (Joan.
977 5624 1053 5671 χι,
1082 5604 1198 5675 26),
1235 5612 1279 5655 et
1306 5598 1573 5668 a'diﬁcabo
1607 5597 1659 5650 in

116 5698 375 5758 virtutibus
418 5712 475 5759 et
516 5702 669 5757 bonis
697 5702 950 5774 operibus
972 5700 1142 5754 sedem
1178 5711 1319 5751 tuam
1358 5698 1410 5747 in
1445 5707 1661 5763 genera-

122 5783 237 5842 tione
259 5799 300 5843 ct
338 5792 743 5861 generationem,
769 5792 818 5846 id
850 5800 930 5847 est
974 5792 1024 5845 iit
1058 5798 1314 5844 aeternum
1348 5796 1664 5855 perruansu-

1750 4594 2012 4657 culorum,
2046 4600 2101 4648 et
2146 4588 2417 4645 terribiles
2448 4587 2499 4641 in
2552 4584 2789 4655 potentia
2844 4582 3101 4652 puniendi
3136 4582 3325 4641 malos.

1751 4688 1960 4744 meritis
1990 4685 2292 4739 oratiomun
2328 4695 2579 4743 suarum;
2624 4686 2799 4731 tamen
2837 4685 2922 4731 est
2953 4676 3033 4731 eis
3074 4673 3246 4745 major
3277 4681 3333 4749 et

1753 4778 2058 4835 terribilior.
2109 4775 2262 4830 Facit
2300 4781 2476 4827 autem
2526 4770 2906 4841 apostropham
2937 4769 3002 4821 ad
3031 4782 3155 4821 eum
3201 4782 3323 4820 cum

1754 4871 2089 4941 repetitione,
2136 4876 2192 4921 ut
2237 4865 2399 4919 addat
2443 4882 2455 4917 :
2503 4862 2650 4926 Dico,
2698 4876 2731 4915 ο
2780 4862 2919 4915 Deus
2956 4858 3075 4922 Fili,
3118 4857 3235 4928 quis
3278 4857 3332 4910 in

1756 4962 1974 5017 nubibus
2013 4960 2107 5013 erit
2156 4956 2343 5012 similis
2380 4954 2637 5007 Domino?
2676 4960 2732 5006 et
2780 4950 2918 5005 bene
2967 4950 3089 5003 dico
3124 4965 3138 5001 :
3186 4945 3332 5014 Quo-

1756 5052 1923 5113 niam,
1946 5065 1977 5102 o
2010 5047 2228 5100 Domine
2254 5043 2390 5096 Deus
2416 5042 2684 5105 virtutum,
2707 5056 2772 5095 ex
2802 5038 2932 5107 ipsis
2957 5036 3188 5091 nubibus
3215 5035 3329 5105 quis

1755 5141 1859 5195 erit
1884 5137 2069 5193 similis
2102 5135 2227 5188 tibi?
2257 5131 2462 5186 Nullus.
2494 5130 2625 5185 Cum
2667 5130 2809 5185 enim
2838 5129 2912 5183 sis
2941 5125 3197 5181 Dominus
3224 5123 3334 5178 vir-

1760 5235 1929 5280 tutum
1970 5239 2344 5295 superuarum,
2383 5232 2437 5276 et
2469 5221 2628 5283 Deus,
2673 5220 2725 5273 id
2773 5227 2856 5273 est
2886 5222 3105 5272 creator
3144 5229 3330 5269 earnm

1760 5328 1813 5372 ct
1840 5318 1937 5388 ipsi
1975 5314 2214 5379 minimc,
2248 5312 2537 5368 dissimiles
2570 5311 2660 5364 tibi
2694 5318 2837 5364 sunt.
2867 5307 2929 5360 Et
2953 5307 3004 5359 in
3034 5305 3139 5359 hoc
3162 5303 3328 5359 etiam

1760 5419 1887 5464 sunt
1913 5392 2200 5463 dissimiles
2224 5407 2338 5469 tibi,
2369 5405 2490 5474 quia
2520 5415 2697 5472 potens
2725 5418 2797 5463 es,
2830 5399 2877 5453 id
2905 5407 2987 5452 est
3017 5397 3127 5452 eris
3152 5397 3217 5451 de
3240 5396 3331 5450 tali

1762 5490 1997 5572 potentia
2027 5516 2129 5569 qua
2170 5500 2382 5569 penitus
2422 5496 2520 5566 ipsi
2552 5501 2759 5558 carent,
2802 5500 2853 5545 ct
2886 5491 2935 5544 in
2979 5491 3081 5544 hoc
3120 5503 3335 5558 quoque

1764 5601 1887 5645 sunt
1915 5588 2217 5651 dissimiles,
2262 5585 2387 5655 quia
2424 5585 2610 5638 veritas
2637 5592 2722 5635 tua
2750 5580 2854 5636 etit
2888 5580 2939 5633 in
2970 5577 3191 5633 circuitu
3222 5585 3331 5638 tuo.

1765 5693 1817 5737 ct
1848 5683 1899 5735 in
1925 5680 2153 5736 circuitu
2179 5693 2365 5732 eorum
2399 5690 2527 5738 non,
2556 5674 2605 5727 id
2638 5682 2719 5727 est
2748 5673 2851 5743 ipsi
2877 5670 2966 5740 qui
2993 5684 3089 5741 per
3114 5666 3337 5739 empha-

1769 5774 1848 5828 sin
1874 5771 2071 5826 veritas
2104 5777 2191 5822 tua
2225 5766 2493 5832 dicentur,
2527 5779 2588 5820 co
2625 5763 2764 5834 quod
2793 5778 2886 5834 per
2909 5761 3191 5818 veritatem
3217 5773 3338 5823 sane
