3840 6338
519 387 652 445 1107

1064 382 1123 438 S.
1163 380 1515 439 BRUNONIS
1551 380 2197 438 CARTlIUSlANOBUM
2237 374 2719 463 lNSTl’l‘UTOlllS
2747 376 2899 435 OPP.
2939 375 3121 435 PARS
3146 378 3187 433 ι.

3628 376 3746 433 “08

514 504 587 559 cti
611 499 934 561 cllicientur,
972 506 1134 551 erunt
1168 496 1220 549 in
1250 494 1510 550 famulatu
1546 506 1656 550 tuo.
1685 497 1822 563 Quia
1854 511 1985 550 vero
2017 495 2097 550 di-
2127 501 2171 559 Α
2199 495 2341 550 enim
2403 493 2689 563 tequaliter
2750 508 2941 551 omnes
3004 492 3197 550 circull
3258 500 3443 563 partes
3484 507 3514 548 a
3572 507 3748 563 puncto

515 605 669 650 lerat
703 610 715 645 :
752 602 931 659 potens
958 607 1032 653 es,
1079 590 1239 655 Dens,
1286 589 1577 658 potentiam
1625 589 1783 643 istam
1831 589 2086 653 ostendit,

515 684 762 739 addendo
793 682 889 735 sic.

588 775 720 827 Dico
745 771 885 840 quod
927 780 1105 839 potens
1138 770 1264 835 eris,
1293 779 1341 823 ct
1368 784 1492 824 ecce
1520 770 1832 838 potentiam,
1861 769 2088 835 scilicet,

516 876 573 917 tn
611 861 921 927 dominaris,
956 861 1005 914 id
1038 870 1120 915 est
1151 860 1514 914 dominabcris
1553 861 1793 928 potestati
1822 862 2004 925 maris,
2041 869 2095 916 et

518 953 617 1021 ipsi
643 967 779 1013 non;
806 952 1011 1005 scilicet
1028 950 1251 1005 habebis
1276 950 1326 1004 in
1351 950 1588 1004 dominio
1612 958 1932 1020 potestatem
1951 952 2093 1021 ipso-

517 1062 637 1100 rnm
670 1044 960 1099 inlidelium
1002 1042 1411 1097 amaricantium
1444 1051 1495 1097 te
1534 1043 1675 1097 mala
1715 1044 1823 1097 vita
1852 1044 2095 1108 sua,sei-

516 1136 640 1190 licet
665 1135 776 1204 ipsa
803 1142 1040 1205 potestas
1065 1148 1223 1202 quam
1253 1132 1527 1186 habebunt
1556 1141 1674 1188 tuos
1699 1136 2091 1204 persequendo,

518 1226 572 1279 in
601 1226 842 1281 dominio
877 1235 967 1279 tuo
988 1223 1114 1289 crit,
1149 1232 1206 1277 ιιι
1231 1238 1334 1277 non
1362 1224 1521 1280 liceat
1550 1226 1630 1281 eis
1669 1227 1861 1281 smvire
1890 1237 1945 1282 et
1971 1242 2095 1296 per-

515 1317 689 1386 sequi,
732 1316 832 1369 nisi
879 1325 1142 1385 quantum
1181 1315 1261 1371 eis
1303 1316 1631 1385 permittes:
1679 1326 1735 1371 et
1780 1332 1887 1371 non
1919 1318 2095 1373 solum

515 1406 738 1461 habebis
770 1406 820 1458 in
846 1405 1087 1459 dominio
1116 1406 1286 1475 ipsam
1322 1416 1643 1475 potestatem
1687 1415 1747 1459 ut
1772 1406 1949 1476 possis
1973 1421 2095 1462 eam

513 1510 857 1567 compescere
885 1513 897 1549 :
945 1494 1143 1549 Motum
1175 1507 1347 1549 autem
1373 1498 1629 1565 ﬂuctuum
1651 1495 1765 1565 ejus
1787 1507 1842 1551 tu
1865 1498 2095 1567 mitigas,

515 1588 566 1641 id
603 1597 688 1642 est
723 1588 816 1641 sed
865 1597 921 1639 tu
962 1586 1238 1656 miligabis
1275 1598 1471 1640 motum
1509 1589 1766 1657 [luctuum
1809 1587 1950 1658 ejus,
1993 1587 2095 1659 ipsi

515 1693 650 1743 non;
680 1677 732 1731 id
757 1687 841 1732 est
866 1677 1157 1747 aliquando
1179 1692 1396 1733 cessare
1418 1677 1584 1733 facies
1610 1688 1816 1733 motum
1837 1678 2097 1733 fluctuum

513 1770 630 1839 ejus
660 1770 847 1836 maris,
879 1770 929 1823 id
957 1781 1043 1823 est
1067 1770 1197 1823 iram
1234 1770 1553 1835 infidelium,
1586 1786 1705 1840 quae
1738 1770 1973 1825 movebit
2000 1770 2099 1825 llu-

2193 588 2336 658 quod
2367 587 2419 641 in
2451 587 2628 641 medio
2656 595 2757 652 est,
2784 587 2927 657 quod
2960 587 3014 642 in
3049 586 3174 641 aliis
3220 584 3408 653 ﬁguris
3433 585 3645 657 minime
3666 601 3749 655 po-

2196 692 2302 736 test
2350 678 2599 733 inveniri.
2630 678 2708 732 Ex
2738 678 2893 747 cujus
2937 680 3013 734 rei
3046 676 3424 742 similitudine,
3475 676 3752 747 pliilosOpbi

2194 773 2445 843 leguntur
2475 769 2730 825 virtutem
2757 772 2838 826 sic
2863 767 3209 825 dillinivisse:
3235 786 3255 821 ι
3286 767 3474 823 Virtus
3499 778 3579 822 est
3598 784 3755 838 aqua.

2196 866 2320 919 litas
2348 865 2492 930 vitae,
2510 862 2705 918 rationi
2733 862 2971 932 undique
2995 861 3423 917 convenientis.»
3444 859 3607 914 Debet
3630 861 3754 915 enim

2197 956 2335 1010 ratio
2370 969 2516 1019 esse,
2558 953 2712 1024 quasi
2767 953 3003 1007 medium
3053 952 3117 1005 ad
3169 950 3324 1021 cujus
3372 950 3755 1019 dispositionum

2196 1061 2384 1101 omnes
2412 1046 2535 1099 vitae
2564 1053 2748 1115 partes
2775 1043 3065 1113 aequaliter
3091 1050 3145 1097 et
3168 1050 3491 1096 mensurate
3517 1040 3758 1095 deducano

2199 1145 2305 1201 tur,
2333 1138 2473 1191 sicut
2495 1144 2756 1206 punctum
2786 1134 3023 1189 medium
3055 1140 3160 1198 est,
3192 1131 3257 1187 ad
3288 1130 3446 1201 cujus
3477 1145 3759 1186 mensuram

2197 1244 2387 1284 omnes
2418 1237 2603 1298 partes
2629 1226 2819 1281 circuli
2857 1225 3140 1291 mqualitcr
3169 1223 3503 1295 diriguntur,
3535 1221 3618 1277 vel
3657 1222 3758 1278 sic:

2200 1321 2266 1375 Et
2295 1323 2409 1376 lucc
2438 1321 2638 1375 veritas
2665 1328 2787 1384 tua,
2819 1318 3031 1374 scilicet
3074 1316 3218 1387 quod
3264 1324 3462 1386 potens
3488 1329 3569 1379 es,
3598 1314 3648 1368 iu
3673 1315 3763 1368 cir-

2200 1413 2346 1467 cuitu
2388 1423 2479 1466 tuo
2521 1420 2635 1476 est,
2689 1410 2741 1465 id
2776 1418 2861 1465 est
2900 1410 2957 1464 in
2987 1409 3069 1465 eis
3110 1408 3203 1477 qui
3259 1415 3389 1463 sunt
3426 1406 3483 1461 in
3529 1403 3761 1459 famulatu

2201 1513 2313 1568 tuo,
2345 1502 2489 1571 quod
2511 1510 2593 1555 est
2619 1499 2818 1555 dicere.
2848 1498 2961 1554 lloc
2986 1498 3254 1554 veraciter
3274 1496 3457 1551 sciunt
3482 1495 3764 1550 obeditores

2203 1595 2301 1659 tui,
2333 1594 2459 1663 quia
2487 1600 2681 1662 potens
2703 1606 2783 1655 es,
2811 1591 3125 1661 quicunque
3166 1589 3444 1659 ignorent.
3477 1586 3592 1642 Non
3615 1585 3763 1641 solum

2202 1697 2380 1739 autem
2404 1682 2642 1751 fundasti
2670 1682 2843 1736 orbem
2865 1692 3019 1735 terra:
3048 1690 3097 1733 et
3124 1678 3505 1748 plenitudinem
3544 1681 3671 1746 ejus,
3691 1675 3765 1728 sed

2202 1788 2247 1831 et
2272 1788 2326 1831 tu
2348 1776 2540 1831 creasti
2560 1774 2879 1847 aquilonem,
2901 1783 2950 1828 et
2980 1788 3148 1836 mare,
3176 1771 3228 1826 id
3257 1781 3341 1827 est
3363 1779 3418 1824 tu
3457 1768 3647 1824 creasti
3669 1767 3759 1821 dia-

513 1870 635 1916 ctus
662 1862 922 1916 adversus
961 1869 1199 1927 sanctos,
1242 1862 1673 1932 persecutiones,
1708 1862 1939 1929 scilicet,
1978 1878 2099 1932 qua:
2130 1864 2172 1922 Β
2206 1868 2411 1931 bolum,
2446 1866 2537 1935 qui
2562 1864 2789 1936 frigidos
2828 1863 2959 1918 facit
2987 1862 3233 1918 inﬁdeles
3267 1862 3339 1916 ab
3392 1861 3589 1915 ardore
3614 1858 3768 1913 chari~

513 1967 609 2007 eos
627 1953 693 2007 ad
717 1954 932 2008 modum
959 1953 1216 2009 fluctuum
1241 1955 1569 2025 opprimant.
1596 1956 1746 2023 Quod
1771 1965 1854 2012 est
1876 1958 2057 2012 dicere
2082 1974 2096 2011 :

516 2044 787 2115 lllitigahis
816 2047 1173 2115 quorumdam
1207 2048 1502 2104 infidelium
1538 2050 1694 2113 iram,
1742 2059 1801 2105 ut
1827 2050 2095 2114 conversi,

516 2135 701 2191 ﬁdeles
741 2146 857 2191 tuos
903 2140 1154 2207 persequi
1199 2141 1479 2195 desistant.
1513 2141 1819 2196 Notandum
1863 2145 2004 2211 quod
2043 2153 2100 2196 tu

518 2228 678 2283 toties
718 2230 1031 2297 repetitum,
1068 2231 1134 2284 ad
1170 2231 1529 2287 differentiam
1562 2235 1803 2303 ponitur,
1833 2251 1895 2290 ac
1931 2236 1974 2291 si
2013 2236 2100 2290 di-

515 2326 662 2371 ceret
694 2335 709 2372 :
740 2318 816 2372 Τιι
865 2320 968 2374 hoc
1007 2320 1194 2385 facies,
1230 2331 1283 2377 et
1330 2324 1428 2393 ipsi
1480 2342 1605 2387 non,
1640 2336 1692 2380 et
1730 2344 1826 2396 per
1862 2328 1963 2383 hoc
2004 2329 2100 2383 tibi

515 2407 805 2463 dissimiles
828 2426 947 2466 csse
978 2414 1422 2483 comprobantur.
1452 2417 1580 2471 Dico
1610 2419 1751 2486 quod
1776 2429 1833 2471 tu
1860 2419 2102 2473 domina-

517 2499 590 2549 ris
624 2502 866 2563 potestati
912 2504 1093 2566 maris,
1145 2513 1277 2569 etc.,
1312 2514 1366 2557 et
1407 2514 1461 2558 tu
1501 2506 1663 2560 etiam
1697 2508 1773 2561 sic
1803 2518 1993 2576 potens
2020 2522 2099 2573 es,

516 2587 658 2654 quod
684 2596 739 2640 tu
767 2588 1074 2653 Itamiliasti,
1102 2592 1153 2646 id
1183 2605 1265 2647 est
1306 2594 1619 2650 ltumiliabis
1645 2597 1920 2665 superbum
1948 2610 2098 2652 anto-

518 2682 817 2735 nomasticc
845 2687 920 2736 sic
950 2682 1293 2752 vulneratum,
1319 2688 1370 2741 id
1402 2697 1485 2742 est
1513 2699 1697 2758 utpote
1727 2691 1879 2760 prius
1907 2692 2100 2748 vulne-

517 2779 715 2837 ratum,
747 2782 800 2827 ct
824 2774 923 2842 ipsi
953 2791 1058 2830 non
1083 2792 1097 2841 ;
1124 2779 1266 2846 quod
1295 2788 1378 2834 cst
1402 2781 1582 2836 dicere
1612 2799 1624 2834 :
1652 2782 1807 2838 Prius
1836 2800 1957 2839 eum
1987 2784 2102 2838 rul-

516 2862 721 2916 nerabis
771 2876 944 2919 morte
975 2876 1087 2932 tua,
1130 2869 1427 2925 auferendo
1462 2871 1510 2925 ei
1557 2870 1648 2941 jus
1681 2874 1822 2942 quod
1854 2874 2018 2929 habet
2049 2875 2103 2930 in

518 2955 753 3009 lnnnano
775 2971 993 3027 genere,
1020 2969 1073 3013 ct
1100 2971 1281 3029 postea
1312 2978 1377 3017 ex
1409 2973 1521 3019 toto
1544 2980 1666 3019 eum
1697 2966 1915 3021 humilia
1928 2969 2010 3021 bis
2037 2968 2105 3022 de

520 3063 686 3118 regno
712 3065 830 3115 suo,
861 3053 1078 3121 quando
1105 3064 1294 3124 gentes
1330 3072 1424 3126 per
1455 3059 1840 3127 praulicatorcs
1872 3060 1919 3113 ei
1954 3058 2105 3114 aufe-

518 3156 605 3194 res
640 3159 651 3194 :
683 3157 711 3195 a
748 3143 1103 3200 similitudine
1141 3148 1335 3214 hostis,
1377 3151 1465 3219 qui
1501 3150 1651 3220 prius
1680 3151 2016 3217 vulneratur,
2050 3161 2106 3206 et

515 3251 701 3310 postea
738 3243 1012 3313 dejicitur,
1043 3246 1127 3301 vel
1148 3249 1281 3301 sicut
1314 3248 1645 3304 vulneratum
1680 3250 1815 3306 bene
1843 3252 2015 3321 ponit,
2052 3252 2105 3307 id

517 3348 600 3391 est
629 3339 859 3394 similem
891 3340 1197 3396 vulnerato.
1237 3342 1351 3398 Non
1378 3345 1520 3398 enim
1550 3344 1652 3398 fuit
1690 3360 1876 3400 revera
1900 3354 1954 3400 et
1978 3361 2107 3417 pro-

519 3430 637 3497 prie
671 3430 994 3495 vulneratio,
1032 3434 1125 3488 sed
1153 3436 1305 3503 quasi
1345 3435 1668 3490 vulneratio.
1703 3436 1767 3490 Et
1799 3447 1854 3489 tu
1901 3438 2106 3507 disper-

518 3518 653 3583 sisti,
689 3519 740 3574 id
767 3530 847 3575 est
874 3521 1135 3592 disperges
1162 3525 1401 3578 inimicos
1431 3534 1547 3579 tuos
1570 3524 1787 3581 Jmlwos
1813 3541 1909 3596 per
1933 3536 2106 3582 totum

522 3608 778 3663 mundum
804 3611 857 3663 in
886 3612 1099 3666 brachio
1125 3615 1328 3669 virtutis
1351 3628 1475 3683 tute,
1503 3619 1554 3672 id
1579 3631 1661 3673 est
1691 3621 1745 3673 in
1776 3621 1985 3676 brae/tio
2018 3632 2107 3678 tuo

521 3698 941 3763 virtuoso,utita
965 3703 1158 3766 dicam,
1187 3705 1393 3761 scilicet
1425 3708 1474 3762 in
1500 3707 1622 3763 forti
1649 3712 2107 3780 potentiavirtutis

520 3790 735 3855 tmv,vel
749 3791 1027 3861 dispergas,
1047 3794 1096 3847 id
1109 3805 1191 3849 est
1204 3799 1482 3866 separabis
1498 3801 1737 3855 inimicos
1750 3812 2107 3870 tuos,omnes,

520 3881 725 3935 scilicet
753 3881 804 3935 in
836 3884 1072 3939 humano
1095 3903 1312 3956 genere,
1342 3890 1683 3947 inimicantes
1710 3893 1804 3948 tibi
1833 3895 1972 3949 mala
1999 3897 2110 3950 vita

520 3989 639 4039 sua,
669 3984 725 4027 ιιι
753 3974 888 4029 alios
925 3976 991 4029 ad
1018 3979 1183 4032 vitam
1215 3995 1482 4045 assumas,
1513 3982 1648 4037 alios
1670 3995 1848 4039 autem
1874 3987 1939 4041 ad
1963 4002 2109 4041 mor-

520 4075 628 4119 tem
662 4066 939 4137 relinquas
972 4085 985 4122 :
1036 4078 1091 4124 et
1125 4070 1224 4125 hoc
1260 4070 1426 4127 facies
1462 4074 1514 4129 in
1552 4075 1767 4129 brachio
1793 4117 1808 4141 ,
1851 4078 1901 4132 id
1930 4085 2014 4133 est
2052 4079 2106 4134 in

519 4160 754 4228 potentia
784 4161 988 4217 virtutis
1032 4172 1155 4217 tute.
1209 4163 1498 4223 Brachium
1526 4181 1624 4235 pro
1663 4148 1903 4237 potentia
1934 4172 2107 4238 ponit,

518 4266 583 4304 eo
612 4254 755 4323 quod
780 4254 1056 4322 potentius
1086 4256 1391 4310 membrum
1424 4258 1670 4327 corporis
1693 4258 1764 4313 sit
1795 4259 1847 4313 in
1883 4261 2105 4327 virtute,

518 4350 571 4395 et
616 4348 753 4398 adeo
817 4354 1011 4414 potens
1066 4359 1145 4411 es,
1191 4348 1332 4417 quod
1370 4349 1445 4400 tui
1476 4359 1596 4402 sunt
1626 4350 1761 4413 cwli,
1806 4360 1853 4404 et
1904 4360 1995 4405 tua
2034 4362 2107 4408 est

520 4442 682 4498 terra,
728 4444 781 4488 et
825 4438 1062 4504 ipsorum
1103 4438 1364 4491 caelorum
1417 4454 1519 4492 non
1569 4457 1582 4493 :
1631 4448 1686 4494 et
1735 4442 1786 4494 in
1838 4442 1941 4497 hoc
1980 4452 2109 4498 sunt

521 4524 616 4577 tibi
675 4526 1005 4594 dissimiles,
1064 4529 1271 4585 scilicet
1329 4531 1753 4599 praedicatores,
1821 4534 1911 4603 qui
1980 4543 2107 4589 sunt

519 4613 681 4684 355
718 4617 863 4683 εαξη,
895 4618 948 4672 id
980 4630 1062 4675 est
1096 4621 1344 4675 doctrina
1381 4622 1773 4692 compluenles,
1804 4626 1883 4677 tui
1924 4636 2102 4692 erunt,

524 4706 575 4759 id
608 4718 690 4760 est
718 4723 815 4777 per
848 4718 898 4762 te
924 4712 1049 4765 θα)ιί
1083 4723 1263 4778 erunt,
1307 4724 1353 4768 et
1378 4724 1518 4769 terra
1550 4727 1641 4770 tua
1668 4728 1766 4783 est,
1810 4717 1862 4772 id
1898 4730 1985 4774 est
2009 4721 2109 4776 Ec-

522 4796 687 4851 ciesia
719 4812 747 4850 a
786 4802 1231 4867 prtcdicatoribus
1271 4806 1561 4874 compluta,
1595 4822 1715 4876 quae
1770 4806 1921 4877 prius
1962 4819 2112 4860 mare

523 4890 764 4945 existens
811 4900 952 4946 terra
985 4893 1260 4950 fructifera
1293 4897 1345 4951 in
1380 4898 1533 4953 bonis
1568 4898 1829 4968 operibus
1858 4897 1962 4952 erit
1985 4937 2000 4963 ,
2040 4912 2108 4951 ex

526 4993 613 5036 tua
676 4982 850 5054 gratia
902 4984 1121 5040 habebit
1169 4993 1312 5058 quod
1361 4998 1502 5044 terra
1550 4992 1675 5045 erit.
1728 4990 1963 5061 Exponit
2016 5005 2112 5043 an-

527 5089 631 5131 tem
659 5077 927 5148 quomodo
966 5087 1165 5133 terram
1206 5082 1352 5134 dicat
1376 5097 1497 5136 esse
1519 5083 1713 5153 ipsius,
1762 5084 1886 5139 eum
1920 5081 2107 5136 addit:

526 5167 665 5225 Vere
696 5179 783 5224 tua
807 5170 911 5225 erit
942 5180 1111 5237 terra;
1134 5156 1294 5234 Vnam,
1328 5183 1380 5223 tu
1405 5172 1660 5242 fundasti,
1698 5174 1747 5227 id
1772 5184 1854 5227 cst.
1886 5171 2113 5226 lirmilcr

524 5260 820 5316 constitues
857 5263 1032 5315 orbem
1080 5260 1249 5330 ipsius
1292 5272 1476 5325 tet-rte,
1520 5262 1570 5315 id
1614 5271 1698 5318 cst
1723 5262 2110 5333 perfectionem

526 5354 642 5424 ejus
670 5354 721 5408 in
750 5355 1037 5409 virtutibus
1069 5365 1123 5409 et
1154 5354 1310 5409 bouis
1338 5354 1614 5422 operibus,
1656 5367 1701 5409 et
1737 5356 2009 5425 fundasti,
2061 5354 2112 5409 id

526 5456 607 5501 cst
639 5447 851 5501 creabis
878 5449 1051 5517 prima
1079 5450 1357 5503 creatione
1379 5446 1757 5516 plenitudinem
1786 5449 1900 5517 ejus
1932 5458 2111 5513 terrae,

524 5540 731 5595 scilicet
765 5540 928 5595 facies
959 5542 1104 5596 nasci
1140 5541 1334 5595 multas
1362 5548 1570 5612 gentes,
1611 5557 1675 5594 ex
1704 5540 1901 5609 quibus
1928 5540 2114 5595 Eccle-

524 5634 660 5687 sEam
712 5634 1031 5689 constitues.
1089 5634 1286 5689 Orhcm
1340 5650 1436 5703 pro
1498 5631 1833 5703 perfectione
1875 5647 2113 5702 congrue

526 5727 697 5795 ponit,
723 5742 787 5780 eo
815 5727 957 5796 quod
991 5726 1042 5779 in
1076 5727 1296 5780 circulis
1321 5727 1481 5796 (quos
1510 5726 1671 5779 orbes
1710 5724 1964 5793 dicimus)
1995 5740 2112 5793 pcr-

528 5816 721 5875 l'CCtior
766 5818 1050 5890 zequalilas
1081 5820 1171 5888 sit,
1205 5834 1367 5890 quam
1417 5818 1471 5874 in
1513 5818 1633 5875 aliis
1663 5815 1871 5889 ﬁguris.
1904 5816 2114 5873 Distant

2207 1958 2351 2024 tatis,
2385 1958 2451 2012 ad
2481 1955 2889 2012 similitudinem
2923 1954 3196 2024 aquilonis
3239 1950 3582 2023 frigidissimi
3622 1949 3767 2013 venti,

2204 2060 2249 2103 et
2277 2066 2421 2104 mare
2448 2048 2658 2114 creasti,
2680 2048 2732 2102 id
2758 2055 2842 2101 est
2865 2046 3012 2117 ipsos
3048 2044 3295 2100 inﬁdeles
3324 2043 3682 2098 amaricantes
3710 2051 3768 2104 te,

2203 2142 2346 2211 quod
2373 2151 2457 2196 est
2486 2140 2686 2195 dicere.
2722 2138 2838 2193 Non
2872 2136 3215 2193 solummodo
3245 2136 3447 2201 bonos,
3480 2135 3579 2190 sed
3601 2143 3653 2189 et
3675 2149 3759 2188 ma

2204 2232 2305 2297 los,
2329 2240 2384 2286 et
2418 2230 2691 2286 diabolum
2716 2238 2877 2301 caput
2898 2244 3084 2284 eorum
3112 2226 3333 2290 creasti,
3369 2240 3474 2280 non
3498 2224 3768 2280 secundum

2206 2325 2352 2395 quod
2398 2324 2526 2379 mali
2561 2332 2721 2388 sunt,
2769 2322 2863 2377 sed
2902 2337 3026 2376 cum
3059 2321 3204 2390 ipsos
3232 2318 3405 2373 bonos
3435 2316 3701 2373 creaveris
3727 2316 3770 2369 in

2204 2415 2398 2479 Adam,
2432 2413 2558 2468 mali
2587 2412 2715 2467 facti
2750 2420 2877 2467 sunt
2906 2424 3004 2481 per
3045 2410 3216 2479 ipsius
3243 2408 3373 2463 Adae
3398 2415 3699 2477 peccatum,
3726 2412 3769 2456 et

2206 2524 2327 2563 cum
2358 2506 2637 2562 diabolmn
2667 2506 2869 2571 bonurn
2903 2512 2957 2558 et
2984 2502 3223 2557 lucidum
3257 2492 3553 2562 creaveris,
3583 2512 3673 2567 per
3697 2511 3765 2549 su-

2205 2598 2447 2669 perbiam
2496 2596 2694 2651 malum
2730 2610 2787 2650 se
2812 2594 2959 2649 fecit.
2993 2592 3092 2649 γει
3119 2593 3240 2648 sic:
3269 2591 3349 2646 Tu
3384 2591 3597 2656 creasti,
3626 2588 3673 2643 id
3703 2593 3768 2642 est

2207 2688 2418 2745 creabis
2453 2688 2753 2758 aquilonem
2800 2696 2848 2740 et
2902 2701 3079 2750 mare,
3123 2684 3177 2739 id
3227 2692 3310 2738 est
3360 2692 3416 2736 tu
3454 2682 3699 2751 dispones
3727 2685 3769 2731 et

2206 2779 2485 2835 ordinahis
2533 2778 2810 2833 diabolum
2865 2786 2921 2831 et
2965 2779 3210 2831 membra
3264 2773 3403 2844 ejus.
3461 2772 3623 2827 Juxta
3660 2767 3769 2824 illud

2206 2866 2358 2921 Isaia:
2385 2881 2398 2919 :
2421 2885 2439 2917 ι
2470 2865 2734 2921 Formans
2764 2880 2954 2935 pacem
2986 2874 3042 2920 et
3068 2878 3262 2920 creans
3288 2863 3493 2917 malum
3512 2860 3643 2932 (lsa.
3667 2873 3771 2921 xu.

2205 2956 2295 3027 7),
2346 2975 2365 3008 ι
2398 2972 2502 3011 non
2538 2957 2681 3026 quod
2709 2958 2822 3025 ipse
2848 2956 2920 3011 sit
2947 2964 3135 3011 auctor
3167 2953 3410 3019 malitias,
3446 2969 3477 3008 a
3516 2967 3623 3022 quo
3647 2949 3771 3005 nefas

2207 3059 2291 3105 est
2313 3050 2523 3113 dicere,
2554 3048 2759 3119 aliquid
2789 3047 2912 3102 mali
2943 3047 3240 3118 procedere
3270 3060 3286 3099 :
3316 3044 3409 3100 sed
3454 3044 3568 3115 ipse
3594 3041 3770 3097 malum

2210 3149 2383 3204 creat,
2413 3139 2466 3194 id
2501 3150 2583 3195 est
2613 3140 2855 3200 ordinat,
2890 3148 2948 3192 ut
2991 3153 3114 3193 cum
3146 3135 3400 3192 videlicet
3432 3135 3547 3205 ipsa
3591 3131 3769 3188 malitia

2212 3243 2240 3282 a
2268 3228 2483 3283 diabolo
2516 3238 2572 3283 et
2600 3229 2670 3283 ab
2699 3227 2879 3297 impiis
2907 3226 3196 3297 procedat,
3228 3224 3449 3282 ordinet
3472 3225 3583 3291 sic,
3629 3233 3684 3279 ut
3717 3219 3771 3275 ad

2210 3320 2445 3388 aliquam
2478 3319 2765 3375 utilitatem
2798 3334 3019 3374 suorum
3059 3318 3232 3373 cedat.

2281 3412 2545 3479 Quoniam
2571 3413 2737 3482 igitur
2777 3412 2990 3467 dixerat
3017 3428 3031 3465 ι
3062 3409 3191 3466 ϐωιὶ
3225 3410 3610 3479 conﬁtebuntur
3636 3406 3771 3460 ntim-

2212 3506 2336 3559 bilia
2371 3516 2482 3571 tua,
2513 3505 2626 3559 vult
2653 3520 2929 3575 exponere
2970 3504 3061 3574 qui
3095 3502 3219 3558 caeli
3249 3517 3374 3556 cum
3409 3500 3560 3555 addit
3599 3516 3613 3553 :
3663 3497 3773 3551 Dico

2210 3598 2353 3666 quod
2388 3598 2463 3650 tui
2493 3606 2657 3651 erunt
2686 3596 2820 3663 cwli,
2847 3606 2901 3651 et
2927 3595 3071 3666 quod
3106 3594 3179 3649 tui
3208 3603 3369 3650 erunt
3411 3592 3513 3662 ipsi
3559 3590 3771 3647 existen-

2213 3700 2293 3745 tes
2320 3688 2529 3744 Tliabor
2554 3701 2600 3743 et
2631 3689 2883 3754 llerman,
2916 3688 2967 3742 id
2987 3696 3072 3743 est
3093 3686 3380 3742 illuminati
3409 3694 3465 3740 et
3488 3685 3772 3739 anathema-

2213 3783 2480 3837 thizantcs
2520 3781 2817 3847 diabolum,
2849 3780 3211 3845 exsultabant,
3248 3778 3301 3833 id
3339 3787 3427 3834 est
3470 3775 3770 3833 exsultanter

2211 3873 2631 3938 annuntiabunt,
2654 3875 2707 3927 in
2731 3874 2939 3928 nomine
2961 3883 3071 3939 tuo,
3088 3873 3139 3927 id
3158 3881 3241 3927 est
3266 3871 3318 3926 in
3345 3872 3553 3926 honore
3566 3864 3769 3924 nominis

2214 3967 2312 4031 tui,
2350 3980 2499 4019 tuum
2543 3965 2835 4031 brachium,
2868 3965 2920 4019 id
2960 3973 3044 4019 est
3071 3974 3218 4018 tuam
3258 3962 3645 4023 fortitudinem,
3673 3971 3768 4012 eum

2209 4059 2461 4129 potentia,
2496 4057 2548 4111 id
2579 4068 2664 4113 est
2695 4074 2817 4112 cum
2866 4057 3139 4121 cllicacia,
3168 4055 3380 4111 scilicet
3405 4050 3770 4109 annuntiabunt

2210 4152 2352 4218 quod
2386 4160 2579 4219 potens
2607 4164 2667 4203 es
2689 4190 2703 4214 ,
2748 4157 2803 4203 et
2834 4146 3023 4203 cllicax
3058 4147 3110 4201 in
3156 4145 3466 4215 superando
3504 4140 3764 4197 diabolum.

2212 4239 2431 4294 'l‘habor
2460 4240 2677 4309 quidem
2718 4248 2771 4294 et
2798 4237 3034 4293 llermon
3063 4238 3170 4293 duo
3198 4236 3303 4292 loci
3335 4245 3465 4291 sunt
3502 4235 3552 4289 in
3575 4231 3762 4291 Judtra;

2211 4340 2266 4385 ct
2296 4331 2515 4386 Thahor
2541 4332 2750 4385 veniens
2781 4330 2957 4384 lumen
2994 4330 3415 4397 interpretatur;
3448 4326 3670 4381 llermon
3691 4336 3760 4375 auc

2214 4430 2320 4475 tem
2362 4421 2668 4475 anathema.
2702 4419 2856 4475 Unde
2884 4435 2983 4490 per
3012 4419 3233 4474 Thabor
3270 4427 3323 4473 et
3349 4417 3581 4473 Ilertnon
3612 4411 3759 4485 praedi-

2211 4522 2427 4565 catores
2458 4527 2524 4565 ex
2560 4511 2761 4565 Judteis
2804 4525 3044 4580 congrue
3074 4509 3429 4573 denotantnr,
3460 4509 3526 4561 ad
3552 4518 3677 4576 quos
3698 4513 3759 4552 ve

2214 4619 2333 4658 rmn
2375 4603 2555 4657 lumen
2600 4602 2851 4658 Christus
2898 4601 3234 4664 adveniens,
3284 4614 3382 4654 cos
3431 4596 3687 4653 diabolum
3722 4598 3761 4643 cl

2212 4705 2436 4765 peccata
2468 4710 2567 4749 sua
2621 4692 3152 4748 anathematizantes
3206 4689 3409 4754 effecit,
3450 4698 3505 4743 et
3558 4701 3646 4756 per
3685 4683 3763 4736 hoc

2214 4786 2344 4842 fecit
2372 4802 2467 4841 eos
2496 4784 2833 4841 fortitudinis
2863 4799 2919 4840 et
2944 4784 3201 4855 potentiae
3229 4798 3342 4838 sua:
3365 4780 3763 4836 annuntiatores.

2215 4879 2269 4932 ln
2310 4894 2415 4948 quo
2451 4879 2617 4933 etiam
2649 4880 2698 4933 ei
2737 4878 3157 4949 comprobantur
3183 4889 3305 4930 esse
3334 4873 3639 4934 dissimiles,
3667 4879 3763 4922 cum

2216 4972 2330 5041 ipse
2378 4987 2483 5027 non
2513 4972 2679 5026 fuerit
2720 4985 2909 5027 eorum
2947 4968 3201 5039 potentiae
3241 4974 3299 5021 et
3346 4962 3669 5019 fortitudinis
3691 4974 3762 5010 au-

2217 5067 2514 5119 nnntiator.
2546 5064 2679 5120 Orat
2709 5065 2871 5118 etiam
2903 5077 3001 5131 pro
3045 5061 3125 5115 eis
3178 5059 3259 5114 sic
3297 5076 3311 5113 :
3348 5057 3481 5113 Dico
3521 5054 3652 5126 quod
3687 5046 3765 5119 ipsi

2217 5158 2554 5212 cxsultanter
2584 5155 3013 5227 pronuntiabunt
3056 5152 3331 5206 brae/tium
3365 5160 3514 5203 tuum
3544 5162 3651 5202 cum
3692 5158 3767 5211 p0-

2216 5252 2399 5316 tcntia,
2423 5260 2477 5305 ct
2508 5265 2575 5304 ne
2602 5250 2667 5303 ad
2700 5250 2804 5303 hoc
2835 5246 3110 5308 deficiant,
3132 5244 3375 5312 ﬁrmetur
3401 5242 3454 5295 in
3483 5241 3557 5295 eis
3591 5247 3765 5291 manus.

2218 5346 2271 5401 id
2320 5353 2405 5400 cst
2440 5342 2671 5398 firmiter
2721 5350 2777 5395 et
2816 5339 3031 5394 assidue
3080 5351 3313 5407 operare
3370 5334 3425 5387 in
3480 5334 3598 5394 eis,
3649 5323 3768 5395 quod

2216 5448 2538 5510 operaturus
2574 5452 2655 5503 cs,
2702 5434 2912 5491 scilicet
2961 5445 3178 5486 omnem
3210 5429 3475 5482 virtutum
3519 5420 3768 5495 perfectio-

2218 5548 2361 5587 nem.
2401 5530 2464 5584 Et
2494 5528 2754 5583 exultelur
2792 5526 2844 5580 in
2876 5524 2955 5580 eis
2982 5523 3195 5576 dextera
3231 5530 3346 5585 tua,
3374 5520 3429 5574 id
3456 5528 3543 5574 est
3568 5518 3764 5571 ποθοίη,

2219 5635 2271 5683 ct
2321 5623 2711 5692 multiplicetur
2748 5620 2799 5673 in
2830 5618 2910 5673 eis
2939 5618 3115 5686 gratia
3146 5612 3502 5683 benignitatis
3542 5620 3656 5669 tua},
3684 5602 3765 5658 sci-

2218 5720 2344 5773 licet
2367 5727 2423 5770 ut
2451 5717 2625 5785 major
2654 5715 2706 5768 in
2735 5714 2816 5768 eis
2855 5713 2927 5765 sit
2958 5710 3038 5763 vis
3067 5708 3257 5778 gratia:
3289 5716 3415 5772 tute,
3452 5720 3568 5775 qua:
3607 5710 3763 5769 opere.

2221 5823 2308 5869 tur
2361 5811 2589 5867 firmiter
2640 5810 2691 5863 in
2736 5808 2867 5879 ipsis
2915 5803 3305 5875 perfectionem
3366 5801 3631 5871 virtutum.
3681 5789 3761 5844 Per
