  <div class='ocr_page' id='page_1' title='image "/cluster/home/n/w/nwhite01/storage/ocr_20150623/152/hvd.32044015473804/560.png"; bbox 0 0 3840 6338; ppageno 0'>
   <div class='ocr_carea' id='block_1_1' title="bbox 119 285 232 343">
    <p class='ocr_par' dir='ltr' id='par_1_1' title="bbox 119 285 232 343">
     <span class='ocr_line' id='line_1_1' title="bbox 119 285 232 343; baseline -0.018 0"><span class='ocrx_word' id='word_1_1' title='bbox 119 285 232 343; x_wconf 79' lang='lat'><strong>“09</strong></span> 
     </span>
    </p>
   </div>
   <div class='ocr_carea' id='block_1_2' title="bbox 115 483 1676 560">
    <p class='ocr_par' dir='ltr' id='par_1_2' title="bbox 115 483 1676 560">
     <span class='ocr_line' id='line_1_2' title="bbox 115 483 1676 560; baseline 0.003 -18"><span class='ocrx_word' id='word_1_2' title='bbox 115 487 260 560; x_wconf 81' lang='lat' dir='ltr'><strong>gnari,</strong></span> <span class='ocrx_word' id='word_1_3' title='bbox 288 485 688 560; x_wconf 69' lang='lat' dir='ltr'><strong>convenienter</strong></span> <span class='ocrx_word' id='word_1_4' title='bbox 718 483 812 538; x_wconf 85' lang='lat' dir='ltr'><strong>Dei</strong></span> <span class='ocrx_word' id='word_1_5' title='bbox 847 485 1150 557; x_wconf 73' lang='lat' dir='ltr'><strong>benignitas</strong></span> <span class='ocrx_word' id='word_1_6' title='bbox 1178 504 1274 558; x_wconf 87' lang='lat' dir='ltr'><strong>per</strong></span> <span class='ocrx_word' id='word_1_7' title='bbox 1317 505 1437 545; x_wconf 82' lang='lat' dir='ltr'><strong>eam</strong></span> <span class='ocrx_word' id='word_1_8' title='bbox 1467 491 1555 546; x_wconf 90' lang='lat' dir='ltr'><strong>hic</strong></span> <span class='ocrx_word' id='word_1_9' title='bbox 1585 507 1676 546; x_wconf 87' lang='lat' dir='ltr'><strong>ac-</strong></span> 
     </span>
    </p>
   </div>
   <div class='ocr_carea' id='block_1_3' title="bbox 113 574 1677 650">
    <p class='ocr_par' dir='ltr' id='par_1_3' title="bbox 113 574 1677 650">
     <span class='ocr_line' id='line_1_3' title="bbox 113 574 1677 650; baseline -0.001 -15"><span class='ocrx_word' id='word_1_10' title='bbox 113 579 302 649; x_wconf 88' lang='lat' dir='ltr'><strong>cipitur.</strong></span> <span class='ocrx_word' id='word_1_11' title='bbox 333 575 468 630; x_wconf 80' lang='lat' dir='ltr'><strong>Nam</strong></span> <span class='ocrx_word' id='word_1_12' title='bbox 519 591 644 645; x_wconf 63' lang='lat' dir='ltr'><strong>quae</strong></span> <span class='ocrx_word' id='word_1_13' title='bbox 674 574 849 643; x_wconf 83' lang='lat' dir='ltr'><strong>major</strong></span> <span class='ocrx_word' id='word_1_14' title='bbox 892 587 976 632; x_wconf 89' lang='lat' dir='ltr'><strong>est</strong></span> <span class='ocrx_word' id='word_1_15' title='bbox 1020 580 1368 649; x_wconf 79' lang='lat' dir='ltr'><strong>prosperitas,</strong></span> <span class='ocrx_word' id='word_1_16' title='bbox 1401 596 1560 650; x_wconf 88' lang='lat' dir='ltr'><strong>quam</strong></span> <span class='ocrx_word' id='word_1_17' title='bbox 1595 580 1677 634; x_wconf 88' lang='lat' dir='ltr'><strong>di-</strong></span> 
     </span>
    </p>
   </div>
   <div class='ocr_carea' id='block_1_4' title="bbox 114 667 1693 738">
    <p class='ocr_par' dir='ltr' id='par_1_4' title="bbox 114 667 1693 738">
     <span class='ocr_line' id='line_1_4' title="bbox 114 667 1693 738; baseline 0.003 -16"><span class='ocrx_word' id='word_1_18' title='bbox 114 673 228 725; x_wconf 76' lang='lat' dir='ltr'><strong>vina:</strong></span> <span class='ocrx_word' id='word_1_19' title='bbox 271 668 633 738; x_wconf 84' lang='lat' dir='ltr'><strong>benignitatis</strong></span> <span class='ocrx_word' id='word_1_20' title='bbox 659 667 882 738; x_wconf 84' lang='lat' dir='ltr'><strong>adipisci</strong></span> <span class='ocrx_word' id='word_1_21' title='bbox 934 669 1205 724; x_wconf 87' lang='lat' dir='ltr'><strong>favorem?</strong></span> <span class='ocrx_word' id='word_1_22' title='bbox 1235 671 1290 725; x_wconf 90' lang='lat' dir='ltr'><strong>lu</strong></span> <span class='ocrx_word' id='word_1_23' title='bbox 1341 673 1441 726; x_wconf 91' lang='lat' dir='ltr'><strong>hoc</strong></span> <span class='ocrx_word' id='word_1_24' title='bbox 1493 669 1693 726; x_wconf 56' lang='lat' dir='ltr'><strong>autem’</strong></span> 
     </span>
    </p>
   </div>
   <div class='ocr_carea' id='block_1_5' title="bbox 113 757 1676 831">
    <p class='ocr_par' dir='ltr' id='par_1_5' title="bbox 113 757 1676 831">
     <span class='ocr_line' id='line_1_5' title="bbox 113 757 1676 831; baseline 0.001 -17"><span class='ocrx_word' id='word_1_25' title='bbox 113 761 229 830; x_wconf 88' lang='lat' dir='ltr'><strong>quod</strong></span> <span class='ocrx_word' id='word_1_26' title='bbox 272 760 481 814; x_wconf 90' lang='lat' dir='ltr'><strong>orando</strong></span> <span class='ocrx_word' id='word_1_27' title='bbox 514 775 618 828; x_wconf 90' lang='lat' dir='ltr'><strong>pro</strong></span> <span class='ocrx_word' id='word_1_28' title='bbox 649 760 748 822; x_wconf 86' lang='lat' dir='ltr'><strong>eis,</strong></span> <span class='ocrx_word' id='word_1_29' title='bbox 784 757 874 814; x_wconf 85' lang='lat' dir='ltr'><strong>Dei</strong></span> <span class='ocrx_word' id='word_1_30' title='bbox 915 759 1252 831; x_wconf 79' lang='lat' dir='ltr'><strong>benignitate</strong></span> <span class='ocrx_word' id='word_1_31' title='bbox 1278 773 1332 815; x_wconf 90' lang='lat' dir='ltr'><strong>et</strong></span> <span class='ocrx_word' id='word_1_32' title='bbox 1359 762 1676 831; x_wconf 85' lang='lat' dir='ltr'><strong>operatione</strong></span> 
     </span>
    </p>
   </div>
   <div class='ocr_carea' id='block_1_6' title="bbox 111 847 1674 921">
    <p class='ocr_par' dir='ltr' id='par_1_6' title="bbox 111 847 1674 921">
     <span class='ocr_line' id='line_1_6' title="bbox 111 847 1674 921; baseline 0 -15"><span class='ocrx_word' id='word_1_33' title='bbox 111 864 244 921; x_wconf 80' lang='lat' dir='ltr'><strong>egere</strong></span> <span class='ocrx_word' id='word_1_34' title='bbox 287 847 452 919; x_wconf 77' lang='lat'><strong>356</strong></span> <span class='ocrx_word' id='word_1_35' title='bbox 485 849 704 914; x_wconf 88' lang='lat' dir='ltr'><strong>innuit,</strong></span> <span class='ocrx_word' id='word_1_36' title='bbox 738 848 1029 903; x_wconf 89' lang='lat' dir='ltr'><strong>dissimiles</strong></span> <span class='ocrx_word' id='word_1_37' title='bbox 1068 851 1212 919; x_wconf 90' lang='lat' dir='ltr'><strong>ipsos</strong></span> <span class='ocrx_word' id='word_1_38' title='bbox 1261 851 1520 917; x_wconf 81' lang='lat' dir='ltr'><strong>ostendit,</strong></span> <span class='ocrx_word' id='word_1_39' title='bbox 1551 866 1674 906; x_wconf 88' lang='lat' dir='ltr'><strong>cum</strong></span> 
     </span>
    </p>
   </div>
   <div class='ocr_carea' id='block_1_7' title="bbox 113 939 1562 1012">
    <p class='ocr_par' dir='ltr' id='par_1_7' title="bbox 113 939 1562 1012">
     <span class='ocr_line' id='line_1_7' title="bbox 113 939 1562 1012; baseline 0 -16"><span class='ocrx_word' id='word_1_40' title='bbox 113 943 204 1010; x_wconf 83' lang='lat' dir='ltr'><strong>ipse</strong></span> <span class='ocrx_word' id='word_1_41' title='bbox 223 953 401 994; x_wconf 89' lang='lat' dir='ltr'><strong>eorum</strong></span> <span class='ocrx_word' id='word_1_42' title='bbox 429 939 778 1010; x_wconf 69' lang='lat' dir='ltr'><strong>benignitate</strong></span> <span class='ocrx_word' id='word_1_43' title='bbox 818 947 873 994; x_wconf 89' lang='lat' dir='ltr'><strong>et</strong></span> <span class='ocrx_word' id='word_1_44' title='bbox 898 941 1215 1010; x_wconf 85' lang='lat' dir='ltr'><strong>Operatione</strong></span> <span class='ocrx_word' id='word_1_45' title='bbox 1246 957 1353 996; x_wconf 92' lang='lat' dir='ltr'><strong>non</strong></span> <span class='ocrx_word' id='word_1_46' title='bbox 1387 951 1562 1012; x_wconf 85' lang='lat' dir='ltr'><strong>egeat.</strong></span> 
     </span>
    </p>
   </div>
   <div class='ocr_carea' id='block_1_8' title="bbox 171 1028 1674 1103">
    <p class='ocr_par' dir='ltr' id='par_1_8' title="bbox 171 1028 1674 1103">
     <span class='ocr_line' id='line_1_8' title="bbox 171 1028 1674 1103; baseline 0.001 -18"><span class='ocrx_word' id='word_1_47' title='bbox 171 1028 233 1085; x_wconf 87' lang='lat' dir='ltr'><strong>Ut</strong></span> <span class='ocrx_word' id='word_1_48' title='bbox 265 1029 426 1098; x_wconf 83' lang='lat' dir='ltr'><strong>igitur</strong></span> <span class='ocrx_word' id='word_1_49' title='bbox 475 1030 625 1098; x_wconf 90' lang='lat' dir='ltr'><strong>quod</strong></span> <span class='ocrx_word' id='word_1_50' title='bbox 672 1039 792 1084; x_wconf 93' lang='lat' dir='ltr'><strong>orat</strong></span> <span class='ocrx_word' id='word_1_51' title='bbox 841 1029 1189 1100; x_wconf 87' lang='lat' dir='ltr'><strong>perficiatur,</strong></span> <span class='ocrx_word' id='word_1_52' title='bbox 1241 1033 1480 1086; x_wconf 90' lang='lat' dir='ltr'><strong>ostendit</strong></span> <span class='ocrx_word' id='word_1_53' title='bbox 1529 1033 1674 1103; x_wconf 92' lang='lat' dir='ltr'><strong>quod</strong></span> 
     </span>
    </p>
   </div>
   <div class='ocr_carea' id='block_1_9' title="bbox 112 1117 1671 1190">
    <p class='ocr_par' dir='ltr' id='par_1_9' title="bbox 112 1117 1671 1190">
     <span class='ocr_line' id='line_1_9' title="bbox 112 1117 1671 1190; baseline 0.001 -16"><span class='ocrx_word' id='word_1_54' title='bbox 112 1117 417 1174; x_wconf 87' lang='lat' dir='ltr'><strong>commodmn</strong></span> <span class='ocrx_word' id='word_1_55' title='bbox 445 1119 762 1190; x_wconf 83' lang='lat' dir='ltr'><strong>contigerit,</strong></span> <span class='ocrx_word' id='word_1_56' title='bbox 796 1118 840 1174; x_wconf 92' lang='lat' dir='ltr'><strong>si</strong></span> <span class='ocrx_word' id='word_1_57' title='bbox 872 1134 1091 1174; x_wconf 90' lang='lat' dir='ltr'><strong>manum</strong></span> <span class='ocrx_word' id='word_1_58' title='bbox 1120 1135 1272 1176; x_wconf 90' lang='lat' dir='ltr'><strong>suam</strong></span> <span class='ocrx_word' id='word_1_59' title='bbox 1299 1121 1353 1176; x_wconf 92' lang='lat' dir='ltr'><strong>in</strong></span> <span class='ocrx_word' id='word_1_60' title='bbox 1381 1122 1460 1176; x_wconf 91' lang='lat' dir='ltr'><strong>eis</strong></span> <span class='ocrx_word' id='word_1_61' title='bbox 1486 1121 1671 1176; x_wconf 83' lang='lat' dir='ltr'><strong>firma-</strong></span> 
     </span>
    </p>
   </div>
   <div class='ocr_carea' id='block_1_10' title="bbox 113 1207 1674 1280">
    <p class='ocr_par' dir='ltr' id='par_1_10' title="bbox 113 1207 1674 1280">
     <span class='ocr_line' id='line_1_10' title="bbox 113 1207 1674 1280; baseline 0.003 -18"><span class='ocrx_word' id='word_1_62' title='bbox 113 1209 242 1272; x_wconf 70' lang='grc' dir='ltr'>νει-ιι,</span> <span class='ocrx_word' id='word_1_63' title='bbox 270 1216 319 1261; x_wconf 88' lang='lat' dir='ltr'><strong>et</strong></span> <span class='ocrx_word' id='word_1_64' title='bbox 349 1208 634 1262; x_wconf 83' lang='lat' dir='ltr'><strong>dexteram</strong></span> <span class='ocrx_word' id='word_1_65' title='bbox 672 1207 1012 1264; x_wconf 77' lang='lat' dir='ltr'><strong>exaltaverit.</strong></span> <span class='ocrx_word' id='word_1_66' title='bbox 1045 1209 1177 1266; x_wconf 87' lang='lat' dir='ltr'><strong>Dico</strong></span> <span class='ocrx_word' id='word_1_67' title='bbox 1217 1213 1460 1280; x_wconf 83' lang='lat' dir='ltr'><strong>ﬁrmetur</strong></span> <span class='ocrx_word' id='word_1_68' title='bbox 1504 1212 1558 1266; x_wconf 92' lang='lat' dir='ltr'><strong>in</strong></span> <span class='ocrx_word' id='word_1_69' title='bbox 1594 1213 1674 1267; x_wconf 91' lang='lat' dir='ltr'><strong>eis</strong></span> 
     </span>
    </p>
   </div>
   <div class='ocr_carea' id='block_1_11' title="bbox 113 1301 1670 1375">
    <p class='ocr_par' dir='ltr' id='par_1_11' title="bbox 113 1301 1670 1375">
     <span class='ocr_line' id='line_1_11' title="bbox 113 1301 1670 1375; baseline 0.003 -22"><span class='ocrx_word' id='word_1_70' title='bbox 113 1318 268 1354; x_wconf 76' lang='lat' dir='ltr'><strong>atauus</strong></span> <span class='ocrx_word' id='word_1_71' title='bbox 298 1312 414 1366; x_wconf 88' lang='lat' dir='ltr'><strong>tua,</strong></span> <span class='ocrx_word' id='word_1_72' title='bbox 445 1311 494 1355; x_wconf 86' lang='lat' dir='ltr'><strong>et</strong></span> <span class='ocrx_word' id='word_1_73' title='bbox 529 1301 796 1355; x_wconf 72' lang='lat' dir='ltr'><strong>exaltetur</strong></span> <span class='ocrx_word' id='word_1_74' title='bbox 823 1302 1038 1356; x_wconf 77' lang='lat' dir='ltr'><strong>dextera</strong></span> <span class='ocrx_word' id='word_1_75' title='bbox 1087 1314 1209 1370; x_wconf 87' lang='lat' dir='ltr'><strong>tua;</strong></span> <span class='ocrx_word' id='word_1_76' title='bbox 1241 1305 1383 1375; x_wconf 87' lang='lat' dir='ltr'><strong>quod</strong></span> <span class='ocrx_word' id='word_1_77' title='bbox 1405 1305 1450 1359; x_wconf 93' lang='lat' dir='ltr'><strong>si</strong></span> <span class='ocrx_word' id='word_1_78' title='bbox 1487 1305 1670 1373; x_wconf 91' lang='lat' dir='ltr'><strong>fuerit,</strong></span> 
     </span>
    </p>
   </div>
   <div class='ocr_carea' id='block_1_12' title="bbox 106 1391 1671 1461">
    <p class='ocr_par' dir='ltr' id='par_1_12' title="bbox 106 1391 1671 1461">
     <span class='ocr_line' id='line_1_12' title="bbox 106 1391 1671 1461; baseline 0.004 -19"><span class='ocrx_word' id='word_1_79' title='bbox 106 1391 286 1460; x_wconf 75' lang='lat' dir='ltr'><strong>justitia</strong></span> <span class='ocrx_word' id='word_1_80' title='bbox 332 1404 380 1446; x_wconf 82' lang='lat' dir='ltr'><strong>et</strong></span> <span class='ocrx_word' id='word_1_81' title='bbox 423 1392 703 1461; x_wconf 79' lang='lat' dir='ltr'><strong>judicium</strong></span> <span class='ocrx_word' id='word_1_82' title='bbox 763 1393 1004 1461; x_wconf 91' lang='lat' dir='ltr'><strong>ipsorum</strong></span> <span class='ocrx_word' id='word_1_83' title='bbox 1058 1393 1273 1448; x_wconf 90' lang='lat' dir='ltr'><strong>Thabor</strong></span> <span class='ocrx_word' id='word_1_84' title='bbox 1327 1403 1383 1450; x_wconf 88' lang='lat' dir='ltr'><strong>et</strong></span> <span class='ocrx_word' id='word_1_85' title='bbox 1435 1394 1671 1448; x_wconf 89' lang='lat' dir='ltr'><strong>llermon</strong></span> 
     </span>
    </p>
   </div>
   <div class='ocr_carea' id='block_1_13' title="bbox 112 1483 1674 1555">
    <p class='ocr_par' dir='ltr' id='par_1_13' title="bbox 112 1483 1674 1555">
     <span class='ocr_line' id='line_1_13' title="bbox 112 1483 1674 1555; baseline 0.003 -20"><span class='ocrx_word' id='word_1_86' title='bbox 112 1493 243 1536; x_wconf 87' lang='lat' dir='ltr'><strong>erunt</strong></span> <span class='ocrx_word' id='word_1_87' title='bbox 283 1483 630 1553; x_wconf 66' lang='lat' dir='ltr'><strong>praeparatio,</strong></span> <span class='ocrx_word' id='word_1_88' title='bbox 663 1484 715 1538; x_wconf 87' lang='lat' dir='ltr'><strong>id</strong></span> <span class='ocrx_word' id='word_1_89' title='bbox 746 1493 830 1539; x_wconf 88' lang='lat' dir='ltr'><strong>est</strong></span> <span class='ocrx_word' id='word_1_90' title='bbox 861 1493 1025 1539; x_wconf 91' lang='lat' dir='ltr'><strong>erunt</strong></span> <span class='ocrx_word' id='word_1_91' title='bbox 1066 1501 1228 1550; x_wconf 88' lang='lat' dir='ltr'><strong>causa</strong></span> <span class='ocrx_word' id='word_1_92' title='bbox 1259 1487 1674 1555; x_wconf 68' lang='lat' dir='ltr'><strong>praaparationis</strong></span> 
     </span>
    </p>
   </div>
   <div class='ocr_carea' id='block_1_14' title="bbox 112 1575 1674 1647">
    <p class='ocr_par' dir='ltr' id='par_1_14' title="bbox 112 1575 1674 1647">
     <span class='ocr_line' id='line_1_14' title="bbox 112 1575 1674 1647; baseline 0.004 -21"><span class='ocrx_word' id='word_1_93' title='bbox 112 1575 224 1627; x_wconf 82' lang='lat' dir='ltr'><strong>sedis</strong></span> <span class='ocrx_word' id='word_1_94' title='bbox 267 1586 388 1638; x_wconf 79' lang='lat' dir='ltr'><strong>turr,</strong></span> <span class='ocrx_word' id='word_1_95' title='bbox 422 1575 570 1645; x_wconf 89' lang='lat' dir='ltr'><strong>quod</strong></span> <span class='ocrx_word' id='word_1_96' title='bbox 615 1583 700 1631; x_wconf 86' lang='lat' dir='ltr'><strong>est</strong></span> <span class='ocrx_word' id='word_1_97' title='bbox 738 1575 924 1631; x_wconf 89' lang='lat' dir='ltr'><strong>dicere</strong></span> <span class='ocrx_word' id='word_1_98' title='bbox 955 1590 970 1630; x_wconf 92' lang='lat'><strong>:</strong></span> <span class='ocrx_word' id='word_1_99' title='bbox 1002 1575 1107 1630; x_wconf 88' lang='lat' dir='ltr'><strong>Per</strong></span> <span class='ocrx_word' id='word_1_100' title='bbox 1133 1578 1237 1632; x_wconf 90' lang='lat' dir='ltr'><strong>hoc</strong></span> <span class='ocrx_word' id='word_1_101' title='bbox 1285 1579 1428 1647; x_wconf 90' lang='lat' dir='ltr'><strong>quod</strong></span> <span class='ocrx_word' id='word_1_102' title='bbox 1482 1578 1535 1632; x_wconf 92' lang='lat' dir='ltr'><strong>in</strong></span> <span class='ocrx_word' id='word_1_103' title='bbox 1595 1577 1674 1634; x_wconf 91' lang='lat' dir='ltr'><strong>cis</strong></span> 
     </span>
    </p>
   </div>
   <div class='ocr_carea' id='block_1_15' title="bbox 115 1667 1670 1736">
    <p class='ocr_par' dir='ltr' id='par_1_15' title="bbox 115 1667 1670 1736">
     <span class='ocr_line' id='line_1_15' title="bbox 115 1667 1670 1736; baseline 0.003 -18"><span class='ocrx_word' id='word_1_104' title='bbox 115 1680 300 1719; x_wconf 84' lang='lat' dir='ltr'><strong>manum</strong></span> <span class='ocrx_word' id='word_1_105' title='bbox 330 1675 474 1720; x_wconf 87' lang='lat' dir='ltr'><strong>tuam</strong></span> <span class='ocrx_word' id='word_1_106' title='bbox 505 1667 754 1722; x_wconf 84' lang='lat' dir='ltr'><strong>firmabis</strong></span> <span class='ocrx_word' id='word_1_107' title='bbox 776 1677 833 1722; x_wconf 88' lang='lat' dir='ltr'><strong>et</strong></span> <span class='ocrx_word' id='word_1_108' title='bbox 861 1667 1140 1722; x_wconf 78' lang='lat' dir='ltr'><strong>dexteram</strong></span> <span class='ocrx_word' id='word_1_109' title='bbox 1173 1668 1458 1736; x_wconf 75' lang='lat' dir='ltr'><strong>exultabis,</strong></span> <span class='ocrx_word' id='word_1_110' title='bbox 1486 1670 1591 1724; x_wconf 88' lang='lat' dir='ltr'><strong>erit</strong></span> <span class='ocrx_word' id='word_1_111' title='bbox 1618 1669 1670 1723; x_wconf 90' lang='lat' dir='ltr'><strong>in</strong></span> 
     </span>
    </p>
   </div>
   <div class='ocr_carea' id='block_1_16' title="bbox 117 1760 1672 1830">
    <p class='ocr_par' dir='ltr' id='par_1_16' title="bbox 117 1760 1672 1830">
     <span class='ocr_line' id='line_1_16' title="bbox 117 1760 1672 1830; baseline 0.002 -16"><span class='ocrx_word' id='word_1_112' title='bbox 117 1761 176 1814; x_wconf 87' lang='lat' dir='ltr'><strong>eis</strong></span> <span class='ocrx_word' id='word_1_113' title='bbox 193 1760 466 1829; x_wconf 85' lang='lat' dir='ltr'><strong>judicium,</strong></span> <span class='ocrx_word' id='word_1_114' title='bbox 495 1761 550 1814; x_wconf 91' lang='lat' dir='ltr'><strong>id</strong></span> <span class='ocrx_word' id='word_1_115' title='bbox 575 1769 662 1815; x_wconf 90' lang='lat' dir='ltr'><strong>est</strong></span> <span class='ocrx_word' id='word_1_116' title='bbox 695 1760 1022 1830; x_wconf 90' lang='lat' dir='ltr'><strong>judicahunt</strong></span> <span class='ocrx_word' id='word_1_117' title='bbox 1066 1777 1125 1816; x_wconf 90' lang='lat' dir='ltr'><strong>se</strong></span> <span class='ocrx_word' id='word_1_118' title='bbox 1157 1772 1482 1828; x_wconf 87' lang='lat' dir='ltr'><strong>creaturam,</strong></span> <span class='ocrx_word' id='word_1_119' title='bbox 1516 1771 1571 1817; x_wconf 91' lang='lat' dir='ltr'><strong>et</strong></span> <span class='ocrx_word' id='word_1_120' title='bbox 1620 1771 1672 1818; x_wconf 89' lang='lat' dir='ltr'><strong>te</strong></span> 
     </span>
    </p>
   </div>
   <div class='ocr_carea' id='block_1_17' title="bbox 115 1852 1674 1924">
    <p class='ocr_par' dir='ltr' id='par_1_17' title="bbox 115 1852 1674 1924">
     <span class='ocr_line' id='line_1_17' title="bbox 115 1852 1674 1924; baseline 0.001 -18"><span class='ocrx_word' id='word_1_121' title='bbox 115 1852 413 1917; x_wconf 84' lang='lat' dir='ltr'><strong>Creatorem,</strong></span> <span class='ocrx_word' id='word_1_122' title='bbox 447 1862 504 1906; x_wconf 78' lang='lat' dir='ltr'><strong>et</strong></span> <span class='ocrx_word' id='word_1_123' title='bbox 553 1868 613 1910; x_wconf 90' lang='lat' dir='ltr'><strong>se</strong></span> <span class='ocrx_word' id='word_1_124' title='bbox 646 1862 754 1907; x_wconf 88' lang='lat' dir='ltr'><strong>ate</strong></span> <span class='ocrx_word' id='word_1_125' title='bbox 805 1852 1004 1908; x_wconf 85' lang='lat' dir='ltr'><strong>habere</strong></span> <span class='ocrx_word' id='word_1_126' title='bbox 1035 1853 1295 1924; x_wconf 88' lang='lat' dir='ltr'><strong>quidquid</strong></span> <span class='ocrx_word' id='word_1_127' title='bbox 1337 1852 1464 1907; x_wconf 88' lang='lat' dir='ltr'><strong>boni</strong></span> <span class='ocrx_word' id='word_1_128' title='bbox 1508 1853 1674 1909; x_wconf 91' lang='lat' dir='ltr'><strong>habe-</strong></span> 
     </span>
    </p>
   </div>
   <div class='ocr_carea' id='block_1_18' title="bbox 117 1943 1672 2015">
    <p class='ocr_par' dir='ltr' id='par_1_18' title="bbox 117 1943 1672 2015">
     <span class='ocr_line' id='line_1_18' title="bbox 117 1943 1672 2015; baseline 0.001 -19"><span class='ocrx_word' id='word_1_129' title='bbox 117 1943 241 2008; x_wconf 89' lang='lat' dir='ltr'><strong>bunt,</strong></span> <span class='ocrx_word' id='word_1_130' title='bbox 269 1955 320 1998; x_wconf 89' lang='lat' dir='ltr'><strong>et</strong></span> <span class='ocrx_word' id='word_1_131' title='bbox 348 1961 445 2015; x_wconf 90' lang='lat' dir='ltr'><strong>per</strong></span> <span class='ocrx_word' id='word_1_132' title='bbox 469 1946 739 2015; x_wconf 86' lang='lat' dir='ltr'><strong>judicium</strong></span> <span class='ocrx_word' id='word_1_133' title='bbox 768 1945 870 2000; x_wconf 89' lang='lat' dir='ltr'><strong>erit</strong></span> <span class='ocrx_word' id='word_1_134' title='bbox 894 1945 949 1999; x_wconf 91' lang='lat' dir='ltr'><strong>in</strong></span> <span class='ocrx_word' id='word_1_135' title='bbox 974 1945 1052 2000; x_wconf 92' lang='lat' dir='ltr'><strong>eis</strong></span> <span class='ocrx_word' id='word_1_136' title='bbox 1076 1945 1304 2013; x_wconf 83' lang='lat' dir='ltr'><strong>iustitia,</strong></span> <span class='ocrx_word' id='word_1_137' title='bbox 1329 1946 1381 2000; x_wconf 89' lang='lat' dir='ltr'><strong>id</strong></span> <span class='ocrx_word' id='word_1_138' title='bbox 1410 1944 1672 2014; x_wconf 80' lang='lat' dir='ltr'><strong>cstjusti-</strong></span> 
     </span>
    </p>
   </div>
   <div class='ocr_carea' id='block_1_19' title="bbox 120 2033 1674 2106">
    <p class='ocr_par' dir='ltr' id='par_1_19' title="bbox 120 2033 1674 2106">
     <span class='ocr_line' id='line_1_19' title="bbox 120 2033 1674 2106; baseline 0.001 -19"><span class='ocrx_word' id='word_1_139' title='bbox 120 2033 264 2090; x_wconf 80' lang='lat' dir='ltr'><strong>ficatio</strong></span> <span class='ocrx_word' id='word_1_140' title='bbox 291 2051 514 2106; x_wconf 87' lang='lat' dir='ltr'><strong>operum</strong></span> <span class='ocrx_word' id='word_1_141' title='bbox 563 2037 867 2102; x_wconf 87' lang='lat' dir='ltr'><strong>bonorum;</strong></span> <span class='ocrx_word' id='word_1_142' title='bbox 900 2043 957 2092; x_wconf 87' lang='lat' dir='ltr'><strong>et</strong></span> <span class='ocrx_word' id='word_1_143' title='bbox 1005 2037 1107 2090; x_wconf 89' lang='lat' dir='ltr'><strong>hoc</strong></span> <span class='ocrx_word' id='word_1_144' title='bbox 1154 2036 1423 2106; x_wconf 85' lang='lat' dir='ltr'><strong>judicium</strong></span> <span class='ocrx_word' id='word_1_145' title='bbox 1464 2037 1674 2092; x_wconf 81' lang='lat' dir='ltr'><strong>scilicet</strong></span> 
     </span>
    </p>
   </div>
   <div class='ocr_carea' id='block_1_20' title="bbox 119 2128 1671 2199">
    <p class='ocr_par' dir='ltr' id='par_1_20' title="bbox 119 2128 1671 2199">
     <span class='ocr_line' id='line_1_20' title="bbox 119 2128 1671 2199; baseline 0.001 -19"><span class='ocrx_word' id='word_1_146' title='bbox 119 2138 154 2180; x_wconf 84' lang='lat' dir='ltr'><strong>et</strong></span> <span class='ocrx_word' id='word_1_147' title='bbox 177 2129 368 2197; x_wconf 84' lang='lat' dir='ltr'><strong>justitia</strong></span> <span class='ocrx_word' id='word_1_148' title='bbox 414 2144 582 2184; x_wconf 84' lang='lat' dir='ltr'><strong>causa</strong></span> <span class='ocrx_word' id='word_1_149' title='bbox 621 2137 781 2184; x_wconf 91' lang='lat' dir='ltr'><strong>erunt</strong></span> <span class='ocrx_word' id='word_1_150' title='bbox 827 2144 998 2199; x_wconf 89' lang='lat' dir='ltr'><strong>quare</strong></span> <span class='ocrx_word' id='word_1_151' title='bbox 1047 2128 1194 2198; x_wconf 85' lang='lat' dir='ltr'><strong>digni</strong></span> <span class='ocrx_word' id='word_1_152' title='bbox 1239 2128 1542 2183; x_wconf 89' lang='lat' dir='ltr'><strong>habeantur</strong></span> <span class='ocrx_word' id='word_1_153' title='bbox 1575 2128 1671 2182; x_wconf 88' lang='lat' dir='ltr'><strong>tibi</strong></span> 
     </span>
    </p>
   </div>
   <div class='ocr_carea' id='block_1_21' title="bbox 118 2220 1669 2293">
    <p class='ocr_par' dir='ltr' id='par_1_21' title="bbox 118 2220 1669 2293">
     <span class='ocr_line' id='line_1_21' title="bbox 118 2220 1669 2293; baseline 0.001 -21"><span class='ocrx_word' id='word_1_154' title='bbox 118 2220 264 2275; x_wconf 86' lang='lat' dir='ltr'><strong>sedem</strong></span> <span class='ocrx_word' id='word_1_155' title='bbox 293 2221 342 2274; x_wconf 92' lang='lat' dir='ltr'><strong>in</strong></span> <span class='ocrx_word' id='word_1_156' title='bbox 368 2222 488 2277; x_wconf 86' lang='lat' dir='ltr'><strong>aliis</strong></span> <span class='ocrx_word' id='word_1_157' title='bbox 522 2237 862 2293; x_wconf 76' lang='lat' dir='ltr'><strong>prteparare,</strong></span> <span class='ocrx_word' id='word_1_158' title='bbox 896 2221 950 2276; x_wconf 91' lang='lat' dir='ltr'><strong>id</strong></span> <span class='ocrx_word' id='word_1_159' title='bbox 975 2229 1059 2275; x_wconf 91' lang='lat' dir='ltr'><strong>est</strong></span> <span class='ocrx_word' id='word_1_160' title='bbox 1109 2220 1241 2276; x_wconf 90' lang='lat' dir='ltr'><strong>tales</strong></span> <span class='ocrx_word' id='word_1_161' title='bbox 1285 2220 1376 2275; x_wconf 89' lang='lat' dir='ltr'><strong>tibi</strong></span> <span class='ocrx_word' id='word_1_162' title='bbox 1405 2220 1669 2290; x_wconf 68' lang='lat' dir='ltr'><strong>praedica-</strong></span> 
     </span>
    </p>
   </div>
   <div class='ocr_carea' id='block_1_22' title="bbox 122 2310 1670 2382">
    <p class='ocr_par' dir='ltr' id='par_1_22' title="bbox 122 2310 1670 2382">
     <span class='ocr_line' id='line_1_22' title="bbox 122 2310 1670 2382; baseline 0.003 -22"><span class='ocrx_word' id='word_1_163' title='bbox 122 2310 236 2364; x_wconf 90' lang='lat' dir='ltr'><strong>tione</strong></span> <span class='ocrx_word' id='word_1_164' title='bbox 273 2326 367 2366; x_wconf 87' lang='lat' dir='ltr'><strong>sua</strong></span> <span class='ocrx_word' id='word_1_165' title='bbox 432 2319 485 2368; x_wconf 88' lang='lat' dir='ltr'><strong>et</strong></span> <span class='ocrx_word' id='word_1_166' title='bbox 537 2311 790 2382; x_wconf 81' lang='lat' dir='ltr'><strong>exemplo</strong></span> <span class='ocrx_word' id='word_1_167' title='bbox 849 2311 1171 2379; x_wconf 88' lang='lat' dir='ltr'><strong>acquircnt,</strong></span> <span class='ocrx_word' id='word_1_168' title='bbox 1233 2311 1286 2364; x_wconf 91' lang='lat' dir='ltr'><strong>in</strong></span> <span class='ocrx_word' id='word_1_169' title='bbox 1340 2311 1534 2379; x_wconf 86' lang='lat' dir='ltr'><strong>quibus</strong></span> <span class='ocrx_word' id='word_1_170' title='bbox 1587 2324 1670 2364; x_wconf 87' lang='lat' dir='ltr'><strong>sc-</strong></span> 
     </span>
    </p>
   </div>
   <div class='ocr_carea' id='block_1_23' title="bbox 121 2403 1670 2475">
    <p class='ocr_par' dir='ltr' id='par_1_23' title="bbox 121 2403 1670 2475">
     <span class='ocr_line' id='line_1_23' title="bbox 121 2403 1670 2475; baseline 0.001 -21"><span class='ocrx_word' id='word_1_171' title='bbox 121 2405 226 2455; x_wconf 86' lang='lat' dir='ltr'><strong>deas</strong></span> <span class='ocrx_word' id='word_1_172' title='bbox 251 2412 300 2456; x_wconf 91' lang='lat' dir='ltr'><strong>et</strong></span> <span class='ocrx_word' id='word_1_173' title='bbox 337 2419 551 2475; x_wconf 84' lang='lat' dir='ltr'><strong>regnes.</strong></span> <span class='ocrx_word' id='word_1_174' title='bbox 591 2405 766 2459; x_wconf 83' lang='lat' dir='ltr'><strong>Aliter</strong></span> <span class='ocrx_word' id='word_1_175' title='bbox 820 2405 962 2459; x_wconf 89' lang='lat' dir='ltr'><strong>enim</strong></span> <span class='ocrx_word' id='word_1_176' title='bbox 1007 2403 1099 2458; x_wconf 87' lang='lat' dir='ltr'><strong>tibi</strong></span> <span class='ocrx_word' id='word_1_177' title='bbox 1136 2403 1318 2458; x_wconf 89' lang='lat' dir='ltr'><strong>sedem</strong></span> <span class='ocrx_word' id='word_1_178' title='bbox 1362 2417 1670 2472; x_wconf 67' lang='lat' dir='ltr'><strong>prmparare</strong></span> 
     </span>
    </p>
   </div>
   <div class='ocr_carea' id='block_1_24' title="bbox 121 2490 1670 2564">
    <p class='ocr_par' dir='ltr' id='par_1_24' title="bbox 121 2490 1670 2564">
     <span class='ocr_line' id='line_1_24' title="bbox 121 2490 1670 2564; baseline 0.003 -23"><span class='ocrx_word' id='word_1_179' title='bbox 121 2506 202 2543; x_wconf 89' lang='lat' dir='ltr'><strong>non</strong></span> <span class='ocrx_word' id='word_1_180' title='bbox 242 2503 412 2547; x_wconf 85' lang='lat' dir='ltr'><strong>essent</strong></span> <span class='ocrx_word' id='word_1_181' title='bbox 467 2495 640 2564; x_wconf 84' lang='lat' dir='ltr'><strong>digni.</strong></span> <span class='ocrx_word' id='word_1_182' title='bbox 689 2495 791 2548; x_wconf 84' lang='lat' dir='ltr'><strong>Per</strong></span> <span class='ocrx_word' id='word_1_183' title='bbox 845 2494 948 2548; x_wconf 89' lang='lat' dir='ltr'><strong>hoc</strong></span> <span class='ocrx_word' id='word_1_184' title='bbox 1003 2492 1166 2546; x_wconf 83' lang='lat' dir='ltr'><strong>etiam</strong></span> <span class='ocrx_word' id='word_1_185' title='bbox 1222 2507 1317 2546; x_wconf 92' lang='lat' dir='ltr'><strong>cos</strong></span> <span class='ocrx_word' id='word_1_186' title='bbox 1381 2490 1670 2546; x_wconf 81' lang='lat' dir='ltr'><strong>dissimiles</strong></span> 
     </span>
    </p>
   </div>
   <div class='ocr_carea' id='block_1_25' title="bbox 120 2565 1668 2655">
    <p class='ocr_par' dir='ltr' id='par_1_25' title="bbox 120 2565 1668 2655">
     <span class='ocr_line' id='line_1_25' title="bbox 120 2565 1668 2655; baseline 0.001 -22"><span class='ocrx_word' id='word_1_187' title='bbox 120 2583 345 2648; x_wconf 86' lang='lat' dir='ltr'><strong>ostendit,</strong></span> <span class='ocrx_word' id='word_1_188' title='bbox 396 2586 523 2655; x_wconf 85' lang='lat' dir='ltr'><strong>quia</strong></span> <span class='ocrx_word' id='word_1_189' title='bbox 569 2587 626 2641; x_wconf 87' lang='lat' dir='ltr'><strong>ei</strong></span> <span class='ocrx_word' id='word_1_190' title='bbox 667 2587 851 2640; x_wconf 89' lang='lat' dir='ltr'><strong>sedem</strong></span> <span class='ocrx_word' id='word_1_191' title='bbox 909 2584 1308 2654; x_wconf 66' lang='lat' dir='ltr'><strong>praeparabant.</strong></span> <span class='ocrx_word' id='word_1_192' title='bbox 1349 2565 1422 2638; x_wconf 35' lang='lat' dir='ltr'><strong>ut.</strong></span> <span class='ocrx_word' id='word_1_193' title='bbox 1460 2583 1668 2646; x_wconf 90' lang='lat' dir='ltr'><strong>famuli,</strong></span> 
     </span>
    </p>
   </div>
   <div class='ocr_carea' id='block_1_26' title="bbox 122 2673 1666 2747">
    <p class='ocr_par' dir='ltr' id='par_1_26' title="bbox 122 2673 1666 2747">
     <span class='ocr_line' id='line_1_26' title="bbox 122 2673 1666 2747; baseline 0.001 -21"><span class='ocrx_word' id='word_1_194' title='bbox 122 2673 210 2740; x_wconf 83' lang='lat' dir='ltr'><strong>ipse</strong></span> <span class='ocrx_word' id='word_1_195' title='bbox 233 2684 398 2730; x_wconf 87' lang='lat' dir='ltr'><strong>autem</strong></span> <span class='ocrx_word' id='word_1_196' title='bbox 425 2678 506 2732; x_wconf 85' lang='lat' dir='ltr'><strong>eis</strong></span> <span class='ocrx_word' id='word_1_197' title='bbox 534 2693 666 2732; x_wconf 91' lang='lat' dir='ltr'><strong>non.</strong></span> <span class='ocrx_word' id='word_1_198' title='bbox 692 2676 937 2733; x_wconf 85' lang='lat' dir='ltr'><strong>Ostendit</strong></span> <span class='ocrx_word' id='word_1_199' title='bbox 987 2692 1117 2747; x_wconf 87' lang='lat' dir='ltr'><strong>ergo</strong></span> <span class='ocrx_word' id='word_1_200' title='bbox 1159 2677 1430 2745; x_wconf 87' lang='lat' dir='ltr'><strong>quomodo</strong></span> <span class='ocrx_word' id='word_1_201' title='bbox 1486 2673 1666 2730; x_wconf 81' lang='lat' dir='ltr'><strong>sedem</strong></span> 
     </span>
    </p>
   </div>
   <div class='ocr_carea' id='block_1_27' title="bbox 122 2764 1668 2836">
    <p class='ocr_par' dir='ltr' id='par_1_27' title="bbox 122 2764 1668 2836">
     <span class='ocr_line' id='line_1_27' title="bbox 122 2764 1668 2836; baseline 0.004 -22"><span class='ocrx_word' id='word_1_202' title='bbox 122 2764 158 2814; x_wconf 79' lang='lat' dir='ltr'><strong>ei</strong></span> <span class='ocrx_word' id='word_1_203' title='bbox 183 2769 558 2836; x_wconf 67' lang='lat' dir='ltr'><strong>praeparabunt,</strong></span> <span class='ocrx_word' id='word_1_204' title='bbox 597 2785 718 2822; x_wconf 87' lang='lat' dir='ltr'><strong>cum</strong></span> <span class='ocrx_word' id='word_1_205' title='bbox 744 2768 896 2821; x_wconf 89' lang='lat' dir='ltr'><strong>addit</strong></span> <span class='ocrx_word' id='word_1_206' title='bbox 933 2784 946 2820; x_wconf 91' lang='lat'><strong>:</strong></span> <span class='ocrx_word' id='word_1_207' title='bbox 981 2767 1110 2822; x_wconf 90' lang='lat' dir='ltr'><strong>Dico</strong></span> <span class='ocrx_word' id='word_1_208' title='bbox 1149 2767 1291 2836; x_wconf 90' lang='lat' dir='ltr'><strong>quod</strong></span> <span class='ocrx_word' id='word_1_209' title='bbox 1319 2765 1581 2834; x_wconf 86' lang='lat' dir='ltr'><strong>judicium</strong></span> <span class='ocrx_word' id='word_1_210' title='bbox 1615 2777 1668 2820; x_wconf 88' lang='lat' dir='ltr'><strong>ct</strong></span> 
     </span>
    </p>
   </div>
   <div class='ocr_carea' id='block_1_28' title="bbox 119 2853 1668 2925">
    <p class='ocr_par' dir='ltr' id='par_1_28' title="bbox 119 2853 1668 2925">
     <span class='ocr_line' id='line_1_28' title="bbox 119 2853 1668 2925; baseline 0.005 -21"><span class='ocrx_word' id='word_1_211' title='bbox 119 2853 286 2921; x_wconf 87' lang='lat' dir='ltr'><strong>jnslitia</strong></span> <span class='ocrx_word' id='word_1_212' title='bbox 319 2857 524 2912; x_wconf 83' lang='lat' dir='ltr'><strong>Tltabor</strong></span> <span class='ocrx_word' id='word_1_213' title='bbox 556 2868 607 2912; x_wconf 88' lang='lat' dir='ltr'><strong>et</strong></span> <span class='ocrx_word' id='word_1_214' title='bbox 643 2857 898 2923; x_wconf 88' lang='lat' dir='ltr'><strong>llermon,</strong></span> <span class='ocrx_word' id='word_1_215' title='bbox 938 2867 1097 2912; x_wconf 90' lang='lat' dir='ltr'><strong>erunt</strong></span> <span class='ocrx_word' id='word_1_216' title='bbox 1127 2873 1288 2911; x_wconf 88' lang='lat' dir='ltr'><strong>causa</strong></span> <span class='ocrx_word' id='word_1_217' title='bbox 1322 2872 1489 2925; x_wconf 87' lang='lat' dir='ltr'><strong>quare</strong></span> <span class='ocrx_word' id='word_1_218' title='bbox 1513 2858 1668 2912; x_wconf 89' lang='lat' dir='ltr'><strong>sedes</strong></span> 
     </span>
    </p>
   </div>
   <div class='ocr_carea' id='block_1_29' title="bbox 125 2943 1666 3017">
    <p class='ocr_par' dir='ltr' id='par_1_29' title="bbox 125 2943 1666 3017">
     <span class='ocr_line' id='line_1_29' title="bbox 125 2943 1666 3017; baseline 0.002 -22"><span class='ocrx_word' id='word_1_219' title='bbox 125 2943 194 2996; x_wconf 83' lang='lat' dir='ltr'><strong>tibi</strong></span> <span class='ocrx_word' id='word_1_220' title='bbox 219 2957 556 3016; x_wconf 64' lang='lat' dir='ltr'><strong>prxparctur,</strong></span> <span class='ocrx_word' id='word_1_221' title='bbox 593 2964 712 3017; x_wconf 77' lang='lat' dir='ltr'><strong>qua:</strong></span> <span class='ocrx_word' id='word_1_222' title='bbox 746 2947 901 3002; x_wconf 88' lang='lat' dir='ltr'><strong>sedes</strong></span> <span class='ocrx_word' id='word_1_223' title='bbox 930 2947 1030 3001; x_wconf 90' lang='lat' dir='ltr'><strong>hoc</strong></span> <span class='ocrx_word' id='word_1_224' title='bbox 1062 2947 1221 3000; x_wconf 90' lang='lat' dir='ltr'><strong>modo</strong></span> <span class='ocrx_word' id='word_1_225' title='bbox 1250 2946 1666 3015; x_wconf 65' lang='lat' dir='ltr'><strong>prtepat&#39;abitur,</strong></span> 
     </span>
    </p>
   </div>
   <div class='ocr_carea' id='block_1_30' title="bbox 123 3035 1666 3110">
    <p class='ocr_par' dir='ltr' id='par_1_30' title="bbox 123 3035 1666 3110">
     <span class='ocr_line' id='line_1_30' title="bbox 123 3035 1666 3110; baseline 0.003 -25"><span class='ocrx_word' id='word_1_226' title='bbox 123 3035 288 3090; x_wconf 79' lang='lat' dir='ltr'><strong>scilicet</strong></span> <span class='ocrx_word' id='word_1_227' title='bbox 301 3055 392 3108; x_wconf 88' lang='lat' dir='ltr'><strong>per</strong></span> <span class='ocrx_word' id='word_1_228' title='bbox 415 3041 701 3110; x_wconf 86' lang='lat' dir='ltr'><strong>hoc,quod</strong></span> <span class='ocrx_word' id='word_1_229' title='bbox 720 3039 1078 3093; x_wconf 71' lang='lat' dir='ltr'><strong>misericordia</strong></span> <span class='ocrx_word' id='word_1_230' title='bbox 1107 3049 1151 3091; x_wconf 81' lang='lat' dir='ltr'><strong>et</strong></span> <span class='ocrx_word' id='word_1_231' title='bbox 1177 3038 1362 3092; x_wconf 84' lang='lat' dir='ltr'><strong>veritas</strong></span> <span class='ocrx_word' id='word_1_232' title='bbox 1380 3038 1666 3107; x_wconf 78' lang='lat' dir='ltr'><strong>pra&#39;cedent</strong></span> 
     </span>
    </p>
   </div>
   <div class='ocr_carea' id='block_1_31' title="bbox 125 3125 1664 3202">
    <p class='ocr_par' dir='ltr' id='par_1_31' title="bbox 125 3125 1664 3202">
     <span class='ocr_line' id='line_1_31' title="bbox 125 3125 1664 3202; baseline 0.003 -26"><span class='ocrx_word' id='word_1_233' title='bbox 125 3125 312 3194; x_wconf 75' lang='lat' dir='ltr'><strong>faciem,</strong></span> <span class='ocrx_word' id='word_1_234' title='bbox 354 3130 406 3184; x_wconf 89' lang='lat' dir='ltr'><strong>id</strong></span> <span class='ocrx_word' id='word_1_235' title='bbox 458 3141 543 3187; x_wconf 85' lang='lat' dir='ltr'><strong>est</strong></span> <span class='ocrx_word' id='word_1_236' title='bbox 581 3131 946 3202; x_wconf 79' lang='lat' dir='ltr'><strong>cognitionem</strong></span> <span class='ocrx_word' id='word_1_237' title='bbox 983 3129 1079 3183; x_wconf 87' lang='lat' dir='ltr'><strong>tui.</strong></span> <span class='ocrx_word' id='word_1_238' title='bbox 1121 3127 1274 3195; x_wconf 87' lang='lat' dir='ltr'><strong>Quod</strong></span> <span class='ocrx_word' id='word_1_239' title='bbox 1312 3137 1395 3182; x_wconf 91' lang='lat' dir='ltr'><strong>est</strong></span> <span class='ocrx_word' id='word_1_240' title='bbox 1439 3127 1619 3182; x_wconf 86' lang='lat' dir='ltr'><strong>dicere</strong></span> <span class='ocrx_word' id='word_1_241' title='bbox 1651 3145 1664 3181; x_wconf 87' lang='lat'><strong>:</strong></span> 
     </span>
    </p>
   </div>
   <div class='ocr_carea' id='block_1_32' title="bbox 126 3213 1669 3294">
    <p class='ocr_par' dir='ltr' id='par_1_32' title="bbox 126 3213 1669 3294">
     <span class='ocr_line' id='line_1_32' title="bbox 126 3213 1669 3294; baseline 0.002 -23"><span class='ocrx_word' id='word_1_242' title='bbox 126 3213 396 3290; x_wconf 78' lang='lat' dir='ltr'><strong>Priusquam</strong></span> <span class='ocrx_word' id='word_1_243' title='bbox 428 3225 495 3279; x_wconf 88' lang='lat' dir='ltr'><strong>ab</strong></span> <span class='ocrx_word' id='word_1_244' title='bbox 521 3225 606 3279; x_wconf 89' lang='lat' dir='ltr'><strong>eis</strong></span> <span class='ocrx_word' id='word_1_245' title='bbox 633 3222 1003 3294; x_wconf 83' lang='lat' dir='ltr'><strong>cognoscaris,</strong></span> <span class='ocrx_word' id='word_1_246' title='bbox 1025 3221 1114 3290; x_wconf 90' lang='lat' dir='ltr'><strong>qui</strong></span> <span class='ocrx_word' id='word_1_247' title='bbox 1138 3221 1294 3276; x_wconf 87' lang='lat' dir='ltr'><strong>sedes</strong></span> <span class='ocrx_word' id='word_1_248' title='bbox 1320 3230 1404 3274; x_wconf 89' lang='lat' dir='ltr'><strong>tua</strong></span> <span class='ocrx_word' id='word_1_249' title='bbox 1435 3217 1669 3274; x_wconf 81' lang='lat' dir='ltr'><strong>efficien-</strong></span> 
     </span>
    </p>
   </div>
   <div class='ocr_carea' id='block_1_33' title="bbox 128 3309 1668 3384">
    <p class='ocr_par' dir='ltr' id='par_1_33' title="bbox 128 3309 1668 3384">
     <span class='ocr_line' id='line_1_33' title="bbox 128 3309 1668 3384; baseline 0.006 -28"><span class='ocrx_word' id='word_1_250' title='bbox 128 3315 195 3360; x_wconf 87' lang='lat' dir='ltr'><strong>tnr</strong></span> <span class='ocrx_word' id='word_1_251' title='bbox 220 3309 407 3368; x_wconf 75' lang='lat' dir='ltr'><strong>Tliabor</strong></span> <span class='ocrx_word' id='word_1_252' title='bbox 429 3327 475 3369; x_wconf 92' lang='lat' dir='ltr'><strong>et</strong></span> <span class='ocrx_word' id='word_1_253' title='bbox 505 3316 741 3371; x_wconf 56' lang='lat' dir='ltr'><strong>lleymun</strong></span> <span class='ocrx_word' id='word_1_254' title='bbox 769 3315 861 3384; x_wconf 89' lang='lat' dir='ltr'><strong>qui</strong></span> <span class='ocrx_word' id='word_1_255' title='bbox 905 3329 1000 3382; x_wconf 89' lang='lat' dir='ltr'><strong>per</strong></span> <span class='ocrx_word' id='word_1_256' title='bbox 1040 3313 1339 3384; x_wconf 86' lang='lat' dir='ltr'><strong>emphasim</strong></span> <span class='ocrx_word' id='word_1_257' title='bbox 1371 3313 1668 3366; x_wconf 81' lang='lat' dir='ltr'><strong>misericor-</strong></span> 
     </span>
    </p>
   </div>
   <div class='ocr_carea' id='block_1_34' title="bbox 127 3400 1670 3476">
    <p class='ocr_par' dir='ltr' id='par_1_34' title="bbox 127 3400 1670 3476">
     <span class='ocr_line' id='line_1_34' title="bbox 127 3400 1670 3476; baseline 0.005 -25"><span class='ocrx_word' id='word_1_258' title='bbox 127 3400 194 3453; x_wconf 78' lang='lat' dir='ltr'><strong>dia</strong></span> <span class='ocrx_word' id='word_1_259' title='bbox 221 3413 259 3456; x_wconf 84' lang='lat' dir='ltr'><strong>et</strong></span> <span class='ocrx_word' id='word_1_260' title='bbox 302 3409 483 3462; x_wconf 72' lang='lat' dir='ltr'><strong>veritus</strong></span> <span class='ocrx_word' id='word_1_261' title='bbox 515 3418 609 3463; x_wconf 90' lang='lat' dir='ltr'><strong>tua</strong></span> <span class='ocrx_word' id='word_1_262' title='bbox 639 3407 911 3470; x_wconf 89' lang='lat' dir='ltr'><strong>dicuntur,</strong></span> <span class='ocrx_word' id='word_1_263' title='bbox 947 3421 1013 3462; x_wconf 88' lang='lat' dir='ltr'><strong>eo</strong></span> <span class='ocrx_word' id='word_1_264' title='bbox 1045 3404 1186 3475; x_wconf 87' lang='lat' dir='ltr'><strong>quod</strong></span> <span class='ocrx_word' id='word_1_265' title='bbox 1224 3421 1321 3476; x_wconf 89' lang='lat' dir='ltr'><strong>per</strong></span> <span class='ocrx_word' id='word_1_266' title='bbox 1358 3405 1670 3460; x_wconf 84' lang='lat' dir='ltr'><strong>misericor-</strong></span> 
     </span>
    </p>
   </div>
   <div class='ocr_carea' id='block_1_35' title="bbox 127 3490 1668 3568">
    <p class='ocr_par' dir='ltr' id='par_1_35' title="bbox 127 3490 1668 3568">
     <span class='ocr_line' id='line_1_35' title="bbox 127 3490 1668 3568; baseline 0.008 -27"><span class='ocrx_word' id='word_1_267' title='bbox 127 3490 238 3546; x_wconf 84' lang='lat' dir='ltr'><strong>diam</strong></span> <span class='ocrx_word' id='word_1_268' title='bbox 279 3506 327 3550; x_wconf 90' lang='lat' dir='ltr'><strong>et</strong></span> <span class='ocrx_word' id='word_1_269' title='bbox 351 3501 633 3556; x_wconf 85' lang='lat' dir='ltr'><strong>veritatem</strong></span> <span class='ocrx_word' id='word_1_270' title='bbox 665 3509 812 3554; x_wconf 89' lang='lat' dir='ltr'><strong>tuam</strong></span> <span class='ocrx_word' id='word_1_271' title='bbox 851 3499 974 3554; x_wconf 72' lang='lat' dir='ltr'><strong>coeli</strong></span> <span class='ocrx_word' id='word_1_272' title='bbox 1016 3498 1346 3563; x_wconf 84' lang='lat' dir='ltr'><strong>ellicientur;</strong></span> <span class='ocrx_word' id='word_1_273' title='bbox 1395 3498 1563 3568; x_wconf 89' lang='lat' dir='ltr'><strong>ipsam</strong></span> <span class='ocrx_word' id='word_1_274' title='bbox 1592 3499 1668 3553; x_wconf 90' lang='lat' dir='ltr'><strong>tui</strong></span> 
     </span>
    </p>
   </div>
   <div class='ocr_carea' id='block_1_36' title="bbox 127 3585 1671 3664">
    <p class='ocr_par' dir='ltr' id='par_1_36' title="bbox 127 3585 1671 3664">
     <span class='ocr_line' id='line_1_36' title="bbox 127 3585 1671 3664; baseline 0.005 -27"><span class='ocrx_word' id='word_1_275' title='bbox 127 3585 439 3652; x_wconf 68' lang='lat' dir='ltr'><strong>Cognitionem</strong></span> <span class='ocrx_word' id='word_1_276' title='bbox 470 3593 860 3664; x_wconf 72' lang='lat' dir='ltr'><strong>prmdicatione</strong></span> <span class='ocrx_word' id='word_1_277' title='bbox 888 3590 1214 3660; x_wconf 75' lang='lat' dir='ltr'><strong>prtvcedenl,</strong></span> <span class='ocrx_word' id='word_1_278' title='bbox 1258 3597 1317 3644; x_wconf 93' lang='lat' dir='ltr'><strong>ut</strong></span> <span class='ocrx_word' id='word_1_279' title='bbox 1359 3591 1441 3645; x_wconf 89' lang='lat' dir='ltr'><strong>eis</strong></span> <span class='ocrx_word' id='word_1_280' title='bbox 1465 3589 1671 3644; x_wconf 88' lang='lat' dir='ltr'><strong>scilicet</strong></span> 
     </span>
    </p>
   </div>
   <div class='ocr_carea' id='block_1_37' title="bbox 130 3669 1670 3750">
    <p class='ocr_par' dir='ltr' id='par_1_37' title="bbox 130 3669 1670 3750">
     <span class='ocr_line' id='line_1_37' title="bbox 130 3669 1670 3750; baseline 0.001 -21"><span class='ocrx_word' id='word_1_281' title='bbox 130 3669 168 3722; x_wconf 82' lang='lat' dir='ltr'><strong>in</strong></span> <span class='ocrx_word' id='word_1_282' title='bbox 203 3675 370 3742; x_wconf 89' lang='lat' dir='ltr'><strong>primis</strong></span> <span class='ocrx_word' id='word_1_283' title='bbox 393 3683 711 3750; x_wconf 81' lang='lat' dir='ltr'><strong>praedicent,</strong></span> <span class='ocrx_word' id='word_1_284' title='bbox 745 3691 800 3735; x_wconf 91' lang='lat' dir='ltr'><strong>et</strong></span> <span class='ocrx_word' id='word_1_285' title='bbox 829 3681 910 3735; x_wconf 91' lang='lat' dir='ltr'><strong>sic</strong></span> <span class='ocrx_word' id='word_1_286' title='bbox 943 3679 1011 3734; x_wconf 92' lang='lat' dir='ltr'><strong>ad</strong></span> <span class='ocrx_word' id='word_1_287' title='bbox 1042 3679 1407 3747; x_wconf 73' lang='lat' dir='ltr'><strong>cognitionem</strong></span> <span class='ocrx_word' id='word_1_288' title='bbox 1454 3682 1527 3732; x_wconf 92' lang='lat' dir='ltr'><strong>tui</strong></span> <span class='ocrx_word' id='word_1_289' title='bbox 1574 3678 1670 3731; x_wconf 90' lang='lat' dir='ltr'><strong>ad-</strong></span> 
     </span>
    </p>
   </div>
   <div class='ocr_carea' id='block_1_38' title="bbox 129 3760 1670 3834">
    <p class='ocr_par' dir='ltr' id='par_1_38' title="bbox 129 3760 1670 3834">
     <span class='ocr_line' id='line_1_38' title="bbox 129 3760 1670 3834; baseline 0.005 -17"><span class='ocrx_word' id='word_1_290' title='bbox 129 3760 356 3824; x_wconf 79' lang='lat' dir='ltr'><strong>ducendus</strong></span> <span class='ocrx_word' id='word_1_291' title='bbox 389 3787 484 3828; x_wconf 89' lang='lat' dir='ltr'><strong>eos</strong></span> <span class='ocrx_word' id='word_1_292' title='bbox 530 3774 716 3828; x_wconf 90' lang='lat' dir='ltr'><strong>sedem</strong></span> <span class='ocrx_word' id='word_1_293' title='bbox 760 3781 904 3826; x_wconf 90' lang='lat' dir='ltr'><strong>tuam</strong></span> <span class='ocrx_word' id='word_1_294' title='bbox 952 3769 1221 3834; x_wconf 86' lang='lat' dir='ltr'><strong>efliciant,</strong></span> <span class='ocrx_word' id='word_1_295' title='bbox 1255 3786 1285 3825; x_wconf 92' lang='lat' dir='ltr'><strong>a</strong></span> <span class='ocrx_word' id='word_1_296' title='bbox 1317 3770 1670 3825; x_wconf 90' lang='lat' dir='ltr'><strong>similitudine</strong></span> 
     </span>
    </p>
   </div>
   <div class='ocr_carea' id='block_1_39' title="bbox 130 3859 1669 3934">
    <p class='ocr_par' dir='ltr' id='par_1_39' title="bbox 130 3859 1669 3934">
     <span class='ocr_line' id='line_1_39' title="bbox 130 3859 1669 3934; baseline 0.008 -32"><span class='ocrx_word' id='word_1_297' title='bbox 130 3859 421 3916; x_wconf 80' lang='lat' dir='ltr'><strong>strenuorum</strong></span> <span class='ocrx_word' id='word_1_298' title='bbox 453 3864 802 3928; x_wconf 88' lang='lat' dir='ltr'><strong>famulorum,</strong></span> <span class='ocrx_word' id='word_1_299' title='bbox 835 3863 927 3934; x_wconf 90' lang='lat' dir='ltr'><strong>qui</strong></span> <span class='ocrx_word' id='word_1_300' title='bbox 960 3862 1152 3918; x_wconf 84' lang='lat' dir='ltr'><strong>faciem</strong></span> <span class='ocrx_word' id='word_1_301' title='bbox 1205 3861 1418 3915; x_wconf 88' lang='lat' dir='ltr'><strong>Domini</strong></span> <span class='ocrx_word' id='word_1_302' title='bbox 1449 3861 1669 3915; x_wconf 93' lang='lat' dir='ltr'><strong>venien-</strong></span> 
     </span>
    </p>
   </div>
   <div class='ocr_carea' id='block_1_40' title="bbox 131 3941 1670 4024">
    <p class='ocr_par' dir='ltr' id='par_1_40' title="bbox 131 3941 1670 4024">
     <span class='ocr_line' id='line_1_40' title="bbox 131 3941 1670 4024; baseline 0.001 -20"><span class='ocrx_word' id='word_1_303' title='bbox 131 3941 184 3996; x_wconf 72' lang='grc' dir='ltr'><strong>ιίε</strong></span> <span class='ocrx_word' id='word_1_304' title='bbox 213 3952 524 4020; x_wconf 63' lang='lat' dir='ltr'><strong>praecedunt,</strong></span> <span class='ocrx_word' id='word_1_305' title='bbox 549 3963 608 4008; x_wconf 89' lang='lat' dir='ltr'><strong>ut</strong></span> <span class='ocrx_word' id='word_1_306' title='bbox 633 3955 679 4009; x_wconf 85' lang='lat' dir='ltr'><strong>ei</strong></span> <span class='ocrx_word' id='word_1_307' title='bbox 714 3962 1019 4024; x_wconf 66' lang='lat' dir='ltr'><strong>praeparent</strong></span> <span class='ocrx_word' id='word_1_308' title='bbox 1045 3953 1358 4022; x_wconf 86' lang='lat' dir='ltr'><strong>hospitium.</strong></span> <span class='ocrx_word' id='word_1_309' title='bbox 1393 3951 1458 4006; x_wconf 89' lang='lat' dir='ltr'><strong>Et</strong></span> <span class='ocrx_word' id='word_1_310' title='bbox 1483 3952 1536 4006; x_wconf 91' lang='lat' dir='ltr'><strong>in</strong></span> <span class='ocrx_word' id='word_1_311' title='bbox 1565 3953 1670 4006; x_wconf 91' lang='lat' dir='ltr'><strong>hoc</strong></span> 
     </span>
    </p>
   </div>
   <div class='ocr_carea' id='block_1_41' title="bbox 132 4037 1667 4114">
    <p class='ocr_par' dir='ltr' id='par_1_41' title="bbox 132 4037 1667 4114">
     <span class='ocr_line' id='line_1_41' title="bbox 132 4037 1667 4114; baseline -0.001 -15"><span class='ocrx_word' id='word_1_312' title='bbox 132 4037 244 4099; x_wconf 71' lang='grc' dir='ltr'><strong>⁸1ηοά</strong></span> <span class='ocrx_word' id='word_1_313' title='bbox 265 4039 372 4108; x_wconf 80' lang='lat' dir='ltr'><strong>ejus</strong></span> <span class='ocrx_word' id='word_1_314' title='bbox 395 4043 583 4112; x_wconf 76' lang='lat' dir='ltr'><strong>[aciem</strong></span> <span class='ocrx_word' id='word_1_315' title='bbox 614 4046 931 4114; x_wconf 78' lang='lat' dir='ltr'><strong>prwcedent,</strong></span> <span class='ocrx_word' id='word_1_316' title='bbox 975 4052 1134 4100; x_wconf 91' lang='lat' dir='ltr'><strong>erunt</strong></span> <span class='ocrx_word' id='word_1_317' title='bbox 1161 4044 1211 4098; x_wconf 93' lang='lat' dir='ltr'><strong>ci</strong></span> <span class='ocrx_word' id='word_1_318' title='bbox 1243 4043 1549 4108; x_wconf 90' lang='lat' dir='ltr'><strong>dissimiles,</strong></span> <span class='ocrx_word' id='word_1_319' title='bbox 1575 4045 1667 4113; x_wconf 91' lang='lat' dir='ltr'><strong>qui</strong></span> 
     </span>
    </p>
   </div>
   <div class='ocr_carea' id='block_1_42' title="bbox 130 4134 1666 4209">
    <p class='ocr_par' dir='ltr' id='par_1_42' title="bbox 130 4134 1666 4209">
     <span class='ocr_line' id='line_1_42' title="bbox 130 4134 1666 4209; baseline 0.011 -33"><span class='ocrx_word' id='word_1_320' title='bbox 130 4138 279 4185; x_wconf 83' lang='lat' dir='ltr'><strong>eorum</strong></span> <span class='ocrx_word' id='word_1_321' title='bbox 324 4134 508 4193; x_wconf 81' lang='lat' dir='ltr'><strong>faciem</strong></span> <span class='ocrx_word' id='word_1_322' title='bbox 546 4154 650 4193; x_wconf 93' lang='lat' dir='ltr'><strong>non</strong></span> <span class='ocrx_word' id='word_1_323' title='bbox 700 4139 990 4209; x_wconf 62' lang='lat' dir='ltr'><strong>praecedet.</strong></span> <span class='ocrx_word' id='word_1_324' title='bbox 1027 4137 1400 4192; x_wconf 84' lang='lat' dir='ltr'><strong>Misericordia</strong></span> <span class='ocrx_word' id='word_1_325' title='bbox 1449 4137 1666 4208; x_wconf 88' lang='lat' dir='ltr'><strong>quidem</strong></span> 
     </span>
    </p>
   </div>
   <div class='ocr_carea' id='block_1_43' title="bbox 135 4215 1665 4299">
    <p class='ocr_par' dir='ltr' id='par_1_43' title="bbox 135 4215 1665 4299">
     <span class='ocr_line' id='line_1_43' title="bbox 135 4215 1665 4299; baseline 0.008 -27"><span class='ocrx_word' id='word_1_326' title='bbox 135 4215 306 4281; x_wconf 82' lang='lat' dir='ltr'><strong>Domini</strong></span> <span class='ocrx_word' id='word_1_327' title='bbox 341 4228 538 4285; x_wconf 89' lang='lat' dir='ltr'><strong>dicitur</strong></span> <span class='ocrx_word' id='word_1_328' title='bbox 584 4245 706 4286; x_wconf 89' lang='lat' dir='ltr'><strong>esse</strong></span> <span class='ocrx_word' id='word_1_329' title='bbox 754 4231 808 4284; x_wconf 90' lang='lat' dir='ltr'><strong>in</strong></span> <span class='ocrx_word' id='word_1_330' title='bbox 843 4220 1314 4299; x_wconf 68' lang='lat' dir='ltr'><strong>praedicator-ibas,</strong></span> <span class='ocrx_word' id='word_1_331' title='bbox 1371 4229 1665 4284; x_wconf 85' lang='lat' dir='ltr'><strong>secundum</strong></span> 
     </span>
    </p>
   </div>
   <div class='ocr_carea' id='block_1_44' title="bbox 135 4304 1664 4392">
    <p class='ocr_par' dir='ltr' id='par_1_44' title="bbox 135 4304 1664 4392">
     <span class='ocr_line' id='line_1_44' title="bbox 135 4304 1664 4392; baseline 0.012 -38"><span class='ocrx_word' id='word_1_332' title='bbox 135 4304 210 4363; x_wconf 87' lang='lat' dir='ltr'><strong>hoc</strong></span> <span class='ocrx_word' id='word_1_333' title='bbox 231 4318 356 4383; x_wconf 90' lang='lat' dir='ltr'><strong>quod</strong></span> <span class='ocrx_word' id='word_1_334' title='bbox 376 4321 452 4376; x_wconf 90' lang='lat' dir='ltr'><strong>eis</strong></span> <span class='ocrx_word' id='word_1_335' title='bbox 472 4331 701 4392; x_wconf 87' lang='lat' dir='ltr'><strong>peccata</strong></span> <span class='ocrx_word' id='word_1_336' title='bbox 730 4321 980 4386; x_wconf 86' lang='lat' dir='ltr'><strong>remittit,</strong></span> <span class='ocrx_word' id='word_1_337' title='bbox 1007 4329 1062 4376; x_wconf 93' lang='lat' dir='ltr'><strong>et</strong></span> <span class='ocrx_word' id='word_1_338' title='bbox 1092 4321 1145 4375; x_wconf 91' lang='lat' dir='ltr'><strong>in</strong></span> <span class='ocrx_word' id='word_1_339' title='bbox 1175 4321 1256 4375; x_wconf 88' lang='lat' dir='ltr'><strong>eis</strong></span> <span class='ocrx_word' id='word_1_340' title='bbox 1300 4321 1664 4374; x_wconf 89' lang='lat' dir='ltr'><strong>innocentiam</strong></span> 
     </span>
    </p>
   </div>
   <div class='ocr_carea' id='block_1_45' title="bbox 951 281 2472 343">
    <p class='ocr_par' dir='ltr' id='par_1_45' title="bbox 951 281 2472 343">
     <span class='ocr_line' id='line_1_45' title="bbox 951 281 2472 343; baseline -0.002 -4"><span class='ocrx_word' id='word_1_341' title='bbox 951 283 1312 342; x_wconf 77' lang='lat' dir='ltr'><strong>EXPOSITIO</strong></span> <span class='ocrx_word' id='word_1_342' title='bbox 1348 283 1415 340; x_wconf 84' lang='lat' dir='ltr'><strong>IN</strong></span> <span class='ocrx_word' id='word_1_343' title='bbox 1443 283 1780 343; x_wconf 78' lang='lat' dir='ltr'><strong>PSALMOS.</strong></span> <span class='ocrx_word' id='word_1_344' title='bbox 1807 315 1878 326; x_wconf 85' lang='lat'><strong>--</strong></span> <span class='ocrx_word' id='word_1_345' title='bbox 1903 283 2100 340; x_wconf 78' lang='lat' dir='ltr'><strong>PSAL.</strong></span> <span class='ocrx_word' id='word_1_346' title='bbox 2143 281 2472 338; x_wconf 69' lang='lat' dir='ltr'><strong>LXXXVIII.</strong></span> 
     </span>
    </p>
   </div>
   <div class='ocr_carea' id='block_1_46' title="bbox 114 391 2846 468">
    <p class='ocr_par' dir='ltr' id='par_1_46' title="bbox 114 391 2846 468">
     <span class='ocr_line' id='line_1_46' title="bbox 114 391 2846 468; baseline 0 -16"><span class='ocrx_word' id='word_1_347' title='bbox 114 402 360 453; x_wconf 76' lang='lat' dir='ltr'><strong>dexteram</strong></span> <span class='ocrx_word' id='word_1_348' title='bbox 416 391 685 462; x_wconf 88' lang='lat' dir='ltr'><strong>quidem,</strong></span> <span class='ocrx_word' id='word_1_349' title='bbox 747 407 871 448; x_wconf 90' lang='lat' dir='ltr'><strong>cum</strong></span> <span class='ocrx_word' id='word_1_350' title='bbox 921 395 1093 450; x_wconf 87' lang='lat' dir='ltr'><strong>soleat</strong></span> <span class='ocrx_word' id='word_1_351' title='bbox 1142 399 1479 468; x_wconf 87' lang='lat' dir='ltr'><strong>prosperitas</strong></span> <span class='ocrx_word' id='word_1_352' title='bbox 1528 400 1673 454; x_wconf 86' lang='lat' dir='ltr'><strong>desi-</strong></span> <span class='ocrx_word' id='word_1_353' title='bbox 1705 399 1747 454; x_wconf 86' lang='lat' dir='ltr'><strong>A</strong></span> <span class='ocrx_word' id='word_1_354' title='bbox 1776 410 1896 450; x_wconf 89' lang='lat' dir='ltr'><strong>esse</strong></span> <span class='ocrx_word' id='word_1_355' title='bbox 1952 394 2257 449; x_wconf 90' lang='lat' dir='ltr'><strong>confirmat.</strong></span> <span class='ocrx_word' id='word_1_356' title='bbox 2303 393 2395 450; x_wconf 84' lang='lat' dir='ltr'><strong>Vel</strong></span> <span class='ocrx_word' id='word_1_357' title='bbox 2430 395 2510 450; x_wconf 91' lang='lat' dir='ltr'><strong>sic</strong></span> <span class='ocrx_word' id='word_1_358' title='bbox 2559 395 2846 466; x_wconf 76' lang='lat' dir='ltr'><strong>adoptatur</strong></span> 
     </span>
    </p>
   </div>
   <div class='ocr_carea' id='block_1_47' title="bbox 3223 291 3360 347">
    <p class='ocr_par' dir='ltr' id='par_1_47' title="bbox 3223 291 3360 347">
     <span class='ocr_line' id='line_1_47' title="bbox 3223 291 3360 347; baseline 0.007 -1"><span class='ocrx_word' id='word_1_359' title='bbox 3223 291 3360 347; x_wconf 73' lang='lat' dir='ltr'><strong>IIIO</strong></span> 
     </span>
    </p>
   </div>
   <div class='ocr_carea' id='block_1_48' title="bbox 2892 401 3362 475">
    <p class='ocr_par' dir='ltr' id='par_1_48' title="bbox 2892 401 3362 475">
     <span class='ocr_line' id='line_1_48' title="bbox 2892 401 3362 475; baseline 0.011 -21"><span class='ocrx_word' id='word_1_360' title='bbox 2892 414 2907 453; x_wconf 89' lang='lat'><strong>:</strong></span> <span class='ocrx_word' id='word_1_361' title='bbox 2955 401 3145 458; x_wconf 88' lang='lat' dir='ltr'><strong>Beatus</strong></span> <span class='ocrx_word' id='word_1_362' title='bbox 3198 421 3362 475; x_wconf 81' lang='lat' dir='ltr'><strong>popu-</strong></span> 
     </span>
    </p>
   </div>
   <div class='ocr_carea' id='block_1_49' title="bbox 1779 487 3362 566">
    <p class='ocr_par' dir='ltr' id='par_1_49' title="bbox 1779 487 3362 566">
     <span class='ocr_line' id='line_1_49' title="bbox 1779 487 3362 566; baseline 0.008 -27"><span class='ocrx_word' id='word_1_363' title='bbox 1779 487 1884 552; x_wconf 85' lang='lat' dir='ltr'><strong>lus,</strong></span> <span class='ocrx_word' id='word_1_364' title='bbox 1919 496 2024 542; x_wconf 92' lang='lat' dir='ltr'><strong>etc.</strong></span> <span class='ocrx_word' id='word_1_365' title='bbox 2065 488 2194 543; x_wconf 92' lang='lat' dir='ltr'><strong>Dico</strong></span> <span class='ocrx_word' id='word_1_366' title='bbox 2228 489 2369 557; x_wconf 90' lang='lat' dir='ltr'><strong>quod</strong></span> <span class='ocrx_word' id='word_1_367' title='bbox 2405 487 2618 558; x_wconf 86' lang='lat' dir='ltr'><strong>justitia</strong></span> <span class='ocrx_word' id='word_1_368' title='bbox 2653 500 2699 543; x_wconf 88' lang='lat' dir='ltr'><strong>et</strong></span> <span class='ocrx_word' id='word_1_369' title='bbox 2744 491 3007 559; x_wconf 84' lang='lat' dir='ltr'><strong>judicium</strong></span> <span class='ocrx_word' id='word_1_370' title='bbox 3039 504 3200 550; x_wconf 88' lang='lat' dir='ltr'><strong>erunt</strong></span> <span class='ocrx_word' id='word_1_371' title='bbox 3225 514 3362 566; x_wconf 74' lang='lat' dir='ltr'><strong>prte-</strong></span> 
     </span>
    </p>
   </div>
   <div class='ocr_carea' id='block_1_50' title="bbox 1777 575 3363 648">
    <p class='ocr_par' dir='ltr' id='par_1_50' title="bbox 1777 575 3363 648">
     <span class='ocr_line' id='line_1_50' title="bbox 1777 575 3363 648; baseline 0.008 -22"><span class='ocrx_word' id='word_1_372' title='bbox 1777 579 1984 644; x_wconf 83' lang='lat' dir='ltr'><strong>paratio</strong></span> <span class='ocrx_word' id='word_1_373' title='bbox 2013 577 2150 629; x_wconf 82' lang='lat' dir='ltr'><strong>sedis</strong></span> <span class='ocrx_word' id='word_1_374' title='bbox 2179 587 2302 641; x_wconf 64' lang='lat' dir='ltr'><strong>tuae,</strong></span> <span class='ocrx_word' id='word_1_375' title='bbox 2335 585 2389 630; x_wconf 90' lang='lat' dir='ltr'><strong>ct</strong></span> <span class='ocrx_word' id='word_1_376' title='bbox 2436 575 2662 646; x_wconf 88' lang='lat' dir='ltr'><strong>populus</strong></span> <span class='ocrx_word' id='word_1_377' title='bbox 2713 577 2802 632; x_wconf 91' lang='lat' dir='ltr'><strong>ille</strong></span> <span class='ocrx_word' id='word_1_378' title='bbox 2835 580 2924 648; x_wconf 91' lang='lat' dir='ltr'><strong>qui</strong></span> <span class='ocrx_word' id='word_1_379' title='bbox 2977 581 3150 638; x_wconf 86' lang='lat' dir='ltr'><strong>factus</strong></span> <span class='ocrx_word' id='word_1_380' title='bbox 3201 584 3363 639; x_wconf 88' lang='lat' dir='ltr'><strong>sedes</strong></span> 
     </span>
    </p>
   </div>
   <div class='ocr_carea' id='block_1_51' title="bbox 1779 667 3355 745">
    <p class='ocr_par' dir='ltr' id='par_1_51' title="bbox 1779 667 3355 745">
     <span class='ocr_line' id='line_1_51' title="bbox 1779 667 3355 745; baseline 0.009 -25"><span class='ocrx_word' id='word_1_381' title='bbox 1779 682 1878 735; x_wconf 91' lang='lat' dir='ltr'><strong>per</strong></span> <span class='ocrx_word' id='word_1_382' title='bbox 1905 682 2020 731; x_wconf 90' lang='lat' dir='ltr'><strong>eos,</strong></span> <span class='ocrx_word' id='word_1_383' title='bbox 2051 667 2668 739; x_wconf 85' lang='lat' dir='ltr'><strong>scietjubilationem,id</strong></span> <span class='ocrx_word' id='word_1_384' title='bbox 2692 682 2776 725; x_wconf 88' lang='lat' dir='ltr'><strong>est</strong></span> <span class='ocrx_word' id='word_1_385' title='bbox 2803 673 2935 727; x_wconf 90' lang='lat' dir='ltr'><strong>sciet</strong></span> <span class='ocrx_word' id='word_1_386' title='bbox 2965 674 3072 730; x_wconf 91' lang='lat' dir='ltr'><strong>Deo</strong></span> <span class='ocrx_word' id='word_1_387' title='bbox 3092 676 3355 745; x_wconf 87' lang='lat' dir='ltr'><strong>jubilare;</strong></span> 
     </span>
    </p>
   </div>
   <div class='ocr_carea' id='block_1_52' title="bbox 1779 757 3358 835">
    <p class='ocr_par' dir='ltr' id='par_1_52' title="bbox 1779 757 3358 835">
     <span class='ocr_line' id='line_1_52' title="bbox 1779 757 3358 835; baseline 0.009 -25"><span class='ocrx_word' id='word_1_388' title='bbox 1779 757 1856 810; x_wconf 88' lang='lat' dir='ltr'><strong>sic</strong></span> <span class='ocrx_word' id='word_1_389' title='bbox 1889 767 1937 808; x_wconf 91' lang='lat' dir='ltr'><strong>Ill</strong></span> <span class='ocrx_word' id='word_1_390' title='bbox 1959 757 2154 827; x_wconf 88' lang='lat' dir='ltr'><strong>jnhilet</strong></span> <span class='ocrx_word' id='word_1_391' title='bbox 2182 759 2480 814; x_wconf 85' lang='lat' dir='ltr'><strong>intentione</strong></span> <span class='ocrx_word' id='word_1_392' title='bbox 2513 776 2660 829; x_wconf 76' lang='lat' dir='ltr'><strong>parte</strong></span> <span class='ocrx_word' id='word_1_393' title='bbox 2683 760 2984 817; x_wconf 81' lang='lat' dir='ltr'><strong>devotionis</strong></span> <span class='ocrx_word' id='word_1_394' title='bbox 3017 765 3202 822; x_wconf 88' lang='lat' dir='ltr'><strong>beatus</strong></span> <span class='ocrx_word' id='word_1_395' title='bbox 3230 771 3358 835; x_wconf 88' lang='lat' dir='ltr'><strong>erit,</strong></span> 
     </span>
    </p>
   </div>
   <div class='ocr_carea' id='block_1_53' title="bbox 1777 847 3361 928">
    <p class='ocr_par' dir='ltr' id='par_1_53' title="bbox 1777 847 3361 928">
     <span class='ocr_line' id='line_1_53' title="bbox 1777 847 3361 928; baseline 0.01 -28"><span class='ocrx_word' id='word_1_396' title='bbox 1777 855 1832 901; x_wconf 86' lang='lat' dir='ltr'><strong>ct</strong></span> <span class='ocrx_word' id='word_1_397' title='bbox 1865 847 1951 900; x_wconf 91' lang='lat' dir='ltr'><strong>hic</strong></span> <span class='ocrx_word' id='word_1_398' title='bbox 2002 857 2056 902; x_wconf 90' lang='lat' dir='ltr'><strong>et</strong></span> <span class='ocrx_word' id='word_1_399' title='bbox 2101 848 2153 902; x_wconf 91' lang='lat' dir='ltr'><strong>in</strong></span> <span class='ocrx_word' id='word_1_400' title='bbox 2205 849 2409 904; x_wconf 87' lang='lat' dir='ltr'><strong>futuro.</strong></span> <span class='ocrx_word' id='word_1_401' title='bbox 2457 851 2524 904; x_wconf 89' lang='lat' dir='ltr'><strong>Et</strong></span> <span class='ocrx_word' id='word_1_402' title='bbox 2563 867 2690 907; x_wconf 90' lang='lat' dir='ltr'><strong>ecce</strong></span> <span class='ocrx_word' id='word_1_403' title='bbox 2732 853 3040 922; x_wconf 87' lang='lat' dir='ltr'><strong>beatitudo,</strong></span> <span class='ocrx_word' id='word_1_404' title='bbox 3067 873 3229 928; x_wconf 86' lang='lat' dir='ltr'><strong>quam</strong></span> <span class='ocrx_word' id='word_1_405' title='bbox 3273 865 3361 917; x_wconf 66' lang='lat' dir='ltr'><strong>hic</strong></span> 
     </span>
    </p>
   </div>
   <div class='ocr_carea' id='block_1_54' title="bbox 1777 933 3360 1007">
    <p class='ocr_par' dir='ltr' id='par_1_54' title="bbox 1777 933 3360 1007">
     <span class='ocr_line' id='line_1_54' title="bbox 1777 933 3360 1007; baseline 0.009 -19"><span class='ocrx_word' id='word_1_406' title='bbox 1777 933 2035 996; x_wconf 89' lang='lat' dir='ltr'><strong>habebit.</strong></span> <span class='ocrx_word' id='word_1_407' title='bbox 2093 937 2299 993; x_wconf 88' lang='lat' dir='ltr'><strong>scilicet</strong></span> <span class='ocrx_word' id='word_1_408' title='bbox 2339 956 2368 992; x_wconf 92' lang='grc' dir='ltr'><em>ο</em></span> <span class='ocrx_word' id='word_1_409' title='bbox 2419 940 2684 1007; x_wconf 83' lang='lat' dir='ltr'><strong>Domine,</strong></span> <span class='ocrx_word' id='word_1_410' title='bbox 2716 943 2771 996; x_wconf 84' lang='lat' dir='ltr'><strong>in</strong></span> <span class='ocrx_word' id='word_1_411' title='bbox 2827 943 3023 1001; x_wconf 82' lang='lat' dir='ltr'><strong>lumine</strong></span> <span class='ocrx_word' id='word_1_412' title='bbox 3069 947 3236 1002; x_wconf 82' lang='lat' dir='ltr'><strong>vultus</strong></span> <span class='ocrx_word' id='word_1_413' title='bbox 3285 953 3360 1003; x_wconf 87' lang='lat' dir='ltr'><strong>tui</strong></span> 
     </span>
    </p>
   </div>
   <div class='ocr_carea' id='block_1_55' title="bbox 1777 1023 3365 1102">
    <p class='ocr_par' dir='ltr' id='par_1_55' title="bbox 1777 1023 3365 1102">
     <span class='ocr_line' id='line_1_55' title="bbox 1777 1023 3365 1102; baseline 0.009 -24"><span class='ocrx_word' id='word_1_414' title='bbox 1777 1023 2076 1080; x_wconf 82' lang='lat' dir='ltr'><strong>existentes</strong></span> <span class='ocrx_word' id='word_1_415' title='bbox 2104 1025 2212 1092; x_wconf 87' lang='lat' dir='ltr'><strong>illi,</strong></span> <span class='ocrx_word' id='word_1_416' title='bbox 2246 1029 2336 1098; x_wconf 91' lang='lat' dir='ltr'><strong>qui</strong></span> <span class='ocrx_word' id='word_1_417' title='bbox 2365 1029 2429 1084; x_wconf 89' lang='lat' dir='ltr'><strong>de</strong></span> <span class='ocrx_word' id='word_1_418' title='bbox 2459 1030 2548 1084; x_wconf 92' lang='lat' dir='ltr'><strong>illo</strong></span> <span class='ocrx_word' id='word_1_419' title='bbox 2597 1033 2794 1102; x_wconf 86' lang='lat' dir='ltr'><strong>populo</strong></span> <span class='ocrx_word' id='word_1_420' title='bbox 2821 1045 3004 1100; x_wconf 87' lang='lat' dir='ltr'><strong>erunt,</strong></span> <span class='ocrx_word' id='word_1_421' title='bbox 3048 1023 3260 1093; x_wconf 89' lang='lat' dir='ltr'><strong>scilicet</strong></span> <span class='ocrx_word' id='word_1_422' title='bbox 3306 1039 3365 1092; x_wconf 84' lang='lat' dir='ltr'><strong>il-</strong></span> 
     </span>
    </p>
   </div>
   <div class='ocr_carea' id='block_1_56' title="bbox 1777 1113 3360 1190">
    <p class='ocr_par' dir='ltr' id='par_1_56' title="bbox 1777 1113 3360 1190">
     <span class='ocr_line' id='line_1_56' title="bbox 1777 1113 3360 1190; baseline 0.011 -23"><span class='ocrx_word' id='word_1_423' title='bbox 1777 1113 2134 1174; x_wconf 90' lang='lat' dir='ltr'><strong>luminatione</strong></span> <span class='ocrx_word' id='word_1_424' title='bbox 2161 1120 2485 1190; x_wconf 87' lang='lat' dir='ltr'><strong>cognitionis</strong></span> <span class='ocrx_word' id='word_1_425' title='bbox 2515 1132 2617 1177; x_wconf 68' lang='lat' dir='ltr'><strong>tua:</strong></span> <span class='ocrx_word' id='word_1_426' title='bbox 2658 1139 2752 1178; x_wconf 90' lang='lat' dir='ltr'><strong>eos</strong></span> <span class='ocrx_word' id='word_1_427' title='bbox 2781 1125 3010 1181; x_wconf 90' lang='lat' dir='ltr'><strong>interius</strong></span> <span class='ocrx_word' id='word_1_428' title='bbox 3050 1129 3360 1184; x_wconf 70' lang='lat' dir='ltr'><strong>illun&#39;tinau—</strong></span> 
     </span>
    </p>
   </div>
   <div class='ocr_carea' id='block_1_57' title="bbox 1780 1204 3361 1285">
    <p class='ocr_par' dir='ltr' id='par_1_57' title="bbox 1780 1204 3361 1285">
     <span class='ocr_line' id='line_1_57' title="bbox 1780 1204 3361 1285; baseline 0.009 -26"><span class='ocrx_word' id='word_1_429' title='bbox 1780 1204 1864 1280; x_wconf 82' lang='lat' dir='ltr'><strong>tis,</strong></span> <span class='ocrx_word' id='word_1_430' title='bbox 1897 1207 2256 1273; x_wconf 85' lang='lat' dir='ltr'><strong>ambulabunt,</strong></span> <span class='ocrx_word' id='word_1_431' title='bbox 2292 1210 2342 1263; x_wconf 92' lang='lat' dir='ltr'><strong>id</strong></span> <span class='ocrx_word' id='word_1_432' title='bbox 2365 1220 2448 1265; x_wconf 89' lang='lat' dir='ltr'><strong>est</strong></span> <span class='ocrx_word' id='word_1_433' title='bbox 2487 1213 2657 1282; x_wconf 87' lang='lat' dir='ltr'><strong>magis</strong></span> <span class='ocrx_word' id='word_1_434' title='bbox 2684 1223 2738 1266; x_wconf 91' lang='lat' dir='ltr'><strong>ct</strong></span> <span class='ocrx_word' id='word_1_435' title='bbox 2764 1215 2935 1282; x_wconf 86' lang='lat' dir='ltr'><strong>magis</strong></span> <span class='ocrx_word' id='word_1_436' title='bbox 2961 1221 3361 1285; x_wconf 83' lang='lat' dir='ltr'><strong>promovebun-</strong></span> 
     </span>
    </p>
   </div>
   <div class='ocr_carea' id='block_1_58' title="bbox 1779 1297 3363 1379">
    <p class='ocr_par' dir='ltr' id='par_1_58' title="bbox 1779 1297 3363 1379">
     <span class='ocr_line' id='line_1_58' title="bbox 1779 1297 3363 1379; baseline 0.009 -31"><span class='ocrx_word' id='word_1_437' title='bbox 1779 1303 1868 1348; x_wconf 87' lang='lat' dir='ltr'><strong>tur</strong></span> <span class='ocrx_word' id='word_1_438' title='bbox 1899 1297 1948 1350; x_wconf 96' lang='lat' dir='ltr'><strong>in</strong></span> <span class='ocrx_word' id='word_1_439' title='bbox 1997 1297 2086 1352; x_wconf 92' lang='lat' dir='ltr'><strong>illo</strong></span> <span class='ocrx_word' id='word_1_440' title='bbox 2133 1298 2356 1366; x_wconf 89' lang='lat' dir='ltr'><strong>lumine,</strong></span> <span class='ocrx_word' id='word_1_441' title='bbox 2391 1302 2598 1357; x_wconf 89' lang='lat' dir='ltr'><strong>scilicet</strong></span> <span class='ocrx_word' id='word_1_442' title='bbox 2639 1313 2697 1358; x_wconf 87' lang='lat' dir='ltr'><strong>ut</strong></span> <span class='ocrx_word' id='word_1_443' title='bbox 2738 1303 2852 1372; x_wconf 85' lang='lat' dir='ltr'><strong>jam</strong></span> <span class='ocrx_word' id='word_1_444' title='bbox 2899 1306 3187 1362; x_wconf 89' lang='lat' dir='ltr'><strong>illuminati</strong></span> <span class='ocrx_word' id='word_1_445' title='bbox 3245 1311 3363 1379; x_wconf 83' lang='lat' dir='ltr'><strong>plus</strong></span> 
     </span>
    </p>
   </div>
   <div class='ocr_carea' id='block_1_59' title="bbox 1778 1385 3362 1454">
    <p class='ocr_par' dir='ltr' id='par_1_59' title="bbox 1778 1385 3362 1454">
     <span class='ocr_line' id='line_1_59' title="bbox 1778 1385 3362 1454; baseline 0.01 -17"><span class='ocrx_word' id='word_1_446' title='bbox 1778 1385 2165 1454; x_wconf 90' lang='lat' dir='ltr'><strong>illumineutur,</strong></span> <span class='ocrx_word' id='word_1_447' title='bbox 2199 1400 2246 1443; x_wconf 88' lang='lat' dir='ltr'><strong>et</strong></span> <span class='ocrx_word' id='word_1_448' title='bbox 2285 1391 2619 1447; x_wconf 78' lang='lat' dir='ltr'><strong>exsultabant</strong></span> <span class='ocrx_word' id='word_1_449' title='bbox 2651 1395 2717 1449; x_wconf 89' lang='lat' dir='ltr'><strong>de</strong></span> <span class='ocrx_word' id='word_1_450' title='bbox 2768 1396 3076 1452; x_wconf 84' lang='lat' dir='ltr'><strong>innocentia</strong></span> <span class='ocrx_word' id='word_1_451' title='bbox 3121 1415 3214 1453; x_wconf 90' lang='lat' dir='ltr'><strong>sua</strong></span> <span class='ocrx_word' id='word_1_452' title='bbox 3253 1411 3362 1453; x_wconf 83' lang='lat' dir='ltr'><strong>tota</strong></span> 
     </span>
    </p>
   </div>
   <div class='ocr_carea' id='block_1_60' title="bbox 1777 1478 3364 1556">
    <p class='ocr_par' dir='ltr' id='par_1_60' title="bbox 1777 1478 3364 1556">
     <span class='ocr_line' id='line_1_60' title="bbox 1777 1478 3364 1556; baseline 0.008 -26"><span class='ocrx_word' id='word_1_453' title='bbox 1777 1478 1877 1540; x_wconf 89' lang='lat' dir='ltr'><strong>die,</strong></span> <span class='ocrx_word' id='word_1_454' title='bbox 1924 1490 1976 1534; x_wconf 86' lang='lat' dir='ltr'><strong>et</strong></span> <span class='ocrx_word' id='word_1_455' title='bbox 2009 1480 2108 1536; x_wconf 90' lang='lat' dir='ltr'><strong>hoc</strong></span> <span class='ocrx_word' id='word_1_456' title='bbox 2140 1481 2190 1534; x_wconf 91' lang='lat' dir='ltr'><strong>in</strong></span> <span class='ocrx_word' id='word_1_457' title='bbox 2236 1484 2443 1537; x_wconf 78' lang='lat' dir='ltr'><strong>nomine</strong></span> <span class='ocrx_word' id='word_1_458' title='bbox 2469 1495 2576 1546; x_wconf 87' lang='lat' dir='ltr'><strong>tuo,</strong></span> <span class='ocrx_word' id='word_1_459' title='bbox 2613 1484 2662 1539; x_wconf 91' lang='lat' dir='ltr'><strong>id</strong></span> <span class='ocrx_word' id='word_1_460' title='bbox 2695 1495 2777 1540; x_wconf 88' lang='lat' dir='ltr'><strong>est</strong></span> <span class='ocrx_word' id='word_1_461' title='bbox 2810 1486 2860 1540; x_wconf 94' lang='lat' dir='ltr'><strong>in</strong></span> <span class='ocrx_word' id='word_1_462' title='bbox 2902 1488 3107 1542; x_wconf 89' lang='lat' dir='ltr'><strong>honore</strong></span> <span class='ocrx_word' id='word_1_463' title='bbox 3139 1499 3230 1543; x_wconf 90' lang='lat' dir='ltr'><strong>tuo</strong></span> <span class='ocrx_word' id='word_1_464' title='bbox 3252 1532 3267 1556; x_wconf 88' lang='lat'><strong>,</strong></span> <span class='ocrx_word' id='word_1_465' title='bbox 3305 1502 3364 1543; x_wconf 88' lang='lat' dir='ltr'><strong>ut</strong></span> 
     </span>
    </p>
   </div>
   <div class='ocr_carea' id='block_1_61' title="bbox 1781 1569 3364 1646">
    <p class='ocr_par' dir='ltr' id='par_1_61' title="bbox 1781 1569 3364 1646">
     <span class='ocr_line' id='line_1_61' title="bbox 1781 1569 3364 1646; baseline 0.008 -23"><span class='ocrx_word' id='word_1_466' title='bbox 1781 1569 1880 1623; x_wconf 90' lang='lat' dir='ltr'><strong>hoc</strong></span> <span class='ocrx_word' id='word_1_467' title='bbox 1912 1571 2161 1626; x_wconf 87' lang='lat' dir='ltr'><strong>videlicet</strong></span> <span class='ocrx_word' id='word_1_468' title='bbox 2211 1573 2306 1626; x_wconf 92' lang='lat' dir='ltr'><strong>tibi</strong></span> <span class='ocrx_word' id='word_1_469' title='bbox 2340 1575 2634 1640; x_wconf 88' lang='lat' dir='ltr'><strong>ascribaut,</strong></span> <span class='ocrx_word' id='word_1_470' title='bbox 2675 1577 2818 1646; x_wconf 90' lang='lat' dir='ltr'><strong>quod</strong></span> <span class='ocrx_word' id='word_1_471' title='bbox 2853 1579 3168 1635; x_wconf 89' lang='lat' dir='ltr'><strong>innocentes</strong></span> <span class='ocrx_word' id='word_1_472' title='bbox 3205 1593 3364 1636; x_wconf 90' lang='lat' dir='ltr'><strong>erunt</strong></span> 
     </span>
    </p>
   </div>
   <div class='ocr_carea' id='block_1_62' title="bbox 1777 1664 3364 1738">
    <p class='ocr_par' dir='ltr' id='par_1_62' title="bbox 1777 1664 3364 1738">
     <span class='ocr_line' id='line_1_62' title="bbox 1777 1664 3364 1738; baseline 0.008 -22"><span class='ocrx_word' id='word_1_473' title='bbox 1777 1679 1884 1718; x_wconf 89' lang='lat' dir='ltr'><strong>non</strong></span> <span class='ocrx_word' id='word_1_474' title='bbox 1913 1664 2043 1730; x_wconf 90' lang='lat' dir='ltr'><strong>sibi;</strong></span> <span class='ocrx_word' id='word_1_475' title='bbox 2075 1676 2120 1718; x_wconf 85' lang='lat' dir='ltr'><strong>et</strong></span> <span class='ocrx_word' id='word_1_476' title='bbox 2144 1666 2517 1720; x_wconf 71' lang='lat' dir='ltr'><strong>exaltabuntur</strong></span> <span class='ocrx_word' id='word_1_477' title='bbox 2553 1669 2840 1738; x_wconf 84' lang='lat' dir='ltr'><strong>injuslitia</strong></span> <span class='ocrx_word' id='word_1_478' title='bbox 2871 1681 2982 1737; x_wconf 90' lang='lat' dir='ltr'><strong>tua,</strong></span> <span class='ocrx_word' id='word_1_479' title='bbox 3030 1673 3083 1727; x_wconf 89' lang='lat' dir='ltr'><strong>id</strong></span> <span class='ocrx_word' id='word_1_480' title='bbox 3121 1681 3201 1728; x_wconf 88' lang='lat' dir='ltr'><strong>est</strong></span> <span class='ocrx_word' id='word_1_481' title='bbox 3241 1689 3270 1727; x_wconf 88' lang='lat' dir='ltr'><strong>a</strong></span> <span class='ocrx_word' id='word_1_482' title='bbox 3311 1682 3364 1730; x_wconf 87' lang='lat' dir='ltr'><strong>te</strong></span> 
     </span>
    </p>
   </div>
   <div class='ocr_carea' id='block_1_63' title="bbox 1703 1738 3359 1834">
    <p class='ocr_par' dir='ltr' id='par_1_63' title="bbox 1703 1738 3359 1834">
     <span class='ocr_line' id='line_1_63' title="bbox 1703 1738 3359 1834; baseline 0.008 -31"><span class='ocrx_word' id='word_1_483' title='bbox 1703 1744 1747 1803; x_wconf 85' lang='grc' dir='ltr'><strong>Β</strong></span> <span class='ocrx_word' id='word_1_484' title='bbox 1777 1738 1920 1821; x_wconf 82' lang='lat' dir='ltr'><strong>data,</strong></span> <span class='ocrx_word' id='word_1_485' title='bbox 1951 1755 2422 1812; x_wconf 88' lang='lat' dir='ltr'><strong>scilicetcrescent</strong></span> <span class='ocrx_word' id='word_1_486' title='bbox 2443 1758 2494 1812; x_wconf 93' lang='lat' dir='ltr'><strong>in</strong></span> <span class='ocrx_word' id='word_1_487' title='bbox 2519 1758 2684 1826; x_wconf 88' lang='lat' dir='ltr'><strong>justis</strong></span> <span class='ocrx_word' id='word_1_488' title='bbox 2711 1761 2967 1830; x_wconf 88' lang='lat' dir='ltr'><strong>operibus</strong></span> <span class='ocrx_word' id='word_1_489' title='bbox 2997 1777 3092 1831; x_wconf 89' lang='lat' dir='ltr'><strong>per</strong></span> <span class='ocrx_word' id='word_1_490' title='bbox 3119 1773 3191 1830; x_wconf 92' lang='lat' dir='ltr'><strong>te,</strong></span> <span class='ocrx_word' id='word_1_491' title='bbox 3219 1764 3359 1834; x_wconf 92' lang='lat' dir='ltr'><strong>quod</strong></span> 
     </span>
    </p>
   </div>
   <div class='ocr_carea' id='block_1_64' title="bbox 1775 1844 3360 1917">
    <p class='ocr_par' dir='ltr' id='par_1_64' title="bbox 1775 1844 3360 1917">
     <span class='ocr_line' id='line_1_64' title="bbox 1775 1844 3360 1917; baseline 0.008 -22"><span class='ocrx_word' id='word_1_492' title='bbox 1775 1850 1857 1896; x_wconf 89' lang='lat' dir='ltr'><strong>est</strong></span> <span class='ocrx_word' id='word_1_493' title='bbox 1911 1844 2136 1898; x_wconf 89' lang='lat' dir='ltr'><strong>dicere:</strong></span> <span class='ocrx_word' id='word_1_494' title='bbox 2172 1845 2324 1900; x_wconf 91' lang='lat' dir='ltr'><strong>IIauc</strong></span> <span class='ocrx_word' id='word_1_495' title='bbox 2383 1847 2582 1900; x_wconf 87' lang='lat' dir='ltr'><strong>trinam</strong></span> <span class='ocrx_word' id='word_1_496' title='bbox 2635 1848 3026 1905; x_wconf 89' lang='lat' dir='ltr'><strong>beatitudinem</strong></span> <span class='ocrx_word' id='word_1_497' title='bbox 3067 1852 3360 1917; x_wconf 85' lang='lat' dir='ltr'><strong>habebunt,</strong></span> 
     </span>
    </p>
   </div>
   <div class='ocr_carea' id='block_1_65' title="bbox 1775 1932 3358 2006">
    <p class='ocr_par' dir='ltr' id='par_1_65' title="bbox 1775 1932 3358 2006">
     <span class='ocr_line' id='line_1_65' title="bbox 1775 1932 3358 2006; baseline 0.011 -24"><span class='ocrx_word' id='word_1_498' title='bbox 1775 1932 1916 2002; x_wconf 88' lang='lat' dir='ltr'><strong>quod</strong></span> <span class='ocrx_word' id='word_1_499' title='bbox 1965 1932 2253 1988; x_wconf 91' lang='lat' dir='ltr'><strong>illuminati</strong></span> <span class='ocrx_word' id='word_1_500' title='bbox 2309 1935 2428 2006; x_wconf 88' lang='lat' dir='ltr'><strong>plus</strong></span> <span class='ocrx_word' id='word_1_501' title='bbox 2483 1937 2950 2006; x_wconf 87' lang='lat' dir='ltr'><strong>illuminabuntur,</strong></span> <span class='ocrx_word' id='word_1_502' title='bbox 2989 1958 3053 1997; x_wconf 87' lang='lat' dir='ltr'><strong>ac</strong></span> <span class='ocrx_word' id='word_1_503' title='bbox 3105 1944 3170 1998; x_wconf 88' lang='lat' dir='ltr'><strong>de</strong></span> <span class='ocrx_word' id='word_1_504' title='bbox 3205 1945 3358 1998; x_wconf 91' lang='lat' dir='ltr'><strong>inno-</strong></span> 
     </span>
    </p>
   </div>
   <div class='ocr_carea' id='block_1_66' title="bbox 1775 2025 3361 2104">
    <p class='ocr_par' dir='ltr' id='par_1_66' title="bbox 1775 2025 3361 2104">
     <span class='ocr_line' id='line_1_66' title="bbox 1775 2025 3361 2104; baseline 0.009 -28"><span class='ocrx_word' id='word_1_505' title='bbox 1775 2025 1951 2077; x_wconf 91' lang='lat' dir='ltr'><strong>centia</strong></span> <span class='ocrx_word' id='word_1_506' title='bbox 1978 2040 2070 2078; x_wconf 91' lang='lat' dir='ltr'><strong>sua</strong></span> <span class='ocrx_word' id='word_1_507' title='bbox 2105 2027 2434 2096; x_wconf 83' lang='lat' dir='ltr'><strong>gaudebunt,</strong></span> <span class='ocrx_word' id='word_1_508' title='bbox 2469 2037 2524 2083; x_wconf 89' lang='lat' dir='ltr'><strong>et</strong></span> <span class='ocrx_word' id='word_1_509' title='bbox 2572 2029 2625 2084; x_wconf 92' lang='lat' dir='ltr'><strong>in</strong></span> <span class='ocrx_word' id='word_1_510' title='bbox 2667 2031 2824 2087; x_wconf 92' lang='lat' dir='ltr'><strong>bouis</strong></span> <span class='ocrx_word' id='word_1_511' title='bbox 2857 2035 3111 2102; x_wconf 88' lang='lat' dir='ltr'><strong>operibus</strong></span> <span class='ocrx_word' id='word_1_512' title='bbox 3139 2050 3361 2104; x_wconf 84' lang='lat' dir='ltr'><strong>promo-</strong></span> 
     </span>
    </p>
   </div>
   <div class='ocr_carea' id='block_1_67' title="bbox 1774 2112 3359 2192">
    <p class='ocr_par' dir='ltr' id='par_1_67' title="bbox 1774 2112 3359 2192">
     <span class='ocr_line' id='line_1_67' title="bbox 1774 2112 3359 2192; baseline 0.009 -25"><span class='ocrx_word' id='word_1_513' title='bbox 1774 2114 2060 2168; x_wconf 87' lang='lat' dir='ltr'><strong>vebuutur.</strong></span> <span class='ocrx_word' id='word_1_514' title='bbox 2095 2117 2222 2171; x_wconf 89' lang='lat' dir='ltr'><strong>Dico</strong></span> <span class='ocrx_word' id='word_1_515' title='bbox 2254 2118 2534 2188; x_wconf 87' lang='lat' dir='ltr'><strong>injustilia</strong></span> <span class='ocrx_word' id='word_1_516' title='bbox 2561 2129 2674 2186; x_wconf 84' lang='grc' dir='ltr'>ιιια,</span> <span class='ocrx_word' id='word_1_517' title='bbox 2703 2130 2757 2176; x_wconf 88' lang='grc' dir='ltr'><strong>ει</strong></span> <span class='ocrx_word' id='word_1_518' title='bbox 2796 2123 2934 2178; x_wconf 88' lang='lat' dir='ltr'><strong>bene</strong></span> <span class='ocrx_word' id='word_1_519' title='bbox 2979 2124 3103 2179; x_wconf 89' lang='lat' dir='ltr'><strong>dico</strong></span> <span class='ocrx_word' id='word_1_520' title='bbox 3133 2112 3254 2192; x_wconf 83' lang='lat' dir='ltr'><strong>tua,</strong></span> <span class='ocrx_word' id='word_1_521' title='bbox 3275 2143 3359 2182; x_wconf 86' lang='lat' dir='ltr'><strong>re-</strong></span> 
     </span>
    </p>
   </div>
   <div class='ocr_carea' id='block_1_68' title="bbox 1775 2205 3362 2289">
    <p class='ocr_par' dir='ltr' id='par_1_68' title="bbox 1775 2205 3362 2289">
     <span class='ocr_line' id='line_1_68' title="bbox 1775 2205 3362 2289; baseline 0.011 -32"><span class='ocrx_word' id='word_1_522' title='bbox 1775 2205 2048 2277; x_wconf 84' lang='lat' dir='ltr'><strong>fundeudo</strong></span> <span class='ocrx_word' id='word_1_523' title='bbox 2077 2209 2128 2263; x_wconf 91' lang='lat' dir='ltr'><strong>in</strong></span> <span class='ocrx_word' id='word_1_524' title='bbox 2163 2219 2214 2264; x_wconf 91' lang='lat' dir='ltr'><strong>te</strong></span> <span class='ocrx_word' id='word_1_525' title='bbox 2245 2211 2506 2281; x_wconf 90' lang='lat' dir='ltr'><strong>quidquid</strong></span> <span class='ocrx_word' id='word_1_526' title='bbox 2534 2214 2749 2270; x_wconf 84' lang='lat' dir='ltr'><strong>virtutis</strong></span> <span class='ocrx_word' id='word_1_527' title='bbox 2783 2216 2834 2269; x_wconf 92' lang='lat' dir='ltr'><strong>in</strong></span> <span class='ocrx_word' id='word_1_528' title='bbox 2866 2216 2948 2270; x_wconf 91' lang='lat' dir='ltr'><strong>eis</strong></span> <span class='ocrx_word' id='word_1_529' title='bbox 2969 2218 3089 2282; x_wconf 90' lang='lat' dir='ltr'><strong>erit,</strong></span> <span class='ocrx_word' id='word_1_530' title='bbox 3114 2222 3362 2289; x_wconf 72' lang='lat' dir='ltr'><strong>quoniam</strong></span> 
     </span>
    </p>
   </div>
   <div class='ocr_carea' id='block_1_69' title="bbox 1773 2297 3365 2376">
    <p class='ocr_par' dir='ltr' id='par_1_69' title="bbox 1773 2297 3365 2376">
     <span class='ocr_line' id='line_1_69' title="bbox 1773 2297 3365 2376; baseline 0.011 -28"><span class='ocrx_word' id='word_1_531' title='bbox 1773 2297 1941 2367; x_wconf 84' lang='lat' dir='ltr'><strong>gloria</strong></span> <span class='ocrx_word' id='word_1_532' title='bbox 1995 2301 2202 2352; x_wconf 84' lang='lat' dir='ltr'><strong>virtutis</strong></span> <span class='ocrx_word' id='word_1_533' title='bbox 2250 2318 2428 2355; x_wconf 86' lang='lat' dir='ltr'><strong>eorum</strong></span> <span class='ocrx_word' id='word_1_534' title='bbox 2467 2313 2524 2357; x_wconf 88' lang='lat' dir='ltr'><strong>tu</strong></span> <span class='ocrx_word' id='word_1_535' title='bbox 2571 2321 2654 2370; x_wconf 86' lang='lat' dir='ltr'><strong>es,</strong></span> <span class='ocrx_word' id='word_1_536' title='bbox 2705 2316 2758 2360; x_wconf 87' lang='lat' dir='ltr'><strong>et</strong></span> <span class='ocrx_word' id='word_1_537' title='bbox 2792 2307 2892 2376; x_wconf 82' lang='lat' dir='ltr'><strong>ipsi</strong></span> <span class='ocrx_word' id='word_1_538' title='bbox 2926 2324 3056 2375; x_wconf 88' lang='lat' dir='ltr'><strong>non,</strong></span> <span class='ocrx_word' id='word_1_539' title='bbox 3087 2322 3141 2365; x_wconf 86' lang='lat' dir='ltr'><strong>et</strong></span> <span class='ocrx_word' id='word_1_540' title='bbox 3176 2311 3228 2365; x_wconf 93' lang='lat' dir='ltr'><strong>in</strong></span> <span class='ocrx_word' id='word_1_541' title='bbox 3261 2310 3365 2366; x_wconf 91' lang='lat' dir='ltr'><strong>hoc</strong></span> 
     </span>
    </p>
   </div>
   <div class='ocr_carea' id='block_1_70' title="bbox 1771 2377 3364 2474">
    <p class='ocr_par' dir='ltr' id='par_1_70' title="bbox 1771 2377 3364 2474">
     <span class='ocr_line' id='line_1_70' title="bbox 1771 2377 3364 2474; baseline 0.008 -32"><span class='ocrx_word' id='word_1_542' title='bbox 1771 2377 1900 2443; x_wconf 76' lang='lat' dir='ltr'><strong>situt</strong></span> <span class='ocrx_word' id='word_1_543' title='bbox 1930 2389 2001 2444; x_wconf 91' lang='lat' dir='ltr'><strong>illi</strong></span> <span class='ocrx_word' id='word_1_544' title='bbox 2050 2391 2342 2446; x_wconf 89' lang='lat' dir='ltr'><strong>dissimiles</strong></span> <span class='ocrx_word' id='word_1_545' title='bbox 2365 2434 2379 2458; x_wconf 92' lang='lat'><strong>,</strong></span> <span class='ocrx_word' id='word_1_546' title='bbox 2429 2395 2640 2452; x_wconf 88' lang='lat' dir='ltr'><strong>scilicet</strong></span> <span class='ocrx_word' id='word_1_547' title='bbox 2669 2406 2722 2451; x_wconf 94' lang='lat' dir='ltr'><strong>tu</strong></span> <span class='ocrx_word' id='word_1_548' title='bbox 2755 2399 2865 2454; x_wconf 91' lang='lat' dir='ltr'><strong>eris</strong></span> <span class='ocrx_word' id='word_1_549' title='bbox 2903 2399 2990 2454; x_wconf 90' lang='lat' dir='ltr'><strong>ille</strong></span> <span class='ocrx_word' id='word_1_550' title='bbox 3020 2401 3072 2455; x_wconf 91' lang='lat' dir='ltr'><strong>in</strong></span> <span class='ocrx_word' id='word_1_551' title='bbox 3105 2417 3213 2472; x_wconf 89' lang='lat' dir='ltr'><strong>quo</strong></span> <span class='ocrx_word' id='word_1_552' title='bbox 3249 2403 3364 2474; x_wconf 83' lang='lat' dir='ltr'><strong>glo-</strong></span> 
     </span>
    </p>
   </div>
   <div class='ocr_carea' id='block_1_71' title="bbox 1768 2481 3363 2562">
    <p class='ocr_par' dir='ltr' id='par_1_71' title="bbox 1768 2481 3363 2562">
     <span class='ocr_line' id='line_1_71' title="bbox 1768 2481 3363 2562; baseline 0.01 -29"><span class='ocrx_word' id='word_1_553' title='bbox 1768 2481 1905 2551; x_wconf 82' lang='lat' dir='ltr'><strong>riari</strong></span> <span class='ocrx_word' id='word_1_554' title='bbox 1958 2481 2229 2538; x_wconf 88' lang='lat' dir='ltr'><strong>debebunt</strong></span> <span class='ocrx_word' id='word_1_555' title='bbox 2281 2485 2379 2554; x_wconf 87' lang='lat' dir='ltr'><strong>ipsi</strong></span> <span class='ocrx_word' id='word_1_556' title='bbox 2435 2485 2501 2540; x_wconf 89' lang='lat' dir='ltr'><strong>de</strong></span> <span class='ocrx_word' id='word_1_557' title='bbox 2546 2489 2694 2544; x_wconf 89' lang='lat' dir='ltr'><strong>omni</strong></span> <span class='ocrx_word' id='word_1_558' title='bbox 2739 2491 2939 2546; x_wconf 88' lang='lat' dir='ltr'><strong>virtute</strong></span> <span class='ocrx_word' id='word_1_559' title='bbox 2986 2509 3148 2562; x_wconf 90' lang='lat' dir='ltr'><strong>quam</strong></span> <span class='ocrx_word' id='word_1_560' title='bbox 3199 2495 3363 2548; x_wconf 85' lang='lat' dir='ltr'><strong>habe-</strong></span> 
     </span>
    </p>
   </div>
   <div class='ocr_carea' id='block_1_72' title="bbox 1773 2578 3363 2654">
    <p class='ocr_par' dir='ltr' id='par_1_72' title="bbox 1773 2578 3363 2654">
     <span class='ocr_line' id='line_1_72' title="bbox 1773 2578 3363 2654; baseline 0.004 -22"><span class='ocrx_word' id='word_1_561' title='bbox 1773 2578 1927 2644; x_wconf 89' lang='lat' dir='ltr'><strong>bunt,</strong></span> <span class='ocrx_word' id='word_1_562' title='bbox 1957 2590 2010 2635; x_wconf 93' lang='lat' dir='ltr'><strong>et</strong></span> <span class='ocrx_word' id='word_1_563' title='bbox 2041 2581 2105 2635; x_wconf 90' lang='lat' dir='ltr'><strong>de</strong></span> <span class='ocrx_word' id='word_1_564' title='bbox 2151 2581 2548 2637; x_wconf 88' lang='lat' dir='ltr'><strong>illuminatione</strong></span> <span class='ocrx_word' id='word_1_565' title='bbox 2578 2581 2740 2654; x_wconf 84' lang='lat'><strong>357</strong></span> <span class='ocrx_word' id='word_1_566' title='bbox 2774 2581 3023 2638; x_wconf 79' lang='lat' dir='ltr'><strong>videlicet</strong></span> <span class='ocrx_word' id='word_1_567' title='bbox 3068 2592 3122 2637; x_wconf 89' lang='lat' dir='ltr'><strong>et</strong></span> <span class='ocrx_word' id='word_1_568' title='bbox 3177 2585 3244 2640; x_wconf 89' lang='lat' dir='ltr'><strong>de</strong></span> <span class='ocrx_word' id='word_1_569' title='bbox 3281 2585 3363 2638; x_wconf 91' lang='lat' dir='ltr'><strong>in-</strong></span> 
     </span>
    </p>
   </div>
   <div class='ocr_carea' id='block_1_73' title="bbox 1774 2673 3360 2745">
    <p class='ocr_par' dir='ltr' id='par_1_73' title="bbox 1774 2673 3360 2745">
     <span class='ocr_line' id='line_1_73' title="bbox 1774 2673 3360 2745; baseline 0.006 -23"><span class='ocrx_word' id='word_1_570' title='bbox 1774 2673 2046 2738; x_wconf 86' lang='lat' dir='ltr'><strong>nocentia,</strong></span> <span class='ocrx_word' id='word_1_571' title='bbox 2099 2683 2154 2727; x_wconf 91' lang='lat' dir='ltr'><strong>et</strong></span> <span class='ocrx_word' id='word_1_572' title='bbox 2211 2673 2277 2729; x_wconf 89' lang='lat' dir='ltr'><strong>de</strong></span> <span class='ocrx_word' id='word_1_573' title='bbox 2325 2675 2559 2745; x_wconf 88' lang='lat' dir='ltr'><strong>justitia,</strong></span> <span class='ocrx_word' id='word_1_574' title='bbox 2607 2684 2662 2728; x_wconf 89' lang='lat' dir='ltr'><strong>et</strong></span> <span class='ocrx_word' id='word_1_575' title='bbox 2709 2675 2829 2728; x_wconf 90' lang='lat' dir='ltr'><strong>ideo</strong></span> <span class='ocrx_word' id='word_1_576' title='bbox 2882 2676 3021 2730; x_wconf 91' lang='lat' dir='ltr'><strong>bene</strong></span> <span class='ocrx_word' id='word_1_577' title='bbox 3075 2677 3195 2731; x_wconf 90' lang='lat' dir='ltr'><strong>dico</strong></span> <span class='ocrx_word' id='word_1_578' title='bbox 3248 2687 3360 2731; x_wconf 85' lang='lat' dir='ltr'><strong>tua.</strong></span> 
     </span>
    </p>
   </div>
   <div class='ocr_carea' id='block_1_74' title="bbox 1761 2745 3364 2836">
    <p class='ocr_par' dir='ltr' id='par_1_74' title="bbox 1761 2745 3364 2836">
     <span class='ocr_line' id='line_1_74' title="bbox 1761 2745 3364 2836; baseline 0.002 -18"><span class='ocrx_word' id='word_1_579' title='bbox 1761 2745 2020 2826; x_wconf 74' lang='lat' dir='ltr'><strong>Ostendit</strong></span> <span class='ocrx_word' id='word_1_580' title='bbox 2051 2765 2214 2835; x_wconf 83' lang='lat' dir='ltr'><strong>igitur</strong></span> <span class='ocrx_word' id='word_1_581' title='bbox 2258 2751 2425 2835; x_wconf 89' lang='lat' dir='ltr'><strong>quare</strong></span> <span class='ocrx_word' id='word_1_582' title='bbox 2473 2767 2587 2836; x_wconf 88' lang='lat' dir='ltr'><strong>ipse</strong></span> <span class='ocrx_word' id='word_1_583' title='bbox 2622 2766 2726 2820; x_wconf 88' lang='lat' dir='ltr'><strong>erit</strong></span> <span class='ocrx_word' id='word_1_584' title='bbox 2773 2764 2943 2835; x_wconf 83' lang='lat' dir='ltr'><strong>gloria</strong></span> <span class='ocrx_word' id='word_1_585' title='bbox 2983 2766 3187 2820; x_wconf 75' lang='lat' dir='ltr'><strong>virtutis</strong></span> <span class='ocrx_word' id='word_1_586' title='bbox 3222 2767 3364 2836; x_wconf 86' lang='lat' dir='ltr'><strong>ipso-</strong></span> 
     </span>
    </p>
   </div>
   <div class='ocr_carea' id='block_1_75' title="bbox 1774 2853 3363 2928">
    <p class='ocr_par' dir='ltr' id='par_1_75' title="bbox 1774 2853 3363 2928">
     <span class='ocr_line' id='line_1_75' title="bbox 1774 2853 3363 2928; baseline 0.003 -20"><span class='ocrx_word' id='word_1_587' title='bbox 1774 2871 1933 2923; x_wconf 79' lang='lat' dir='ltr'><strong>rum,</strong></span> <span class='ocrx_word' id='word_1_588' title='bbox 1991 2857 2331 2928; x_wconf 84' lang='lat' dir='ltr'><strong>adjnngendo</strong></span> <span class='ocrx_word' id='word_1_589' title='bbox 2363 2873 2421 2912; x_wconf 92' lang='lat' dir='ltr'><strong>se</strong></span> <span class='ocrx_word' id='word_1_590' title='bbox 2471 2873 2698 2912; x_wconf 88' lang='lat' dir='ltr'><strong>numero</strong></span> <span class='ocrx_word' id='word_1_591' title='bbox 2745 2873 2964 2922; x_wconf 89' lang='lat' dir='ltr'><strong>eorum,</strong></span> <span class='ocrx_word' id='word_1_592' title='bbox 2995 2872 3060 2912; x_wconf 93' lang='lat' dir='ltr'><strong>eo</strong></span> <span class='ocrx_word' id='word_1_593' title='bbox 3106 2853 3248 2928; x_wconf 82' lang='lat' dir='ltr'><strong>quod</strong></span> <span class='ocrx_word' id='word_1_594' title='bbox 3293 2859 3363 2914; x_wconf 86' lang='lat' dir='ltr'><strong>sit</strong></span> 
     </span>
    </p>
   </div>
   <div class='ocr_carea' id='block_1_76' title="bbox 1767 2945 3362 3016">
    <p class='ocr_par' dir='ltr' id='par_1_76' title="bbox 1767 2945 3362 3016">
     <span class='ocr_line' id='line_1_76' title="bbox 1767 2945 3362 3016; baseline 0.001 -18"><span class='ocrx_word' id='word_1_595' title='bbox 1767 2945 1878 3016; x_wconf 86' lang='lat' dir='ltr'><strong>jam</strong></span> <span class='ocrx_word' id='word_1_596' title='bbox 1921 2945 2022 3000; x_wconf 88' lang='lat' dir='ltr'><strong>fide</strong></span> <span class='ocrx_word' id='word_1_597' title='bbox 2065 2947 2148 2998; x_wconf 89' lang='lat' dir='ltr'><strong>vir</strong></span> <span class='ocrx_word' id='word_1_598' title='bbox 2197 2947 2320 3001; x_wconf 85' lang='lat' dir='ltr'><strong>novi</strong></span> <span class='ocrx_word' id='word_1_599' title='bbox 2371 2947 2704 3001; x_wconf 86' lang='lat' dir='ltr'><strong>testamenti.</strong></span> <span class='ocrx_word' id='word_1_600' title='bbox 2765 2945 2896 3001; x_wconf 92' lang='lat' dir='ltr'><strong>Dico</strong></span> <span class='ocrx_word' id='word_1_601' title='bbox 2951 2947 3092 3016; x_wconf 89' lang='lat' dir='ltr'><strong>quod</strong></span> <span class='ocrx_word' id='word_1_602' title='bbox 3149 2953 3204 3000; x_wconf 87' lang='lat' dir='ltr'><strong>tu</strong></span> <span class='ocrx_word' id='word_1_603' title='bbox 3252 2947 3362 3001; x_wconf 81' lang='lat' dir='ltr'><strong>eris</strong></span> 
     </span>
    </p>
   </div>
   <div class='ocr_carea' id='block_1_77' title="bbox 1698 3035 3362 3124">
    <p class='ocr_par' dir='ltr' id='par_1_77' title="bbox 1698 3035 3362 3124">
     <span class='ocr_line' id='line_1_77' title="bbox 1698 3035 3362 3124; baseline 0.002 -38"><span class='ocrx_word' id='word_1_604' title='bbox 1698 3066 1739 3124; x_wconf 63' lang='grc' dir='ltr'><strong>ρ</strong></span> <span class='ocrx_word' id='word_1_605' title='bbox 1773 3035 1940 3106; x_wconf 83' lang='lat' dir='ltr'><strong>gloria</strong></span> <span class='ocrx_word' id='word_1_606' title='bbox 1967 3037 2188 3100; x_wconf 81' lang='lat' dir='ltr'><strong>virtutis,</strong></span> <span class='ocrx_word' id='word_1_607' title='bbox 2213 3047 2260 3089; x_wconf 90' lang='lat' dir='ltr'><strong>et</strong></span> <span class='ocrx_word' id='word_1_608' title='bbox 2291 3037 2394 3093; x_wconf 90' lang='lat' dir='ltr'><strong>hoc</strong></span> <span class='ocrx_word' id='word_1_609' title='bbox 2447 3037 2586 3102; x_wconf 90' lang='lat' dir='ltr'><strong>ideo,</strong></span> <span class='ocrx_word' id='word_1_610' title='bbox 2619 3036 2743 3106; x_wconf 91' lang='lat' dir='ltr'><strong>quia</strong></span> <span class='ocrx_word' id='word_1_611' title='bbox 2778 3053 2881 3090; x_wconf 89' lang='lat' dir='ltr'><strong>non</strong></span> <span class='ocrx_word' id='word_1_612' title='bbox 2922 3037 2974 3090; x_wconf 89' lang='lat' dir='ltr'><strong>in</strong></span> <span class='ocrx_word' id='word_1_613' title='bbox 3009 3036 3180 3092; x_wconf 89' lang='lat' dir='ltr'><strong>libero</strong></span> <span class='ocrx_word' id='word_1_614' title='bbox 3216 3036 3362 3090; x_wconf 86' lang='lat' dir='ltr'><strong>arbi-</strong></span> 
     </span>
    </p>
   </div>
   <div class='ocr_carea' id='block_1_78' title="bbox 1775 3128 3361 3199">
    <p class='ocr_par' dir='ltr' id='par_1_78' title="bbox 1775 3128 3361 3199">
     <span class='ocr_line' id='line_1_78' title="bbox 1775 3128 3361 3199; baseline 0 -17"><span class='ocrx_word' id='word_1_615' title='bbox 1775 3129 1880 3183; x_wconf 89' lang='lat' dir='ltr'><strong>trio</strong></span> <span class='ocrx_word' id='word_1_616' title='bbox 1932 3139 2140 3196; x_wconf 88' lang='lat' dir='ltr'><strong>nostro,</strong></span> <span class='ocrx_word' id='word_1_617' title='bbox 2189 3129 2285 3184; x_wconf 87' lang='lat' dir='ltr'><strong>sed</strong></span> <span class='ocrx_word' id='word_1_618' title='bbox 2318 3130 2372 3183; x_wconf 84' lang='lat' dir='ltr'><strong>in</strong></span> <span class='ocrx_word' id='word_1_619' title='bbox 2407 3129 2724 3199; x_wconf 84' lang='lat' dir='ltr'><strong>beneplacilo</strong></span> <span class='ocrx_word' id='word_1_620' title='bbox 2755 3139 2864 3194; x_wconf 83' lang='lat' dir='ltr'><strong>tuo,</strong></span> <span class='ocrx_word' id='word_1_621' title='bbox 2898 3129 2949 3183; x_wconf 92' lang='lat' dir='ltr'><strong>id</strong></span> <span class='ocrx_word' id='word_1_622' title='bbox 2990 3138 3074 3184; x_wconf 88' lang='lat' dir='ltr'><strong>est</strong></span> <span class='ocrx_word' id='word_1_623' title='bbox 3123 3142 3219 3199; x_wconf 88' lang='lat' dir='ltr'><strong>per</strong></span> <span class='ocrx_word' id='word_1_624' title='bbox 3270 3128 3361 3182; x_wconf 86' lang='lat' dir='ltr'><strong>bc—</strong></span> 
     </span>
    </p>
   </div>
   <div class='ocr_carea' id='block_1_79' title="bbox 1773 3219 3360 3290">
    <p class='ocr_par' dir='ltr' id='par_1_79' title="bbox 1773 3219 3360 3290">
     <span class='ocr_line' id='line_1_79' title="bbox 1773 3219 3360 3290; baseline 0 -18"><span class='ocrx_word' id='word_1_625' title='bbox 1773 3220 2098 3290; x_wconf 84' lang='lat' dir='ltr'><strong>neplacitum</strong></span> <span class='ocrx_word' id='word_1_626' title='bbox 2141 3222 2328 3288; x_wconf 74' lang='lat' dir='ltr'><strong>gratia:</strong></span> <span class='ocrx_word' id='word_1_627' title='bbox 2377 3230 2479 3275; x_wconf 68' lang='lat' dir='ltr'><strong>tua:</strong></span> <span class='ocrx_word' id='word_1_628' title='bbox 2517 3219 2838 3274; x_wconf 72' lang='lat' dir='ltr'><strong>exaltabitur</strong></span> <span class='ocrx_word' id='word_1_629' title='bbox 2882 3237 3046 3275; x_wconf 88' lang='lat' dir='ltr'><strong>cornu</strong></span> <span class='ocrx_word' id='word_1_630' title='bbox 3098 3230 3360 3285; x_wconf 79' lang='lat' dir='ltr'><strong>nostrum,</strong></span> 
     </span>
    </p>
   </div>
   <div class='ocr_carea' id='block_1_80' title="bbox 1773 3311 3359 3384">
    <p class='ocr_par' dir='ltr' id='par_1_80' title="bbox 1773 3311 3359 3384">
     <span class='ocr_line' id='line_1_80' title="bbox 1773 3311 3359 3384; baseline 0.001 -19"><span class='ocrx_word' id='word_1_631' title='bbox 1773 3311 1826 3367; x_wconf 88' lang='lat' dir='ltr'><strong>id</strong></span> <span class='ocrx_word' id='word_1_632' title='bbox 1876 3323 1959 3368; x_wconf 92' lang='lat' dir='ltr'><strong>est</strong></span> <span class='ocrx_word' id='word_1_633' title='bbox 1987 3313 2366 3368; x_wconf 90' lang='lat' dir='ltr'><strong>sublimabitur</strong></span> <span class='ocrx_word' id='word_1_634' title='bbox 2396 3321 2448 3369; x_wconf 93' lang='lat' dir='ltr'><strong>et</strong></span> <span class='ocrx_word' id='word_1_635' title='bbox 2477 3313 2914 3384; x_wconf 85' lang='lat' dir='ltr'><strong>augmentabitur</strong></span> <span class='ocrx_word' id='word_1_636' title='bbox 2949 3313 3121 3368; x_wconf 87' lang='lat' dir='ltr'><strong>virtus</strong></span> <span class='ocrx_word' id='word_1_637' title='bbox 3151 3321 3359 3380; x_wconf 87' lang='lat' dir='ltr'><strong>nostra,</strong></span> 
     </span>
    </p>
   </div>
   <div class='ocr_carea' id='block_1_81' title="bbox 1769 3407 3363 3478">
    <p class='ocr_par' dir='ltr' id='par_1_81' title="bbox 1769 3407 3363 3478">
     <span class='ocr_line' id='line_1_81' title="bbox 1769 3407 3363 3478; baseline 0.002 -18"><span class='ocrx_word' id='word_1_638' title='bbox 1769 3425 1887 3478; x_wconf 82' lang='lat' dir='ltr'><strong>qua:</strong></span> <span class='ocrx_word' id='word_1_639' title='bbox 1935 3425 2098 3462; x_wconf 85' lang='lat' dir='ltr'><strong>cornu</strong></span> <span class='ocrx_word' id='word_1_640' title='bbox 2151 3408 2460 3474; x_wconf 88' lang='lat' dir='ltr'><strong>dicitur,eo</strong></span> <span class='ocrx_word' id='word_1_641' title='bbox 2499 3407 2643 3477; x_wconf 82' lang='lat' dir='ltr'><strong>quod</strong></span> <span class='ocrx_word' id='word_1_642' title='bbox 2694 3407 2761 3462; x_wconf 90' lang='lat' dir='ltr'><strong>ad</strong></span> <span class='ocrx_word' id='word_1_643' title='bbox 2804 3407 3022 3463; x_wconf 91' lang='lat' dir='ltr'><strong>modum</strong></span> <span class='ocrx_word' id='word_1_644' title='bbox 3071 3422 3240 3464; x_wconf 87' lang='lat' dir='ltr'><strong>cornu</strong></span> <span class='ocrx_word' id='word_1_645' title='bbox 3289 3408 3363 3465; x_wconf 86' lang='lat' dir='ltr'><strong>sit</strong></span> 
     </span>
    </p>
   </div>
   <div class='ocr_carea' id='block_1_82' title="bbox 1773 3497 2700 3562">
    <p class='ocr_par' dir='ltr' id='par_1_82' title="bbox 1773 3497 2700 3562">
     <span class='ocr_line' id='line_1_82' title="bbox 1773 3497 2700 3562; baseline -0.001 -11"><span class='ocrx_word' id='word_1_646' title='bbox 1773 3497 1952 3562; x_wconf 88' lang='lat' dir='ltr'><strong>firma,</strong></span> <span class='ocrx_word' id='word_1_647' title='bbox 1985 3497 2115 3551; x_wconf 90' lang='lat' dir='ltr'><strong>etin</strong></span> <span class='ocrx_word' id='word_1_648' title='bbox 2153 3498 2320 3551; x_wconf 87' lang='lat' dir='ltr'><strong>altum</strong></span> <span class='ocrx_word' id='word_1_649' title='bbox 2358 3511 2700 3551; x_wconf 83' lang='lat' dir='ltr'><strong>excrescens.</strong></span> 
     </span>
    </p>
   </div>
   <div class='ocr_carea' id='block_1_83' title="bbox 1841 3587 3362 3662">
    <p class='ocr_par' dir='ltr' id='par_1_83' title="bbox 1841 3587 3362 3662">
     <span class='ocr_line' id='line_1_83' title="bbox 1841 3587 3362 3662; baseline -0.001 -18"><span class='ocrx_word' id='word_1_650' title='bbox 1841 3591 2070 3645; x_wconf 87' lang='lat' dir='ltr'><strong>Ostensa</strong></span> <span class='ocrx_word' id='word_1_651' title='bbox 2119 3588 2522 3654; x_wconf 89' lang='lat' dir='ltr'><strong>benedictione,</strong></span> <span class='ocrx_word' id='word_1_652' title='bbox 2577 3603 2738 3658; x_wconf 91' lang='lat' dir='ltr'><strong>quam</strong></span> <span class='ocrx_word' id='word_1_653' title='bbox 2775 3589 2997 3645; x_wconf 87' lang='lat' dir='ltr'><strong>habebit</strong></span> <span class='ocrx_word' id='word_1_654' title='bbox 3035 3587 3362 3662; x_wconf 80' lang='lat' dir='ltr'><strong>populusju—</strong></span> 
     </span>
    </p>
   </div>
   <div class='ocr_carea' id='block_1_84' title="bbox 1772 3680 3361 3752">
    <p class='ocr_par' dir='ltr' id='par_1_84' title="bbox 1772 3680 3361 3752">
     <span class='ocr_line' id='line_1_84' title="bbox 1772 3680 3361 3752; baseline 0.002 -17"><span class='ocrx_word' id='word_1_655' title='bbox 1772 3681 1945 3736; x_wconf 83' lang='lat' dir='ltr'><strong>bilans</strong></span> <span class='ocrx_word' id='word_1_656' title='bbox 1977 3682 2326 3752; x_wconf 75' lang='lat' dir='ltr'><strong>iupraescnti,</strong></span> <span class='ocrx_word' id='word_1_657' title='bbox 2374 3682 2521 3736; x_wconf 90' lang='lat' dir='ltr'><strong>illam</strong></span> <span class='ocrx_word' id='word_1_658' title='bbox 2570 3695 2786 3752; x_wconf 91' lang='lat' dir='ltr'><strong>quoque</strong></span> <span class='ocrx_word' id='word_1_659' title='bbox 2830 3681 2896 3736; x_wconf 91' lang='lat' dir='ltr'><strong>de</strong></span> <span class='ocrx_word' id='word_1_660' title='bbox 2932 3680 3114 3736; x_wconf 90' lang='lat' dir='ltr'><strong>futuro</strong></span> <span class='ocrx_word' id='word_1_661' title='bbox 3155 3682 3234 3737; x_wconf 91' lang='lat' dir='ltr'><strong>sic</strong></span> <span class='ocrx_word' id='word_1_662' title='bbox 3278 3697 3361 3738; x_wconf 89' lang='lat' dir='ltr'><strong>os-</strong></span> 
     </span>
    </p>
   </div>
   <div class='ocr_carea' id='block_1_85' title="bbox 1775 3775 3362 3848">
    <p class='ocr_par' dir='ltr' id='par_1_85' title="bbox 1775 3775 3362 3848">
     <span class='ocr_line' id='line_1_85' title="bbox 1775 3775 3362 3848; baseline -0.001 -16"><span class='ocrx_word' id='word_1_663' title='bbox 1775 3778 1968 3832; x_wconf 88' lang='lat' dir='ltr'><strong>tendit.</strong></span> <span class='ocrx_word' id='word_1_664' title='bbox 2011 3779 2140 3832; x_wconf 81' lang='lat' dir='ltr'><strong>Dico</strong></span> <span class='ocrx_word' id='word_1_665' title='bbox 2164 3778 2305 3848; x_wconf 91' lang='lat' dir='ltr'><strong>quod</strong></span> <span class='ocrx_word' id='word_1_666' title='bbox 2329 3777 2508 3831; x_wconf 84' lang='lat' dir='ltr'><strong>beatus</strong></span> <span class='ocrx_word' id='word_1_667' title='bbox 2543 3777 2646 3831; x_wconf 90' lang='lat' dir='ltr'><strong>erit</strong></span> <span class='ocrx_word' id='word_1_668' title='bbox 2678 3777 2728 3830; x_wconf 93' lang='lat' dir='ltr'><strong>in</strong></span> <span class='ocrx_word' id='word_1_669' title='bbox 2773 3775 2954 3832; x_wconf 87' lang='lat' dir='ltr'><strong>futuro</strong></span> <span class='ocrx_word' id='word_1_670' title='bbox 2999 3778 3225 3848; x_wconf 78' lang='lat' dir='ltr'><strong>populus</strong></span> <span class='ocrx_word' id='word_1_671' title='bbox 3271 3777 3362 3847; x_wconf 87' lang='lat' dir='ltr'><strong>qui</strong></span> 
     </span>
    </p>
   </div>
   <div class='ocr_carea' id='block_1_86' title="bbox 1769 3867 3362 3944">
    <p class='ocr_par' dir='ltr' id='par_1_86' title="bbox 1769 3867 3362 3944">
     <span class='ocr_line' id='line_1_86' title="bbox 1769 3867 3362 3944; baseline -0.001 -22"><span class='ocrx_word' id='word_1_672' title='bbox 1769 3872 1865 3922; x_wconf 85' lang='lat' dir='ltr'><strong>scil</strong></span> <span class='ocrx_word' id='word_1_673' title='bbox 1885 3869 2278 3938; x_wconf 82' lang='lat' dir='ltr'><strong>jubilatiouem,</strong></span> <span class='ocrx_word' id='word_1_674' title='bbox 2304 3877 2360 3922; x_wconf 89' lang='lat' dir='ltr'><strong>et</strong></span> <span class='ocrx_word' id='word_1_675' title='bbox 2382 3883 2507 3923; x_wconf 90' lang='lat' dir='ltr'><strong>vere</strong></span> <span class='ocrx_word' id='word_1_676' title='bbox 2555 3867 2698 3924; x_wconf 80' lang='lat' dir='ltr'><strong>beati</strong></span> <span class='ocrx_word' id='word_1_677' title='bbox 2729 3867 2954 3933; x_wconf 90' lang='lat' dir='ltr'><strong>erimus,</strong></span> <span class='ocrx_word' id='word_1_678' title='bbox 2981 3877 3036 3923; x_wconf 91' lang='lat' dir='ltr'><strong>et</strong></span> <span class='ocrx_word' id='word_1_679' title='bbox 3086 3883 3186 3922; x_wconf 90' lang='lat' dir='ltr'><strong>nos</strong></span> <span class='ocrx_word' id='word_1_680' title='bbox 3212 3867 3362 3944; x_wconf 83' lang='lat' dir='ltr'><strong>scili-</strong></span> 
     </span>
    </p>
   </div>
   <div class='ocr_carea' id='block_1_87' title="bbox 1770 3957 3363 4032">
    <p class='ocr_par' dir='ltr' id='par_1_87' title="bbox 1770 3957 3363 4032">
     <span class='ocr_line' id='line_1_87' title="bbox 1770 3957 3363 4032; baseline -0.001 -16"><span class='ocrx_word' id='word_1_681' title='bbox 1770 3971 1856 4016; x_wconf 88' lang='lat' dir='ltr'><strong>cet</strong></span> <span class='ocrx_word' id='word_1_682' title='bbox 1890 3970 2038 4018; x_wconf 87' lang='lat' dir='ltr'><strong>tanto</strong></span> <span class='ocrx_word' id='word_1_683' title='bbox 2077 3971 2205 4016; x_wconf 87' lang='lat' dir='ltr'><strong>ante</strong></span> <span class='ocrx_word' id='word_1_684' title='bbox 2251 3973 2492 4032; x_wconf 89' lang='lat' dir='ltr'><strong>tempore</strong></span> <span class='ocrx_word' id='word_1_685' title='bbox 2528 3959 2996 4030; x_wconf 84' lang='lat' dir='ltr'><strong>existentes,jam</strong></span> <span class='ocrx_word' id='word_1_686' title='bbox 3035 3969 3214 4016; x_wconf 89' lang='lat' dir='ltr'><strong>tamen</strong></span> <span class='ocrx_word' id='word_1_687' title='bbox 3257 3957 3363 4015; x_wconf 83' lang='lat' dir='ltr'><strong>ﬁde</strong></span> 
     </span>
    </p>
   </div>
   <div class='ocr_carea' id='block_1_88' title="bbox 1769 4051 3359 4125">
    <p class='ocr_par' dir='ltr' id='par_1_88' title="bbox 1769 4051 3359 4125">
     <span class='ocr_line' id='line_1_88' title="bbox 1769 4051 3359 4125; baseline -0.004 -16"><span class='ocrx_word' id='word_1_688' title='bbox 1769 4054 1968 4125; x_wconf 82' lang='lat' dir='ltr'><strong>pepulo</strong></span> <span class='ocrx_word' id='word_1_689' title='bbox 1997 4055 2069 4110; x_wconf 92' lang='lat' dir='ltr'><strong>illi</strong></span> <span class='ocrx_word' id='word_1_690' title='bbox 2097 4055 2422 4120; x_wconf 90' lang='lat' dir='ltr'><strong>conformes,</strong></span> <span class='ocrx_word' id='word_1_691' title='bbox 2465 4062 2521 4111; x_wconf 90' lang='lat' dir='ltr'><strong>et</strong></span> <span class='ocrx_word' id='word_1_692' title='bbox 2556 4054 2697 4110; x_wconf 88' lang='lat' dir='ltr'><strong>idem</strong></span> <span class='ocrx_word' id='word_1_693' title='bbox 2721 4053 2950 4124; x_wconf 89' lang='lat' dir='ltr'><strong>populus</strong></span> <span class='ocrx_word' id='word_1_694' title='bbox 2973 4051 3202 4118; x_wconf 89' lang='lat' dir='ltr'><strong>futurus,</strong></span> <span class='ocrx_word' id='word_1_695' title='bbox 3234 4051 3359 4122; x_wconf 83' lang='lat' dir='ltr'><strong>quia</strong></span> 
     </span>
    </p>
   </div>
   <div class='ocr_carea' id='block_1_89' title="bbox 1770 4143 3359 4220">
    <p class='ocr_par' dir='ltr' id='par_1_89' title="bbox 1770 4143 3359 4220">
     <span class='ocr_line' id='line_1_89' title="bbox 1770 4143 3359 4220; baseline -0.004 -19"><span class='ocrx_word' id='word_1_696' title='bbox 1770 4149 2057 4220; x_wconf 81' lang='lat' dir='ltr'><strong>assumptio</strong></span> <span class='ocrx_word' id='word_1_697' title='bbox 2100 4159 2280 4203; x_wconf 82' lang='lat' dir='ltr'><strong>nostra</strong></span> <span class='ocrx_word' id='word_1_698' title='bbox 2315 4157 2410 4212; x_wconf 82' lang='lat' dir='ltr'><strong>est,</strong></span> <span class='ocrx_word' id='word_1_699' title='bbox 2453 4147 2505 4202; x_wconf 89' lang='lat' dir='ltr'><strong>id</strong></span> <span class='ocrx_word' id='word_1_700' title='bbox 2547 4155 2633 4202; x_wconf 89' lang='lat' dir='ltr'><strong>est</strong></span> <span class='ocrx_word' id='word_1_701' title='bbox 2673 4145 2778 4202; x_wconf 92' lang='lat' dir='ltr'><strong>erit</strong></span> <span class='ocrx_word' id='word_1_702' title='bbox 2802 4143 3055 4208; x_wconf 82' lang='lat' dir='ltr'><strong>Domini;</strong></span> <span class='ocrx_word' id='word_1_703' title='bbox 3101 4143 3244 4212; x_wconf 89' lang='lat' dir='ltr'><strong>quod</strong></span> <span class='ocrx_word' id='word_1_704' title='bbox 3274 4148 3359 4195; x_wconf 83' lang='lat' dir='ltr'><strong>est</strong></span> 
     </span>
    </p>
   </div>
   <div class='ocr_carea' id='block_1_90' title="bbox 1768 4231 3359 4305">
    <p class='ocr_par' dir='ltr' id='par_1_90' title="bbox 1768 4231 3359 4305">
     <span class='ocr_line' id='line_1_90' title="bbox 1768 4231 3359 4305; baseline -0.003 -14"><span class='ocrx_word' id='word_1_705' title='bbox 1768 4236 1949 4293; x_wconf 88' lang='lat' dir='ltr'><strong>dicere</strong></span> <span class='ocrx_word' id='word_1_706' title='bbox 1976 4252 1990 4292; x_wconf 90' lang='lat'><strong>:</strong></span> <span class='ocrx_word' id='word_1_707' title='bbox 2015 4239 2150 4305; x_wconf 83' lang='lat' dir='ltr'><strong>Quia</strong></span> <span class='ocrx_word' id='word_1_708' title='bbox 2179 4238 2436 4294; x_wconf 91' lang='lat' dir='ltr'><strong>Dominus</strong></span> <span class='ocrx_word' id='word_1_709' title='bbox 2461 4245 2702 4292; x_wconf 87' lang='lat' dir='ltr'><strong>assumet</strong></span> <span class='ocrx_word' id='word_1_710' title='bbox 2731 4250 2828 4289; x_wconf 89' lang='lat' dir='ltr'><strong>nos</strong></span> <span class='ocrx_word' id='word_1_711' title='bbox 2857 4234 2923 4287; x_wconf 87' lang='lat' dir='ltr'><strong>de</strong></span> <span class='ocrx_word' id='word_1_712' title='bbox 2947 4231 3276 4288; x_wconf 89' lang='lat' dir='ltr'><strong>mortalitate</strong></span> <span class='ocrx_word' id='word_1_713' title='bbox 3305 4240 3359 4286; x_wconf 91' lang='lat' dir='ltr'><strong>et</strong></span> 
     </span>
    </p>
   </div>
   <div class='ocr_carea' id='block_1_91' title="bbox 1767 4323 3355 4398">
    <p class='ocr_par' dir='ltr' id='par_1_91' title="bbox 1767 4323 3355 4398">
     <span class='ocr_line' id='line_1_91' title="bbox 1767 4323 3355 4398; baseline -0.003 -18"><span class='ocrx_word' id='word_1_714' title='bbox 1767 4329 2129 4398; x_wconf 83' lang='lat' dir='ltr'><strong>passibilitate</strong></span> <span class='ocrx_word' id='word_1_715' title='bbox 2161 4330 2214 4383; x_wconf 93' lang='lat' dir='ltr'><strong>in</strong></span> <span class='ocrx_word' id='word_1_716' title='bbox 2250 4329 2500 4394; x_wconf 90' lang='lat' dir='ltr'><strong>salutem,</strong></span> <span class='ocrx_word' id='word_1_717' title='bbox 2539 4338 2586 4381; x_wconf 87' lang='lat' dir='ltr'><strong>et</strong></span> <span class='ocrx_word' id='word_1_718' title='bbox 2617 4326 2786 4381; x_wconf 84' lang='lat' dir='ltr'><strong>sancti</strong></span> <span class='ocrx_word' id='word_1_719' title='bbox 2810 4323 2980 4379; x_wconf 84' lang='lat' dir='ltr'><strong>Israel</strong></span> <span class='ocrx_word' id='word_1_720' title='bbox 3007 4324 3144 4393; x_wconf 87' lang='lat' dir='ltr'><strong>regis</strong></span> <span class='ocrx_word' id='word_1_721' title='bbox 3171 4323 3355 4387; x_wconf 85' lang='lat' dir='ltr'><strong>nostri,</strong></span> 
     </span>
    </p>
   </div>
   <div class='ocr_carea' id='block_1_92' title="bbox 134 4404 3355 4490">
    <p class='ocr_par' dir='ltr' id='par_1_92' title="bbox 134 4404 3355 4490">
     <span class='ocr_line' id='line_1_92' title="bbox 134 4404 3355 4490; baseline 0.004 -38"><span class='ocrx_word' id='word_1_722' title='bbox 134 4404 357 4490; x_wconf 74' lang='lat' dir='ltr'><strong>restituit,</strong></span> <span class='ocrx_word' id='word_1_723' title='bbox 407 4417 610 4470; x_wconf 85' lang='lat' dir='ltr'><strong>veritas</strong></span> <span class='ocrx_word' id='word_1_724' title='bbox 655 4423 836 4470; x_wconf 88' lang='lat' dir='ltr'><strong>autem</strong></span> <span class='ocrx_word' id='word_1_725' title='bbox 893 4430 1014 4469; x_wconf 90' lang='lat' dir='ltr'><strong>cum</strong></span> <span class='ocrx_word' id='word_1_726' title='bbox 1071 4414 1214 4484; x_wconf 78' lang='lat' dir='ltr'><strong>ipsos</strong></span> <span class='ocrx_word' id='word_1_727' title='bbox 1261 4413 1438 4484; x_wconf 89' lang='lat' dir='ltr'><strong>jnstos</strong></span> <span class='ocrx_word' id='word_1_728' title='bbox 1491 4413 1664 4484; x_wconf 80' lang='lat' dir='ltr'><strong>magis</strong></span> <span class='ocrx_word' id='word_1_729' title='bbox 1697 4435 1740 4490; x_wconf 79' lang='grc' dir='ltr'><strong>ι)</strong></span> <span class='ocrx_word' id='word_1_730' title='bbox 1770 4419 1820 4474; x_wconf 88' lang='lat' dir='ltr'><strong>id</strong></span> <span class='ocrx_word' id='word_1_731' title='bbox 1847 4428 1931 4474; x_wconf 90' lang='lat' dir='ltr'><strong>est</strong></span> <span class='ocrx_word' id='word_1_732' title='bbox 1959 4419 2100 4474; x_wconf 88' lang='lat' dir='ltr'><strong>illius</strong></span> <span class='ocrx_word' id='word_1_733' title='bbox 2129 4419 2340 4474; x_wconf 90' lang='lat' dir='ltr'><strong>Domini</strong></span> <span class='ocrx_word' id='word_1_734' title='bbox 2368 4419 2471 4474; x_wconf 90' lang='lat' dir='ltr'><strong>erit</strong></span> <span class='ocrx_word' id='word_1_735' title='bbox 2497 4419 2794 4487; x_wconf 90' lang='lat' dir='ltr'><strong>assumptio</strong></span> <span class='ocrx_word' id='word_1_736' title='bbox 2826 4423 3041 4480; x_wconf 88' lang='lat' dir='ltr'><strong>nostra,</strong></span> <span class='ocrx_word' id='word_1_737' title='bbox 3089 4415 3179 4484; x_wconf 89' lang='lat' dir='ltr'><strong>qui</strong></span> <span class='ocrx_word' id='word_1_738' title='bbox 3224 4429 3355 4468; x_wconf 91' lang='lat' dir='ltr'><strong>san-</strong></span> 
     </span>
    </p>
   </div>
   <div class='ocr_carea' id='block_1_93' title="bbox 127 4485 1664 4575">
    <p class='ocr_par' dir='ltr' id='par_1_93' title="bbox 127 4485 1664 4575">
     <span class='ocr_line' id='line_1_93' title="bbox 127 4485 1664 4575; baseline 0.008 -32"><span class='ocrx_word' id='word_1_739' title='bbox 127 4485 342 4554; x_wconf 74' lang='lat' dir='ltr'><strong>justilicat</strong></span> <span class='ocrx_word' id='word_1_740' title='bbox 367 4503 503 4560; x_wconf 86' lang='lat' dir='ltr'><strong>sicut</strong></span> <span class='ocrx_word' id='word_1_741' title='bbox 526 4507 796 4575; x_wconf 87' lang='lat' dir='ltr'><strong>promisit,</strong></span> <span class='ocrx_word' id='word_1_742' title='bbox 826 4506 908 4560; x_wconf 83' lang='lat' dir='ltr'><strong>vel</strong></span> <span class='ocrx_word' id='word_1_743' title='bbox 933 4506 1013 4560; x_wconf 88' lang='lat' dir='ltr'><strong>sic</strong></span> <span class='ocrx_word' id='word_1_744' title='bbox 1039 4523 1052 4558; x_wconf 90' lang='lat'>:</span> <span class='ocrx_word' id='word_1_745' title='bbox 1081 4505 1301 4559; x_wconf 73' lang='lat' dir='ltr'><strong>Iustitia</strong></span> <span class='ocrx_word' id='word_1_746' title='bbox 1331 4514 1376 4558; x_wconf 84' lang='lat' dir='ltr'><strong>et</strong></span> <span class='ocrx_word' id='word_1_747' title='bbox 1399 4504 1664 4574; x_wconf 76' lang='lat' dir='ltr'><strong>judicium</strong></span> 
     </span>
    </p>
   </div>
   <div class='ocr_carea' id='block_1_94' title="bbox 132 4581 1668 4678">
    <p class='ocr_par' dir='ltr' id='par_1_94' title="bbox 132 4581 1668 4678">
     <span class='ocr_line' id='line_1_94' title="bbox 132 4581 1668 4678; baseline 0.003 -38"><span class='ocrx_word' id='word_1_748' title='bbox 132 4581 211 4678; x_wconf 50' lang='grc' dir='ltr'><strong>ςτίῐ</strong></span> <span class='ocrx_word' id='word_1_749' title='bbox 238 4597 538 4659; x_wconf 77' lang='lat' dir='ltr'><strong>prwparatio</strong></span> <span class='ocrx_word' id='word_1_750' title='bbox 573 4597 711 4650; x_wconf 86' lang='lat' dir='ltr'><strong>sedis</strong></span> <span class='ocrx_word' id='word_1_751' title='bbox 739 4606 842 4650; x_wconf 73' lang='lat' dir='ltr'><strong>tua:</strong></span> <span class='ocrx_word' id='word_1_752' title='bbox 885 4595 937 4649; x_wconf 89' lang='lat' dir='ltr'><strong>in</strong></span> <span class='ocrx_word' id='word_1_753' title='bbox 968 4595 1102 4666; x_wconf 90' lang='lat' dir='ltr'><strong>ipsis</strong></span> <span class='ocrx_word' id='word_1_754' title='bbox 1132 4594 1304 4660; x_wconf 84' lang='lat' dir='ltr'><strong>cmlis,</strong></span> <span class='ocrx_word' id='word_1_755' title='bbox 1338 4593 1545 4647; x_wconf 89' lang='lat' dir='ltr'><strong>scilicet</strong></span> <span class='ocrx_word' id='word_1_756' title='bbox 1572 4605 1668 4662; x_wconf 91' lang='lat' dir='ltr'><strong>per</strong></span> 
     </span>
    </p>
   </div>
   <div class='ocr_carea' id='block_1_95' title="bbox 130 4679 1668 4764">
    <p class='ocr_par' dir='ltr' id='par_1_95' title="bbox 130 4679 1668 4764">
     <span class='ocr_line' id='line_1_95' title="bbox 130 4679 1668 4764; baseline 0.012 -39"><span class='ocrx_word' id='word_1_757' title='bbox 130 4679 350 4764; x_wconf 71' lang='lat' dir='ltr'><strong>justitiam</strong></span> <span class='ocrx_word' id='word_1_758' title='bbox 378 4692 716 4762; x_wconf 88' lang='lat' dir='ltr'><strong>etjudicium</strong></span> <span class='ocrx_word' id='word_1_759' title='bbox 767 4695 976 4764; x_wconf 89' lang='lat' dir='ltr'><strong>seipsos</strong></span> <span class='ocrx_word' id='word_1_760' title='bbox 1017 4693 1114 4749; x_wconf 91' lang='lat' dir='ltr'><strong>tibi</strong></span> <span class='ocrx_word' id='word_1_761' title='bbox 1162 4693 1345 4748; x_wconf 89' lang='lat' dir='ltr'><strong>sedem</strong></span> <span class='ocrx_word' id='word_1_762' title='bbox 1399 4705 1668 4761; x_wconf 64' lang='lat' dir='ltr'><strong>prmpara-</strong></span> 
     </span>
    </p>
   </div>
   <div class='ocr_carea' id='block_1_96' title="bbox 135 4761 1667 4842">
    <p class='ocr_par' dir='ltr' id='par_1_96' title="bbox 135 4761 1667 4842">
     <span class='ocr_line' id='line_1_96' title="bbox 135 4761 1667 4842; baseline -0.001 -6"><span class='ocrx_word' id='word_1_763' title='bbox 135 4761 254 4837; x_wconf 64' lang='lat' dir='ltr'><strong>bum.</strong></span> <span class='ocrx_word' id='word_1_764' title='bbox 280 4787 328 4832; x_wconf 87' lang='lat' dir='ltr'><strong>et</strong></span> <span class='ocrx_word' id='word_1_765' title='bbox 351 4761 521 4840; x_wconf 89' lang='lat' dir='ltr'><strong>eidem</strong></span> <span class='ocrx_word' id='word_1_766' title='bbox 553 4786 672 4841; x_wconf 65' lang='grc' dir='ltr'><strong>εαξιί</strong></span> <span class='ocrx_word' id='word_1_767' title='bbox 702 4787 999 4842; x_wconf 81' lang='lat' dir='ltr'><strong>existentes</strong></span> <span class='ocrx_word' id='word_1_768' title='bbox 1019 4785 1379 4840; x_wconf 79' lang='lat' dir='ltr'><strong>misericordia</strong></span> <span class='ocrx_word' id='word_1_769' title='bbox 1401 4794 1448 4838; x_wconf 84' lang='lat' dir='ltr'><strong>et</strong></span> <span class='ocrx_word' id='word_1_770' title='bbox 1478 4783 1667 4838; x_wconf 81' lang='lat' dir='ltr'><strong>veritas</strong></span> 
     </span>
    </p>
   </div>
   <div class='ocr_carea' id='block_1_97' title="bbox 135 4870 1669 4954">
    <p class='ocr_par' dir='ltr' id='par_1_97' title="bbox 135 4870 1669 4954">
     <span class='ocr_line' id='line_1_97' title="bbox 135 4870 1669 4954; baseline -0.01 -10"><span class='ocrx_word' id='word_1_771' title='bbox 233 4871 508 4940; x_wconf 79' lang='lat' dir='ltr'><strong>emPhasim</strong></span> <span class='ocrx_word' id='word_1_772' title='bbox 536 4918 550 4944; x_wconf 90' lang='lat'><strong>,</strong></span> <span class='ocrx_word' id='word_1_773' title='bbox 587 4879 878 4949; x_wconf 76' lang='lat' dir='ltr'><strong>prwcedent</strong></span> <span class='ocrx_word' id='word_1_774' title='bbox 919 4879 1110 4947; x_wconf 78' lang='lat' dir='ltr'><strong>facient</strong></span> <span class='ocrx_word' id='word_1_775' title='bbox 1153 4888 1299 4932; x_wconf 89' lang='lat' dir='ltr'><strong>tuam</strong></span> <span class='ocrx_word' id='word_1_776' title='bbox 1342 4877 1395 4932; x_wconf 91' lang='lat' dir='ltr'><strong>in</strong></span> <span class='ocrx_word' id='word_1_777' title='bbox 1437 4876 1580 4943; x_wconf 87' lang='lat' dir='ltr'><strong>aliis,</strong></span> <span class='ocrx_word' id='word_1_778' title='bbox 1610 4886 1669 4930; x_wconf 89' lang='grc' dir='ltr'><strong>ιιι</strong></span> 
     </span>
    </p>
   </div>
   <div class='ocr_carea' id='block_1_98' title="bbox 134 4947 1670 5047">
    <p class='ocr_par' dir='ltr' id='par_1_98' title="bbox 134 4947 1670 5047">
     <span class='ocr_line' id='line_1_98' title="bbox 134 4947 1670 5047; baseline 0.002 -29"><span class='ocrx_word' id='word_1_779' title='bbox 134 4947 225 5047; x_wconf 45' lang='lat' dir='ltr'><strong>uilis</strong></span> <span class='ocrx_word' id='word_1_780' title='bbox 251 4961 417 5018; x_wconf 81' lang='lat' dir='ltr'><strong>sedem</strong></span> <span class='ocrx_word' id='word_1_781' title='bbox 451 4947 596 5023; x_wconf 84' lang='lat' dir='ltr'><strong>tuam</strong></span> <span class='ocrx_word' id='word_1_782' title='bbox 633 4968 853 5025; x_wconf 83' lang='lat' dir='ltr'><strong>faciant.</strong></span> <span class='ocrx_word' id='word_1_783' title='bbox 882 4970 1012 5024; x_wconf 93' lang='lat' dir='ltr'><strong>Dico</strong></span> <span class='ocrx_word' id='word_1_784' title='bbox 1038 4973 1180 5040; x_wconf 88' lang='lat' dir='ltr'><strong>quod</strong></span> <span class='ocrx_word' id='word_1_785' title='bbox 1207 4979 1283 5025; x_wconf 88' lang='lat' dir='ltr'><strong>tot</strong></span> <span class='ocrx_word' id='word_1_786' title='bbox 1311 4969 1484 5024; x_wconf 90' lang='lat' dir='ltr'><strong>modis</strong></span> <span class='ocrx_word' id='word_1_787' title='bbox 1509 4977 1670 5023; x_wconf 89' lang='lat' dir='ltr'><strong>erunt</strong></span> 
     </span>
    </p>
   </div>
   <div class='ocr_carea' id='block_1_99' title="bbox 137 5040 1670 5132">
    <p class='ocr_par' dir='ltr' id='par_1_99' title="bbox 137 5040 1670 5132">
     <span class='ocr_line' id='line_1_99' title="bbox 137 5040 1670 5132; baseline 0.007 -29"><span class='ocrx_word' id='word_1_788' title='bbox 137 5040 209 5132; x_wconf 55' lang='lat' dir='ltr'><strong>iibi</strong></span> <span class='ocrx_word' id='word_1_789' title='bbox 227 5047 492 5116; x_wconf 86' lang='lat' dir='ltr'><strong>dissimiles</strong></span> <span class='ocrx_word' id='word_1_790' title='bbox 526 5062 680 5127; x_wconf 65' lang='grc' dir='ltr'><strong>εαξη,</strong></span> <span class='ocrx_word' id='word_1_791' title='bbox 714 5063 952 5129; x_wconf 85' lang='lat' dir='ltr'><strong>Christe,</strong></span> <span class='ocrx_word' id='word_1_792' title='bbox 990 5064 1040 5117; x_wconf 90' lang='lat' dir='ltr'><strong>id</strong></span> <span class='ocrx_word' id='word_1_793' title='bbox 1061 5072 1142 5117; x_wconf 86' lang='lat' dir='ltr'><strong>est</strong></span> <span class='ocrx_word' id='word_1_794' title='bbox 1173 5064 1353 5117; x_wconf 82' lang='lat' dir='ltr'><strong>beatus</strong></span> <span class='ocrx_word' id='word_1_795' title='bbox 1377 5061 1482 5115; x_wconf 89' lang='lat' dir='ltr'><strong>erit</strong></span> <span class='ocrx_word' id='word_1_796' title='bbox 1510 5078 1670 5132; x_wconf 84' lang='lat' dir='ltr'><strong>popu-</strong></span> 
     </span>
    </p>
   </div>
   <div class='ocr_carea' id='block_1_100' title="bbox 135 5126 1668 5231">
    <p class='ocr_par' dir='ltr' id='par_1_100' title="bbox 135 5126 1668 5231">
     <span class='ocr_line' id='line_1_100' title="bbox 135 5126 1668 5231; baseline 0.005 -32"><span class='ocrx_word' id='word_1_797' title='bbox 135 5126 196 5231; x_wconf 52' lang='lat' dir='ltr'><strong>li}:</strong></span> <span class='ocrx_word' id='word_1_798' title='bbox 220 5141 298 5231; x_wconf 60' lang='lat' dir='ltr'><strong>cui</strong></span> <span class='ocrx_word' id='word_1_799' title='bbox 333 5150 422 5204; x_wconf 80' lang='lat' dir='ltr'><strong>scit</strong></span> <span class='ocrx_word' id='word_1_800' title='bbox 440 5193 456 5218; x_wconf 88' lang='lat'><strong>,</strong></span> <span class='ocrx_word' id='word_1_801' title='bbox 484 5154 533 5208; x_wconf 92' lang='lat' dir='ltr'><strong>id</strong></span> <span class='ocrx_word' id='word_1_802' title='bbox 563 5154 774 5223; x_wconf 87' lang='lat' dir='ltr'><strong>estqui</strong></span> <span class='ocrx_word' id='word_1_803' title='bbox 804 5126 947 5210; x_wconf 78' lang='lat' dir='ltr'><strong>sciet</strong></span> <span class='ocrx_word' id='word_1_804' title='bbox 960 5154 1334 5225; x_wconf 84' lang='lat' dir='ltr'><strong>jubilationem</strong></span> <span class='ocrx_word' id='word_1_805' title='bbox 1369 5126 1531 5222; x_wconf 78' lang='lat' dir='ltr'><strong>hujus</strong></span> <span class='ocrx_word' id='word_1_806' title='bbox 1559 5126 1668 5207; x_wconf 85' lang='lat' dir='ltr'><strong>dis-</strong></span> 
     </span>
    </p>
   </div>
   <div class='ocr_carea' id='block_1_101' title="bbox 140 5227 1670 5316">
    <p class='ocr_par' dir='ltr' id='par_1_101' title="bbox 140 5227 1670 5316">
     <span class='ocr_line' id='line_1_101' title="bbox 140 5227 1670 5316; baseline 0.019 -42"><span class='ocrx_word' id='word_1_807' title='bbox 140 5227 475 5316; x_wconf 60' lang='lat' dir='ltr'><strong>similitudinis,</strong></span> <span class='ocrx_word' id='word_1_808' title='bbox 510 5247 720 5302; x_wconf 74' lang='lat' dir='ltr'><strong>scilicet</strong></span> <span class='ocrx_word' id='word_1_809' title='bbox 746 5247 836 5315; x_wconf 87' lang='lat' dir='ltr'><strong>qni</strong></span> <span class='ocrx_word' id='word_1_810' title='bbox 884 5244 1308 5314; x_wconf 86' lang='lat' dir='ltr'><strong>scietjubilare,</strong></span> <span class='ocrx_word' id='word_1_811' title='bbox 1345 5243 1670 5312; x_wconf 78' lang='lat' dir='ltr'><strong>etjubilobil</strong></span> 
     </span>
    </p>
   </div>
   <div class='ocr_carea' id='block_1_102' title="bbox 141 5321 1668 5414">
    <p class='ocr_par' dir='ltr' id='par_1_102' title="bbox 141 5321 1668 5414">
     <span class='ocr_line' id='line_1_102' title="bbox 141 5321 1668 5414; baseline 0.013 -44"><span class='ocrx_word' id='word_1_812' title='bbox 141 5321 540 5414; x_wconf 53' lang='lat' dir='ltr'><strong>iitlrriorijubilo,</strong></span> <span class='ocrx_word' id='word_1_813' title='bbox 566 5338 634 5390; x_wconf 91' lang='lat' dir='ltr'><strong>de</strong></span> <span class='ocrx_word' id='word_1_814' title='bbox 672 5337 772 5391; x_wconf 91' lang='lat' dir='ltr'><strong>hoc</strong></span> <span class='ocrx_word' id='word_1_815' title='bbox 803 5337 944 5406; x_wconf 89' lang='lat' dir='ltr'><strong>quod</strong></span> <span class='ocrx_word' id='word_1_816' title='bbox 980 5347 1160 5391; x_wconf 88' lang='lat' dir='ltr'><strong>tantus</strong></span> <span class='ocrx_word' id='word_1_817' title='bbox 1183 5337 1292 5390; x_wconf 87' lang='lat' dir='ltr'><strong>eris</strong></span> <span class='ocrx_word' id='word_1_818' title='bbox 1321 5338 1465 5405; x_wconf 81' lang='lat' dir='ltr'><strong>quod</strong></span> <span class='ocrx_word' id='word_1_819' title='bbox 1491 5335 1668 5390; x_wconf 90' lang='lat' dir='ltr'><strong>nullus</strong></span> 
     </span>
    </p>
   </div>
   <div class='ocr_carea' id='block_1_103' title="bbox 143 5403 1668 5504">
    <p class='ocr_par' dir='ltr' id='par_1_103' title="bbox 143 5403 1668 5504">
     <span class='ocr_line' id='line_1_103' title="bbox 143 5403 1668 5504; baseline 0.001 -27"><span class='ocrx_word' id='word_1_820' title='bbox 143 5403 213 5504; x_wconf 40' lang='lat' dir='ltr'><strong>“iii</strong></span> <span class='ocrx_word' id='word_1_821' title='bbox 242 5421 414 5477; x_wconf 72' lang='lat' dir='ltr'><strong>Polerit</strong></span> <span class='ocrx_word' id='word_1_822' title='bbox 456 5427 766 5482; x_wconf 87' lang='lat' dir='ltr'><strong>assimilari.</strong></span> <span class='ocrx_word' id='word_1_823' title='bbox 798 5427 909 5482; x_wconf 86' lang='lat' dir='ltr'><strong>Hoc</strong></span> <span class='ocrx_word' id='word_1_824' title='bbox 953 5439 1133 5482; x_wconf 90' lang='lat' dir='ltr'><strong>autem</strong></span> <span class='ocrx_word' id='word_1_825' title='bbox 1162 5426 1297 5481; x_wconf 85' lang='lat' dir='ltr'><strong>bene</strong></span> <span class='ocrx_word' id='word_1_826' title='bbox 1329 5426 1562 5495; x_wconf 87' lang='lat' dir='ltr'><strong>pertinet</strong></span> <span class='ocrx_word' id='word_1_827' title='bbox 1602 5425 1668 5480; x_wconf 88' lang='lat' dir='ltr'><strong>ad</strong></span> 
     </span>
    </p>
   </div>
   <div class='ocr_carea' id='block_1_104' title="bbox 143 5503 1667 5582">
    <p class='ocr_par' dir='ltr' id='par_1_104' title="bbox 143 5503 1667 5582">
     <span class='ocr_line' id='line_1_104' title="bbox 143 5503 1667 5582; baseline 0.007 -22"><span class='ocrx_word' id='word_1_828' title='bbox 143 5503 440 5582; x_wconf 61' lang='lat' dir='ltr'><strong>P&#39;N&#39;Cipalem</strong></span> <span class='ocrx_word' id='word_1_829' title='bbox 469 5518 844 5582; x_wconf 88' lang='lat' dir='ltr'><strong>intentionem,</strong></span> <span class='ocrx_word' id='word_1_830' title='bbox 879 5519 1086 5574; x_wconf 84' lang='lat' dir='ltr'><strong>scilicet</strong></span> <span class='ocrx_word' id='word_1_831' title='bbox 1118 5519 1182 5572; x_wconf 89' lang='lat' dir='ltr'><strong>ad</strong></span> <span class='ocrx_word' id='word_1_832' title='bbox 1231 5519 1320 5572; x_wconf 89' lang='lat' dir='ltr'><strong>Dei</strong></span> <span class='ocrx_word' id='word_1_833' title='bbox 1352 5518 1582 5574; x_wconf 86' lang='lat' dir='ltr'><strong>laudem.</strong></span> <span class='ocrx_word' id='word_1_834' title='bbox 1611 5517 1667 5572; x_wconf 89' lang='lat' dir='ltr'><strong>In</strong></span> 
     </span>
    </p>
   </div>
   <div class='ocr_carea' id='block_1_105' title="bbox 145 5578 1666 5690">
    <p class='ocr_par' dir='ltr' id='par_1_105' title="bbox 145 5578 1666 5690">
     <span class='ocr_line' id='line_1_105' title="bbox 145 5578 1666 5690; baseline 0.022 -40"><span class='ocrx_word' id='word_1_835' title='bbox 240 5597 362 5690; x_wconf 53' lang='lat' dir='ltr'><strong>finim</strong></span> <span class='ocrx_word' id='word_1_836' title='bbox 384 5618 496 5662; x_wconf 90' lang='lat' dir='ltr'><strong>eum</strong></span> <span class='ocrx_word' id='word_1_837' title='bbox 519 5611 673 5665; x_wconf 88' lang='lat' dir='ltr'><strong>valde</strong></span> <span class='ocrx_word' id='word_1_838' title='bbox 703 5611 1078 5674; x_wconf 72' lang='lat' dir='ltr'><strong>commendat,</strong></span> <span class='ocrx_word' id='word_1_839' title='bbox 1107 5613 1248 5680; x_wconf 81' lang='lat' dir='ltr'><strong>quod</strong></span> <span class='ocrx_word' id='word_1_840' title='bbox 1293 5611 1542 5680; x_wconf 73' lang='grc' dir='ltr'>ιιθρυῐιιιιι</span> <span class='ocrx_word' id='word_1_841' title='bbox 1579 5611 1666 5680; x_wconf 64' lang='lat' dir='ltr'><strong>(Illi</strong></span> 
     </span>
    </p>
   </div>
   <div class='ocr_carea' id='block_1_106' title="bbox 147 5667 1667 5774">
    <p class='ocr_par' dir='ltr' id='par_1_106' title="bbox 147 5667 1667 5774">
     <span class='ocr_line' id='line_1_106' title="bbox 147 5667 1667 5774; baseline 0.004 -25"><span class='ocrx_word' id='word_1_842' title='bbox 147 5667 196 5726; x_wconf 66' lang='lat' dir='ltr'><strong>de</strong></span> <span class='ocrx_word' id='word_1_843' title='bbox 218 5680 312 5749; x_wconf 71' lang='lat' dir='ltr'><strong>eills</strong></span> <span class='ocrx_word' id='word_1_844' title='bbox 337 5689 726 5770; x_wconf 87' lang='lat' dir='ltr'><strong>incomparabili</strong></span> <span class='ocrx_word' id='word_1_845' title='bbox 753 5703 1084 5760; x_wconf 88' lang='lat' dir='ltr'><strong>sublimitate</strong></span> <span class='ocrx_word' id='word_1_846' title='bbox 1101 5701 1429 5774; x_wconf 74' lang='lat' dir='ltr'><strong>jubiiaveriz,</strong></span> <span class='ocrx_word' id='word_1_847' title='bbox 1455 5703 1667 5758; x_wconf 86' lang='lat' dir='ltr'><strong>beatum</strong></span> 
     </span>
    </p>
   </div>
   <div class='ocr_carea' id='block_1_107' title="bbox 1767 4502 3358 4576">
    <p class='ocr_par' dir='ltr' id='par_1_107' title="bbox 1767 4502 3358 4576">
     <span class='ocr_line' id='line_1_107' title="bbox 1767 4502 3358 4576; baseline -0.004 -12"><span class='ocrx_word' id='word_1_848' title='bbox 1767 4519 1886 4565; x_wconf 89' lang='lat' dir='ltr'><strong>ctus</strong></span> <span class='ocrx_word' id='word_1_849' title='bbox 1909 4511 2044 4576; x_wconf 91' lang='lat' dir='ltr'><strong>erit,</strong></span> <span class='ocrx_word' id='word_1_850' title='bbox 2081 4509 2134 4564; x_wconf 91' lang='lat' dir='ltr'><strong>id</strong></span> <span class='ocrx_word' id='word_1_851' title='bbox 2165 4519 2248 4566; x_wconf 88' lang='lat' dir='ltr'><strong>est</strong></span> <span class='ocrx_word' id='word_1_852' title='bbox 2293 4508 2722 4564; x_wconf 90' lang='lat' dir='ltr'><strong>autonomastice</strong></span> <span class='ocrx_word' id='word_1_853' title='bbox 2775 4516 2998 4562; x_wconf 92' lang='lat' dir='ltr'><strong>sanctus</strong></span> <span class='ocrx_word' id='word_1_854' title='bbox 3041 4505 3184 4560; x_wconf 85' lang='lat' dir='ltr'><strong>inter</strong></span> <span class='ocrx_word' id='word_1_855' title='bbox 3239 4502 3358 4558; x_wconf 82' lang='lat' dir='ltr'><strong>illos</strong></span> 
     </span>
    </p>
   </div>
   <div class='ocr_carea' id='block_1_108' title="bbox 1769 4593 3359 4671">
    <p class='ocr_par' dir='ltr' id='par_1_108' title="bbox 1769 4593 3359 4671">
     <span class='ocr_line' id='line_1_108' title="bbox 1769 4593 3359 4671; baseline -0.004 -17"><span class='ocrx_word' id='word_1_856' title='bbox 1769 4601 1860 4671; x_wconf 90' lang='lat' dir='ltr'><strong>qui</strong></span> <span class='ocrx_word' id='word_1_857' title='bbox 1893 4613 2056 4656; x_wconf 89' lang='lat' dir='ltr'><strong>erunt</strong></span> <span class='ocrx_word' id='word_1_858' title='bbox 2088 4599 2276 4665; x_wconf 88' lang='lat' dir='ltr'><strong>Israel,</strong></span> <span class='ocrx_word' id='word_1_859' title='bbox 2308 4609 2362 4654; x_wconf 89' lang='lat' dir='ltr'><strong>et</strong></span> <span class='ocrx_word' id='word_1_860' title='bbox 2396 4599 2831 4654; x_wconf 86' lang='lat' dir='ltr'><strong>sanctiltcaturus</strong></span> <span class='ocrx_word' id='word_1_861' title='bbox 2857 4612 2950 4652; x_wconf 91' lang='lat' dir='ltr'><strong>eos</strong></span> <span class='ocrx_word' id='word_1_862' title='bbox 2980 4596 3070 4667; x_wconf 89' lang='lat' dir='ltr'><strong>qui</strong></span> <span class='ocrx_word' id='word_1_863' title='bbox 3096 4601 3256 4651; x_wconf 89' lang='lat' dir='ltr'><strong>erunt</strong></span> <span class='ocrx_word' id='word_1_864' title='bbox 3283 4593 3359 4649; x_wconf 86' lang='lat' dir='ltr'><strong>ls-</strong></span> 
     </span>
    </p>
   </div>
   <div class='ocr_carea' id='block_1_109' title="bbox 1771 4689 3359 4764">
    <p class='ocr_par' dir='ltr' id='par_1_109' title="bbox 1771 4689 3359 4764">
     <span class='ocr_line' id='line_1_109' title="bbox 1771 4689 3359 4764; baseline -0.003 -18"><span class='ocrx_word' id='word_1_865' title='bbox 1771 4693 1904 4759; x_wconf 90' lang='lat' dir='ltr'><strong>rael,</strong></span> <span class='ocrx_word' id='word_1_866' title='bbox 1944 4703 1993 4748; x_wconf 91' lang='lat' dir='ltr'><strong>el</strong></span> <span class='ocrx_word' id='word_1_867' title='bbox 2029 4693 2117 4764; x_wconf 92' lang='lat' dir='ltr'><strong>qui</strong></span> <span class='ocrx_word' id='word_1_868' title='bbox 2151 4708 2246 4748; x_wconf 83' lang='lat' dir='ltr'><strong>rex</strong></span> <span class='ocrx_word' id='word_1_869' title='bbox 2276 4702 2460 4747; x_wconf 90' lang='lat' dir='ltr'><strong>noster</strong></span> <span class='ocrx_word' id='word_1_870' title='bbox 2488 4692 2617 4756; x_wconf 91' lang='lat' dir='ltr'><strong>erit,</strong></span> <span class='ocrx_word' id='word_1_871' title='bbox 2655 4707 2718 4746; x_wconf 91' lang='lat' dir='ltr'><strong>ac</strong></span> <span class='ocrx_word' id='word_1_872' title='bbox 2749 4691 2793 4747; x_wconf 91' lang='lat' dir='ltr'><strong>si</strong></span> <span class='ocrx_word' id='word_1_873' title='bbox 2823 4691 3004 4746; x_wconf 91' lang='lat' dir='ltr'><strong>dicat:</strong></span> <span class='ocrx_word' id='word_1_874' title='bbox 3036 4691 3233 4746; x_wconf 83' lang='lat' dir='ltr'><strong>Potens</strong></span> <span class='ocrx_word' id='word_1_875' title='bbox 3254 4689 3359 4762; x_wconf 86' lang='lat' dir='ltr'><strong>erit</strong></span> 
     </span>
    </p>
   </div>
   <div class='ocr_carea' id='block_1_110' title="bbox 1769 4781 3360 4853">
    <p class='ocr_par' dir='ltr' id='par_1_110' title="bbox 1769 4781 3360 4853">
     <span class='ocr_line' id='line_1_110' title="bbox 1769 4781 3360 4853; baseline -0.001 -16"><span class='ocrx_word' id='word_1_876' title='bbox 1769 4800 1868 4840; x_wconf 88' lang='lat' dir='ltr'><strong>nos</strong></span> <span class='ocrx_word' id='word_1_877' title='bbox 1908 4797 2203 4850; x_wconf 88' lang='lat' dir='ltr'><strong>assumere,</strong></span> <span class='ocrx_word' id='word_1_878' title='bbox 2255 4782 2378 4853; x_wconf 89' lang='lat' dir='ltr'><strong>quia</strong></span> <span class='ocrx_word' id='word_1_879' title='bbox 2416 4791 2634 4838; x_wconf 89' lang='lat' dir='ltr'><strong>sanctus</strong></span> <span class='ocrx_word' id='word_1_880' title='bbox 2684 4781 2851 4838; x_wconf 91' lang='lat' dir='ltr'><strong>lsrael</strong></span> <span class='ocrx_word' id='word_1_881' title='bbox 2890 4783 2994 4838; x_wconf 90' lang='lat' dir='ltr'><strong>erit</strong></span> <span class='ocrx_word' id='word_1_882' title='bbox 3047 4791 3102 4838; x_wconf 93' lang='lat' dir='ltr'><strong>et</strong></span> <span class='ocrx_word' id='word_1_883' title='bbox 3138 4798 3229 4837; x_wconf 80' lang='lat' dir='ltr'><strong>rex</strong></span> <span class='ocrx_word' id='word_1_884' title='bbox 3263 4795 3360 4836; x_wconf 91' lang='lat' dir='ltr'><strong>no-</strong></span> 
     </span>
    </p>
   </div>
   <div class='ocr_carea' id='block_1_111' title="bbox 1769 4883 1902 4928">
    <p class='ocr_par' dir='ltr' id='par_1_111' title="bbox 1769 4883 1902 4928">
     <span class='ocr_line' id='line_1_111' title="bbox 1769 4883 1902 4928; baseline -0.015 0"><span class='ocrx_word' id='word_1_885' title='bbox 1769 4883 1902 4928; x_wconf 77' lang='lat' dir='ltr'><strong>SICI‘.</strong></span> 
     </span>
    </p>
   </div>
   <div class='ocr_carea' id='block_1_112' title="bbox 1839 4959 3355 5036">
    <p class='ocr_par' dir='ltr' id='par_1_112' title="bbox 1839 4959 3355 5036">
     <span class='ocr_line' id='line_1_112' title="bbox 1839 4959 3355 5036; baseline -0.005 -15"><span class='ocrx_word' id='word_1_886' title='bbox 1839 4965 2129 5036; x_wconf 84' lang='lat' dir='ltr'><strong>Postquam</strong></span> <span class='ocrx_word' id='word_1_887' title='bbox 2184 4964 2456 5034; x_wconf 83' lang='lat' dir='ltr'><strong>Propheta</strong></span> <span class='ocrx_word' id='word_1_888' title='bbox 2493 4977 2558 5018; x_wconf 85' lang='lat' dir='ltr'><strong>ex</strong></span> <span class='ocrx_word' id='word_1_889' title='bbox 2602 4973 2826 5032; x_wconf 88' lang='lat' dir='ltr'><strong>paterna</strong></span> <span class='ocrx_word' id='word_1_890' title='bbox 2879 4963 3200 5018; x_wconf 89' lang='lat' dir='ltr'><strong>auctoritate</strong></span> <span class='ocrx_word' id='word_1_891' title='bbox 3252 4959 3355 5015; x_wconf 92' lang='lat' dir='ltr'><strong>sibi</strong></span> 
     </span>
    </p>
   </div>
   <div class='ocr_carea' id='block_1_113' title="bbox 1772 5053 3352 5126">
    <p class='ocr_par' dir='ltr' id='par_1_113' title="bbox 1772 5053 3352 5126">
     <span class='ocr_line' id='line_1_113' title="bbox 1772 5053 3352 5126; baseline -0.002 -18"><span class='ocrx_word' id='word_1_892' title='bbox 1772 5055 1997 5110; x_wconf 89' lang='lat' dir='ltr'><strong>interius</strong></span> <span class='ocrx_word' id='word_1_893' title='bbox 2044 5067 2260 5126; x_wconf 86' lang='lat' dir='ltr'><strong>agente,</strong></span> <span class='ocrx_word' id='word_1_894' title='bbox 2309 5053 2574 5108; x_wconf 88' lang='lat' dir='ltr'><strong>beneficia</strong></span> <span class='ocrx_word' id='word_1_895' title='bbox 2637 5069 2732 5123; x_wconf 89' lang='lat' dir='ltr'><strong>per</strong></span> <span class='ocrx_word' id='word_1_896' title='bbox 2783 5053 3059 5108; x_wconf 89' lang='lat' dir='ltr'><strong>Christum</strong></span> <span class='ocrx_word' id='word_1_897' title='bbox 3111 5054 3352 5107; x_wconf 89' lang='lat' dir='ltr'><strong>lmmano</strong></span> 
     </span>
    </p>
   </div>
   <div class='ocr_carea' id='block_1_114' title="bbox 1770 5143 3356 5216">
    <p class='ocr_par' dir='ltr' id='par_1_114' title="bbox 1770 5143 3356 5216">
     <span class='ocr_line' id='line_1_114' title="bbox 1770 5143 3356 5216; baseline -0.001 -19"><span class='ocrx_word' id='word_1_898' title='bbox 1770 5147 1951 5216; x_wconf 83' lang='lat' dir='ltr'><strong>generi</strong></span> <span class='ocrx_word' id='word_1_899' title='bbox 1976 5145 2299 5202; x_wconf 89' lang='lat' dir='ltr'><strong>conferenda</strong></span> <span class='ocrx_word' id='word_1_900' title='bbox 2345 5145 2587 5200; x_wconf 73' lang='lat' dir='ltr'><strong>breviter</strong></span> <span class='ocrx_word' id='word_1_901' title='bbox 2616 5145 2874 5213; x_wconf 67' lang='lat' dir='ltr'><strong>ostendit,</strong></span> <span class='ocrx_word' id='word_1_902' title='bbox 2905 5157 2956 5200; x_wconf 91' lang='lat' dir='ltr'><strong>et</strong></span> <span class='ocrx_word' id='word_1_903' title='bbox 2985 5159 3047 5200; x_wconf 90' lang='lat' dir='ltr'><strong>ea</strong></span> <span class='ocrx_word' id='word_1_904' title='bbox 3073 5143 3356 5199; x_wconf 89' lang='lat' dir='ltr'><strong>occasione</strong></span> 
     </span>
    </p>
   </div>
   <div class='ocr_carea' id='block_1_115' title="bbox 1770 5236 3356 5308">
    <p class='ocr_par' dir='ltr' id='par_1_115' title="bbox 1770 5236 3356 5308">
     <span class='ocr_line' id='line_1_115' title="bbox 1770 5236 3356 5308; baseline 0.001 -16"><span class='ocrx_word' id='word_1_905' title='bbox 1770 5241 1958 5294; x_wconf 87' lang='lat' dir='ltr'><strong>eadem</strong></span> <span class='ocrx_word' id='word_1_906' title='bbox 1993 5240 2252 5294; x_wconf 71' lang='lat' dir='ltr'><strong>beneficia</strong></span> <span class='ocrx_word' id='word_1_907' title='bbox 2298 5239 2350 5291; x_wconf 93' lang='lat' dir='ltr'><strong>in</strong></span> <span class='ocrx_word' id='word_1_908' title='bbox 2381 5253 2478 5292; x_wconf 90' lang='lat' dir='ltr'><strong>sua</strong></span> <span class='ocrx_word' id='word_1_909' title='bbox 2525 5252 2755 5308; x_wconf 88' lang='lat' dir='ltr'><strong>persona</strong></span> <span class='ocrx_word' id='word_1_910' title='bbox 2806 5237 3037 5307; x_wconf 87' lang='lat' dir='ltr'><strong>agendo,</strong></span> <span class='ocrx_word' id='word_1_911' title='bbox 3092 5236 3356 5307; x_wconf 80' lang='lat' dir='ltr'><strong>prolixius</strong></span> 
     </span>
    </p>
   </div>
   <div class='ocr_carea' id='block_1_116' title="bbox 1769 5327 3354 5403">
    <p class='ocr_par' dir='ltr' id='par_1_116' title="bbox 1769 5327 3354 5403">
     <span class='ocr_line' id='line_1_116' title="bbox 1769 5327 3354 5403; baseline -0.004 -15"><span class='ocrx_word' id='word_1_912' title='bbox 1769 5333 2120 5403; x_wconf 81' lang='lat' dir='ltr'><strong>pertractavit</strong></span> <span class='ocrx_word' id='word_1_913' title='bbox 2149 5371 2163 5394; x_wconf 87' lang='lat'><strong>,</strong></span> <span class='ocrx_word' id='word_1_914' title='bbox 2191 5347 2256 5385; x_wconf 92' lang='lat' dir='ltr'><strong>ne</strong></span> <span class='ocrx_word' id='word_1_915' title='bbox 2288 5329 2538 5384; x_wconf 85' lang='lat' dir='ltr'><strong>fictilium</strong></span> <span class='ocrx_word' id='word_1_916' title='bbox 2567 5329 2905 5397; x_wconf 86' lang='lat' dir='ltr'><strong>judicaretur</strong></span> <span class='ocrx_word' id='word_1_917' title='bbox 2929 5327 3070 5398; x_wconf 89' lang='lat' dir='ltr'><strong>quod</strong></span> <span class='ocrx_word' id='word_1_918' title='bbox 3102 5328 3214 5386; x_wconf 70' lang='lat' dir='ltr'><strong>haec</strong></span> <span class='ocrx_word' id='word_1_919' title='bbox 3243 5327 3354 5383; x_wconf 87' lang='lat' dir='ltr'><strong>Pa-</strong></span> 
     </span>
    </p>
   </div>
   <div class='ocr_carea' id='block_1_117' title="bbox 1774 5417 3355 5489">
    <p class='ocr_par' dir='ltr' id='par_1_117' title="bbox 1774 5417 3355 5489">
     <span class='ocr_line' id='line_1_117' title="bbox 1774 5417 3355 5489; baseline -0.003 -12"><span class='ocrx_word' id='word_1_920' title='bbox 1774 5434 1912 5478; x_wconf 87' lang='lat' dir='ltr'><strong>trem</strong></span> <span class='ocrx_word' id='word_1_921' title='bbox 1965 5423 2064 5478; x_wconf 85' lang='lat' dir='ltr'><strong>sibi</strong></span> <span class='ocrx_word' id='word_1_922' title='bbox 2104 5421 2332 5476; x_wconf 90' lang='lat' dir='ltr'><strong>interius</strong></span> <span class='ocrx_word' id='word_1_923' title='bbox 2367 5419 2512 5489; x_wconf 91' lang='lat' dir='ltr'><strong>loqui</strong></span> <span class='ocrx_word' id='word_1_924' title='bbox 2569 5427 2798 5474; x_wconf 86' lang='lat' dir='ltr'><strong>testatus</strong></span> <span class='ocrx_word' id='word_1_925' title='bbox 2835 5427 2936 5483; x_wconf 90' lang='lat' dir='ltr'><strong>est,</strong></span> <span class='ocrx_word' id='word_1_926' title='bbox 2993 5417 3218 5472; x_wconf 85' lang='lat' dir='ltr'><strong>aliorum</strong></span> <span class='ocrx_word' id='word_1_927' title='bbox 3251 5419 3355 5472; x_wconf 87' lang='lat' dir='ltr'><strong>hoc</strong></span> 
     </span>
    </p>
   </div>
   <div class='ocr_carea' id='block_1_118' title="bbox 1771 5507 3353 5577">
    <p class='ocr_par' dir='ltr' id='par_1_118' title="bbox 1771 5507 3353 5577">
     <span class='ocr_line' id='line_1_118' title="bbox 1771 5507 3353 5577; baseline -0.004 -10"><span class='ocrx_word' id='word_1_928' title='bbox 1771 5513 2092 5567; x_wconf 85' lang='lat' dir='ltr'><strong>auctoritate</strong></span> <span class='ocrx_word' id='word_1_929' title='bbox 2109 5513 2444 5573; x_wconf 82' lang='lat' dir='ltr'><strong>corroborat,</strong></span> <span class='ocrx_word' id='word_1_930' title='bbox 2465 5507 2649 5561; x_wconf 86' lang='lat' dir='ltr'><strong>dicens</strong></span> <span class='ocrx_word' id='word_1_931' title='bbox 2672 5507 2886 5562; x_wconf 87' lang='lat' dir='ltr'><strong>Patrem</strong></span> <span class='ocrx_word' id='word_1_932' title='bbox 2906 5507 3005 5562; x_wconf 93' lang='lat' dir='ltr'><strong>hoc</strong></span> <span class='ocrx_word' id='word_1_933' title='bbox 3025 5507 3193 5577; x_wconf 89' lang='lat' dir='ltr'><strong>ipsum</strong></span> <span class='ocrx_word' id='word_1_934' title='bbox 3213 5507 3353 5577; x_wconf 88' lang='lat' dir='ltr'><strong>quod</strong></span> 
     </span>
    </p>
   </div>
   <div class='ocr_carea' id='block_1_119' title="bbox 1773 5599 3352 5669">
    <p class='ocr_par' dir='ltr' id='par_1_119' title="bbox 1773 5599 3352 5669">
     <span class='ocr_line' id='line_1_119' title="bbox 1773 5599 3352 5669; baseline -0.005 -10"><span class='ocrx_word' id='word_1_935' title='bbox 1773 5605 1873 5659; x_wconf 89' lang='lat' dir='ltr'><strong>sibi</strong></span> <span class='ocrx_word' id='word_1_936' title='bbox 1902 5604 2058 5669; x_wconf 83' lang='lat' dir='ltr'><strong>dixit,</strong></span> <span class='ocrx_word' id='word_1_937' title='bbox 2090 5603 2208 5658; x_wconf 91' lang='lat' dir='ltr'><strong>aliis</strong></span> <span class='ocrx_word' id='word_1_938' title='bbox 2253 5603 2419 5656; x_wconf 89' lang='lat' dir='ltr'><strong>etiam</strong></span> <span class='ocrx_word' id='word_1_939' title='bbox 2471 5599 2675 5654; x_wconf 90' lang='lat' dir='ltr'><strong>sanctis</strong></span> <span class='ocrx_word' id='word_1_940' title='bbox 2705 5599 2757 5652; x_wconf 91' lang='lat' dir='ltr'><strong>in</strong></span> <span class='ocrx_word' id='word_1_941' title='bbox 2791 5599 3002 5653; x_wconf 86' lang='lat' dir='ltr'><strong>visione</strong></span> <span class='ocrx_word' id='word_1_942' title='bbox 3049 5599 3269 5663; x_wconf 77' lang='lat' dir='ltr'><strong>dixisse,</strong></span> <span class='ocrx_word' id='word_1_943' title='bbox 3300 5606 3352 5651; x_wconf 86' lang='lat' dir='ltr'><strong>ct</strong></span> 
     </span>
    </p>
   </div>
   <div class='ocr_carea' id='block_1_120' title="bbox 1775 5694 3355 5768">
    <p class='ocr_par' dir='ltr' id='par_1_120' title="bbox 1775 5694 3355 5768">
     <span class='ocr_line' id='line_1_120' title="bbox 1775 5694 3355 5768; baseline -0.006 -11"><span class='ocrx_word' id='word_1_944' title='bbox 1775 5703 1884 5762; x_wconf 86' lang='lat' dir='ltr'><strong>hoc</strong></span> <span class='ocrx_word' id='word_1_945' title='bbox 1910 5701 2071 5756; x_wconf 87' lang='lat' dir='ltr'><strong>etiam</strong></span> <span class='ocrx_word' id='word_1_946' title='bbox 2103 5699 2154 5754; x_wconf 91' lang='lat' dir='ltr'><strong>iu</strong></span> <span class='ocrx_word' id='word_1_947' title='bbox 2185 5713 2280 5754; x_wconf 90' lang='lat' dir='ltr'><strong>suo</strong></span> <span class='ocrx_word' id='word_1_948' title='bbox 2307 5706 2552 5768; x_wconf 86' lang='lat' dir='ltr'><strong>tempore</strong></span> <span class='ocrx_word' id='word_1_949' title='bbox 2599 5705 2656 5752; x_wconf 90' lang='lat' dir='ltr'><strong>ut</strong></span> <span class='ocrx_word' id='word_1_950' title='bbox 2708 5696 2877 5766; x_wconf 74' lang='lat' dir='ltr'><strong>magis</strong></span> <span class='ocrx_word' id='word_1_951' title='bbox 2925 5694 3241 5758; x_wconf 84' lang='lat' dir='ltr'><strong>auctorizct,</strong></span> <span class='ocrx_word' id='word_1_952' title='bbox 3287 5709 3355 5748; x_wconf 89' lang='lat' dir='ltr'><strong>ne</strong></span> 
     </span>
    </p>
   </div>
   <div class='ocr_carea' id='block_1_121' title="bbox 3828 4655 3832 5490">
    <p class='ocr_par' dir='ltr' id='par_1_121' title="bbox 3828 4697 3831 5438">
     <span class='ocr_line' id='line_1_121' title="bbox 3829 4697 3831 4726; baseline 0 0"><span class='ocrx_word' id='word_1_953' title='bbox 3829 4697 3831 4726; x_wconf 96' lang='grc' dir='ltr'><strong>Ι</strong></span> 
     </span>
     <span class='ocr_line' id='line_1_122' title="bbox 3829 4951 3831 5002; baseline 0 -10"><span class='ocrx_word' id='word_1_954' title='bbox 3829 4951 3831 5002; x_wconf 69' lang='grc' dir='ltr'><strong>ε</strong></span> 
     </span>
     <span class='ocr_line' id='line_1_123' title="bbox 3828 5085 3831 5222; baseline 0 -6"><span class='ocrx_word' id='word_1_955' title='bbox 3828 5085 3831 5222; x_wconf 73' lang='grc' dir='ltr'><em>ἓ</em></span> 
     </span>
     <span class='ocr_line' id='line_1_124' title="bbox 3829 5247 3831 5276; baseline 0 0"><span class='ocrx_word' id='word_1_956' title='bbox 3829 5247 3831 5276; x_wconf 98' lang='lat'><strong><em>|</em></strong></span> 
     </span>
     <span class='ocr_line' id='line_1_125' title="bbox 3829 5409 3831 5438; baseline 0 0"><span class='ocrx_word' id='word_1_957' title='bbox 3829 5409 3831 5438; x_wconf 96' lang='grc' dir='ltr'><strong>Ι</strong></span> 
     </span>
    </p>
   </div>
  </div>
