3840 6338
534 323 661 376 ΠΗ

1060 320 1117 375 S.
1159 320 1505 378 BRUNONIS
1542 320 2195 378 CARTllUSIANORUM-
2228 321 2709 379 lNS'l‘lTUTOlllS
2761 321 2910 378 OPP.
2952 323 3127 380 PARS
3162 324 3203 380 ἰ.

3603 332 3717 385 ΙΙΙ]

527 436 709 491 ceteri
734 435 1007 506 propheta:
1030 435 1118 505 qui
1170 445 1290 505 post
1319 450 1441 489 eum
1502 434 1736 499 luerunt,
1786 436 2100 489 viderentur
2127 450 2174 505 Α
2203 434 2399 488 dicitur
2438 435 2693 504 iniquitas
2725 451 2820 505 per
2868 439 3316 503 antonomasiam,
3346 452 3405 493 eo
3432 442 3560 509 quod
3595 446 3719 514 origo

530 528 672 582 istud
696 523 763 581 ab'
788 528 901 597 ipso
930 526 1224 594 accepisse,
1259 536 1312 581 et
1342 542 1443 580 non
1471 527 1537 580 ab
1563 542 1627 580 co
1651 526 1919 580 habuisse.
1977 524 2103 578 Plu-

530 617 618 672 rc's
645 619 788 671 enim
818 619 1093 687 prophetae
1123 617 1436 687 lcgunturin
1468 628 1705 686 tempore
1728 616 1891 670 David
1914 614 2096 678 fuisse,

529 711 666 764 sicut
698 710 907 763 Nathan
932 718 984 764 et
1019 708 1236 763 Samuel
1269 719 1322 762 et
1352 710 1553 763 czcteri.
1586 707 1880 762 lntroducit
1935 708 2098 761 etiam

527 802 701 869 ipsum
733 801 946 854 Patrem
977 800 1105 870 ipsis
1140 800 1339 854 sanctis
1370 799 1674 869 loquentem
1717 800 1978 853 eteadem
2008 799 2100 853 bc-

527 893 721 948 neficia
753 908 870 962 qua:
892 892 992 947 sibi
1022 891 1173 955 dixit,
1204 892 1282 946 eis
1306 890 1502 960 largius
1523 900 1948 959 expromentem.
1983 888 2098 943 Hoc

530 997 662 1035 vero
692 982 769 1036 sic
819 984 1120 1051 adoptatur.
1180 980 1330 1045 Dico,
1358 996 1389 1035 o
1428 981 1569 1035 Deus
1621 980 1801 1044 Pater,
1845 980 2096 1049 quoniam

525 1071 707 1124 dixiin
729 1071 858 1125 mibi
910 1070 1153 1136 interius,
1186 1071 1325 1140 quod
1353 1071 1710 1124 misericordia
1749 1070 2099 1135 (edi/imbitur

525 1163 580 1215 in
608 1161 769 1226 ccelis,
802 1170 904 1215 etc.
932 1161 996 1214 Et
1021 1169 1143 1215 tunc
1170 1163 1384 1231 quando
1410 1160 1538 1214 mihi
1563 1160 1741 1214 dixisti
1773 1160 1874 1213 hoc
1896 1159 2097 1213 locutus

524 1271 577 1307 cs
601 1254 760 1308 etiam
791 1254 985 1307 sanclis
1033 1254 1135 1307 tuis
1168 1252 1463 1321 prophetis,
1490 1249 1696 1305 scilicet
1724 1259 2100 1318 contempora-

528 1342 645 1393 neis
674 1340 808 1395 meis
845 1340 897 1392 in
922 1341 1113 1393 visione
1142 1338 1404 1402 interiori,
1438 1338 1488 1391 id
1524 1347 1607 1392 est
1634 1336 1687 1391 in
1732 1344 1879 1390 certa
1910 1335 2096 1404 cogni-

528 1431 671 1485 tione
702 1432 1065 1501 inspirationis
1095 1441 1218 1496 tum;
1253 1446 1375 1485 cum
1403 1430 1532 1484 dicit
1571 1429 1626 1483 in
1666 1428 1858 1483 visione
1909 1441 2095 1480 eorum

523 1539 586 1592 pa
598 1532 730 1576 rtem
755 1524 1025 1592 deprimit,
1045 1523 1133 1593 qui
1161 1523 1449 1593 prophetas
1468 1522 1801 1576 mentiuntur
1824 1520 2094 1589 ignorare,

526 1631 644 1684 qua:
673 1631 771 1685 per
798 1613 1059 1683 Spiritum
1094 1615 1383 1684 loquuntur
1425 1614 1565 1668 sicut
1618 1606 1956 1675 dtent'oniaci,
2004 1610 2095 1679 qui

522 1708 665 1777 quod
703 1709 889 1762 dicunt
911 1709 1177 1762 nesciunt.
1219 1707 1345 1762 Dico
1375 1708 1514 1776 quod
1553 1706 1757 1761 locutus
1812 1722 1864 1759 es
1904 1706 2095 1758 sanctis

2203 529 2272 583 sit
2289 530 2449 584 totius
2465 529 2785 598 iniquitatis,
2808 546 2908 583 non
2927 543 3140 599 apponet
3160 547 3341 585 nocere
3360 533 3434 594 ei;
3455 535 3557 587 acsi
3575 536 3715 590 dicat:

2204 618 2543 674 Voluntatem
2574 620 2788 687 quidem
2822 621 3041 675 habebit
3069 623 3292 675 nocendi
3333 624 3379 675 ei
3406 623 3498 677 sibi
3542 624 3720 679 confor-

2202 711 2415 773 tnando,
2467 711 2561 765 sed
2592 711 2850 764 voluntati
2881 728 2986 765 non
3016 723 3248 782 apponet
3286 725 3405 769 actu
3444 731 3616 771 nocere
3659 721 3715 771 ei.

2202 797 2432 867 Exponit
2456 814 2665 868 quoque
2687 803 2956 868 quomodo
2982 802 3029 853 ei
3057 803 3419 866 ttttxiliubitur,
3448 818 3553 857 cum
3575 806 3719 859 addit:

2204 889 2330 944 Dico
2357 892 2496 959 quod
2544 908 2727 944 manus
2774 908 2887 945 mea
2936 894 3280 946 auxiliabitur
3302 896 3365 958 ei,
3406 898 3570 950 ethoc
3595 900 3722 950 modo

2201 982 2413 1049 quidem
2443 982 2489 1035 ei
2522 998 2616 1051 per
2647 998 2863 1035 manum
2884 997 3052 1035 meam
3086 984 3399 1044 auxiliabor.
3426 988 3554 1055 quod
3578 989 3720 1040 conci.

2200 1072 2342 1135 dam,
2393 1072 2441 1126 id
2472 1082 2555 1125 est
2586 1073 2636 1125 in
2667 1073 2806 1127 bono
2830 1073 3101 1127 destruant
3128 1075 3372 1128 inimicos
3394 1078 3500 1138 eius
3528 1075 3719 1139 Judmos,

2199 1173 2407 1231 partem
2445 1162 2674 1224 scilicet,
2726 1174 3132 1233 persccutorum
3173 1163 3289 1232 ejus
3325 1166 3387 1219 de
3428 1165 3608 1220 malitia
3650 1168 3719 1219 dc-

2200 1262 2425 1319 struam,
2456 1264 2509 1309 et
2556 1256 2621 1308 ad
2664 1272 2785 1309 eum
2816 1258 3058 1311 converti
3091 1255 3308 1320 faciam,
3331 1267 3378 1310 ct
3400 1254 3508 1311 hzcc
3531 1261 3724 1313 COllClle

2202 1342 2539 1398 inimicorum
2588 1346 2865 1416 continget
2907 1364 2939 1398 a
2988 1346 3146 1415 facie,
3203 1349 3254 1401 id
3288 1358 3369 1403 est
3402 1366 3429 1403 a
3466 1352 3724 1418 cognitione

2199 1436 2343 1505 ejus,
2397 1436 2602 1491 scilicet
2647 1453 2743 1507 per
2777 1438 2893 1506 ejus
2929 1441 3310 1509 cognitionem,
3343 1445 3406 1497 de
3442 1444 3622 1497 malitia
3648 1461 3721 1497 sua

2200 1527 2562 1594 destruentur,
2590 1538 2642 1581 et
2673 1529 2723 1582 in
2748 1530 2887 1584 bono
2917 1530 3349 1587 azdilicabuntur.
3376 1532 3435 1585 Et
3459 1550 3550 1587 non
3585 1534 3722 1587 soluat

2200 1628 2571 1688 persecutores
2599 1621 2900 1687 concidam,
2931 1623 3022 1676 sed
3049 1624 3283 1677 odienles
3313 1642 3443 1685 eum.
3475 1625 3607 1680 idest
3627 1640 3724 1694 par.

2203 1721 2305 1763 tem
2322 1726 2506 1764 eorum
2538 1711 2625 1780 qui
2680 1728 2801 1766 eum
2834 1730 2937 1767 non
2963 1726 3360 1783 persequentur
3392 1726 3527 1779 actu,
3556 1718 3633 1771 sed
3656 1733 3724 1771 so-

520 1798 645 1863 ηιῖή
680 1807 731 1852 οι
758 1800 861 1853 hoc
886 1798 1091 1853 δυῖῖῖεει
1140 1797 1337 1861 dixisti.
1378 1800 1526 1864 170³³ιὶ
1560 1796 1881 1865 αάλαιονῑωη
1922 1797 1975 1848 in
2010 1811 2098 1863 P0-
2129 1786 2173 1840 Β
2200 1800 2467 1857 hunmodo
2514 1818 2634 1857 eum
2672 1806 2796 1859 odio
2836 1806 3132 1871 habebunt,
3169 1819 3458 1863 convertam
3492 1810 3541 1863 in
3579 1811 3723 1879 [ngam

521 1900 678 1952 tente,
711 1904 771 1943 ac
804 1890 845 1942 si
881 1888 1080 1943 diceret
1114 1904 1128 1941 :
1178 1888 1285 1959 Ego
1331 1888 1626 1942 humanum
1682 1900 1849 1956 genus
1896 1881 2096 1937 insum-

521 1977 669 2033 ciens
698 1993 793 2047 per
831 1993 889 2033 se
932 1992 960 2031 a
1007 1978 1348 2032 damnatione
1386 1976 1636 2040 liberari,
1664 1974 1927 2042 adiuvabo
1958 1973 2092 2027 libe-

523 2070 692 2124 rando
725 2070 849 2123 illud
877 2110 891 2135 ,
917 2081 971 2124 et
1009 2070 1110 2125 hoc
1136 2071 1455 2139 adiutorium
1482 2068 1653 2140 posui,
1689 2068 1739 2123 id
1767 2079 1849 2123 est
1897 2080 2094 2136 ponam

524 2162 575 2214 in
627 2160 735 2213 lilio
765 2176 921 2224 meo,
970 2162 1397 2216 autonomastice
1447 2169 1687 2229 potente,
1734 2158 1943 2213 scilicet
1999 2171 2097 2225 per

522 2253 879 2309 obedientiam
913 2255 1177 2324 passnmis
1208 2255 1347 2325 ejus,
1371 2254 1496 2308 illud
1520 2253 1800 2320 adjuvabo.
1823 2251 1886 2303 Et
1919 2258 1976 2302 ut
1998 2265 2095 2319 po-

525 2353 642 2397 tens
682 2343 751 2395 sit
784 2342 846 2396 ad
888 2344 987 2397 hoc
1030 2343 1354 2413 adjutorium
1411 2342 1797 2411 perliciendum
1844 2337 2092 2404 exaltavi,

524 2432 575 2487 id
597 2443 673 2487 est
702 2432 1002 2487 snldimabo
1031 2434 1082 2487 in
1105 2433 1249 2487 omni
1275 2433 1527 2487 virtutum
1552 2432 1899 2501 perfectione,
1947 2431 2093 2485 illum

523 2521 738 2576 electum
778 2522 841 2576 de
864 2523 1005 2592 plebe
1035 2540 1168 2590 mea,
1199 2523 1251 2577 id
1291 2532 1375 2578 est
1410 2522 1558 2577 illiilli
1587 2538 1746 2592 quem
1770 2524 1835 2576 ad
1865 2523 1965 2577 hoc
1995 2523 2096 2575 eli-

522 2628 645 2682 garn
680 2614 746 2667 de
775 2615 921 2668 omni
960 2614 1305 2669 multitudine
1342 2624 1651 2670 sanctorum
1682 2630 1941 2670 meorum.
1972 2613 2097 2667 Nul-

523 2705 606 2759 lus
632 2706 787 2777 enim,
820 2706 1012 2776 dignus
1058 2707 1123 2759 ad
1156 2706 1255 2760 hoc
1296 2706 1699 2775 exsequendum
1751 2704 2056 2761 invenietur
2079 2745 2095 2771 ,

522 2807 716 2867 praeter
739 2796 932 2866 ipsum.
951 2796 1267 2869 «Speciosus
1290 2798 1432 2852 enim
1456 2798 1626 2853 forma
1647 2812 1755 2867 pt‘t'e
1775 2798 1896 2852 filiis
1928 2796 2101 2852 homi-

523 2906 667 2944 num.
686 2888 858 2961 (i’sal.
895 2904 1047 2958 xuv,
1072 2891 1146 2961 ὃ).
1174 2909 1193 2944 ι
1217 2889 1366 2945 Unde
1391 2891 1441 2944 in
1470 2890 1695 2945 canticis
1725 2890 1790 2945 de
1818 2905 1883 2945 eo
1901 2903 2097 2959 sponsa

522 2982 600 3039 sic
617 2983 746 3037 dicit
772 3002 784 3037 :
816 3004 834 3035 ι
863 2983 1100 3039 Dilectus
1123 2999 1275 3039 meus
1297 2984 1558 3039 candidus
1581 2993 1635 3039 et
1658 2983 2009 3049 rubicundus,
2031 2997 2098 3036 ex

524 3076 761 3132 millibus
777 3074 980 3132 electus
1005 3074 1180 3147 (Cant.
1209 3091 1263 3142 v,
1299 3076 1409 3148 10).
1448 3096 1465 3129 ι
1498 3074 1752 3144 Adjungit
1774 3084 1951 3129 autem
1970 3090 2098 3127 cau-

521 3182 629 3232 szzs,
683 3182 780 3221 cur
829 3182 951 3221 eum
1006 3168 1284 3234 exaltabit,
1316 3169 1393 3223 sic
1434 3168 1607 3222 :Dico
1654 3166 1793 3237 quod
1847 3166 2095 3222 exaltabo

522 3255 774 3320 electum,
811 3256 1081 3310 (Zhristum
1135 3257 1339 3313 scilicet
1379 3273 1564 3312 verum
1619 3256 1804 3311 David.
1865 3256 1931 3309 Et
1977 3254 2097 3309 ideo

494 3348 791 3414 ‘exaltabo,
832 3350 954 3419 quia
983 3352 1175 3415 inveni,
1209 3351 1260 3405 id
1288 3360 1370 3406 est
1401 3350 1668 3406 inveniam
1703 3350 1814 3420 ipsa
1872 3348 1949 3403 rei
2002 3363 2096 3402 cx-

523 3442 786 3511 perientia
827 3442 991 3495 David
1021 3458 1141 3497 esse
1180 3460 1383 3497 servum
1420 3459 1610 3506 meum,
1640 3444 1690 3497 id
1726 3452 1807 3496 est
1847 3442 2097 3511 cxper'ar

524 3549 645 3587 eum
677 3549 797 3588 esse
837 3549 1055 3589 servum
1108 3552 1284 3589 meum
1331 3537 1385 3589 in
1429 3536 1679 3592 omnibus
1731 3537 2093 3601 obedientem,

524 3633 573 3677 et
602 3624 653 3678 in
675 3624 818 3679 nullo
851 3627 1222 3683 resultantem.
1254 3629 1319 3682 Et
1342 3630 1467 3697 quia
1510 3629 1655 3683 illum
1687 3629 1939 3699 experiar
1974 3644 2096 3683 esse

524 3729 738 3769 servum
769 3732 965 3781 meum,
994 3720 1141 3782 anxi,
1172 3719 1329 3775 idest
1355 3737 1551 3791 uagam
1582 3738 1697 3775 eum
1736 3723 1787 3775 in
1824 3736 2005 3791 regem
2043 3730 2098 3775 ct

525 3806 856 3861 sacerdotem
892 3808 1002 3863 oleo
1026 3821 1205 3863 sancto
1237 3828 1372 3877 meo,
1406 3812 1459 3867 id
1488 3822 1570 3867 est
1613 3812 1951 3866 immunitate
1975 3827 2096 3881 pec-

524 3898 656 3963 cati,
689 3903 829 3970 quod
853 3911 936 3956 est
966 3903 1146 3957 dicere
1179 3922 1190 3956 :
1223 3903 1371 3957 Dabo
1398 3905 1446 3959 ei
1480 3906 1878 3959 inummitatem
1906 3922 1935 3959 a
1970 3921 2096 3973 pec-

525 3997 666 4054 cato,
703 3999 760 4044 ut
788 4006 883 4061 per
915 3994 1015 4047 hoc
1057 3993 1249 4064 dignus
1280 3996 1350 4048 sit
1382 3996 1494 4049 lieri
1529 4011 1621 4050 rex
1662 4005 1715 4051 et
1746 4012 1988 4051 summus
2010 4013 2095 4049 sa—

523 4082 736 4144 cerdos,
767 4098 795 4136 a
823 4083 1174 4139 similitudine
1205 4085 1345 4140 illius
1373 4085 1462 4155 qui
1490 4102 1519 4139 a
1541 4087 1552 4139 I
1577 4087 1680 4141 hoc
1724 4086 1841 4142 oleo
1881 4089 2089 4159 inungi-

525 4180 635 4236 tur,
659 4180 716 4226 ut
737 4174 989 4228 sacerdos
1015 4174 1098 4228 vel
1128 4189 1217 4230 rex
1243 4174 1524 4230 eﬂiciatur.

593 4262 840 4319 Ostendit
868 4275 1047 4319 autem
1079 4282 1177 4337 per
1234 4267 1360 4336 quid
1405 4267 1509 4320 erit
1558 4277 1750 4338 potens
1775 4310 1789 4333 ,
1820 4268 1898 4323 sic
1926 4285 1939 4321 :
1970 4268 2100 4325 Dico

528 4372 725 4428 ponam
752 4359 1075 4429 adjutorium
1109 4360 1161 4413 in
1184 4371 1386 4429 potente
1417 4359 1603 4423 David,
1656 4371 1710 4414 et
1737 4375 1864 4415 vere
1909 4369 2101 4429 potens

2195 1891 2325 1953 odii.
2354 1893 2559 1948 scilicet
2586 1935 2601 1960 ,
2631 1893 2826 1947 faciant
2871 1903 2930 1949 ut
2975 1895 3041 1949 ab
3066 1897 3195 1952 odio
3220 1896 3445 1965 fugiant,
3479 1907 3529 1952 et
3550 1898 3608 1952 ad
3634 1896 3724 1965 ejus

2196 1984 2539 2039 dilectionem
2556 1988 2849 2043 accedant.
3252 2008 3255 2009 ν

2265 2077 2333 2131 Et
2389 2085 2669 2147 postquam
2723 2078 2974 2132 inimicos
3020 2078 3307 2143 devicerit,
3360 2094 3458 2132 non
3501 2078 3723 2133 dimittam

2195 2184 2340 2237 eum,
2374 2171 2465 2226 sed
2490 2173 2681 2225 veritas
2716 2190 2828 2226 mea
2854 2214 2867 2237 ,
2900 2184 2946 2227 et
2976 2176 3342 2228 misericordia
3384 2192 3489 2228 mea
3514 2190 3615 2227 cum
3638 2175 3725 2242 ipso

2197 2263 2324 2328 erit;
2359 2265 2499 2333 quod
2530 2274 2612 2319 est
2646 2265 2826 2320 dicere
2857 2281 2870 2319 :
2898 2265 3124 2336 Semper
3150 2284 3275 2322 cum
3322 2268 3433 2337 ipso
3459 2282 3544 2321 ero
3568 2282 3722 2320 secun-

2198 2353 2323 2408 dum
2358 2355 2615 2409 auxilium
2644 2365 2696 2410 et
2726 2357 3212 2421 confirmationem,
3236 2369 3288 2412 et
3316 2372 3528 2428 propter
3554 2357 3725 2411 misrri~

2196 2444 2435 2499 cordiam
2465 2461 2662 2511 meam,
2692 2450 3270 2517 etproplcrverilatcm
3308 2465 3491 2509 meam,
3516 2449 3621 2518 quia
3647 2448 3726 2500 sci—

2197 2536 2322 2592 licet
2353 2538 2454 2593 hoc
2481 2539 2724 2608 promisi,
2749 2551 2801 2595 et
2830 2556 2931 2594 non
2956 2556 3171 2608 possum
3203 2557 3309 2595 non
3333 2540 3599 2611 complere,
3628 2538 3724 2609 quia

2197 2643 2358 2683 verus
2382 2646 2499 2683 sum
2516 2630 2567 2683 in
2586 2642 2796 2685 natura.
2814 2632 2877 2686 Et
2909 2633 3032 2702 quia
3052 2649 3173 2687 eum
3196 2634 3310 2703 ipso
3325 2649 3437 2697 ero,
3462 2632 3728 2687 exaltabitur

2199 2736 2359 2773 cornu
2382 2721 2517 2790 ejus,
2539 2721 2588 2774 id
2614 2730 2693 2775 est
2722 2722 3102 2776 sublirnabitur
3130 2724 3374 2793 potentia
3404 2722 3596 2776 virtutis
3614 2720 3723 2789 ejus,

2199 2812 2279 2867 sic
2302 2822 2362 2865 ut.
2384 2821 2528 2867 totus
2558 2815 2787 2868 mutuhts
2818 2816 2865 2868 ei
2915 2814 3265 2882 subjiciatur,
3297 2810 3350 2869 et
3391 2816 3498 2869 bzrc
3518 2813 3725 2867 exultatio

2198 2906 2377 2960 eritin
2404 2907 2611 2959 nomine
2632 2924 2763 2972 meo,
2787 2907 2836 2961 id
2861 2918 2945 2962 est
2995 2908 3047 2961 in
3094 2908 3305 2963 honore
3347 2923 3504 2973 meo,
3533 2914 3582 2958 ut
3629 2904 3725 2957 inde

2199 2996 2407 3050 scilicet
2429 2997 2700 3065 glorificer
2724 2999 2790 3051 ab
2829 2998 3158 3053 hominibus.
3194 2999 3373 3053 Cornu
3404 2998 3600 3069 quidem
3619 2996 3718 3064 quia

2201 3078 2341 3135 forte
2369 3090 2473 3145 est,
2500 3092 2549 3135 et
2584 3081 2634 3134 iu
2659 3096 2723 3135 eo
2752 3081 2811 3135 fit
2839 3083 3076 3153 potentia
3126 3083 3381 3141 bellandi.
3415 3097 3506 3153 pro
3527 3079 3721 3152 potentia

2202 3172 2435 3240 ponitur.
2481 3171 2710 3226 Vclsic:
2748 3172 2877 3227 Dico
2901 3173 3044 3242 quod
3098 3174 3377 3227 concidam
3413 3173 3642 3231 inimicos,
3679 3176 3721 3221 et

2198 3278 2294 3331 per
2318 3262 2419 3317 hoc
2441 3263 2731 3325 concidam,
2763 3263 2906 3333 quod
2944 3265 3131 3317 veritas
3186 3280 3303 3317 mea
3344 3273 3388 3317 et
3419 3259 3721 3315 misericordia

2198 3369 2309 3406 mea
2332 3353 2429 3406 erit
2465 3370 2583 3406 cum
2612 3353 2743 3423 ipso,
2774 3354 2824 3408 id
2849 3362 2929 3408 est
2953 3369 3053 3421 ego
3099 3369 3223 3407 cum
3256 3354 3372 3423 ipso
3428 3368 3515 3407 ero
3546 3358 3723 3421 propter

2198 3444 2621 3499 miscricordiam
2650 3454 2703 3499 et
2733 3446 3013 3500 veritatem
3045 3461 3220 3499 meam
3269 3456 3325 3499 et
3352 3446 3470 3514 quia
3499 3459 3601 3496 cum
3636 3443 3721 3509 ipso

2198 3551 2313 3599 ero,
2340 3536 2658 3590 excitabitur
2686 3554 2871 3602 cornu,
2912 3538 2962 3592 id
2992 3547 3073 3592 est
3099 3538 3405 3591 sublimitas
3450 3534 3554 3603 ejus
3577 3534 3621 3586 in
3651 3548 3723 3582 no-

2198 3628 2335 3680 mine
2353 3644 2484 3693 meo,
2518 3628 2667 3682 idest
2689 3628 2740 3682 in
2767 3628 3203 3697 Inagnilicatioue
3232 3627 3461 3682 nominis
3484 3623 3593 3687 mei,
3611 3618 3722 3689 quod

2198 3727 2282 3770 est
2321 3717 2499 3772 dicere
2528 3736 2539 3771 :
2570 3717 2701 3773 Cum
2743 3719 2855 3787 ipse
2879 3718 3123 3772 sublimis
3147 3718 3360 3771 futurus
3386 3717 3453 3771 sit
3478 3708 3720 3780 iniustitia

2199 3818 2253 3862 et
2302 3808 2626 3875 innocentia,
2676 3810 2846 3879 magis
2901 3808 3180 3879 magisque
3238 3808 3360 3862 ideo
3428 3800 3720 3861 exaltabitnr,

2198 3899 2320 3967 quia
2355 3915 2548 3953 nomen
2590 3915 2763 3953 meum
2788 3899 3027 3954 exaltare
3047 3899 3307 3953 studebit.
3343 3894 3627 3951 Non'solum
3650 3905 3721 3943 auo

2202 3999 2305 4043 tem
2334 3989 2603 4043 concidam
2637 3991 2691 4043 in
2704 3991 2875 4043 ’micos
2901 3989 3015 4058 ejus
3050 3988 3287 4055 Judaeos,
3315 3998 3368 4043 et
3394 3988 3601 4041 odientes
3629 3994 3721 4034 cum

2198 4081 2476 4136 Judteosin
2503 4082 2681 4151 fugam
2712 4086 3131 4143 rourertam,sed
3148 4091 3396 4149 ctponam
3414 4090 3602 4131 mnuum
3615 4071 3719 4141 ejus.

2201 4174 2249 4227 id
2266 4182 2345 4227 est
2363 4176 2723 4243 operationem
2741 4172 2855 4242 ejus
2868 4173 2918 4225 in
2933 4174 3086 4235 mari,
3106 4173 3155 4226 id
3171 4182 3256 4226 est
3272 4173 3323 4226 in
3338 4169 3518 4241 pepqu
3532 4164 3721 4236 gentium

2200 4265 2537 4329 amaricanti,
2582 4264 2721 4334 quod
2751 4263 3294 4319 estdicere:Faciam
3324 4271 3380 4316 ut
3413 4269 3598 4331 partem
3617 4268 3719 4326 gett-

2201 4361 2329 4413 tium
2364 4359 2428 4411 ad
2449 4358 2603 4412 tidem
2618 4364 2890 4410 convertat
2907 4356 3247 4425 ,operatione
3273 4347 3638 4425 praedicationis
3657 4342 3720 4394 di-

526 4448 629 4502 erit
663 4465 677 4504 :
708 4448 897 4504 Manus
918 4451 1053 4504 enim
1086 4467 1219 4515 mea,
1251 4450 1300 4504 id
1323 4460 1404 4504 est
1427 4450 1646 4504 verbum
1682 4465 1855 4504 meum
1890 4450 1986 4520 ipsi
2017 4466 2093 4504 se-
2137 4468 2181 4522 υ
2207 4451 2534 4520 scipnlorum
2564 4464 2803 4504 suorum.
2840 4447 2954 4501 Non
2980 4448 3147 4502 solum
3166 4457 3346 4501 autem
3373 4446 3421 4499 in
3450 4436 3720 4513 pauperibus

526 4541 759 4595 cundum
805 4542 945 4611 quod
994 4542 1155 4596 immo
1192 4542 1548 4612 personaliter
1601 4542 1893 4595 uniendum
1943 4543 2102 4595 auxi-

525 4630 740 4683 liabitur
765 4634 833 4697 ei,
877 4632 942 4685 ad
995 4634 1239 4689 inimicos
1294 4634 1677 4698 devincendos,
1736 4645 1784 4687 et
1835 4635 2102 4687 brachium

530 4738 722 4789 meum,
752 4722 804 4777 id
831 4732 914 4778 est
944 4724 1108 4796 358
1131 4726 1270 4780 idem
1305 4728 1524 4781 verbum
1576 4725 1901 4794 conﬁrmabit
1960 4743 2099 4790 eum,

529 4812 688 4867 idest
712 4814 1048 4867 constantem
1095 4815 1276 4881 faciet,
1309 4831 1376 4870 ne
1423 4816 1657 4871 inimicis
1684 4816 1855 4871 cedat.
1914 4814 2103 4869 Manus

527 4911 583 4958 et
621 4902 899 4957 brachium
921 4905 1142 4959 verbum
1182 4908 1272 4961 Dei
1298 4922 1535 4975 congrue
1561 4908 1788 4970 dicitur,
1838 4922 1905 4960 eo
1960 4906 2101 4975 quod

527 5010 625 5065 per
655 4995 829 5065 ipsum
859 4995 998 5050 Dens
1025 4994 1185 5051 Pater
1213 4998 1393 5052 omnia
1424 5000 1676 5069 diSponat
1725 5005 1779 5051 ct
1820 5005 2098 5067 operetur,

528 5087 667 5142 sicut
690 5103 787 5142 nos
815 5102 976 5142 manu
1004 5096 1058 5142 et
1095 5088 1316 5142 brachio
1371 5104 1679 5157 operamur.
1751 5089 1902 5144 Unde
1954 5088 2103 5142 Psal-

475 5198 481 5205 ·
528 5180 685 5236 mista
708 5181 832 5237 alibi
868 5198 880 5236 :
922 5180 1131 5236 «Verbo
1157 5181 1369 5235 Domini
1400 5182 1518 5236 cmli
1546 5181 1741 5237 (innati
1774 5193 1898 5237 sunt
1924 5182 2098 5253 (Psal.

528 5289 701 5340 χχιιι,
729 5275 833 5347 6).»
866 5274 1091 5344 Exponit
1114 5272 1557 5344 igiturquomodo
1579 5274 1943 5339 conﬁrmabit,
1976 5275 2053 5329 sic
2084 5294 2096 5329 :

528 5365 660 5420 Dico
690 5366 832 5436 quod
867 5364 1232 5427 conﬁrmabit,
1258 5364 1435 5418 ethoc
1466 5367 1625 5418 modo
1656 5367 1870 5437 quidem
1901 5368 2098 5424 contir-

527 5456 715 5524 mahit,
741 5457 882 5527 quod
904 5457 1146 5511 inimicus
1187 5456 1440 5527 antiquus
1472 5456 1716 5511 diabolus
1772 5459 1901 5511 nihil
1939 5462 2100 5529 proﬁ-

526 5550 798 5615 cietiueo,
829 5550 1262 5620 suggestionibus
1311 5550 1441 5617 suis,
1494 5564 1670 5619 neque
1724 5550 2094 5615 criminaliter,

530 5656 703 5710 neque
733 5641 1035 5706 venialiter,
1059 5653 1105 5696 et
1133 5641 1388 5697 Iudaicus
1414 5642 1659 5712 populus.
1686 5640 1829 5714 ﬁlius
1861 5643 2098 5699 existens

536 5732 844 5800 iniquitatis,
876 5734 933 5787 id
958 5742 1038 5788 est
1066 5733 1205 5788 filius
1237 5734 1434 5788 diaboli
1466 5749 1560 5803 per
1586 5733 1971 5799 obedientiam,
2005 5734 2096 5802 qui

2204 4552 2258 4596 et
2283 4539 2536 4608 subjectis
2572 4541 2636 4593 de
2662 4539 2828 4600 mari.
2859 4553 3045 4607 ponam
3074 4553 3287 4589 manum
3322 4534 3433 4605 ejus
3452 4573 3467 4595 ,
3496 4528 3577 4585 sed
3606 4534 3645 4578 et
3679 4521 3719 4571 ίη

2205 4633 2523 4702 ﬂuminibus,
2560 4630 2611 4684 id
2645 4640 2725 4685 cst
2764 4630 2815 4683 in
2860 4629 3212 4701 principibus,
3266 4639 3487 4697 quorum
3514 4632 3626 4674 cura
3650 4613 3709 4667 d0

2205 4724 2374 4777 currit
2397 4723 2448 4776 in
2472 4721 2742 4776 subditam
2791 4720 3000 4790 plebem
3047 4719 3111 4772 ad
3150 4721 3368 4771 modum
3402 4712 3646 4767 lhuninum
3678 4702 3716 4753 iu

2206 4828 2356 4869 mare
2376 4813 2793 4869 decurrentium.
2835 4811 3036 4865 Ponam
3061 4812 3346 4872 dexteram,
3385 4807 3434 4860 id
3469 4810 3546 4857 est
3569 4808 3698 4867 opera

2206 4906 2403 4961 tionem
2428 4907 2562 4969 eius,
2592 4905 2797 4959 scilicet
2823 4902 3039 4964 faciam,
3080 4910 3137 4955 ut
3183 4900 3437 4970 quosdam
3469 4909 3530 4947 ex
3556 4884 3715 4959 princi-

2204 4996 2358 5067 pibus
2388 5003 2667 5051 convertat
2696 4994 3008 5063 operatione
3034 4991 3463 5061 prmdicatorum,
3484 4995 3589 5054 quae
3612 4976 3715 5029 bene

2206 5103 2302 5159 per
2338 5088 2614 5143 dexteram
2649 5086 2965 5155 intelligitur
3008 5099 3073 5138 eo
3118 5082 3259 5153 quod
3298 5080 3513 5135 dextera
3559 5082 3713 5141 opera-

2209 5196 2348 5233 llllll‘.

2276 5270 2343 5323 Et
2372 5271 2473 5324 hoc
2512 5269 2726 5337 quidem
2757 5270 2950 5321 merito
2976 5267 3023 5319 ei
3054 5264 3266 5319 faciam.
3308 5261 3426 5331 Ipso
3452 5256 3579 5312 enim
3597 5252 3711 5337 im-

2204 5364 2356 5427 carit,
2392 5363 2443 5416 id
2481 5371 2565 5416 est
2590 5360 2766 5413 orabit
2806 5376 2912 5425 me,
2951 5369 3004 5412 ut
3029 5373 3221 5427 ponam
3253 5354 3395 5409 illum
3437 5336 3712 5422 ριίηιοεεηί·

2205 5463 2316 5507 ῑιιιιι
2348 5451 2709 5513 etexcelsum,
2757 5460 2811 5503 ct
2857 5458 2915 5502 ut
2954 5462 3162 5501 servem
3211 5445 3282 5500 illi
3340 5430 3709 5497 misericordiam

2202 5561 2375 5599 meam
2432 5545 2657 5597 dicens:
2694 5542 2853 5604 Deus,
2896 5542 2946 5595 id
3000 5548 3078 5594 est
3119 5544 3330 5594 creator
3372 5545 3505 5586 meus
3553 5539 3597 5578 α
3649 5528 3707 5575 ιιι

2204 5636 2498 5692 secundum
2528 5636 2669 5705 quod
2695 5635 2856 5689 homo
2879 5648 3021 5695 sum,
3045 5642 3092 5685 et
3126 5629 3281 5683 Pater
3305 5640 3444 5680 meus
3463 5611 3709 5675 secundum

2202 5733 2343 5801 quod
2378 5731 2532 5796 Deus,
2563 5741 2607 5785 et
2641 5742 2924 5801 susceptor,
2959 5728 3009 5784 id
3038 5737 3121 5783 est
3151 5726 3385 5784 medicus
3403 5731 3453 5779 el
3492 5716 3703 5787 patronus
