3840 6338
122 352 226 407 Ill3

119 461 361 519 secundum
387 458 522 529 quod
549 459 704 513 homo
728 467 983 527 operator
1029 457 1397 521 salutismcae,
1456 458 1509 512 id
1560 472 1643 512 εει
1672 460 1715 515 Α

119 554 384 612 constanti-sc
411 561 461 607 et
490 552 900 606 resurrectionis
930 566 1083 617 mete,
1134 551 1216 605 vel
1249 562 1515 617 susceptor
1553 569 1640 604 sa-

119 647 365 706 lutismea',
392 642 442 695 id
471 651 551 695 est
580 641 828 695 defensor
858 650 912 696 et
957 640 1642 696 conservatorsalvationis

118 732 514 788 uiezeuedcliciat.
539 730 838 784 Notandum
854 733 993 800 quod
1012 747 1131 786 eum
1150 733 1291 802 ponit
1313 733 1427 786 lucc
1446 732 1639 785 blanda

119 826 271 889 verba,
300 840 409 891 quae
439 822 681 883 Christus
713 824 909 893 legitur
935 825 983 877 in
1011 824 1346 879 orationibus
1373 826 1638 893 posuisse,

117 916 278 972 scilicet
311 912 463 967 Pater
488 924 540 968 et
561 914 699 967 Deus
718 925 770 968 et
793 925 1079 983 susceptor,
1113 916 1440 983 ipsumquod
1465 916 1643 970 orabit

117 1024 195 1064 nou
223 1008 382 1078 ponit,
420 1008 512 1061 sed
547 1023 611 1061 ex
661 1008 1014 1077 sequentibus
1047 1009 1206 1062 datur
1238 1009 1483 1079 intelligi,
1516 1025 1639 1062 cum

115 1101 230 1170 ponit
275 1102 366 1153 hoc
432 1100 794 1167 promittendo
839 1101 980 1169 quod
1048 1101 1197 1153 dabit
1248 1118 1368 1156 cum
1426 1102 1574 1155 addit
1623 1120 1635 1154 :

114 1190 241 1260 359
264 1189 377 1243 Dico
397 1205 430 1259 q
453 1189 536 1242 rod
574 1192 681 1258 ipse
720 1190 972 1245 inrocali:
1006 1208 1103 1252 me,
1158 1201 1204 1244 et
1232 1208 1322 1260 ego
1346 1208 1502 1259 quem
1533 1192 1642 1261 ipse

115 1280 342 1345 inrorabit,
373 1291 417 1332 rt
448 1280 535 1339 qui
566 1289 675 1347 puti
695 1298 757 1334 us
810 1297 926 1334 sum
959 1282 1089 1335 dare
1125 1283 1267 1351 quo-.l
1294 1282 1469 1335 orabit
1497 1298 1512 1347 ;
1543 1300 1638 1350 po-

115 1388 224 1438 nam,
250 1371 293 1424 id
314 1379 390 1423 est
419 1368 612 1424 faciam
640 1371 791 1425 illum
827 1374 1231 1442 primogenitum
1282 1385 1637 1438 mortuorum,

114 1462 237 1516 ilest
270 1460 452 1515 ficium
480 1470 538 1515 ut
600 1465 807 1532 primus
858 1476 1151 1534 generetur
1181 1466 1229 1518 in
1264 1460 1639 1521 immortalita-

114 1561 193 1603 t'm
217 1560 261 1602 et
284 1551 789 1618 impassil.ilitatcm,
815 1563 869 1607 et
892 1554 971 1608 sic
1004 1569 1099 1624 per
1122 1571 1243 1608 cum
1278 1557 1455 1610 cuncti
1490 1572 1635 1609 mor-

115 1642 167 1693 tui
206 1640 426 1694 subaudi
449 1654 778 1711 generentur
807 1646 857 1697 in
885 1644 1091 1701 futuro.
1126 1645 1275 1701 Unde
1322 1646 1554 1703 Joannes
1586 1650 1636 1703 in

114 1731 408 1801 Aponlypsi:
455 1752 472 1782 ι
506 1733 904 1807 Primogeuitus
959 1747 1293 1793 mortuorum
1350 1740 1533 1810 (Apoc.
1595 1756 1633 1808 ι,

109 1821 150 1889 5)
178 1836 188 1869 '.
218 1842 233 1872 ι
279 1822 340 1876 Et
379 1822 668 1893 Apostolus
701 1843 712 1877 :
752 1843 771 1878 ι
803 1826 1201 1897 PrimOgenitus
1255 1829 1393 1883 inter
1444 1829 1639 1884 multos
1674 1821 1713 1878 Β

112 1914 262 1968 lrat'cs
287 1914 455 1981 (Rom.
485 1931 606 1979 vm,
633 1917 722 1987 '29)
758 1934 770 1969 :
810 1937 828 1969 ι
864 1919 930 1971 Et
962 1935 1065 1975 non
1116 1920 1286 1974 solum
1318 1923 1639 1990 primogeni-

110 2012 189 2057 tum
212 2020 379 2073 ponam
408 2006 579 2072 illum,
619 2009 713 2063 sed
741 2019 797 2064 et
830 2010 1090 2064 exctlsum
1131 2012 1182 2065 in
1221 2013 1637 2083 g’orllicatfoue,

109 2113 180 2162 pm
211 2100 393 2166 regibus
422 2108 599 2168 term‘,
632 2100 684 2153 id
715 2111 797 2155 est
827 2118 937 2171 prie
979 2104 1231 2158 omnibus
1276 2104 1519 2161 fidelibus
1562 2122 1640 2160 re-

111 2189 311 2256 gentibus
352 2192 558 2245 benein
584 2208 644 2247 se
668 2195 1061 2260 tcrreuitatem,
1118 2197 1325 2252 scilicet
1369 2199 1637 2254 seusuali-

113 2291 254 2342 tatem.
279 2297 340 2336 ne
366 2295 630 2355 repugnet
655 2286 817 2341 nimis
846 2288 1244 2356 spiritualitati;
1278 2292 1419 2359 quin!
1449 2300 1532 2345 est
1557 2292 1639 2346 di-

111 2386 233 2427 cere:
260 2373 379 2430 Cum
420 2375 610 2431 fideles
635 2378 796 2431 futuri
822 2379 924 2433 sint
952 2381 1148 2435 excelsi
1182 2391 1235 2436 et
1257 2382 1497 2453 gloriosi,
1526 2385 1639 2453 ipse

112 2474 247 2520 tamen
275 2470 511 2525 excelsus
555 2472 663 2526 erit
692 2489 802 2542 pne
832 2474 1082 2528 omnibus
1130 2476 1256 2531 illis.
1311 2478 1405 2532 Vel
1461 2479 1538 2532 sic
1571 2479 1639 2533 ad

111 2552 292 2609 litteram
321 2576 334 2613 :
355 2576 545 2627 ponam
570 2559 722 2614 illum
758 2564 1019 2650 exgelsum
1064 2581 1172 2633 pra'
1232 2569 1437 2635 regibus
1462 2578 1637 2635 terrm,

110 2646 223 2702 scilic
253 2658 342 2704 tut
370 2662 515 2705 inuiti
550 2668 709 2723 reges
739 2646 895 2709 terrae
924 2657 972 2710 ei
1001 2672 1058 2711 se
1084 2656 1391 2725 subjiciant,
1432 2671 1488 2714 et
1514 2677 1637 2716 eum

110 2739 315 2794 exctlsum
343 2758 460 2799 esse
486 2757 843 2814 cognoscant,
867 2758 921 2802 et
942 2751 996 2804 in
1026 2760 1278 2805 retentum
1300 2756 1512 2807 servabo
1542 2757 1641 2808 mi-

108 2832 387 2888 sericordiam
416 2837 514 2904 illi,
541 2847 599 2892 et
639 2840 704 2891 ad
731 2855 865 2909 Opus
894 2842 1034 2911 ejus,
1085 2851 1141 2897 et
1190 2844 1256 2898 ad
1306 2860 1440 2915 Opus
1470 2862 1641 2901 mem-

109 2920 282 2979 brorum
310 2926 486 2994 i‘l'us;
520 2930 668 3000 quad
692 2941 775 2986 est
825 2933 1007 2990 dicere
1041 2952 1055 2989 :
1088 2935 1142 2989 Iu
1168 2945 1429 2990 aeternum
1484 2939 1642 2995 mise-

109 3015 231 3070 tio?
250 3028 298 3071 et
323 3018 455 3086 ejus,
487 3031 540 3075 et
575 3024 942 3079 membrorum
990 3025 1129 3095 ejus,
1182 3036 1241 3081 ut
1306 3043 1519 3098 semper
1547 3044 1641 3085 eos

108 3116 359 3166 construtcs
381 3112 600 3169 faciam.

160 3196 306 3256 Etsic
331 3213 719 3272 testamentum,
754 3208 807 3263 id
851 3218 1174 3281 estpactum
1223 3230 1395 3268 meum
1433 3212 1633 3269 factum

107 3287 197 3355 ipsi,
220 3295 309 3349 erit
333 3298 503 3366 ﬁdele,
548 3301 602 3353 id
632 3311 716 3356 est
743 3317 942 3367 verax;
977 3306 1118 3373 quod
1172 3315 1257 3361 cst
1299 3306 1483 3361 dicere
1515 3324 1530 3361 :
1572 3306 1640 3361 Et

106 3384 410 3450 quiuerrabo
439 3391 517 3445 illi
558 3393 995 3459 misericordiam,
1052 3413 1237 3452 verum
1293 3374 1398 3454 erit
1426 3411 1637 3468 pactum

108 3478 216 3542 quod
245 3479 356 3543 feci,
383 3484 432 3538 id
462 3494 548 3540 est
600 3484 799 3540 faciam
827 3490 1188 3557 promittendo
1214 3492 1357 3561 quod
1410 3492 1489 3546 illi
1533 3509 1642 3547 ser-

106 3566 201 3619 ra'o
219 3572 647 3643 misericordiam,
669 3578 712 3631 si
742 3579 870 3632 mihi
899 3578 1353 3649 I‘ueritobediens,
1377 3595 1422 3637 et
1448 3601 1640 3655 ponant

108 3654 145 3757 ita
164 3662 383 3716 Sa’t‘ttlttm
405 3669 592 3720 swculi
614 3685 787 3724 semen
818 3671 950 3741 ejus,
978 3672 1028 3726 id
1058 3685 1139 3727 est
1165 3690 1359 3744 ponam
1383 3693 1641 3746 sequaces

106 3750 192 3814 ejus
218 3750 261 3805 in
302 3765 585 3821 :eteruum,
643 3760 854 3815 scilicet
902 3761 1095 3817 faciam
1147 3767 1315 3819 eosin
1376 3777 1637 3823 aeternum

109 3835 266 3903 Vivere,
292 3854 334 3895 et
361 3859 561 3912 ponam
599 3846 845 3900 thronum
870 3865 1005 3918 ejus,
1051 3850 1102 3903 id
1132 3862 1215 3905 est
1272 3853 1418 3922 ipsos
1446 3869 1643 3923 sequa-

104 3940 172 3983 ces
192 3934 270 4000 qui
298 3948 453 3993 erunt
480 3939 643 3993 sedes
668 3941 807 4009 ejus,
834 3940 1028 3996 faciam
1063 3944 1241 3999 claros
1264 3946 1315 3998 in
1353 3947 1643 4014 perfectio-

106 4031 155 4071 ne
170 4022 297 4080 illum
321 4030 557 4085 nationis
616 4032 889 4088 interioris
912 4051 927 4099 ;
953 4036 1085 4088 sicut
1123 4037 1234 4091 dies
1269 4038 1400 4101 cmli,
1436 4040 1643 4095 scilicet

103 4113 333 4180 splendida
385 4123 484 4176 erit
525 4138 714 4177 eorum
764 4125 1006 4194 claritas,
1053 4128 1195 4182 sicut
1244 4131 1503 4198 speudida
1562 4143 1643 4187 est

104 4203 226 4262 clart
257 4225 280 4264 ε
331 4215 631 4269 caelestium
680 4217 988 4287 spirituum.
1042 4220 1145 4287 Qui
1195 4232 1374 4276 autem
1437 4232 1639 4279 tantam

104 4304 472 4365 pomissiouem
522 4310 891 4365 membrorum
938 4311 1161 4379 fecerat,
1214 4316 1441 4370 dicendo
1469 4333 1641 4371 semen

103 4389 386 4462 eiusponnm
412 4401 467 4453 in
492 4401 749 4454 swculum
798 4402 997 4470 sa'culi,
1026 4414 1158 4467 διο..
1208 4421 1276 4461 ne
1327 4406 1644 4462 viderentur

983 339 1346 396 EXPOSITIO
1376 338 1439 394 IN
1483 338 1820 395 PSALMOS.
1848 332 2130 393 -‘PSAL.
2176 339 2502 396 LXXXVIII.

3191 339 3329 400 ειη

1744 456 1828 510 cia
1878 470 2005 525 erga
2045 456 2315 521 subditos,
2375 456 2518 511 sicut
2579 472 2678 527 ego
2706 459 2982 514 constitui.
3044 458 3113 514 Et
3153 461 3199 516 si
3232 460 3326 516 lilii

1745 546 1859 614 ejus
1887 545 2081 600 subditi
2107 547 2501 617 profanaverint
2534 546 2775 617 justitias
2808 569 2971 615 mens,
3014 552 3065 606 id
3092 563 3171 607 est
3200 568 3331 623 pro-

1743 637 1868 691 fana
1918 648 1971 693 et
2017 638 2211 709 iujusta
2254 654 2373 694 esse
2437 642 2809 710 reputaverint
2851 641 2995 712 justo
3061 654 3326 717 prmeepta

1745 745 1862 783 mea
1890 746 1903 794 ;
1932 746 2029 784 ceu
2058 731 2209 785 multi
2239 732 2549 792 sacerdotes
2595 732 2791 802 quibus
2838 733 3091 802 iujustum
3136 746 3191 790 et
3230 739 3325 790 de-

1746 825 1992 879 testabile
2028 825 2240 879 videtur
2269 828 2409 894 quod
2452 826 2502 879 iu
2527 826 2825 881 canouibus
2867 829 3215 884 constitutum
3244 838 3330 884 est

1746 933 1851 969 non
1893 917 2055 971 licere
2086 918 2421 989 presbyteris
2471 934 2665 974 uxores
2690 919 2908 986 habere,
2958 920 3328 975 ecclesiastica

1743 1022 1946 1073 emere,
1973 1017 2027 1061 et
2056 1020 2252 1062 caztera
2285 1010 2408 1062 talia
2452 1010 2672 1075 facere;
2722 1019 2797 1073 et,
2841 1019 2899 1064 ut
2947 1011 3325 1065 universaliter

1744 1100 1944 1165 (licam,
1968 1102 2011 1153 si
2035 1100 2286 1152 mundum
2316 1118 2429 1154 mea
2463 1118 2565 1155 non
2588 1101 2926 1154 custodierint
2975 1102 3066 1155 lilii
3114 1100 3230 1168 ejus
3273 1110 3331 1155 et

1744 1190 1946 1257 praelati
1976 1200 2027 1242 et
2050 1190 2247 1243 subditi
2278 1189 2440 1261 (quod
2473 1200 2650 1245 tamen
2702 1190 3035 1246 tolerabilius
3064 1202 3146 1246 est
3173 1191 3325 1245 scili-

1742 1293 1826 1335 cet
1884 1283 2256 1337 tantummodo
2306 1301 2414 1339 non
2459 1285 2754 1349 custodire,
2781 1301 2943 1353 quam
3000 1300 3104 1339 non
3151 1295 3320 1340 custo-

1742 1376 1936 1428 diendo
1966 1374 2302 1446 profanare);
2338 1377 2552 1429 visitabo
2582 1378 2633 1429 in
2672 1378 2837 1446 virga,
2867 1378 2918 1430 id
2950 1385 3028 1431 est
3057 1378 3326 1444 corrigam

1742 1466 1795 1519 in
1830 1466 2022 1519 minori
2055 1467 2278 1521 verbere
2314 1469 2631 1535 iniquitates,
2659 1468 2708 1521 id
2739 1477 2824 1522 est
2876 1468 3113 1521 minores
3158 1466 3329 1521 olfeu-

1742 1574 1830 1612 Sus
1857 1574 2082 1650 coruus.
2100 1558 2191 1626 qui
2247 1559 2503 1612 maudata
2566 1574 2684 1612 mea
2725 1574 2828 1612 non
2853 1558 3249 1611 custodierint:
3284 1558 3329 1611 Α

1741 1648 2099 1704 similitudine
2145 1665 2437 1719 puerorum
2466 1651 2643 1705 minus
2671 1648 3078 1717 olfeudeutium,
3102 1650 3191 1718 qui
3221 1649 3330 1702 vir-

1742 1758 1820 1813 gae
1883 1742 2235 1811 percussione
2294 1743 2658 1813 corriguntur.
2713 1741 2777 1795 Et
2826 1742 3079 1805 visitabo,
3132 1741 3183 1795 id
3244 1749 3330 1795 est

1743 1834 2013 1903 corrigam
2044 1835 2096 1887 in
2130 1834 2445 1899 verberibus,
2499 1835 2549 1888 id
2596 1844 2677 1890 est
2705 1836 2756 1888 in
2789 1836 2996 1905 magnis
3037 1834 3332 1889 correctio-

1742 1926 1901 1980 nihus
1957 1936 2011 1979 et
2039 1927 2248 1995 asperis
2310 1936 2557 1991 peccata,
2618 1926 2670 1980 id
2713 1935 2797 1981 est
2857 1923 3089 1993 majores
3140 1923 3329 1993 culpas

1741 2034 1919 2070 eorum
1948 2017 2034 2086 qui
2060 2016 2463 2087 profanaverint
2507 2014 2754 2083 justitias
2793 2031 2972 2079 meas;
3023 2031 3051 2068 a
3078 2014 3332 2069 similitu-

1742 2109 2147 2177 dinejuvenum
2206 2109 2375 2179 magis
2429 2108 2840 2173 olfcndentium,
2872 2107 2963 2177 qui
3017 2106 3329 2161 baculormn

1740 2201 2056 2255 verberibus
2109 2201 2518 2270 corripiuntur;
2576 2216 2639 2254 ac
2673 2201 2716 2253 si
2755 2199 2939 2254 dicat:
2968 2198 3024 2253 Si
3069 2198 3159 2251 lilii
3216 2196 3345 2265 ejus

1740 2292 2091 2355 offenderint,
2147 2294 2426 2364 castigabo
2456 2310 2548 2348 eos
2591 2309 2686 2363 per
2728 2293 3094 2355 iulirmitales,
3141 2300 3195 2345 et
3237 2305 3335 2359 per

1740 2384 1877 2437 alias
1900 2400 2039 2453 quas
2067 2384 2147 2439 eis
2177 2383 2406 2437 inferam
2439 2385 2743 2437 aiixietates
2772 2401 2785 2436 :
2825 2397 2944 2451 qua:
2964 2381 3144 2436 omnia
3175 2389 3337 2435 erunt

1740 2476 1820 2528 eis
1848 2475 2087 2543 piissimo
2114 2484 2167 2528 et
2191 2474 2548 2528 saluberrima
2577 2474 2832 2527 visitatio.

1812 2567 1878 2621 Et
1904 2567 2198 2620 notandum
2223 2569 2365 2635 quod
2394 2567 2532 2620 hanc
2574 2566 2985 2636 promissionem
3036 2565 3330 2620 correctio-

1741 2660 1827 2715 nis
1855 2669 1908 2713 et
1932 2659 2319 2713 misericordiae
2351 2658 2480 2711 facit
2510 2659 2575 2713 de
2640 2659 2744 2712 illis
2805 2658 2929 2711 filiis
2986 2667 3194 2711 tantum
3239 2658 3333 2727 qui

1742 2749 1988 2802 salvandi
2017 2757 2163 2802 sunt.
2192 2748 2388 2815 Legem
2422 2758 2626 2812 autem,
2659 2748 2708 2801 id
2735 2757 2818 2801 est
2865 2746 3205 2816 disciplinam
3236 2764 3333 2817 po-

1743 2841 1842 2904 uit,
1866 2856 1930 2894 eo
1958 2840 2099 2909 quod
2126 2840 2349 2893 validius
2370 2839 2627 2892 dicuntur
2652 2840 2815 2909 leges,
2848 2828 3087 2892 instituta
3118 2839 3204 2892 illa
3238 2840 3329 2892 ubi

1742 2932 1808 2985 de
1837 2933 2073 2986 vindicta
2104 2948 2318 2986 reorum
2342 2932 2539 2997 agitur,
2592 2946 2753 2999 quam
2787 2931 2874 2984 ubi
2909 2931 3088 3000 regula
3120 2930 3334 2984 vivendi

1739 3020 1904 3092 360
1924 3022 2246 3089 disponitur,
2282 3020 2412 3073 Dico
2441 3022 2694 3088 quoniam
2723 3017 2939 3072 visitabo
2964 3032 3058 3071 eos
3086 3018 3141 3070 in
3164 3020 3329 3086 virga,

1740 3123 1787 3166 et
1832 3115 1887 3167 in
1952 3112 2263 3167 rerberibus.
2327 3110 2745 3165 Misericordium
2787 3120 2959 3164 autem
3010 3126 3178 3163 meam
3228 3124 3334 3161 nou

1740 3205 2036 3275 dispergant
2062 3206 2127 3259 ab
2156 3222 2238 3270 eo,
2273 3204 2435 3258 idest
2479 3205 2573 3258 sed
2628 3202 2893 3257 lieuelicia
2944 3200 3331 3256 misericordia:

1743 3313 1873 3351 meae
1904 3312 2007 3351 non
2045 3312 2112 3351 ex
2166 3307 2275 3351 l0l0
2320 3297 2564 3350 auferam
2625 3311 2654 3349 a
2705 3295 2827 3350 ﬁliis
2861 3295 2977 3364 ejus
3031 3293 3328 3359 salvaudis,

1740 3406 1880 3461 quos
1904 3391 2141 3454 risitabo,
2170 3390 2377 3446 scilicet
2420 3406 2524 3443 nou
2556 3389 2636 3444 eis
2663 3388 2904 3444 auferam
2932 3389 3089 3443 fidem
3122 3396 3177 3441 et
3228 3386 3332 3441 mei

1744 3480 2127 3548 urguitiouem,
2153 3488 2208 3534 et
2235 3487 2430 3533 cat-tera
2454 3480 2712 3533 benetieia
2739 3494 2858 3548 qua:
2892 3493 2988 3548 per
3015 3476 3327 3530 misericor-

1743 3571 1885 3624 diam
1917 3586 2090 3626 meam
2117 3570 2195 3625 eis
2224 3570 2497 3624 conferam
2527 3587 2539 3622 :
2568 3585 2729 3639 neque
2755 3569 2944 3622 nocebo
2972 3568 3047 3622 eis
3081 3569 3132 3620 in
3151 3567 3331 3622 futuro

1745 3673 1918 3718 uteos
1940 3664 2188 3717 damuem
2216 3680 2232 3716 :
2265 3671 2320 3717 et
2351 3665 2451 3717 hoc
2497 3671 2582 3717 est
2609 3671 2816 3716 certum
2870 3669 2926 3715 et
2981 3662 3218 3726 firnuun,
3275 3662 3334 3715 in

1744 3755 1957 3808 ueritate
2003 3771 2139 3819 mea,
2165 3769 2229 3807 ac
2254 3755 2297 3807 si
2330 3755 2512 3809 dicat:
2543 3755 2676 3809 Cum
2711 3768 2873 3808 verus
2925 3754 3027 3809 sim
3056 3762 3114 3807 ut
3142 3753 3334 3809 fallere

1746 3863 2029 3918 nequeam,
2092 3848 2207 3916 ipsa
2269 3863 2386 3902 mea
2413 3848 2614 3903 veritas
2655 3847 2819 3902 habet
2848 3859 2905 3901 ut
2934 3848 3077 3917 quod
3110 3847 3335 3916 promisi

1746 3941 2086 4009 compleam:
2128 3941 2340 3995 scilicet
2395 3956 2462 3996 ne
2509 3941 2924 3995 misericordiam
2993 3941 3330 4011 dispergam,

1746 4045 1920 4099 neque
1954 4047 2174 4086 noceam
2195 4074 2210 4098 ,
2243 4049 2405 4102 neque
2430 4032 2718 4102 profunabo
2746 4042 3105 4086 testamentum
3137 4048 3329 4096 meum,

1744 4124 1950 4178 scilicet
1978 4140 2082 4178 non
2112 4124 2306 4179 faciam
2336 4124 2642 4194 profanum,
2671 4125 2721 4177 id
2750 4133 2833 4178 est
2857 4123 3085 4177 mendax
3113 4131 3329 4191 pactum

1742 4230 1949 4280 meum,
1975 4216 2117 4286 quod
2144 4216 2372 4271 lirmabo
2425 4232 2546 4270 cum
2597 4216 2765 4269 David
2824 4214 2931 4268 filio
2961 4229 3078 4268 meo
3112 4213 3335 4283 promit-

1748 4311 1910 4365 tendo
1931 4312 2072 4381 quod
2102 4327 2207 4365 non
2234 4312 2438 4365 nocebo
2462 4309 2587 4363 filiis
2616 4308 2759 4376 ejus;
2788 4319 2835 4363 et
2865 4324 2967 4362 non
2990 4308 3184 4377 [aciem
3206 4308 3332 4361 irri-

1745 4413 1819 4466 tu,
1854 4404 1904 4456 id
1932 4413 2014 4456 est
2044 4417 2178 4456 vana
2218 4410 2271 4456 et
2321 4402 2464 4454 nulla
2530 4400 2759 4455 utilitate
2810 4398 3056 4469 praedita,
3105 4412 3166 4453 ea
3211 4413 3331 4468 qua

103 4479 179 4549 ipsi
197 4502 438 4558 sequaces
486 4509 594 4547 non
645 4493 873 4549 ulterius
915 4497 1207 4564 peccaturi,
1251 4498 1333 4553 vel
1382 4500 1425 4554 si
1452 4515 1641 4568 pecca-
1673 4514 1718 4573 ι)
1745 4496 2025 4562 procellunt
2056 4494 2121 4546 de
2158 4494 2311 4547 labiis
2343 4494 2488 4557 meis,
2521 4492 2573 4547 id
2609 4500 2693 4547 est
2734 4507 2797 4546 ea
2830 4491 3088 4545 beneficia
3120 4506 3240 4561 quas
3264 4492 3331 4547 de

103 4582 196 4627 rent
214 4593 306 4632 non
332 4597 401 4635 νει
421 4598 475 4651 u,
496 4584 723 4647 eraturi,
751 4583 926 4638 innuit
951 4600 1046 4640 eos
1082 4595 1415 4656 peccaturos,
1438 4600 1493 4644 et
1521 4605 1641 4645 esse

102 4668 425 4739 corrigendos,
477 4684 534 4729 et
566 4675 660 4728 Dei
693 4675 1120 4731 misericordiam
1181 4694 1286 4732 non
1320 4681 1638 4745 amissuros,

102 4752 188 4809 sic:
213 4759 328 4817 Dico
350 4766 492 4833 quod
521 4782 712 4834 ponam
734 4782 905 4820 semen
931 4767 1044 4836 ejus
1074 4769 1128 4821 in
1157 4769 1408 4824 sa'culum
1437 4771 1639 4837 steculi,

102 4854 182 4900 etc.
209 4849 261 4906 Si
284 4867 473 4921 autem,
494 4858 545 4910 id
581 4869 664 4912 est
699 4858 791 4913 sed
821 4859 863 4911 si
892 4860 991 4927 ﬁlii
1025 4859 1169 4930 ejus,
1197 4860 1247 4915 id
1271 4871 1355 4916 est
1381 4877 1642 4931 sequaces

99 4940 207 5005 eLIts.
242 4949 440 5016 pra-lati
468 4951 700 5018 scilicet,
732 4952 1101 5024 dereliquerint
1148 4952 1310 5023 legem
1350 4971 1517 5009 meam
1539 4996 1553 5021 ,
1588 4956 1639 5010 id

101 5043 165 5087 est
192 5036 515 5110 disciplinam
542 5059 661 5113 qme
686 5044 739 5097 iu
775 5044 890 5115 lege
916 5060 1032 5101 mea
1052 5046 1365 5114 praecipitur
1383 5086 1397 5109 ,
1431 5047 1640 5101 scilicet

102 5126 134 5177 si
161 5144 250 5184 nou
281 5137 583 5190 correxerit
610 5138 855 5191 subditos
898 5139 1193 5192 secundum
1221 5137 1272 5191 tli
1306 5136 1558 5206 ciplinam
1587 5138 1637 5190 in

103 5214 191 5286 lege
218 5236 322 5277 mea
352 5228 725 5292 constitutam,
757 5228 850 5281 sed
882 5227 964 5283 vel
1014 5228 1176 5281 nimis
1218 5228 1426 5282 inteasc
1457 5228 1523 5282 ad
1577 5228 1640 5281 li-

101 5303 126 5356 1»
145 5316 236 5365 tum
257 5328 405 5370 suum
435 5319 691 5389 corriget,
739 5320 957 5372 modum
1017 5320 1326 5375 excedeuoo
1356 5335 1451 5387 per
1481 5320 1636 5381 iram,

101 5400 166 5452 Vel
200 5404 345 5461 nimis
374 5410 599 5466 remisse
626 5428 815 5481 parum
856 5413 1104 5467 faciendo
1161 5422 1380 5483 pmpter
1409 5412 1639 5483 alicujus

101 5493 294 5555 Statium
329 5515 342 5551 :
375 5499 439 5552 Et
484 5501 526 5554 si
560 5501 649 5555 lilii
703 5502 820 5571 ejus
862 5503 1067 5573 praelati
1119 5520 1219 5557 non
1259 5503 1637 5557 ambulaverint

101 5578 143 5630 in
165 5581 360 5649 judiciis
390 5592 539 5656 meis,
573 5592 624 5647 id
649 5604 732 5648 est
791 5610 895 5648 non
923 5596 1388 5665 perseveraverint
1420 5596 1473 5648 in
1488 5595 1640 5664 judi—

102 5672 178 5726 ciis
207 5691 231 5728 τι
255 5695 333 5734 me
361 5686 685 5754 t0:tsliluliS,
714 5687 920 5741 scilicet
966 5688 1033 5753 s’,
1062 5704 1159 5757 pro
1182 5702 1363 5742 amore
1413 5688 1639 5759 alicujus

106 5769 307 5825 modio
325 5771 455 5829 falso
470 5774 795 5845 judicantcs,
832 5794 937 5833 non
988 5778 1273 5835 habuerint
1321 5776 1639 5847 rcctajudi-

1746 4588 1867 4641 liliis
1889 4587 2005 4658 ejus
2036 4586 2334 4657 praedicunt
2375 4588 2650 4656 propheta:
2700 4586 2803 4641 mei
2829 4585 2957 4640 dicti
2990 4584 3129 4640 labia
3185 4600 3333 4649 mea.

1742 4695 1808 4733 eo
1838 4681 1978 4749 quod
2006 4694 2102 4750 per
2150 4694 2243 4733 eos
2284 4678 2464 4733 futura
2499 4678 2841 4749 praeloquar;
2873 4692 2938 4732 ac
2966 4678 3010 4732 si
3042 4677 3191 4732 dicat
3222 4694 3236 4731 :
3271 4677 3333 4733 Si

1740 4771 2154 4825 misericordiam
2206 4787 2375 4825 meum
2428 4771 2493 4825 ab
2547 4771 2621 4825 eis
2670 4770 3059 4840 dispergerem,
3105 4769 3335 4825 mendax

1740 4871 1886 4916 esset
1926 4871 2141 4929 pactum
2180 4877 2379 4926 meum,
2435 4861 2577 4930 quod
2607 4876 2730 4914 cum
2785 4860 2952 4914 David
2981 4860 3212 4925 faciam,
3254 4859 3341 4915 Ιοα

1741 4954 1955 5021 quendo
1983 4952 2079 5020 ipsi
2118 4952 2364 5017 interius,
2424 4952 2566 5021 quod
2588 4949 2872 5021 profanum
2900 4952 3115 5021 quidem
3160 4959 3244 5005 est
3273 4958 3337 5005 et

1741 5043 2071 5112 impossibile
2101 5052 2160 5097 ut
2199 5043 2448 5108 mentiar,
2494 5057 2618 5098 cum
2676 5042 2778 5097 sim
2816 5043 2976 5105 Deus,
3022 5049 3160 5094 etes
3208 5055 3344 5109 quae

1743 5136 2017 5206 propheta:
2043 5136 2364 5189 annuntiaut
2388 5135 2457 5189 de
2482 5134 2658 5189 salute
2681 5143 2882 5188 aeterna
2909 5132 3139 5186 filiorum
3170 5131 3338 5186 irrita.

1741 5236 1941 5288 essent,
1987 5234 2040 5280 et
2082 5226 2197 5281 sine
2235 5226 2465 5280 utilitate
2512 5227 2687 5291 dicta;
2736 5225 2880 5294 quod
2934 5233 3225 5293 utrumque
3260 5239 3345 5279 ne

1742 5330 2017 5386 sequatur,
2048 5334 2151 5371 non
2199 5320 2493 5388 dispergant
2541 5316 2949 5371 misericordium
3015 5332 3177 5386 neque
3222 5333 3322 5369 no-

1740 5413 1883 5475 cebo,
1925 5419 1977 5465 et
2002 5426 2128 5466 vere
2171 5428 2274 5465 non
2315 5412 2617 5481 dispergam
2648 5428 2662 5463 :
2699 5425 2820 5463 nam
2850 5408 3005 5462 semel
3025 5409 3227 5479 juravi,
3271 5409 3333 5466 id

1740 5510 1822 5554 est
1850 5502 2256 5557 imrnulabiliter
2281 5514 2333 5557 et
2366 5502 2595 5557 firmiter
2623 5502 2882 5572 disposui,
2902 5520 2938 5572 Aa
2968 5503 3331 5561 similitudine

1741 5593 1954 5648 illorum
2009 5595 2099 5663 qui
2151 5594 2350 5664 aliquid
2405 5593 2634 5648 firmiter
2681 5603 2736 5650 et
2796 5570 2917 5649 cum
2968 5595 3327 5666 jurejurando

1742 5686 2054 5755 disponunt,
2078 5696 2134 5740 et
2171 5688 2271 5741 hoc
2299 5684 2455 5740 semel
2481 5727 2495 5753 ,
2532 5685 2584 5740 id
2622 5697 2706 5740 est
2733 5686 2813 5742 sic
2860 5687 3241 5753 inviolabiliter
3268 5696 3330 5745 ut

1740 5792 1847 5832 non
1905 5777 1975 5831 sit
2032 5791 2167 5846 opus
2218 5784 2461 5846 repetere
2513 5776 2698 5848 ipsum.
2748 5776 3145 5851 jusjurandum.
3196 5779 3334 5840 Dico
