3840 6338
506 319 644 375 1115

1075 316 1133 374 Β.
1174 315 1523 373 BRUNONIS
1560 303 2206 382 CARTIIUSIKNORUM
2245 329 2730 394 INSTITUTORIS
2757 336 2906 397 OPP.
2946 340 3128 398 PARS
3165 340 3206 397 l.

3615 353 3724 410 1116

504 433 840 506 quodjuraoi
881 435 1059 497 sentef,
1082 441 1138 488 et
1180 431 1282 487 hoc
1321 431 1374 485 in
1416 443 1596 487 sant-to
1625 451 1760 499 meo,-
1817 435 1867 489 itl
1905 447 1988 491 est
2033 438 2084 492 in
2116 444 2162 500 Α
2189 443 2240 500 id
2264 458 2344 504 est
2366 451 2646 520 permittes
2669 452 2862 523 impios
2884 455 3133 525 persequi
3157 456 3338 512 fideles
3362 472 3504 517 more
3521 463 3726 531 profano.

503 554 690 599 sancta
721 542 1074 612 dispo-itioae
1105 555 1252 605 mea;
1279 555 1342 595 ac
1370 540 1413 595 si
1448 541 1590 596 dicat
1616 559 1629 594 :
1661 541 1795 596 Cum
1813 543 2093 615 dispositio

505 650 624 690 mea
657 644 846 689 sancta
898 633 990 698 sit,
1045 631 1376 702 impossibile
1405 641 1488 686 est
1525 633 1665 702 quod
1714 634 1939 704 dispono
1987 653 2092 692 non

502 727 838 797 contingere.
865 726 993 780 Dico
1018 724 1220 794 juravi,
1247 734 1300 779 ει
1344 725 1446 779 hoc
1475 725 1681 780 scilicet
1709 727 1908 796 juravi,
1951 729 2094 798 quod

501 837 684 877 semen
724 818 842 888 ejus
895 819 947 873 in
995 829 1254 874 aeternum
1286 803 1560 880 manebit,
1615 821 1771 875 idest
1828 837 2094 890 sequaces

501 913 616 978 ejus
655 913 842 967 interni
867 921 1043 967 erunt.
1080 911 1148 964 Et
1195 912 1242 965 si
1276 926 1374 980 ego
1412 911 1580 966 David
1611 914 1858 978 mentiar,
1887 914 2094 970 scilicet

485 1005 616 1058 .filio
645 1020 767 1059 meo
806 1019 910 1057 non
948 1003 1222 1073 complens
1257 1003 1399 1072 quod
1425 1019 1546 1058 cum
1575 1019 1640 1060 eo
1673 1005 1934 1074 paciscar,
1969 1015 2095 1060 tunc

503 1111 607 1148 non
639 1110 756 1150 sum
778 1094 938 1160 Deus,
992 1094 1075 1148 vel
1107 1093 1273 1148 David
1321 1095 1616 1165 prophetae,
1673 1095 1758 1150 cui
1804 1097 1907 1152 hoc
1953 1113 2091 1168 pra:-

501 1186 638 1240 disi.

571 1277 638 1332 Et
669 1293 774 1332 non
799 1275 1133 1332 solummodo
1156 1293 1330 1331 semen
1353 1276 1467 1346 ejus
1490 1276 1543 1330 in
1571 1285 1822 1331 teternum
1858 1279 1976 1344 erit,
2000 1277 2093 1332 sed

499 1382 547 1426 et
568 1372 785 1424 thronus
809 1370 946 1440 ejus,
975 1371 1024 1424 id
1059 1379 1144 1425 est
1167 1371 1359 1439 .ipsum
1407 1385 1615 1436 semen,
1647 1371 1788 1438 quod
1811 1371 1915 1425 erit
1938 1371 2093 1426 sedes

499 1461 638 1532 ejus,
667 1477 772 1516 non
806 1461 992 1516 loc-alis
1022 1462 1114 1515 sed
1146 1460 1405 1531 spiritalis
1458 1460 1509 1514 in
1560 1459 1742 1515 futuro
1767 1461 2007 1516 existens
2040 1461 2094 1516 in

499 1562 774 1624 conspectu
804 1569 938 1618 meo,
974 1552 1024 1606 id
1049 1561 1134 1608 est
1165 1553 1216 1606 in
1243 1561 1429 1621 aperta
1465 1551 1926 1622 contemplatione
1962 1554 2090 1619 mei,

498 1646 590 1714 qui
615 1644 702 1700 hic
729 1658 825 1714 per
852 1643 1125 1714 speculum
1163 1643 1438 1706 \iJebuut,
1467 1643 1572 1698 erit
1598 1641 1808 1696 lucidus
1839 1643 1890 1696 in
1913 1644 2094 1697 anima

496 1733 755 1799 sicutsol,
784 1733 835 1787 id
877 1741 962 1786 est
993 1733 1056 1786 ad
1108 1733 1324 1788 modum
1371 1732 1518 1787 solis.
1560 1731 1723 1787 Juxta
1764 1733 1892 1787 illud
1921 1733 2092 1788 Jesu:

503 1843 521 1875 ι
552 1822 689 1880 Justi
723 1823 1000 1894 fulgebunt
1031 1823 1264 1878 sicutsol
1295 1823 1345 1876 in
1371 1837 1534 1892 regno
1556 1821 1731 1876 Patris
1759 1821 2091 1892 mei(Mauh.

498 1932 622 1981 xui,
647 1915 762 1984 45),
799 1935 816 1966 ι
852 1924 905 1968 ει
937 1915 949 1967 i
977 1917 1070 1966 ica.
1103 1916 1329 1969 thronus
1366 1915 1471 1968 erit
1502 1915 1553 1967 in
1577 1927 1808 1984 corpore
1851 1912 2096 1982 splendi-

497 2007 598 2060 dus
629 2007 680 2060 in
715 2016 996 2069 astet-num,
1028 2007 1162 2059 sicut
1214 2003 1343 2058 luna
1390 2004 1620 2074 perfecta
1669 2003 1948 2072 splendida
1989 2012 2094 2058 cst.

498 2098 805 2154 Notandum
856 2099 1000 2152 enim
1036 2099 1179 2168 quod
1227 2097 1488 2152 clariores
1539 2097 1772 2151 eruntin
1815 2097 2098 2152 animabus

481 2205 658 2255 «piam
698 2189 748 2241 in
784 2189 1127 2257 corporibus,
1156 2204 1277 2242 cum
1297 2189 1507 2259 dignior
1533 2189 1602 2242 sit
1628 2188 1807 2242 anima
1848 2204 2096 2257 corpore.

499 2279 802 2333 Notandum
834 2295 1047 2350 quoque
1097 2281 1238 2348 quod
1290 2281 1415 2334 licet
1454 2295 1644 2335 omnes
1694 2281 1787 2334 Dei
1835 2296 2098 2350 sequaces

500 2371 708 2438 possint
738 2371 959 2422 thronus
1009 2371 1124 2438 ejus
1169 2371 1298 2434 dici,
1357 2371 1631 2440 digniores
1673 2381 1935 2426 tamenet
1974 2387 2099 2426 san—

501 2463 700 2516 ctiores
729 2462 960 2530 quadam
990 2462 1360 2531 prmcipuitate
1389 2463 1641 2515 thronum
1668 2463 1769 2516 diei
1798 2463 1933 2529 ejus,
1960 2464 2100 2518 sicut

501 2553 719 2622 quidam
747 2553 879 2607 ordo
901 2552 1185 2620 spirituum
1211 2568 1319 2620 prae
1347 2552 1604 2621 dignitate
1631 2569 1725 2607 sua
1755 2554 1972 2606 thronus
2004 2570 2099 2606 ve-

501 2654 677 2700 catur.
724 2643 791 2696 Et
844 2644 1000 2709 hujus
1032 2642 1406 2710 promissionis
1435 2643 1665 2695 filiorum
1709 2644 1812 2697 erit
1855 2645 1999 2696 testis
2043 2644 2100 2697 in

501 2735 648 2801 (mlo,
677 2736 882 2788 scilicet
903 2734 1060 2790 Jesus
1084 2745 1245 2804 caput
1265 2750 1471 2799 corum,
1500 2736 1590 2804 qui
1617 2735 1666 2788 iu
1691 2735 1858 2790 etelos
1890 2752 2098 2788 assum-

503 2838 624 2896 ptus
656 2827 972 2896 splendidus
994 2828 1123 2892 crit,
1150 2828 1303 2882 testis
1327 2827 1431 2880 erit
1453 2837 1507 2881 et
1538 2829 1731 2897 pignus
1761 2829 1902 2896 quod
1934 2845 2100 2881 mem—

501 2917 596 2968 bra
625 2916 902 2984 splendida
931 2925 1112 2982 erunt,
1145 2927 1200 2970 et
1230 2918 1352 2971 talis
1376 2918 1519 2971 testis
1546 2920 1633 2988 qui
1666 2919 1769 2972 erit
1800 2919 1972 2986 ﬁdelis
2003 2961 2016 2981 ,
2048 2919 2098 2970 id

502 3018 586 3060 est
609 3007 727 3061 talis
752 3009 845 3062 .cui
871 3008 1003 3062 fides
1035 3009 1334 3064 adhibemla
1366 3011 1469 3064 erit
1513 3027 1634 3064 cum
1695 3011 1834 3064 Deus
1859 3019 1912 3064 et
1942 3012 2100 3064 homo

2196 557 2338 606 runt,
2371 545 2606 612 quandiu
2659 545 2894 599 eruntin
2930 557 3092 611 terra,
3143 549 3232 617 qui
3268 556 3441 604 tamen
3485 563 3597 607 sunt
3635 573 3728 611 sau-

2195 637 2456 688 ctuarium
2483 646 2659 701 tamn,
2685 637 2736 691 id
2757 647 2842 692 est
2874 648 3121 693 sanctqu
3153 640 3404 710 templum
3434 642 3556 711 ejus.
3603 644 3726 702 Post-

2195 742 2356 796 quam
2389 737 2569 782 autem
2603 729 2670 783 de
2711 732 2812 784 hac
2840 731 2947 784 vita
2979 732 3252 796 recedent,
3284 747 3376 786 eos
3423 739 3728 804 persequendi

2196 817 2599 872 nonhabebunt
2640 819 2972 874 facultatem.
3030 820 3097 875 Et
3147 822 3247 876 hoc
3304 823 3459 876 modo
3499 825 3731 892 permittes

2195 907 2466 977 profanari
2518 911 2880 964 sanctuarium
2911 952 2925 975 ,
2973 913 3181 967 scilicet
3240 912 3536 967 destruxiin
3590 932 3731 971 omna

2194 1016 2336 1068 sepes
2362 1000 2474 1069 ejus
2498 1002 2818 1066 sanctuarii,
2849 1003 2900 1056 id
2929 1013 3013 1058 est
3036 1005 3320 1074 permittes
3363 1005 3556 1060 destrui
3578 1023 3732 1078 corpo-

2196 1106 2289 1144 rea
2312 1091 2688 1147 interfectione
2714 1093 2966 1162 prtelatos
2987 1094 3262 1158 Ecclesiae,
3286 1095 3576 1149 munientes
3595 1097 3731 1165 ipsam

2194 1181 2494 1236 Ecelesiam
2525 1183 2770 1237 doctrina
2801 1193 2857 1239 et
2877 1184 3127 1254 exemplo
3153 1200 3252 1238 suo
3275 1226 3290 1250 ,
3328 1185 3393 1238 ad
3439 1185 3632 1238 modum
3668 1202 3732 1241 se-

2195 1272 2340 1340 piunt
2376 1271 2588 1327 vineam
2619 1273 3212 1338 circumtnuuientium,
3238 1283 3293 1328 et
3319 1273 3515 1327 destrui
3556 1276 3734 1343 permit-

2197 1364 2356 1417 tendo
2382 1365 2621 1433 posuisti,
2662 1365 2714 1419 id
2737 1374 2821 1419 est
2867 1379 3032 1434 puues
3065 1364 3454 1434 ﬁrmamentum
3501 1365 3602 1435 ejus
3639 1382 3734 1419 san-

2196 1460 2384 1512 ctuarii
2415 1460 2770 1527 formidinem,
2805 1460 2854 1512 id
2881 1469 2964 1513 est
2989 1474 3187 1514 causas
3226 1459 3540 1522 formidinis,
3570 1459 3736 1513 scilicet

2195 1566 2293 1620 per
2319 1552 2742 1606 destructionem
2765 1550 2993 1620 scpium,
3028 1549 3196 1606 facies
3224 1559 3281 1605 ιιι
3307 1567 3448 1620 sepes
3494 1550 3604 1613 illic,
3643 1567 3737 1621 quae

2197 1641 2427 1696 vivendo
2487 1652 2647 1700 erunt
2698 1643 2776 1696 eis
2809 1643 3199 1712 ﬁrmamentum
3251 1650 3309 1696 ει
3354 1641 3736 1706 munimentum,

2197 1735 2550 1803 corporaliter
2576 1737 2888 1801 destructte,
2919 1739 3028 1792 sint
3054 1737 3135 1791 eis
3182 1751 3346 1790 causa
3395 1751 3554 1805 quare
3587 1735 3733 1790 formi-

2199 1827 2325 1880 dent
2354 1826 2452 1895 ipsi
2488 1826 2726 1882 minores
2754 1828 2958 1882 destrui
3001 1847 3013 1881 :
3046 1837 3100 1882 et
3126 1828 3453 1896 diripuerunt
3476 1845 3583 1881 eum
3611 1828 3738 1882 David

2201 1916 2252 1969 in
2283 1917 2554 1979 membris,
2615 1918 2666 1971 id
2719 1927 2803 1973 est
2861 1918 3200 1972 dilaniabunt
3240 1919 3526 1971 maximam
3572 1926 3738 1986 partem

2201 2007 2573 2061 membrorum
2607 2007 2726 2076 ejus
2781 2009 3157 2064 interficiendo
3183 2051 3198 2077 ,
3257 2009 3340 2063 vel
3387 2008 3619 2076 diripient
3661 2007 3738 2060 sibi

2198 2100 2444 2168 quietiam
2471 2098 2668 2154 debilia
2695 2101 2931 2154 membra
2953 2099 3072 2168 ejus
3097 2099 3490 2170 incorporandn
3511 2098 3617 2153 sibi.
3643 2096 3741 2151 0n:-

2201 2206 2286 2242 nes
2313 2189 2630 2245 deserentes
2653 2191 2792 2244 viam
2827 2201 2975 2246 recte
3007 2192 3222 2245 vivendi
3246 2201 3357 2245 tam
3380 2191 3593 2260 gentiles
3610 2204 3739 2258 quam

2198 2281 2368 2337 Judaai
2393 2291 2446 2337 ct
2477 2283 2739 2348 hmretici,
2774 2283 2856 2336 vel
2881 2293 3209 2338 transeuntes
3239 2285 3402 2348 riam,
3430 2283 3479 2336 id
3499 2291 3575 2336 est
3608 2279 3741 2348 negli-

2201 2382 2389 2444 gentes
2409 2373 2706 2438 Christum,
2739 2375 2830 2443 qui
2856 2376 2938 2428 via
2971 2383 3054 2428 est
3081 2375 3279 2428 veritas
3306 2385 3355 2428 et
3378 2375 3498 2438 vita,
3529 2374 3653 2443 quod
3675 2380 3739 2426 est

2200 2468 2380 2520 dicere
2415 2485 2426 2519 :
2461 2467 2772 2521 Formidine
2821 2466 3212 2521 destructiouis
3265 2465 3611 2535 praefatorum,
3652 2463 3740 2530 qui-

2201 2561 2324 2613 dam
2351 2559 2553 2614 debiles
2583 2575 2646 2613 ex
2680 2559 2936 2626 subjectis
2960 2558 3269 2626 igfidelibus
3295 2555 3741 2613 conformabuntur.

2203 2651 2265 2705 Et
2293 2652 2418 2720 quia
2448 2651 2705 2720 diripicut
2732 2651 2905 2718 [actus
2931 2661 3028 2712 est,
3055 2649 3106 2702 id
3131 2659 3212 2702 est
3249 2648 3344 2702 fiet
3376 2649 3484 2717 ipse
3513 2646 3654 2700 David
3676 2660 3741 2697 se-

2201 2744 2434 2797 cundum
2462 2743 2794 2796 retnauentia
2821 2742 3083 2802 membra,
3109 2735 3742 2809 opprobrium-riciuissuis,

2203 2834 2344 2904 quod
2373 2844 2456 2887 est
2488 2834 2670 2886 dicere
2707 2851 2718 2885 :
2756 2831 2830 2884 Illi
2869 2832 2960 2900 qui
2987 2845 3090 2884 non
3136 2831 3462 2900 diripientur
3497 2836 3638 2883 erunt
3670 2842 3740 2892 op-

2200 2925 2466 2994 probrium
2493 2924 2675 2976 vicinis
2703 2923 2834 2987 suis,
2897 2923 2948 2975 id
2975 2930 3060 2975 est
3108 2929 3274 2974 erunt
3316 2934 3473 2973 causa
3517 2913 3742 2987 opprobrii

2203 3017 2330 3081 illis,
2362 3017 2583 3086 quijam
2617 3016 2777 3070 vicini
2809 3024 2992 3078 erunt,
3018 3013 3264 3068 volentes
3291 3014 3359 3067 ad
3407 3011 3554 3066 fidem
3595 3007 3742 3062 Eccle-

2130 1798 2172 1856 Β

501 3097 603 3160 sit,
649 3097 730 3152 vel
783 3098 955 3166 ﬁdelis
1009 3099 1098 3168 qui
1144 3099 1303 3152 fidem
1339 3098 1519 3152 faciet.
1581 3099 1947 3153 Pronus-sione
2008 3114 2096 3167 pa-
2125 3143 2166 3200 Ο
2317 3106 2562 3175 excinplo
2583 3121 2770 3160 eorum
2805 3103 3068 3166 converti,
3099 3102 3314 3156 scilicet
3364 3103 3461 3170 ipsi
3503 3098 3644 3153 vicini
3673 3111 3740 3150 vc.

507 3199 671 3242 terme
699 3191 1038 3244 auctoritatis
1067 3191 1330 3260 apposita,
1367 3191 1640 3260 Propheta
1667 3193 1720 3246 in
1745 3207 1838 3246 sua
1867 3205 2094 3260 persona

504 3295 688 3349 agens,
721 3283 943 3350 opponit
969 3282 1094 3337 illud
1124 3285 1266 3353 quod
1291 3299 1319 3336 a
1362 3284 1541 3338 multis
1571 3284 1765 3353 opponi
1807 3294 2008 3353 posset,
2038 3293 2097 3336 ut

503 3374 679 3422 solvat
714 3388 726 3423 :
760 3372 1009 3426 videlicet
1038 3389 1227 3442 quare,
1261 3389 1384 3427 cum
1437 3373 1578 3428 Deus
1607 3372 1769 3427 Pater
1815 3380 1966 3425 tanta
2004 3371 2098 3426 be-

475 3461 693 3515 .tteficia
711 3461 928 3516 Christo
970 3473 1025 3518 et
1073 3465 1332 3518 membris
1377 3465 1707 3531 promiserit,
1741 3473 1933 3517 toteos
1974 3478 2097 3532 per-

505 3551 687 3604 tui:t.:t
711 3552 1077 3606 anxietatibus
1109 3552 1290 3620 affligi.
1343 3552 1408 3605 Et
1439 3553 1541 3606 hoc
1565 3553 1644 3606 sic
1673 3553 1803 3607 dicit
1834 3570 1845 3604 :
1880 3553 1924 3608 0
1958 3553 2096 3608 Deus

506 3641 668 3696 Pater
696 3643 989 3709 promisisti
1017 3642 1235 3698 Christo
1287 3645 1431 3712 quod
1465 3645 1515 3697 in
1540 3651 1798 3698 aeternum
1853 3642 2098 3698 servabis

504 3733 580 3786 illi
619 3733 1068 3799 misericordiam,
1109 3745 1166 3789 et
1203 3735 1345 3805 quod
1402 3736 1626 3790 thronus
1655 3736 1770 3806 ejus
1801 3735 1906 3789 erit
1959 3735 2099 3790 sicut

503 3825 608 3888 sol,
634 3833 687 3878 et
713 3833 905 3878 cmtera
936 3825 1083 3879 talia.
1117 3826 1192 3879 Tu
1216 3843 1330 3880 vero
1359 3843 1423 3881 ex
1455 3829 1730 3896 proposito
1763 3828 2016 3896 repufisti,
2046 3826 2096 3880 id

502 3923 591 3968 est
647 3913 920 3968 videberis
963 3915 1223 3984 repellere
1277 3917 1342 3970 ab
1393 3919 1538 3971 omni
1596 3917 1762 3986 gloria
1819 3919 2097 3972 Christum

503 4014 678 4071 tuum,
722 4021 884 4075 quem
941 4007 1170 4075 turpiter
1215 4008 1495 4076 permittes
1533 4009 1788 4074 tractari;
1834 4019 1880 4062 et
1912 4010 2095 4078 despe-

500 4098 650 4162 atisti,
699 4097 751 4151 id
800 4106 882 4150 est
929 4098 1201 4152 videberis
1241 4099 1519 4168 despicere
1572 4101 1780 4154 scilicet
1827 4101 1971 4168 quod
2020 4099 2099 4154 sic

502 4191 792 4261 adligetur,
827 4207 948 4246 cum
985 4201 1037 4245 tu
1063 4209 1183 4246 eum
1215 4193 1509 4262 gloriosum
1554 4208 1678 4246 esse
1736 4193 1970 4246 futurmn
2004 4209 2100 4262 per

499 4289 794 4357 prephetas
851 4286 1212 4357 prmdixeris:
1252 4286 1522 4342 videbitur
1575 4287 1807 4340 nomiqu
1862 4287 2094 4346 venisse,

502 4382 597 4434 sed
628 4380 804 4434 adhuc
847 4380 1074 4434 differri.
1123 4379 1272 4435 Unde
1323 4379 1491 4434 Judaei
1538 4378 1804 4444 infideles,
1848 4377 2096 4432 Messium

503 4469 681 4528 adhuc
707 4478 994 4524 venturum
1025 4469 1336 4540 opinantur.

527 4623 536 4628 ι
578 4561 643 4614 Ει
667 4577 768 4614 non
803 4561 974 4615 soluiu
1007 4562 1163 4615 modo
1193 4563 1367 4631 ipsum
1398 4571 1560 4631 caput
1617 4561 1668 4615 vi
1693 4560 1888 4617 Teberis
1931 4560 2102 4630 repel-

501 4649 617 4704 lere
637 4661 692 4704 et
721 4652 1019 4720 deSpicere,
1069 4653 1162 4706 sed
1215 4655 1462 4717 erertisti,
1488 4655 1537 4707 id
1568 4663 1649 4708 est
1689 4653 1960 4708 videberis
2009 4651 2103 4707 tle-

503 4751 719 4797 struere
751 4753 1113 4799 testamentum
1153 4747 1284 4800 servi
1310 4747 1408 4812 tui,
1436 4746 1485 4799 id
1516 4756 1597 4801 est
1620 4756 1832 4815 pactum
1856 4745 1998 4814 quod
2026 4742 2103 4798 [ιιι

504 4835 617 4890 cies
639 4835 856 4890 Christo
877 4851 1033 4891 servo
1064 4848 1176 4901 tuo,
1203 4839 1569 4908 promittendo
1589 4839 1728 4909 quod
1746 4838 1965 4891 thronus
1988 4837 2102 4906 ejus

503 4928 662 5000 361
695 4927 800 4982 erit
848 4929 986 4982 sicut
1033 4929 1134 4995 sol,
1179 4939 1304 4992 etc.,
1339 4930 1605 4986 videberis
1655 4939 1934 4994 evertere,
1976 4929 2101 4998 quia

502 5021 821 5089 profanasti,
869 5019 1028 5073 idest
1080 5021 1360 5089 permittes
1411 5037 1439 5074 a
1492 5021 1934 5090 perSeeutoribus
1983 5021 2103 5090 pro-

505 5111 702 5176 fanari,
739 5113 790 5166 id
819 5121 902 5166 est
953 5111 1237 5182 profanum
1297 5115 1531 5180 reputari
1581 5114 1942 5168 sanctuarium
1992 5110 2104 5179 ejus

507 5203 651 5272 quod
680 5213 763 5257 est
791 5203 844 5255 in
869 5213 1030 5263 terra,
1062 5202 1269 5258 scilicet
1300 5203 1580 5270 permittes
1604 5213 1662 5258 ut
1701 5204 1798 5273 ipsi
1851 5216 2104 5274 persecu-

509 5303 655 5348 tores
705 5303 970 5365 martyres
1022 5309 1150 5348 suos
1201 5291 1460 5362 abigant,
1509 5300 1561 5345 et
1603 5301 1994 5362 persequantur
2045 5298 2106 5344 ut

506 5387 784 5456 profanos,
821 5388 910 5456 qui
945 5400 1124 5441 tamen
1154 5395 1280 5442 sunt
1328 5385 1711 5450 sanctum-ium,
1753 5386 1804 5438 id
1854 5393 1937 5438 est
1981 5399 2104 5437 sau-

499 5488 652 5534 -ctutn
682 5478 939 5548 templum
973 5488 1122 5532 tuum
1156 5479 1207 5532 in
1242 5489 1384 5534 terra
1433 5491 1676 5542 manens.
1732 5475 1798 5530 In
1825 5486 1965 5530 terra
2013 5491 2106 5545 po-

507 5571 590 5626 nit
618 5572 685 5626 ad
712 5570 1073 5626 differentiam
1105 5572 1304 5628 civium
1329 5583 1710 5640 supernorum,
1741 5570 1831 5637 qui
1862 5585 1982 5623 cum
2009 5568 2100 5622 Dei

510 5665 876 5719 sanctuarium
908 5665 1037 5729 sint,
1069 5665 1136 5720 ab
1167 5666 1346 5735 impiis
1380 5672 1655 5734 nequeunt
1678 5661 1979 5734 profanari,
2020 5660 2104 5714 vel

507 5750 590 5810 lic
623 5771 636 5806 :
663 5744 944 5811 Prolattari
977 5756 1256 5824 permittes
1297 5757 1350 5808 in
1377 5766 1515 5810 terra
1546 5755 1904 5812 sanctuariuut
1933 5762 2099 5817 tuum,

2201 3198 2646 3251 recundabuutur
2673 3212 2729 3250 se
2757 3210 2993 3265 unquam
3027 3193 3266 3248 voluisse
3302 3193 3389 3247 his
3410 3192 3631 3246 credere.

2269 3289 2497 3344 Ostensa
2537 3290 2772 3343 fidelium
2810 3287 3182 3356 depressione,
3208 3283 3610 3355 deprimentimu
3631 3277 3744 3334 exal-

2200 3383 2461 3438 tationem
2503 3383 2764 3446 ostendit,
2825 3381 2905 3435 sic
2954 3399 2965 3433 :
3017 3379 3148 3436 Dico
3195 3379 3342 3447 quod
3397 3375 3617 3430 membra
3657 3371 3744 3437 ejus

2199 3475 2369 3529 David
2395 3473 2680 3544 permittes
2711 3473 2789 3526 sic
2817 3470 3067 3540 duprimi,
3092 3478 3148 3522 ut
3175 3484 3338 3537 sepes
3361 3467 3692 3525 destruantur,
3705 3471 3745 3512 et

2199 3561 2415 3629 quidam
2442 3574 2506 3614 ex
2543 3559 2674 3629 ipsis
2698 3557 3044 3626 diripiantur.
3090 3554 3155 3607 Et
3183 3569 3250 3607 ex
3288 3553 3528 3623 opposito
3549 3546 3745 3604 excitaui

2199 3649 2466 3700 dexteram
2500 3644 2902 3714 deprimentium
2926 3657 3066 3706 eum,
3127 3639 3298 3693 David
3328 3640 3381 3693 in
3412 3636 3661 3696 membris,
3705 3630 3744 3683 itl

2200 3745 2282 3788 est
2316 3732 2600 3804 permittes
2649 3728 2879 3784 exaltari
2931 3736 2987 3780 et
3031 3725 3380 3796 augmentari
3427 3719 3742 3777 fortitudinem

2199 3832 2636 3895 persecuturum,
2675 3820 2766 3890 qui
2801 3818 3040 3873 membra
3071 3815 3188 3885 ejus
3233 3815 3535 3886 deprimere
3571 3810 3743 3864 labora-

2200 3917 2356 3971 bunt.
2386 3913 2538 3980 Quod
2567 3921 2650 3966 est
2696 3911 2921 3965 dicere:
2955 3907 3118 3963 Dabis
3157 3907 3240 3962 eis
3284 3906 3513 3976 amplam
3553 3909 3744 3972 potests-

2204 4015 2309 4060 tem
2343 4003 2528 4059 fideles
2551 3999 2912 4071 deprimendi.
2937 3999 3003 4053 Et
3028 4014 3125 4068 per
3149 3999 3253 4052 hoc
3284 3996 3578 4066 lwtiﬁcasti,
3606 3993 3650 4046 id
3681 3997 3746 4044 est

2200 4097 2486 4168 permittes
2507 4094 2660 4147 lzelos
2689 4092 2805 4145 ﬁeri
2835 4107 3011 4145 omnes
3039 4091 3278 4144 inimicos
3306 4091 3445 4159 ejus,
3486 4084 3650 4147 David,
3671 4082 3742 4136 de-

2201 4203 2480 4260 pressores
2528 4185 2736 4239 scilicet
2787 4184 3152 4238 membrorum
3203 4181 3508 4251 ipsiuszac
3531 4180 3570 4234 si
3592 4178 3740 4230 dicat:

2199 4281 2349 4335 Adeo
2371 4294 2556 4333 eorum
2589 4273 2962 4330 fortitudinem
2992 4273 3223 4328 exaltari
3251 4273 3544 4350 permittes,
3575 4278 3625 4322 ut
3650 4266 3742 4320 inde

2201 4371 2354 4426 valde
2383 4371 2745 4424 lactificentur.
2771 4365 2936 4439 _Uude
2964 4365 3182 4434 quidam
3215 4360 3742 4434 persecutoresinloco

2129 4488 2176 4545 υ
2205 4461 2600 4517 interfectiouis
2627 4469 2932 4529 martyrum
2962 4497 2978 4521 ,
3028 4457 3288 4510 dicuntur
3322 4455 3558 4511 convivia
3601 4446 3741 4522 parari

2204 4557 2418 4617 fecisse,
2446 4568 2500 4611 et
2525 4553 3022 4610 ludosiustituisse.
3053 4551 3185 4606 Dico
3224 4553 3370 4621 quod
3425 4554 3741 4619 persecutores

2204 4648 2488 4720 exultabis,
2522 4649 2587 4702 Et
2609 4647 2916 4702 econtrario
2939 4645 3195 4710 avertisti,
3257 4646 3311 4699 id
3342 4655 3428 4700 est
3452 4649 3642 4698 avertes
3669 4634 3741 4687 ad-

2195 4719 2644 4812 jutoriuntgfndii
2669 4737 2896 4792 rationis
2922 4735 3055 4806 ejus,
3089 4735 3279 4799 David,
3326 4735 3379 4790 id
3408 4743 3488 4790 est
3532 4740 3740 4800 quorum-

2205 4835 2326 4886 dam
2357 4833 2723 4887 membrorum
2747 4830 2884 4900 ejus,
2940 4828 3149 4884 scilicet
3177 4843 3302 4882 cum
3360 4826 3458 4898 ipsi
3505 4818 3740 4879 habuerint

2207 4925 2470 4978 rationem
2503 4937 2608 4991 qua
2630 4935 2688 4975 se
2716 4934 2866 4974 more
2898 4919 3059 4990 gladii
3093 4917 3409 4980 defendant,
3462 4905 3739 4968 ostendendo

2205 5031 2265 5071 se
2294 5025 2438 5071 recte
2461 5014 2704 5078 credere,
2740 5027 2915 5081 neque
2947 5026 3006 5066 se
3034 5011 3224 5079 dignos
3247 5024 3371 5064 esse
3397 5000 3736 5077 persecutione.

2206 5116 2419 5163 avertes
2447 5108 2514 5162 ab
2537 5106 2616 5161 eis
2647 5104 2906 5160 auxilium
2940 5102 3186 5166 rationis,
3217 5117 3338 5171 quae
3353 5100 3553 5172 gladius
3581 5103 3732 5150 eorum

2205 5198 2331 5263 erit,
2355 5197 2610 5252 videlicet
2633 5193 2803 5249 facies
2832 5203 2892 5248 ut
2933 5208 3121 5248 eorum
3167 5192 3307 5246 ratio
3362 5196 3579 5258 nequeat
3620 5192 3737 5238 eos:

2207 5293 2586 5365 persecutione
2610 5301 2665 5346 et
2690 5299 2868 5344 morte
2897 5287 3190 5342 defendere
3220 5305 3232 5341 :
3258 5301 3287 5339 a
3315 5283 3642 5340 similitudine
3665 5274 3721 5329 mi

2206 5385 2337 5448 litis,
2363 5384 2453 5453 qui
2492 5399 2596 5437 non
2627 5392 2801 5454 potest
2822 5382 2984 5453 gladii
3013 5381 3282 5452 adjutorio
3321 5380 3391 5434 ab
3419 5379 3564 5432 hoste
3587 5365 3736 5422 delen-

2207 5478 2279 5532 di.
2306 5476 2374 5530 Et
2399 5494 2500 5531 non
2530 5487 2604 5531 est
2633 5476 2922 5530 auxiliatus
2946 5477 3013 5537 ei,
3040 5475 3247 5530 scilicet
3284 5487 3394 5526 non
3441 5461 3735 5523 auxiliabitut

2205 5571 2526 5643 quibusdam
2551 5569 2808 5624 membris
2830 5567 2948 5636 ejus
2969 5567 3054 5622 ille
3084 5566 3288 5638 gladius
3307 5560 3524 5617 rationis
3543 5558 3590 5610 in
3613 5549 3732 5608 bello.

2206 5663 2348 5730 quod
2367 5676 2491 5715 cum
2513 5658 2818 5715 infidelibus
2848 5657 3202 5712 exercebunt.
3235 5653 3388 5721 Quod
3436 5660 3515 5705 est
3554 5646 3730 5700 dicere.

2207 5753 2338 5807 Cum
2375 5750 2635 5806 adversus
2661 5749 2850 5820 impios
2874 5746 3092 5817 quidam
3124 5742 3524 5802 rationabilibus
3548 5741 3729 5792 senten-
