3840 6338
121 373 222 432 ΗΠ

901 359 1262 419 EXPOSITIO
1299 359 1365 415 IN
1401 356 1743 417 PSALM'JS.
1779 389 1854 438 _—-
1885 359 2078 416 PSAL.
2111 358 2444 416 LXXXVIII.

120 491 186 545 liis
207 482 478 544 bellabunt,
522 491 628 532 non
681 483 938 545 poterunt
977 489 1074 530 eos
1111 483 1434 530 convertere
1464 491 1476 528 :
1512 489 1542 527 a
1567 474 1642 528 si-
1675 476 1720 536 Α
1749 491 1864 528 mea
1883 473 2196 542 substantia,
2227 475 2436 534 scilicet
2474 473 2712 532 humana
2759 485 2975 545 natura,
3013 493 3176 550 quam
3204 491 3330 534 ver-

121 577 371 636 militudine
399 571 580 626 militis
601 567 754 637 cujus
807 568 1017 640 gladius
1041 566 1286 623 ineflicax
1317 575 1401 622 est
1431 567 1644 622 hostem

118 681 347 741 superare.
371 664 435 719 Et
453 661 754 716 destruxisti
782 677 920 722 eum,
955 659 1006 713 id
1029 667 1106 715 est
1131 658 1411 729 permittes
1441 656 1644 712 destrui

119 769 272 820 morte,
299 751 528 822 quaedam
560 748 675 817 ejus
699 748 944 801 membra
972 764 984 800 :
1012 761 1133 815 quae
1165 744 1464 800 destructio
1519 757 1647 796 con-

118 850 247 918 tinget
275 845 332 897 ab
357 839 717 896 emundatione
742 837 976 906 ipsorum
1010 837 1398 900 membrorum,
1441 833 1648 890 scilicet

119 942 210 996 ideo
235 939 576 996 destruentur,
603 931 729 1000 quia
759 929 942 983 mtmdi
972 937 1025 983 ει
1075 929 1248 984 sancti
1277 928 1439 1000 362
1487 933 1647 982 erunt

117 1031 155 1085 in
181 1029 266 1082 title
285 1037 333 1081 et
353 1023 622 1094 operibus,
647 1031 700 1074 et
735 1021 884 1090 impii
918 1035 1106 1074 eorum
1163 1021 1486 1074 munditiam
1535 1017 1646 1088 pati

117 1117 383 1187 nequibant,
412 1112 551 1182 quod
579 1111 884 1166 mirabilius
911 1110 1128 1179 quidem
1158 1110 1284 1174 erit,
1309 1125 1469 1180 quam
1491 1108 1536 1163 si
1553 1123 1649 1178 per

116 1205 452 1264 immunditiam
482 1203 916 1256 destrucrentur.
966 1199 1064 1254 Vel
1119 1215 1308 1254 eorum
1352 1198 1649 1254 destructio

117 1303 340 1371 continget
363 1299 423 1352 ab
451 1297 836 1360 emendatione,
880 1297 932 1350 id
961 1305 1045 1352 est
1071 1304 1292 1366 prepter
1311 1294 1649 1350 emundatio—

116 1412 225 1450 nem.
247 1394 386 1461 Quod
419 1401 499 1446 est
530 1391 714 1446 dicere
743 1390 904 1445 :Ideo
937 1391 1005 1444 ah
1041 1391 1221 1460 impiis
1275 1391 1646 1454 destruentur,

116 1491 210 1559 quia
233 1488 424 1558 profani
467 1486 880 1556 reputabuntur,
905 1496 960 1541 et
985 1501 1082 1556 per
1107 1501 1296 1542 eorum
1322 1485 1649 1542 destructio-

114 1595 201 1641 ues,
231 1577 456 1632 civitates
479 1575 621 1629 unde
653 1574 991 1640 aufercntur,
1024 1567 1306 1630 entundari
1328 1575 1649 1630 videbuntur

115 1676 402 1738 pertnmtem
423 1681 636 1720 eorum.
665 1664 740 1719 Ne
765 1681 895 1722 vero
917 1674 1239 1736 putarentur
1263 1674 1318 1720 et
1345 1665 1396 1718 in
1421 1679 1650 1736 corpore

113 1770 154 1812 et
175 1758 216 1812 in
248 1759 409 1810 anima
434 1771 554 1811 esse
576 1756 912 1820 destruendi,
939 1755 1267 1811 determinat
1290 1755 1370 1811 sic
1396 1774 1410 1810 :

166 1847 270 1900 Dico
293 1847 425 1915 quod
457 1845 660 1900 destrui
688 1847 972 1916 permittes
1000 1846 1118 1916 ejus
1141 1846 1382 1901 membra
1413 1864 1426 1900 :
1455 1854 1511 1902 et
1533 1846 1647 1902 haec

118 1935 363 1990 destructio
400 1951 501 1990 non
530 1935 635 1990 erit
664 1949 718 1990 et
747 1935 801 1989 in
831 1949 1059 2005 corpore
1088 1944 1145 1989 et
1189 1935 1243 1989 in
1297 1935 1476 1989 anima
1511 1952 1524 1989 :
1554 1935 1649 1990 sed

115 2029 152 2082 in
194 2037 386 2092 terram,
415 2026 464 2080 id
517 2037 602 2082 est
636 2028 687 2082 in
730 2041 980 2096 corpore,
1033 2027 1176 2096 quod
1213 2033 1488 2082 terrenum
1541 2033 1647 2092 est,

115 2119 323 2183 reuixisti,
350 2119 398 2173 id
423 2127 506 2174 est
531 2118 816 2187 permittes
846 2117 1026 2172 collidi
1075 2117 1249 2172 sedem
1295 2118 1431 2187 ejus,
1481 2117 1651 2172 David

115 2211 306 2265 ineiubra
326 2210 437 2280 ejus
460 2210 672 2264 scilicet
693 2210 744 2263 in
785 2209 982 2279 quibus
1013 2210 1245 2266 sedebit.
1278 2209 1430 2277 Quod
1456 2220 1540 2264 est
1565 2208 1649 2264 di-

115 2315 207 2353 cere
226 2319 236 2352 :
255 2299 523 2356 Permittcs
563 2315 659 2356 eos
677 2300 881 2355 destrui
912 2303 963 2354 in
981 2316 1231 2369 corpore,
1256 2300 1649 2355 noniuanima.

120 2389 233 2445 Unde
254 2393 490 2448 Dominus
518 2394 574 2446 in
602 2393 930 2462 Evangelio:
965 2412 982 2443 ι
1016 2383 1190 2446 Nolite
1221 2393 1414 2446 timere
1440 2407 1532 2448 eos
1556 2391 1650 2462 qui

115 2482 550 2554 ocridantcorpus,
597 2483 834 2537 animam
861 2492 1042 2538 autem
1097 2499 1202 2538 non
1235 2493 1459 2554 possunt
1505 2482 1651 2538 occi-
1687 2503 1692 2506 ·

119 2570 214 2624 dere
239 2571 433 2641 (Matth.
464 2590 515 2638 ιι,
549 2572 667 2643 28).
697 2593 715 2626 ι
745 2573 1137 2638 Ειιιηὶηοναειὶ,
1165 2575 1214 2628 id
1242 2583 1326 2628 est
1361 2572 1655 2627 lninorabis

117 2662 196 2714 dies
214 2665 432 2730 temporis
458 2667 598 2733 ejus,
650 2663 700 2716 id
745 2673 826 2717 cst
883 2664 1249 2718 membrortun
1299 2663 1654 2732 quorumdam

117 2753 219 2818 ejus,
246 2753 395 2809 David
426 2755 637 2810 scilicet
662 2769 784 2808 cum
816 2755 1061 2823 quaedam
1105 2753 1345 2808 membra
1406 2753 1648 2818 habebit,

117 2843 416 2912 velprzelatos
436 2847 665 2911 scilicet,
695 2846 778 2899 vel
809 2846 877 2900 ad
927 2846 1083 2900 fidem
1131 2847 1344 2899 noviter
1393 2846 1657 2901 acceden-

120 2934 276 2988 teszde
309 2936 495 3004 quibus
519 2936 614 2990 alii
644 2937 998 3006 optabunt'ut
1029 2937 1118 2990 ditt
1157 2937 1364 3001 vivant,
1397 2948 1451 2990 tu
1481 2931 1658 2991 mino-

120 3024 229 3078 rubis
247 3028 343 3081 dies
372 3028 616 3099 temporis
653 3045 866 3092 eorum,
893 3029 944 3083 id
977 3038 1058 3084 cst
1091 3029 1270 3084 minus
1326 3045 1424 3084 eos
1475 3030 1659 3084 vivere

119 3117 348 3182 permittes
369 3137 524 3189 quam
560 3131 768 3191 optent.
802 3121 1032 3185 Etcum,
1057 3121 1109 3176 id
1135 3129 1218 3176 est
1261 3121 1430 3177 multa
1491 3137 1660 3177 mem-

118 3208 187 3260 bra
211 3209 310 3276 ejus
337 3213 621 3270 existentia
643 3213 696 3268 in
723 3214 1050 3283 confusione,
1076 3213 1128 3268 id
1153 3222 1236 3269 est
1262 3215 1444 3270 multis
1469 3217 1657 3271 anxie-

121 3302 278 3358 tatibus
298 3322 406 3375 qua:
446 3322 616 3363 causa
647 3306 982 3362 confusionis
1037 3315 1198 3362 erunt
1255 3306 1552 3377 perfndisti,
1605 3309 1658 3364 id

119 3402 180 3446 est
198 3396 413 3464 perfundi
445 3409 498 3455 et
527 3391 934 3454 circumvallari
984 3398 1264 3468 permittes
1309 3399 1422 3469 ipsa
1467 3400 1657 3464 confu-

120 3487 245 3554 sione,
271 3491 315 3544 id
342 3500 422 3546 est
462 3492 839 3547 anxietatibus
865 3533 880 3557 ,
947 3507 1068 3561 qua:
1111 3507 1275 3546 causa
1327 3491 1662 3548 confusionis

119 3591 254 3633 erunt.
291 3582 486 3638 Dictum
518 3591 610 3639 est
644 3584 743 3638 hoc
773 3598 875 3652 per
901 3583 1206 3651 emphasim
1240 3599 1270 3636 a
1297 3583 1654 3638 similitudine

120 3666 304 3737 illorum,
329 3676 412 3744 qui
443 3676 495 3730 in
523 3691 668 3744 aqua
694 3675 1011 3736 existentes,
1045 3674 1114 3728 ab
1171 3676 1283 3743 ipsa
1333 3674 1664 3730 circumval~

121 3760 279 3818 lantur.
329 3767 390 3822 Et
436 3783 568 3822 cum
617 3767 696 3822 sic
755 3766 1037 3836 permittes
1088 3767 1338 3836 persequi
1395 3767 1564 3821 David
1609 3776 1664 3822 et

121 3855 317 3912 membra
343 3859 474 3927 ejus,
510 3875 798 3929 usquequo,
831 3858 883 3912 id
909 3866 992 3912 est
1025 3872 1198 3926 usque
1231 3859 1297 3912 ad
1347 3874 1508 3928 quem
1548 3874 1664 3913 mo-

121 3945 235 4012 dum,
265 3966 292 4001 ο
317 3948 528 4004 Domine
554 3949 738 4012 Pater,
770 3958 989 4011 avertes,
1029 3948 1080 4001 id
1110 3957 1191 4002 est
1213 3949 1482 4003 videberis
1510 3964 1666 4004 aver-

126 4042 210 4088 tere
236 4039 645 4094 misericordiam
679 4048 825 4092 tuam
851 4037 920 4092 ab
951 4039 1067 4108 ipso
1101 4038 1268 4092 David
1296 4047 1352 4092 et
1407 4038 1666 4094 membris

122 4128 237 4195 ejus?
258 4133 469 4190 Avertes
490 4137 542 4190 in
571 4134 756 4204 ﬁnem,
810 4133 864 4187 id
889 4141 971 4188 est
993 4148 1058 4187 ex
1086 4141 1217 4188 toto.
1271 4133 1366 4188 Vel
1401 4132 1453 4187 in
1484 4133 1664 4198 finem,

123 4215 249 4274 idest
275 4223 322 4276 in
347 4224 763 4279 destructionem
792 4221 890 4288 sic,
916 4222 1122 4278 scilicet
1165 4232 1223 4276 ut
1273 4238 1366 4277 eos
1420 4223 1668 4278 destruas

121 4314 698 4386 extoto?Nequaquam.
746 4315 851 4369 Sed
899 4317 1002 4380 ira,
1057 4316 1109 4370 id
1165 4325 1249 4372 est
1291 4317 1526 4372 vindicta
1578 4326 1670 4370 tua

122 4404 388 4470 erardescet,
419 4408 468 4460 id
498 4416 583 4462 est
608 4405 1018 4476 exasperabitur
1047 4408 1098 4460 in
1148 4407 1230 4462 eis
1268 4407 1398 4462 velut
1431 4409 1587 4477 ignis,
1617 4407 1669 4462 id

1686 3170 1728 3226 C

1749 568 1874 622 bum
1907 576 2054 622 tuum
2082 569 2148 622 de
2171 568 2378 622 semine
2401 582 2520 622 meo
2543 577 2803 633 assumct,
2828 579 2888 625 ut
2914 585 3011 641 per
3055 571 3224 642 ipsius
3251 572 3333 642 di-

1748 660 1968 730 gnitatis
1997 660 2250 714 meritum
2299 659 2606 715 hominibus
2643 659 2968 717 miserearis.
3017 662 3084 718 Et
3110 677 3333 720 necesse

1747 761 1830 808 est
1860 749 2270 805 ntmemoreris.
2297 749 2550 820 Nunquid
2585 749 2722 804 enim
2771 763 2928 815 vanc,
2985 750 3036 806 id
3078 762 3162 808 est
3213 753 3333 808 sine

1748 845 1981 900 utilitate
2010 844 2346 909 constituisti,
2379 842 2431 898 id
2461 851 2544 899 est
2574 843 2774 900 creasti
2795 857 2986 898 omnes
3006 841 3142 912 ﬁlios
3166 845 3335 898 homi-

1750 953 1896 1003 num,
1926 936 1976 990 id
2000 945 2082 992 cst
2109 952 2296 992 omnes
2319 936 2599 992 lmmines?
2645 935 2820 991 Absit.
2877 933 3057 1006 Quasi
3091 935 3334 991 diceret:

1748 1027 1874 1082 Ideo
1901 1041 2204 1098 memorare
2229 1027 2506 1096 dignitatis
2533 1025 2759 1090 Christi,
2792 1035 2852 1080 ut
2898 1041 2996 1095 per
3019 1039 3138 1079 eam
3163 1025 3340 1079 homi-

1749 1119 1911 1175 nibus
1936 1119 2266 1184 miserearis,
2301 1119 2426 1190 quia
2457 1118 2502 1174 si
2547 1116 2664 1186 ejus
2693 1132 2800 1172 non
2851 1117 3251 1178 memorareris,
3284 1124 3340 1172 et

1752 1210 2060 1266 hominibus
2085 1225 2189 1266 non
2217 1208 2578 1274 miserereris,
2596 1207 2713 1278 sine
2741 1206 2970 1262 utilitate
2997 1221 3094 1262 eos
3121 1219 3341 1262 creasse
3411 1243 3420 1258 .

1749 1302 2033 1367 videreris,
2069 1318 2192 1357 cum
2222 1302 2288 1356 ad
2309 1302 2411 1357 hoc
2438 1315 2560 1356 esse
2602 1299 2772 1356 creati
2800 1299 3085 1355 videantur
3105 1340 3120 1362 ,
3162 1306 3222 1353 ut
3269 1312 3341 1354 ex

1750 1395 1831 1452 eis
1857 1395 2098 1450 decimus
2127 1397 2282 1460 ordo,
2313 1394 2404 1465 qui
2454 1393 2634 1464 periit,
2683 1392 3016 1464 suppleatur.
3083 1391 3150 1446 Et
3200 1391 3341 1446 bene

1751 1487 1873 1542 dico
1904 1503 2194 1542 memorare
2222 1502 2340 1551 qua:
2367 1501 2483 1539 mea
2533 1484 2851 1539 substantia.
2908 1481 3042 1536 Nam
3096 1482 3213 1552 quis
3261 1487 3340 1534 est

1750 1579 1925 1644 homo,
1961 1580 2012 1634 id
2048 1589 2131 1634 est
2157 1587 2389 1649 quantus
2418 1585 2472 1633 et
2516 1592 2676 1646 quam
2726 1575 3012 1646 gloriosus
3035 1574 3140 1630 erit
3180 1574 3342 1628 homo

1752 1670 1842 1725 ille
1867 1684 1933 1723 ex
1958 1668 2165 1724 semine
2185 1683 2305 1724 meo
2331 1665 2670 1722 nasciturus?
2691 1665 2755 1719 Et
2780 1678 2907 1719 vere
2939 1678 3182 1733 magnus.
3206 1661 3340 1716 Nam

1755 1760 1878 1815 talis
1905 1761 2009 1814 crit
2033 1759 2122 1829 qui
2151 1759 2300 1824 rivet,
2336 1768 2384 1813 et
2416 1757 2496 1813 sic
2517 1756 2662 1828 quod
2717 1771 2822 1810 non
2871 1754 3058 1809 uidebit
3101 1762 3342 1806 mortem.

1678 1823 1723 1882 Β
1753 1851 1831 1907 Νε
1857 1867 1984 1906 vero
2008 1861 2294 1922 putaretur
2316 1865 2589 1919 nunquam
2613 1863 2735 1903 esse
2758 1846 3076 1912 moriturus,
3125 1843 3344 1898 hocsic

1752 1943 2095 1999 determinat.
2121 1943 2188 1997 Et
2215 1950 2421 2012 postea,
2468 1939 2674 1995 scilicet
2702 1953 2808 1992 non
2833 1937 3037 1992 videbit
3080 1945 3346 1998 mortem,

1749 2045 2034 2104 postquam
2062 2047 2204 2088 eruet
2230 2033 2462 2087 animam
2483 2047 2634 2085 suam
2655 2029 2720 2084 de
2743 2045 2928 2096 manu,
2975 2026 3028 2081 id
3057 2036 3141 2081 est
3163 2026 3228 2080 de
3253 2039 3348 2094 po-

1755 2133 1948 2180 testate
1986 2123 2198 2194 inferni.
2236 2142 2256 2174 (
2289 2122 2538 2178 Christus
2577 2119 2721 2175 enim
2750 2131 3038 2187 resurgens
3065 2131 3096 2169 a
3121 2113 3349 2169 mortuis

1747 2213 1858 2283 iam
1907 2231 2013 2271 non
2048 2215 2278 2269 moritur
2308 2213 2477 2284 (Rom.
2511 2226 2588 2276 vr,
2637 2209 2712 2279 9).
2748 2229 2766 2262 ι
2829 2208 2898 2263 Ει
2941 2222 3069 2263 vere
3123 2220 3350 2277 magnus

1754 2311 1917 2366 homo
1943 2308 2048 2363 ille.
2069 2307 2168 2362 Ubi
2186 2315 2327 2371 sunt,
2354 2305 2405 2359 id
2427 2313 2512 2360 est
2531 2303 2584 2358 in
2601 2317 2707 2372 quo
2725 2309 2906 2366 erant,
2936 2316 2964 2353 ο
2993 2297 3216 2352 Domine
3249 2295 3352 2350 Pa-

1721 2404 1723 2406 ’
1755 2399 2246 2465 ter,misericordite
2270 2408 2376 2451 tute
2392 2397 2646 2465 antiquae,
2673 2392 2726 2446 id
2753 2402 2838 2447 est
2858 2389 3124 2446 beneficia
3148 2386 3351 2442 miseri»

1755 2492 1953 2548 cordia:
1971 2500 2074 2544 tua:
2094 2489 2160 2544 ab
2174 2489 2394 2556 antiquo
2406 2485 2685 2556 disposita,
2707 2483 2760 2538 id
2773 2483 2938 2538 estab
2955 2489 3181 2536 aeterno.
3196 2479 3351 2545 Quod

1756 2597 1837 2640 est
1852 2584 2051 2638 diecre.
2066 2577 2331 2648 Percujus
2344 2577 2706 2634 obedientiam
2720 2575 2956 2630 humano
2969 2570 3153 2643 generi
3167 2568 3354 2626 confe-

1759 2683 1946 2728 rentur
1959 2671 2218 2726 bcneticia
2239 2667 2612 2724 misericordia:
2628 2676 2753 2730 tute,
2769 2663 2838 2718 ab
2849 2671 3054 2718 aeterno
3066 2658 3350 2730 disposita,

1757 2765 1918 2836 363
1931 2765 2062 2818 sicut
2070 2761 2266 2832 jurnsti
2287 2759 2474 2823 David,
2494 2759 2644 2811 idest
2665 2753 3050 2811 sicutlirmiter
3069 2750 3354 2820 promittes

1761 2858 1813 2911 in
1843 2851 2446 2923 interioriipsihomini,
2468 2849 2559 2919 qui
2586 2863 2776 2903 revera
2803 2847 2907 2901 erit
2930 2844 3120 2900 David.
3150 2843 3216 2897 Et
3245 2843 3351 2897 hoc

1757 2951 1812 3002 in
1839 2949 2052 3003 veritate
2079 2957 2200 3010 tua,
2247 2944 2300 2999 id
2329 2953 2413 2999 est
2441 2943 2494 2998 in
2523 2941 2806 2996 verissima
2831 2935 3191 3008 promissione
3233 2944 3348 2990 tua.

1760 3043 1892 3097 Dico
1943 3051 2245 3094 memorare
2293 3051 2412 3106 qua:
2462 3049 2582 3088 mea
2629 3031 2954 3088 substantia.
3010 3029 3120 3085 Oro
3179 3027 3348 3082 etiam

1761 3147 1958 3187 menter
1977 3139 2088 3184 esto
2117 3127 2383 3197 opprobrii
2413 3141 2677 3180 servorum
2709 3132 2950 3188 tuorum,
2979 3121 3350 3191 membrorum

1763 3225 1930 3294 ipsius
1960 3221 2128 3275 David
2154 3261 2170 3286 ,
2202 3226 2262 3275 ut
2289 3218 2418 3289 ipsis
2442 3215 2931 3272 remunerationem
2964 3211 3086 3267 inde
3122 3211 3352 3267 tribuas.

1741 3315 2042 3385 ‘Opprobrii
2087 3313 2209 3368 dico
2261 3310 2547 3366 multarum
2587 3309 2846 3379 gentium,
2887 3306 2940 3362 id
2989 3314 3072 3360 est
3122 3305 3266 3373 quod
3318 3318 3351 3357 ιι

1762 3406 1944 3460 multis
1971 3403 2222 3473 gentibus
2248 3400 2536 3464 inferetur;
2561 3407 2616 3454 et
2647 3397 2768 3452 ideo
2791 3394 3011 3465 gravius
3046 3393 3154 3448 erit
3192 3407 3354 3462 quam

1763 3498 1807 3553 si
1839 3512 1868 3550 a
1905 3495 2111 3567 paucis.
2153 3493 2308 3559 Quod
2339 3489 2690 3562 approbrium
2721 3502 2827 3542 non
2865 3486 3168 3542 detestatus
3191 3497 3353 3548 sum;

1765 3604 1864 3644 nec
1899 3588 2118 3657 despexi
2151 3587 2246 3640 sed
2282 3583 2552 3646 continui,
2577 3583 2629 3636 id
2659 3589 2742 3636 est
2769 3594 2894 3656 cum
2918 3576 3208 3633 dilectione
3229 3590 3354 3630 am-

1763 3681 2138 3752 plexatussum
2159 3680 2212 3731 in
2235 3679 2354 3732 sinu
2371 3693 2501 3737 meo,
2524 3675 2576 3728 id
2590 3683 2672 3730 εει
2689 3674 2741 3727 in
2761 3669 3007 3727 interiori
3023 3666 3360 3724 conscientia

1765 3788 1919 3837 mea,
1971 3785 2091 3840 quae
2120 3785 2216 3840 per
2259 3769 2435 3823 sinum
2466 3767 2780 3835 designatur
2807 3777 3077 3833 congrue,
3119 3775 3186 3816 eo
3215 3759 3358 3828 quod

1765 3867 1918 3922 sinus
1942 3865 2116 3919 latens
2157 3877 2244 3916 res
2273 3868 2356 3916 cst
2392 3869 2447 3914 et
2475 3867 2705 3914 secreta.
2736 3856 2794 3912 In
2826 3857 2929 3911 hoc
2955 3853 3097 3924 quod
3125 3851 3256 3907 dicit
3297 3865 3360 3905 se

1767 3955 1991 4025 diligere
2029 3950 2378 4022 opprobrium
2421 3947 2578 4013 illud,
2616 3945 2759 4016 quod
2797 3944 2985 4012 salutis
3012 3941 3117 3997 erit
3145 3939 3360 3996 occasio

1767 4046 2118 4119 patientibus,
2155 4044 2300 4114 ipsos
2329 4041 2593 4112 patientes
2621 4038 2685 4094 ad
2712 4038 2814 4094 hoc
2835 4036 3148 4107 patiendum
3173 4047 3362 4088 corro-

1769 4143 1945 4196 borat.
1973 4137 2125 4204 Quod
2149 4135 2591 4207 exprobrauerunt
2610 4173 2625 4197 ,
2658 4131 2707 4184 id
2733 4139 2815 4185 est
2840 4127 2981 4198 quod
3007 4123 3357 4195 opprobrium

1771 4227 2146 4298 exprobrando
2174 4223 2409 4280 inferent
2439 4223 2612 4276 servis
2655 4221 2792 4289 tuis,
2848 4216 3049 4272 inimici
3110 4215 3187 4267 tui
3235 4211 3360 4267 inli-

1773 4322 1957 4387 dcles,
2012 4337 2042 4373 ο
2089 4319 2310 4373 Domine
2357 4316 2540 4370 Pater.
2581 4313 2794 4382 Repetit
2832 4319 3046 4372 autem,
3093 4317 3152 4360 ut
3185 4306 3360 4376 ipsum

1773 4410 2118 4481 cpprobrium
2144 4407 2288 4478 quod
2311 4407 2403 4470 sit,
2423 4403 2691 4458 ostendat.
2721 4401 2873 4467 Quod
2896 4396 3358 4468 exprobrauerunt,

123 4501 182 4541 est
207 4493 260 4546 ad
282 4498 728 4566 comparationem
764 4497 920 4567 ignis.
964 4497 1117 4553 Sicut
1144 4499 1288 4553 enim
1333 4499 1470 4568 ignis
1506 4501 1670 4554 vehe-
1701 4516 1749 4575 ι)
1777 4504 2030 4571 inquam,
2090 4499 2140 4553 id
2201 4508 2284 4552 est
2337 4493 2716 4565 exprobrando
2757 4492 2938 4547 dicent
2991 4487 3199 4544 scilicet
3219 4501 3364 4540 com-

125 4593 291 4640 menter
324 4603 578 4644 accensus
609 4604 804 4644 aurmn
842 4598 1058 4659 purgat,
1087 4589 1228 4661 ligna
1253 4605 1380 4645 vero
1406 4591 1674 4646 consumit

123 4680 162 4722 et
185 4673 437 4745 incinerat,
463 4682 541 4736 sic
565 4690 619 4734 et
652 4681 956 4750 persecutio
991 4679 1192 4735 Christi
1225 4691 1280 4734 et
1307 4682 1671 4736 membrorum

124 4760 230 4832 ejus,
250 4768 370 4838 ipsis
401 4773 658 4828 membris
685 4774 789 4828 erit
817 4772 1075 4842 expiatio,
1123 4780 1178 4826 et
1222 4772 1528 4828 infidelibus
1578 4787 1672 4828 eos

125 4867 526 4932 l’L‘I’Sequentilms
551 4867 914 4937 consumptio.
951 4865 1084 4920 Cum
1112 4865 1276 4934 igitur
1316 4866 1466 4936 ponit
1519 4882 1674 4920 exar-

123 4950 256 5006 descet
281 4957 404 5010 sicut
429 4959 561 5027 ignis
585 4959 665 5012 ira
693 4968 805 5024 tua,
840 4958 1078 5013 breviter
1106 4957 1267 5011 solvit
1295 4956 1555 5027 quidquid
1602 4957 1671 5012 de

125 5057 148 5108 p
176 5051 537 5106 rsecutionibus
572 5059 626 5105 et
651 5049 1043 5120 dejectionibus
1069 5048 1271 5103 Christi
1319 5057 1374 5102 et
1405 5048 1672 5102 tncmbro-

127 5152 215 5194 nun
235 5144 338 5212 ejus
363 5157 704 5216 opposuerat,
767 5147 836 5200 ab
879 5145 971 5200 illo
1015 5144 1134 5200 loco
1183 5144 1272 5198 ubi
1320 5143 1566 5198 dixerat:
1596 5142 1674 5197 Tn

128 5241 238 5293 Wo,
264 5243 362 5288 etc.
383 5235 515 5290 Cum
550 5251 677 5291 vero
703 5237 855 5301 dicit,
887 5252 1202 5299 memorare,
1232 5244 1358 5294 ctc.,
1389 5249 1484 5303 pro
1506 5232 1676 5289 salute

129 5323 441 5381 membrorum
468 5338 607 5395 orat,
632 5328 884 5384 videlicet
907 5337 962 5380 ut
979 5327 1118 5381 Deus
1135 5324 1673 5384 Patcrtuetnorando,

127 5425 302 5476 Quanta:
329 5419 560 5476 futurum
590 5424 660 5478 sit
701 5422 983 5493 dignitatis
1031 5419 1230 5476 Christi
1282 5417 1533 5472 meritum
1583 5431 1678 5486 per
1723 5449 1728 5454 -

127 5513 222 5556 eum
244 5506 361 5578 ipsis
389 5514 642 5569 membris
687 5515 1027 5569 misereatur.
1080 5512 1190 5566 Hoc
1220 5524 1398 5564 autem
1449 5509 1529 5564 sic
1583 5508 1677 5563 ad-

129 5602 324 5658 aptatur.
340 5603 462 5659 Dico
479 5607 832 5676 quatenusira
857 5617 946 5660 tua
975 5620 1080 5660 non
1105 5605 1157 5657 in
1181 5604 1334 5672 ﬁnem
1357 5601 1675 5666 exardescet,

130 5686 198 5734 θεά
223 5689 340 5744 sicut
364 5696 513 5764 ignis.
548 5699 610 5754 Et
641 5709 700 5754 ut
735 5714 838 5752 non
889 5699 941 5752 in
983 5698 1144 5751 linem
1176 5696 1493 5749 cxardesrat
1524 5713 1535 5748 :
1569 5693 1678 5747 Με-

133 5787 317 5846 vtorare,
349 5785 484 5844 Deus
515 5789 686 5860 Pater,
729 5807 866 5861 qua),
920 5790 970 5845 id
1020 5801 1101 5846 cst
1151 5804 1309 5859 quam
1364 5787 1522 5858 digna
1574 5788 1676 5842 erit

1775 4593 2115 4648 mutationem
2167 4590 2363 4644 Christi
2395 4589 2486 4643 lilii
2541 4587 2618 4640 tui
2667 4585 2748 4641 eis
2797 4579 3271 4652 improperabunt,
3308 4578 3360 4630 id

1775 4695 1859 4742 est
1887 4686 1990 4740 hoc
2015 4683 2156 4752 quod
2185 4681 2434 4736 Christus
2455 4677 2876 4736 commutabitur
2896 4674 2962 4729 de
2987 4675 3091 4728 vita
3123 4672 3190 4727 ad
3218 4685 3365 4726 mor-

1777 4787 1915 4840 tem,
1953 4777 2198 4830 dicentes
2225 4788 2318 4828 eos
2342 4772 2560 4826 insanos
2589 4783 2708 4825 esse
2733 4809 2747 4832 ,
2779 4766 2904 4836 quia
2927 4763 3153 4822 credent
3179 4763 3232 4817 in
3260 4762 3364 4817 ho-

1776 4869 1976 4924 minem
2001 4874 2292 4922 mortuum.
2336 4863 2403 4917 Et
2426 4871 2604 4916 tamen
2627 4858 2874 4930 quamvis
2893 4856 3146 4912 Christus
3191 4854 3269 4908 sic
3295 4851 3366 4906 sit

1775 4955 2192 5012 commutandus
2221 4991 2237 5018 ,
2291 4965 2388 5021 per
2419 4952 2556 5005 hanc
2583 4947 3059 5004 commutationem
3087 4941 3365 5012 apparebit

1776 5048 2032 5102 Dominus
2075 5045 2318 5100 omnium
2372 5043 2667 5114 benedictus
2695 5082 2712 5107 ,
2773 5040 2827 5095 id
2875 5047 2960 5094 cst
2993 5035 3262 5092 exaltatus
3308 5031 3367 5085 in

1777 5152 2028 5197 aeternum
2063 5139 2114 5193 in
2149 5135 2368 5207 perenni
2397 5135 2588 5206 gloria.
2635 5133 2786 5190 Unde
2812 5129 3140 5202 Apostolus:
3177 5145 3194 5178 ι
3233 5124 3366 5178 Pro-

1778 5242 1895 5300 pter
1927 5229 2070 5299 quod
2112 5236 2168 5282 ει
2204 5227 2346 5282 Deus
2391 5226 2649 5281 exultavit
2706 5224 2885 5285 ἰΙΙιιιιι,
2919 5229 2972 5275 ει
3021 5216 3236 5273 donavit
3289 5212 3369 5268 illi

1780 5338 1992 5386 nomen,
2020 5322 2162 5392 quod
2193 5330 2275 5376 est
2303 5336 2466 5391 super
2480 5333 2850 5376 omnenomcn
2882 5313 3102 5386 (Philip.
3134 5328 3195 5376 ιι,
3223 5310 3304 5382 9).
3338 5329 3358 5363 t

1780 5415 1845 5468 Et
1868 5415 1919 5468 in
1944 5413 2275 5484 "Evangelio:
2308 5411 2631 5482 tOportcbat
2652 5409 2757 5477 pati
2793 5406 3068 5461 Christum
3092 5412 3145 5457 et
3178 5415 3362 5456 resur-

1780 5525 1926 5579 gere,
1954 5519 2007 5564 et
2039 5508 2110 5562 ita
2136 5507 2343 5561 intrare
2373 5506 2424 5559 in
2447 5503 2671 5572 gloriam
2696 5497 3010 5570 suam(Luc.
3035 5491 3314 5563 xxrv,46).
3338 5509 3370 5546 ι.

1782 5599 1910 5653 Dico
1932 5598 2073 5668 quod
2103 5597 2359 5652 Dominus
2403 5593 2507 5647 erit
2545 5590 2890 5652 benedictus,
2919 5586 3098 5641 ethoc
3131 5582 3257 5652 ﬁat,
3301 5587 3371 5638 ut.

1781 5691 1850 5746 sit
1890 5689 2200 5744 benedictus
2229 5687 2278 5740 in
2331 5684 2569 5740 Ecclesia
2617 5681 2932 5745 deJutlzeis;
2962 5687 3016 5735 et
3056 5677 3150 5746 ﬁat
3198 5674 3372 5729 beneu

1781 5785 1957 5841 dit-tus
2003 5783 2053 5836 in
2084 5779 2318 5834 Ecclesia
2348 5779 2412 5833 de
2441 5777 2707 5845 gentibus.
2752 5774 2855 5832 Per
2883 5773 2984 5830 hoc
3013 5778 3191 5828 autem
3218 5766 3372 5846 quod
