3872 6320
497 347 637 404 IIIS)

1075 341 1133 400 S.
1173 346 1526 404 BRUNONIS
1561 347 2203 406 CAR'I‘IIUSIANORUM
2237 349 2725 409 INSTITUTORIS
2764 352 2913 409 OPP.
2957 353 3136 410 PARS
3173 351 3216 408 I.

3604 362 3714 417 “20

491 462 608 529 ejus
651 459 1081 516 benedictionem
1130 460 1209 514 sic
1253 469 1448 528 optat,
1498 463 1564 514 ad
1601 476 1721 514 eum
1760 461 2077 516 benedicen-
2112 473 2158 528 Α
2191 464 2297 516 fine
2349 473 2405 518 tu
2459 481 2529 519 es.
2597 465 2661 520 Et
2705 481 2833 521 vere
2887 467 2938 521 in
2992 477 3256 522 aeternum
3303 481 3404 533 es,
3455 484 3564 525 nam
3609 473 3716 532 υειιι

493 554 620 608 dum
652 569 750 608 nos
783 553 994 607 invitat.

909 643 975 696 IN
1017 641 1345 696 PSALMIIM
1383 643 1666 696 LXXXIX.

564 735 778 790 Titulus
801 735 1117 803 0c‘0gesimi
1149 735 1290 787 noni.
1313 733 1494 787 Oratio
1519 735 1650 802 που.
1671 735 1688 786 i
1709 734 1931 790 hominis
1965 734 2078 790 Dei.

493 829 648 896 Quod
711 829 789 881 sic
854 826 1159 894 expauitttr.
1227 825 1280 877 In
1345 824 1446 878 hoc
1512 825 1720 892 psalmo
1794 826 2085 882 introducit

493 936 654 974 orare
682 905 900 990 Moyses
926 919 1087 971 Deum
1119 915 1343 976 Filium,
1387 917 1477 984 qui
1514 917 1672 970 homo
1708 916 1918 972 futurus
1953 927 2080 982 est,

495 1021 553 1065 ιιι
575 1011 851 1065 hominem
877 1024 980 1062 non
1006 1015 1216 1060 avertat
1242 1023 1270 1058 a
1300 1006 1667 1062 misericordia
1699 1024 1791 1063 sua
1821 1049 1834 1074 ,
1872 1009 1960 1077 qui
1991 1009 2084 1062 de—

493 1101 668 1172 iectus
722 1111 804 1157 est
851 1100 902 1153 in
949 1098 1302 1152 humilitatem
1353 1114 1450 1168 per
1481 1099 1688 1164 Adam,
1728 1115 1888 1169 quam
1917 1100 2082 1166 etiam

407 1220 416 1234 ι
494 1190 854 1259 dejectionem
877 1188 1115 1242 ostendit
1140 1195 1195 1240 et
1224 1189 1543 1254 annuntiat,
1602 1192 1744 1259 quod
1774 1205 1838 1244 ex
1869 1207 1930 1245 ea
1961 1199 2082 1245 tan-

495 1281 616 1333 dem
649 1278 854 1334 liberati
886 1277 1208 1330 lzetabimur.
1238 1277 1306 1331 Et
1339 1293 1442 1331 non
1467 1279 1855 1348 qualiscunque
1878 1279 2085 1352 Moyses

493 1371 585 1423 hic
623 1366 983 1422 introducitur
1007 1381 1167 1420 orare
1193 1407 1208 1431 ,
1263 1367 1356 1421 sed
1409 1367 1618 1439 Moyses
1662 1369 1824 1424 homo
1865 1369 1981 1424 Dei.
2017 1370 2086 1424 Et

496 1460 688 1514 melius
719 1459 865 1529 ponit
885 1459 1040 1512 homo
1071 1457 1197 1523 Dei,
1230 1474 1393 1529 quam
1417 1462 1462 1515 si
1497 1470 1720 1530 poneret
1748 1478 1938 1517 servus
1968 1462 2080 1526 Dei,

489 1563 552 1605 ut
581 1552 828 1606 ostendat
858 1568 980 1607 eum
1023 1551 1192 1607 libere
1231 1563 1286 1608 et
1311 1569 1495 1610 amore
1523 1565 1676 1610 casto
1699 1595 1714 1620 ,
1765 1555 1874 1610 Deo
1898 1557 2085 1610 ohcdi-

491 1644 836 1708 visse,sicut
880 1644 967 1698 ille
1003 1645 1094 1714 qui
1149 1645 1309 1702 homo
1359 1645 1496 1703 liber
1532 1657 1656 1712 est,
1709 1649 1934 1703 Domino
1987 1662 2087 1702 suo

494 1735 690 1800 servit,
721 1749 826 1788 non
870 1743 978 1789 tam
1007 1736 1200 1790 timore
1241 1752 1403 1806 quam
1431 1748 1485 1792 et
1517 1753 1720 1793 amore.
1756 1738 1958 1794 Servus
1987 1754 2085 1791 au-

2183 569 2262 608 es.
2319 555 2454 610 Cum
2506 556 2776 622 dicit,es,
2811 566 2995 613 etnon
3029 558 3210 622 fuisti,
3276 558 3360 613 vel
3407 561 3540 625 eris,
3595 574 3720 620 teter.

2184 643 2408 697 nitatem
2435 645 2694 700 ostendit.
2721 645 2990 701 Smculum
3008 647 3225 712 quidem
3253 647 3531 717 aliquando
3546 655 3720 721 ponitur

2184 749 2282 804 pro
2309 744 2540 801 :eterno;
2598 737 2890 807 aliquando
2931 755 3059 794 vero
3097 749 3362 794 aeternum
3408 757 3501 810 pro
3540 748 3718 804 sarculo.

2185 828 2249 882 Et
2279 830 2414 884 bene
2444 830 2573 883 dicit
2600 839 2799 884 montes
2826 873 2840 893 ,
2875 832 2926 885 id
2955 841 3036 886 est
3067 832 3289 902 angelos
3317 849 3420 886 non
3463 834 3684 891 formatos
3708 882 3721 904 ,

2186 921 2278 974 sed
2311 919 2519 985 factos,
2548 931 2602 974 et
2631 932 2830 976 terram
2867 924 3178 978 formatam.
3211 924 3343 978 Ilhul
3391 926 3526 980 enim
3566 929 3724 984 dicitur

2187 1011 2521 1077 formatum,
2585 1016 2729 1082 quod
2790 1023 2875 1070 est
2931 1032 2994 1070 ex
3057 1016 3235 1086 aliqua
3287 1015 3494 1070 informi
3539 1023 3722 1075 materia

2185 1100 2408 1158 factum.
2437 1103 2598 1158 Terra
2627 1120 2786 1170 vero,
2837 1105 3032 1170 idest,
3072 1106 3233 1160 homo
3274 1121 3341 1161 ex
3401 1117 3612 1175 quatuor
3642 1111 3724 1165 ele-

2185 1193 2382 1247 mentis
2409 1192 2671 1248 formatus
2693 1204 2810 1258 est,
2847 1194 3094 1250 cretestes
3137 1210 3266 1250 vero
3302 1197 3516 1266 spiritus
3561 1213 3618 1252 ex
3665 1201 3725 1253 ni-

2186 1285 2298 1340 hilo
2332 1286 2522 1340 creati.
2567 1285 2629 1340 Et
2653 1286 2778 1356 quia
2819 1295 3116 1356 potenses,
3149 1296 3335 1356 utpote
3365 1287 3538 1353 Deus;
3582 1297 3628 1342 et
3649 1305 3726 1358 pro

2187 1375 2358 1430 salute
2386 1376 2664 1430 hominum
2697 1385 2943 1432 creatura
2975 1377 3105 1440 fies,
3159 1394 3222 1430 ne
3248 1386 3454 1429 avertas
3490 1393 3517 1429 a
3556 1378 3728 1432 miseri-

2186 1467 2370 1520 cordia
2413 1477 2502 1521 tua
2542 1468 2804 1522 hominem
2839 1469 2892 1522 in
2933 1467 3227 1522 humilitate
3253 1466 3515 1538 dejectum
3542 1509 3556 1530 ,
3597 1468 3642 1521 id
3665 1478 3730 1523 est

2187 1557 2434 1613 homines
2478 1560 2568 1628 qui
2600 1574 2698 1628 per
2735 1559 2906 1614 Adam
2959 1559 3011 1614 in
3069 1561 3363 1614 maximam
3418 1558 3728 1615 defectionem

2188 1649 2543 1705 devenerunt.
2576 1650 2726 1718 Quod
2751 1659 2833 1706 est
2855 1651 3036 1706 dicere
3065 1665 3080 1704 :
3115 1650 3326 1720 Repara
3365 1667 3529 1720 genus
3573 1652 3728 1705 huma-

2191 1755 2351 1803 num,
2403 1755 2502 1808 pro
2531 1741 2684 1810 cujus
2724 1741 3069 1810 reparatione
3099 1751 3352 1796 creatura
3390 1741 3504 1796 fies.
3559 1741 3616 1794 Et
3655 1743 3732 1798 hac

487 1831 602 1876 'tem
633 1824 804 1894 magis
827 1839 893 1878 ex
925 1825 1118 1880 timore
1147 1827 1334 1884 servit.
1383 1827 1460 1882 De
1506 1843 1613 1896 quo
1664 1828 1878 1900 Moyse,
1937 1829 2077 1882 idem
2113 1817 2156 1874 Β
2191 1831 2386 1886 fiducia
2420 1832 2521 1887 hoc
2544 1847 2641 1887 oro
2666 1873 2681 1897 ,
2727 1833 2849 1902 quia
2887 1833 3067 1886 dixisti
3097 1831 3348 1887 fidelibus
3391 1832 3493 1885 tuis
3535 1833 3732 1886 interiori

497 1915 754 1970 Dominus
787 1925 1016 1970 testatur
1043 1933 1057 1969 :
1103 1935 1122 1968 ι
1166 1917 1377 1988 Moyses
1423 1935 1612 1974 servus
1642 1936 1824 1983 mntis,
1853 1919 1906 1973 in
1937 1919 2083 1974 omni

500 2008 657 2060 domo
690 2024 807 2061 mea
838 2008 1181 2064 fidelissimus
1215 2008 1405 2080 (Nunt.
1433 2027 1530 2078 xu,
1556 2012 1626 2077 7;.
1649 2010 1809 2064 Hebr.
1839 2028 1918 2075 ιιι,
1951 2012 2026 2080 2).
2060 2029 2078 2062 ι

503 2099 620 2152 ideo
671 2112 850 2153 autem
897 2117 926 2153 a
977 2100 1245 2170 Propheta
1299 2101 1574 2156 inducitur
1617 2118 1776 2156 orare
1810 2101 2084 2155 Christum

481 2187 739 2259 Moyses,
795 2189 926 2260 legis
957 2192 1156 2245 veteris
1183 2191 1467 2255 minister,
1519 2193 1608 2261 qui
1652 2189 2088 2245 auctorizahilior

505 2280 776 2350 prophetis
811 2282 1062 2336 omnibus
1082 2283 1222 2352 apud
1244 2282 1460 2338 Iudaeos
1491 2283 1721 2338 habetur
1745 2325 1759 2350 ,
1814 2291 1873 2336 ut
1922 2283 2088 2352 ipsius

507 2373 826 2428 altctoritate
864 2373 1136 2428 Christum
1160 2375 1370 2429 orantis
1393 2415 1408 2440 ,
1441 2385 1495 2430 et
1520 2375 1768 2430 eumdem
1813 2375 1977 2429 Deum
2019 2375 2088 2430 ab

509 2469 705 2516 eterna
726 2473 779 2516 et
803 2464 1072 2518 hominem
1112 2463 1350 2518 futurum
1380 2465 1734 2534 intempore,
1796 2473 1852 2518 et
1905 2465 2087 2518 niundi

509 2563 871 2623 reparatorem
899 2555 1253 2621 osendentis,
1286 2556 1532 2611 infideles
1565 2555 1732 2610 Juda-i
1761 2555 2088 2610 convincun-

509 2659 624 2708 mr,
657 2644 749 2712 qui
777 2646 942 2699 Deum
970 2655 1023 2699 et
1046 2648 1224 2699 mundi
1260 2657 1625 2717 reparatorem
1669 2645 1940 2700 Chritnm
1973 2660 2091 2699 esse

510 2733 768 2804 .Ienegaut
789 2773 804 2800 ,
835 2734 925 2803 qui
959 2735 1023 2788 de
1054 2750 1119 2790 eo
1142 2736 1241 2789 ‘em
1268 2735 1448 2805 Moyse
1467 2737 1534 2790 ad
1567 2735 1970 2791 inlidelissimos
2000 2733 2090 2788 Ju-

509 2823 648 2877 dzeos
673 2824 808 2878 dixit
838 2841 852 2876 :
889 2842 906 2874 ι
937 2823 993 2878 Si
1019 2825 1318 2880 crederetis
1340 2825 1504 2897 Moysi
1531 2866 1546 2892 ,
1580 2825 1876 2880 crederetis
1905 2827 2093 2894 utique

487 2915 637 2969 .inihi
670 2914 852 2985 (Joan.
880 2931 946 2980 v,
974 2917 1088 2986 46).
1132 2937 1149 2969 ι
1197 2918 1270 2971 De
1301 2933 1388 2972 me
1425 2919 1568 2972 enim
1602 2918 1690 2972 ille
1711 2918 1932 2988 scripsit
1961 2917 2094 2989 [for-

509 3007 694 3079 sitan].
733 3007 884 3063 Fecit
909 3020 1087 3063 autem
1121 3010 1172 3064 in
1205 3010 1373 3080 ipsius
1399 3026 1631 3080 persona
1653 3010 1922 3080 Propheta
1953 3011 2095 3065 hunc

485 3100 769 3169 psalmum
794 3140 808 3165 ,
839 3101 924 3156 vel
957 3102 1075 3156 ideo
1103 3102 1243 3171 quod
1273 3103 1324 3156 in
1369 3103 1586 3172 scriptis
1634 3103 1776 3157 illius
1807 3103 1944 3157 vidit
1989 3103 2092 3156 ali-

483 3192 634 3260 quid
666 3191 841 3246 simile
870 3192 1050 3246 verbis
1090 3194 1248 3263 hujus
1299 3192 1489 3262 psalmi
1530 3195 1731 3248 dictum
1771 3191 1938 3247 fuisse
1961 3231 1978 3258 ,
2009 3191 2093 3244 Vel

483 3285 632 3354 .quia
679 3282 884 3352 Spiritu
934 3293 1125 3339 sant-to
1175 3285 1482 3351 revelante,
1537 3285 1785 3355 cognovit
1843 3300 1966 3340 eum
2016 3284 2096 3339 sic

483 3413 486 3418 -
512 3376 704 3446 egisse.
733 3376 934 3430 Esdras
956 3393 1171 3446 quoque
1202 3377 1478 3431 ιίιιιι.›ι·ιιιιι
1503 3377 1803 3446 impositor,
1837 3391 1931 3446 per
1953 3375 2096 3442 ejus-

513 3469 631 3524 dem
669 3469 890 3539 spiritus
932 3470 1313 3523 rcvelationem
1342 3485 1642 3540 agnoscens
1675 3469 1840 3523 David
1865 3471 2096 3539 pro,-he-

513 3573 621 3618 tam
653 3566 731 3620 sic
754 3565 990 3620 voluisse
1017 3565 1280 3634 psalmum
1312 3567 1485 3630 Inlue,
1544 3565 1594 3618 in
1651 3579 1878 3634 persona
1929 3563 2096 3633 Moysi

479 3686 484 3691 -
513 3655 808 3724 inscripsit.

583 3747 806 3802 Domine
835 3747 1090 3818 refugium
1112 3789 1126 3812 ,
1157 3749 1381 3803 verbum
1415 3748 1604 3804 salutis
1646 3749 1884 3803 humano
1915 3748 2097 3817 generi

513 3843 756 3898 existens
789 3845 840 3898 in
871 3848 1201 3914 generatione
1226 3846 1426 3898 veteris
1464 3844 1795 3908 testamenti,
1847 3854 1893 3897 et
1927 3845 1979 3896 in
2006 3859 2099 3912 ge-

515 3936 782 3991 neratione
824 3938 966 3991 novi.
1019 3936 1112 3991 Vel
1147 3954 1174 3990 a
1213 3937 1560 4003 generatione
1586 3937 1786 3992 veteris
1839 3935 2100 4003 incipiens

513 4042 637 4082 esse
668 4027 929 4096 refugium
949 4067 966 4094 ,
999 4036 1054 4081 et
1077 4028 1321 4081 durando
1353 4027 1403 4080 in
1436 4027 1786 4096 generatione
1811 4040 1968 4080 nova.
2004 4024 2100 4080 Vel

515 4119 594 4174 sic
622 4137 635 4173 :
668 4121 711 4174 Α
733 4121 1083 4187 generatione
1106 4120 1272 4174 veteri
1307 4119 1603 4188 incipiens,
1654 4129 1705 4173 et
1732 4119 1908 4172 eumlo
1932 4133 2101 4187 usque

516 4209 570 4266 in
602 4211 1000 4280 generationem
1030 4226 1256 4274 novam;
1291 4219 1345 4262 tu
1380 4209 1552 4278 {nctus
1592 4226 1645 4262 es
1669 4250 1682 4273 ,
1731 4209 1782 4262 id
1809 4217 1892 4262 est
1925 4217 1979 4261 tu
2009 4208 2100 4278 qui

516 4301 782 4371 refugium
811 4315 898 4365 es,
926 4310 1178 4356 creatura
1209 4299 1306 4354 fies
1328 4339 1340 4362 ,
1390 4299 1597 4353 scilicet
1626 4299 1916 4352 humanam
1947 4308 2106 4350 natu-

517 4407 634 4446 ram
667 4393 1024 4462 personaliter
1053 4407 1326 4457 assumes;
1377 4399 1432 4445 et
1467 4391 1568 4445 hoc
1595 4389 1758 4462 364
1810 4389 1996 4454 nobis,
2050 4389 2102 4442 id

2186 1922 2400 1985 dicere,
2433 1923 2550 1977 sine
2591 1924 2821 1990 strepitu
2866 1924 3156 1976 verborum
3190 1940 3204 1976 :
3258 1921 3304 1975 0
3330 1922 3429 1990 ﬁlii
3472 1923 3730 1988 hominum,

2187 2011 2316 2065 Ada:
2348 2011 2599 2066 videlicet
2619 2021 2668 2065 et
2699 2011 2852 2076 Ει-ίιι,
2895 2011 2987 2080 qui
3021 2011 3342 2080 simpliciter
3365 2010 3574 2066 fuerunt
3601 2013 3737 2066 homi-

2189 2117 2324 2165 nes,
2382 2117 2486 2155 non
2545 2102 2854 2171 spirituales
2909 2101 3028 2156 Filii
3071 2103 3227 2166 dico,
3281 2117 3389 2156 non
3445 2102 3736 2156 solummodo

2189 2195 2487 2249 secundum
2515 2194 2806 2264 originem,
2842 2194 2936 2247 sed
2976 2193 3138 2247 etiam
3190 2194 3485 2248 secundum
3522 2197 3736 2262 peccandi

2191 2283 2548 2338 imitationem
2578 2302 2590 2337 :
2623 2283 2983 2337 convertimini
3011 2298 3040 2336 a
3069 2283 3331 2336 filiatione
3369 2281 3668 2346 hominum,
3689 2285 3738 2338 ad

2191 2373 2296 2428 mei
2353 2375 2666 2428 filiationem
2717 2390 2812 2444 per
2863 2374 3262 2438 obedientiam,
3296 2382 3351 2428 et
3371 2388 3470 2443 ego
3498 2385 3739 2428 convertar

2191 2467 2258 2520 ad
2304 2482 2399 2521 vos
2447 2468 2742 2522 secundum
2787 2468 3194 2536 paternitatem.
3233 2468 3310 2521 Ac
3342 2467 3387 2520 si
3419 2466 3602 2520 dicat:
3651 2467 3738 2521 Non

2193 2573 2466 2613 monerem
2494 2573 2588 2613 eos
2611 2559 2676 2612 de
2719 2561 3068 2624 reversione,
3123 2559 3227 2612 nisi
3282 2559 3625 2629 providissem
3671 2575 3742 2613 eos

2196 2650 2528 2720 reparandas
2560 2665 2699 2704 esse.
2737 2649 2849 2704 Ilac
2875 2650 3036 2718 igitur
3057 2649 3249 2703 fiducia
3280 2691 3294 2714 ,
3345 2665 3444 2703 ore
3483 2649 3549 2702 de
3590 2664 3740 2702 eorum

2196 2741 2555 2812 reparatione.
2612 2739 2857 2796 Ostendit
2898 2741 3080 2810 itaque
3119 2738 3170 2792 in
3213 2753 3376 2810 quam
3422 2739 3742 2792 humilitatem

2194 2834 2354 2888 homo
2385 2834 2626 2903 dejectus
2652 2835 2760 2898 sit,
2799 2850 2920 2888 cum
2949 2834 3026 2887 sic
3048 2833 3192 2886 addit
3227 2851 3240 2886 :
3279 2833 3439 2898 Dico,
3479 2848 3538 2887 ne
3575 2846 3741 2885 arenas

2194 2925 2455 2978 hominem
2478 2925 2530 2977 in
2555 2925 2904 2978 [inutilitatem
2931 2923 3219 2992 deiectum.
3249 2922 3314 2976 Et
3338 2938 3465 2978 vere
3490 2923 3541 2976 in
3571 2921 3744 2976 humili-

2199 3026 2362 3071 tatem
2387 3016 2628 3086 dejectus
2648 3027 2750 3081 est,
2769 3017 3018 3086 quoniam
3039 3026 3160 3070 cum
3187 3015 3340 3083 prius
3363 3031 3468 3070 non
3491 3016 3744 3070 moriturus

2197 3118 2413 3163 creatus
2462 3119 2637 3174 esset,
2681 3110 2838 3162 modo
2889 3109 3028 3162 adeo
3076 3108 3406 3164 defectihilis
3445 3107 3615 3162 factus
3643 3119 3743 3171 est,

2197 3199 2339 3268 quod
2395 3200 2439 3254 si
2489 3199 2635 3254 mille.
2673 3199 2830 3254 annis
2863 3198 3068 3252 viveret
3116 3199 3282 3269 (quod
3333 3199 3384 3252 in
3432 3197 3577 3251 nullo
3603 3207 3745 3251 tamen

2197 3307 2436 3362 unquam
2466 3292 2682 3346 homine
2709 3290 2956 3360 contigit)
2979 3290 3212 3345 illimille
3233 3291 3361 3344 anni
3382 3297 3508 3344 sunt
3537 3281 3746 3358 tauquam

2196 3385 2306 3438 dies
2337 3386 2597 3444 hesterna.
2626 3384 2676 3438 id
2698 3393 2780 3438 est
2802 3381 3195 3452 comparabiles
3219 3391 3348 3436 sunt
3367 3381 3473 3434 diei
3497 3379 3746 3434 hesterna.

2196 3473 2443 3531 Ostendit
2481 3489 2610 3542 ergo
2653 3474 2946 3530 secundum
2979 3474 3108 3544 quid
3143 3483 3268 3529 sunt
3311 3473 3363 3528 ei
3397 3471 3747 3542 comparandi,

2199 3582 2318 3621 cum
2341 3567 2518 3622 addit:
2553 3566 2684 3632 Quae
2703 3565 2820 3619 dies
2847 3567 3100 3621 hesterna
3128 3565 3380 3636 prtereriit
3406 3564 3543 3632 jam,
3571 3573 3620 3618 et
3637 3575 3749 3615 nunc

2199 3676 2304 3714 non
2321 3669 2537 3726 manet;
2569 3675 2632 3714 ac
2659 3659 2702 3713 si
2731 3659 2935 3713 diceret
2960 3677 2972 3712 :
3000 3658 3147 3713 Licet
3169 3658 3370 3712 durare
3393 3653 3747 3725 aliquantulum

2199 3753 2484 3808 videantur
2503 3795 2517 3818 ,
2551 3769 2654 3807 non
2680 3763 2857 3806 tamen
2893 3754 3064 3822 magis
3088 3753 3427 3823 appretiandi
3455 3761 3602 3817 sunt,
3622 3765 3748 3819 quam

2177 3847 2448 3900 hesterna
2478 3846 2594 3900 dies
2620 3861 2739 3912 quae
2757 3843 2867 3912 jam
2905 3845 3186 3914 przeteriit.
3238 3842 3343 3913 Ipsi
3378 3843 3523 3898 enim
3545 3841 3752 3897 similiter

2201 3938 2582 4008 prmteribunt,
2615 3945 2670 3990 et
2704 3937 2754 3990 in
2782 3937 2882 3990 hoc
2919 3935 3043 4004 jure
3092 3935 3194 3989 diei
3245 3935 3521 3989 hesterna:
3567 3945 3748 3999 compa-

2202 4036 2409 4081 rantur.
2438 4027 2502 4080 Et
2523 4027 2624 4080 hoc
2650 4036 2771 4079 ante
2800 4026 2977 4079 oculos
3009 4035 3145 4088 tuos,
3195 4025 3246 4080 id
3269 4034 3357 4079 est
3390 4025 3494 4079 hoc
3523 4033 3574 4078 tu
3601 4021 3749 4077 const-

2201 4119 2362 4174 deras
2397 4134 2500 4172 non
2542 4118 2661 4189 plus
2692 4133 2786 4172 eos
2825 4109 3209 4187 appret‘iandos
3233 4133 3360 4171 esse
3387 4158 3403 4184 ,
3459 4131 3612 4184 quam
3638 4113 3750 4167 diem

2203 4211 2515 4265 hesternam
2537 4250 2551 4272 ,
2585 4209 2710 4262 licet
2735 4209 2981 4262 homines
3007 4209 3108 4262 hoc
3138 4223 3244 4261 non
3293 4208 3646 4262 considerent.
3681 4201 3752 4256 ιρι

2203 4303 2284 4359 sic
2311 4321 2325 4357 :
2357 4302 2501 4356 Mille
2522 4302 2647 4356 anni
2675 4311 2801 4356 sunt
2820 4302 2959 4354 sicut
2983 4301 3097 4355 dies
3111 4301 3367 4354 hesterna
3393 4313 3578 4369 parum
3601 4309 3754 4366 appreo

2207 4395 2374 4449 tiandi
2407 4403 2531 4448 ante
2559 4393 2744 4448 oculos
2792 4402 2949 4456 tuos,
3007 4393 3058 4447 id
3089 4401 3174 4447 est
3202 4392 3269 4446 ad
3320 4401 3619 4462 respectum
3659 4391 3754 4442 vita

518 4493 602 4540 est
627 4485 692 4540 ad
719 4485 1004 4540 utilitatem
1033 4493 1293 4549 nostram,
1329 4493 1385 4539 ιιι
1412 4484 1668 4538 mundum
1695 4499 1928 4554 repares.
1950 4482 2102 4538 Unde
2135 4504 2180 4562 ι)
2205 4495 2418 4541 aeternae
2441 4527 2456 4548 ,
2499 4501 2620 4555 qua:
2647 4495 2729 4540 est
2751 4493 2877 4539 ante
2911 4483 3096 4540 oculos
3122 4494 3273 4547 tuos,
3321 4483 3376 4536 id
3429 4493 3513 4538 est
3543 4495 3683 4552 quam
3711 4489 3752 4530 tu

519 4577 857 4647 Apostolus:
917 4597 935 4630 ι
974 4579 1117 4632 Misit
1152 4579 1294 4632 Deus
1343 4577 1536 4633 Filium
1585 4593 1740 4632 suum
1799 4586 1985 4631 natum
2033 4591 2100 4630 ex

521 4671 770 4733 muliere,
796 4670 996 4727 factum
1028 4672 1128 4726 sub
1153 4671 1289 4742 lege,
1315 4671 1590 4738 nteosqui
1622 4669 1722 4723 sub
1749 4669 1868 4738 lege
1906 4676 2062 4722 erant
2083 4707 2098 4730 ,

524 4763 818 4818 redimeret
838 4760 1036 4832 (Galat.
1055 4780 1128 4829 IV,
1146 4762 1220 4831 4).
1246 4783 1262 4814 ι
1297 4761 1435 4828 Quia
1457 4775 1584 4814 vero
1604 4758 2019 4823 dixeratfactus,
2039 4773 2105 4812 ne

523 4854 671 4910 omni
715 4856 875 4910 modo
922 4856 1194 4910 videretur
1239 4853 1449 4907 initium
1493 4851 1765 4916 hahnisse,
1807 4859 1858 4905 et
1876 4849 2103 4920 simplex

524 4948 837 5014 homoesse,
859 4948 1038 5002 addit:
1071 4948 1131 5000 Et
1153 4945 1396 5015 quamvis
1416 4956 1466 4998 te
1489 4945 1659 4998 dicam
1683 4943 1902 5007 factum;
1931 4951 2106 4995 tamen

524 5041 829 5116 priusquam
856 5049 1053 5094 montes
1077 5019 1278 5108 herent,
1315 5037 1364 5090 id
1399 5045 1480 5091 est
1510 5037 1820 5105 priusquam
1864 5034 2109 5088 caelestes

523 5132 750 5202 Spiritus
763 5140 1096 5194 crearentur,
1115 5129 1464 5198 quidicuntur
1486 5139 1698 5182 montes
1714 5167 1729 5192 ,
1757 5143 1820 5181 eo
1841 5126 1982 5196 quod
2003 5125 2111 5179 sint

527 5223 582 5280 in
610 5233 813 5278 natura:
837 5239 947 5278 sua:
975 5222 1235 5291 dignitate
1256 5221 1510 5274 sublimes
1533 5237 1547 5284 ;
1582 5230 1670 5273 aut
1698 5219 2012 5289 priusquam
2045 5232 2110 5271 ex

491 5321 764 5384 'quatuor
809 5314 1090 5367 elementis
1129 5311 1447 5379 [armaretur
1497 5321 1672 5378 terra,
1722 5310 1774 5364 id
1819 5318 1903 5364 est
1953 5309 2114 5362 homo

531 5413 780 5466 terrenus
809 5449 822 5472 ,
852 5407 942 5477 qui
969 5405 1190 5460 inferior
1213 5405 1415 5474 angelis
1433 5414 1544 5468 est,
1577 5413 1630 5458 et
1655 5412 1711 5456 ut
1738 5401 2116 5456 nniversaliter

535 5502 745 5556 dicam:
771 5499 1089 5568 Priusquam
1111 5496 1434 5551 I'ormaretur
1453 5496 1601 5550 orbis
1629 5495 1878 5558 nzunzlus,
1913 5493 2117 5548 seilicet

535 5603 712 5655 totus;
747 5600 800 5645 et
829 5589 1087 5660 quidquid
1113 5591 1162 5643 in
1187 5604 1252 5643 eo
1279 5599 1382 5652 est,
1421 5597 1473 5642 et
1494 5597 1552 5641 ut
1573 5587 1745 5655 majus
1767 5586 1893 5655 quid
1918 5585 2114 5650 dicam,

537 5703 569 5740 a
593 5684 785 5741 strequ
806 5725 818 5747 ,
854 5683 907 5737 id
935 5692 1018 5736 est
1046 5680 1114 5735 ab
1138 5689 1369 5745 artemo,
1400 5688 1445 5733 ct
1475 5694 1633 5749 usque
1661 5679 1717 5731 in
1753 5675 2030 5739 sa’cufum,
2064 5675 2118 5728 id

541 5783 625 5832 est
649 5787 820 5844 usque
841 5772 892 5828 in
924 5782 1184 5827 aeternum
1211 5812 1224 5837 ,
1253 5769 1458 5824 scilicet
1489 5769 1604 5823 sine
1633 5767 1898 5840 principio
1921 5776 1976 5822 et
2006 5767 2120 5822 sine

2205 4580 2535 4635 consideras.
2570 4578 2635 4633 Et
2665 4587 2724 4632 ut
2748 4577 2925 4632 minus
2967 4577 3165 4642 dicam,
3212 4575 3358 4629 Mille
3385 4576 3515 4629 anni
3558 4581 3666 4628 sunt
3689 4584 3754 4624 re-

2204 4670 2426 4739 pntandi
2458 4683 2680 4739 parvum
2725 4667 2888 4737 quid,
2931 4667 3063 4721 sicut
3095 4666 3335 4720 custodia
3381 4666 3436 4719 in
3466 4675 3638 4728 nocte,
3662 4675 3754 4731 qui:

2201 4745 2312 4827 jam
2342 4761 2628 4830 prteteriit,
2680 4759 2732 4812 id
2786 4767 2868 4812 est
2909 4758 3049 4812 sient
3087 4769 3193 4810 una
3222 4755 3403 4826 vigilia
3438 4769 3557 4824 quae
3582 4750 3754 4807 brevior

2209 4850 2338 4912 fuit,
2403 4866 2526 4904 cum
2570 4851 2742 4904 trlhus
2774 4848 2924 4903 horis
2961 4848 3299 4903 solummodo
3321 4846 3614 4900 duraverit.
3639 4843 3756 4896 Etut

2211 4943 2412 4998 rectius
2441 4944 2647 5006 dicam,
2688 4943 2812 4995 anni
2846 4941 2990 4996 mille
3025 4947 3185 4996 erunt
3205 4956 3420 5005 eorum,
3467 4939 3518 4993 id
3544 4944 3617 4992 est
3642 4935 3755 5001 jnste

2211 5033 2605 5102 reputabuntur
2629 5033 2680 5086 in
2707 5045 2931 5084 numero
2952 5045 3137 5084 earum
3166 5043 3348 5083 rerum
3373 5043 3495 5097 qum
3513 5042 3600 5096 pro
3626 5019 3755 5077 nihilo

2212 5124 2496 5185 habentur,
2523 5123 2575 5176 id
2598 5131 2680 5177 est
2699 5137 2818 5191 qua:
2841 5121 2977 5175 adeo
2999 5121 3130 5175 vites
3155 5131 3316 5186 sunt,
3343 5119 3490 5188 quod
3518 5114 3637 5170 nihil
3661 5124 3756 5167 esse

2215 5225 2550 5285 repntantur.

2277 5304 2502 5359 Ostensa
2533 5303 2808 5358 hominum
2837 5302 3140 5369 dejectione
3173 5299 3369 5363 nimia;
3395 5297 3521 5366 quia
3550 5295 3755 5350 dixerat.

2218 5413 2280 5451 ne
2310 5396 2840 5459 avertas/comitum,
2894 5408 2962 5448 ne
3019 5393 3300 5448 videretur
3337 5391 3479 5446 velle
3527 5387 3755 5442 hominem

2219 5488 2522 5542 nullatenus
2541 5487 2736 5542 esscin
2771 5487 2870 5540 hac
2891 5482 3190 5552 dejectione
3213 5522 3228 5548 ,
3282 5489 3339 5535 et.
3382 5481 3462 5536 sic
3505 5474 3756 5532 contrairct

2221 5580 2556 5651 dispositioni
2587 5580 2802 5645 divinat,
2841 5575 3088 5632 concedit
3111 5573 3227 5642 ejus
3259 5573 3636 5643 dejectionem.
3658 5577 3756 5618 cum

2222 5675 2300 5730 sic
2329 5671 2606 5743 adjungit:
2635 5672 2744 5726 Oro
2771 5686 2834 5723 ne
2855 5677 3058 5722 avertas
3079 5665 3342 5718 hominem
3373 5665 3429 5717 in
3457 5658 3757 5714 humilitatem

2224 5763 2486 5836 dejectum
2498 5804 2512 5829 ,
2528 5762 2734 5833 quineu
2743 5777 2791 5815 ιιι
2810 5774 3046 5830 repares.
3060 5753 3314 5810 Cottccdo
3335 5763 3506 5809 tamen
3523 5745 3653 5821 quod
3668 5744 3758 5814 ipse
