3872 6320
136 314 243 372 Mil

1002 299 1364 356 EXPOSlTlO
1391 299 1455 354 IN
1491 298 1826 354 PSALMOS.
1855 329 1924 338 ——
1963 296 2159 351 ΡδΑΙι.
2193 298 2480 353 ιΧΧΧιΧ.

3208 313 3352 379 1122

133 417 815 487 homoexistenssicutberba
839 417 890 471 in
907 416 1146 485 mane,id
1167 426 1249 470 est
1264 414 1664 470 ﬂorensetcon-
1693 422 1739 481 Α
1771 431 1890 469 mus
1916 414 2251 470 defectibiles
2296 424 2444 483 sunt,
2471 426 2529 471 ut
2563 417 2613 473 in
2647 426 2890 492 sequenti
2931 442 3087 483 versu
3118 434 3351 501 exponi-

133 523 319 593 spirans
333 517 453 569 sicut
470 514 622 575 laertia
635 526 749 579 qua:
764 509 1040 579 pulchrior
1051 509 1201 563 estin
1227 514 1407 572 mane,
1422 524 1584 577 quam
1608 509 1659 562 ίιι

132 609 267 684 365
289 604 512 676 qualibet
561 601 659 654 alia
693 600 795 653 diei
829 609 1003 670 parte,
1043 608 1275 652 transeat
1319 598 1383 650 de
1427 599 1512 651 illa
1546 597 1663 669 pul-

132 699 401 759 chritudine
430 695 480 748 in
524 703 766 747 mortem.
807 691 1136 746 Determinat
1168 700 1347 745 autem
1391 694 1663 760 quomodo

132 800 346 851 transeat,
378 802 492 842 cum
530 784 714 837 addit:
754 783 971 838 Scilicet
996 786 1142 854 prius
1164 785 1349 853 ﬂoreat
1393 783 1446 837 in
1489 801 1661 855 mane,

133 888 174 941 id
194 895 262 939 est
280 880 586 947 conspicuus
606 877 677 930 sit
711 878 775 930 ad
809 877 1025 930 modum
1056 877 1238 931 herba:
1266 874 1470 929 ﬂorida:
1508 877 1559 930 itt
1578 877 1665 943 ju-

130 982 334 1031 vcnlute,
356 985 471 1038 quia
495 984 592 1039 per
611 980 770 1020 mane
798 967 1126 1037 designatur,
1154 983 1219 1021 eo
1241 968 1388 1037 quod
1419 968 1490 1023 sit
1516 968 1666 1031 prin,-

124 1066 290 1137 cipium
311 1062 445 1123 vitar,
459 1069 511 1113 et
536 1057 767 1127 pollens,
792 1057 858 1111 ad
887 1058 1299 1115 similitudinem
1324 1060 1664 1129 mane,qnod

125 1156 297 1208 clarum
340 1160 417 1205 est
456 1157 509 1202 et
553 1146 665 1202 diei
702 1146 1045 1215 principium.
1090 1148 1156 1203 Et
1192 1150 1257 1203 de
1300 1150 1434 1204 ﬂore
1472 1148 1662 1218 juven-

130 1247 458 1299 uuistraaseat
486 1241 538 1294 in
574 1253 884 1308 vespcrmn,
912 1238 963 1293 id
985 1249 1069 1293 est
1096 1240 1147 1293 in
1182 1249 1515 1296 senectutem
1546 1256 1665 1311 qua:

127 1351 288 1406 vesper
309 1333 513 1394 dicitur,
542 1344 608 1385 eo
631 1332 773 1399 quod
804 1329 857 1383 in
894 1338 1174 1384 senectute
1204 1332 1367 1386 homo
1394 1332 1572 1386 veniat
1596 1328 1661 1384 ad

128 1429 353 1483 delectum
379 1426 513 1479 sicut
540 1424 592 1477 in
620 1437 843 1492 vespere
866 1422 981 1477 dies
1009 1423 1179 1488 vergit
1204 1424 1271 1478 ad
1300 1440 1574 1479 occasum.
1599 1423 1665 1477 Et

129 1526 368 1590 invespere
392 1516 681 1573 senectutis
710 1516 916 1571 decidat
963 1518 1014 1572 in
1052 1527 1316 1582 mortem,
1361 1527 1413 1572 et
1452 1516 1664 1597 induret

129 1624 177 1668 ut
200 1614 278 1666 ﬁat
303 1611 524 1665 cadaver
571 1607 799 1678 rigidttm
842 1616 898 1661 et
935 1610 1129 1662 durum
1172 1618 1226 1663 et
1262 1608 1587 1673 inﬂexibile,
1616 1618 1660 1661 et

128 1716 227 1776 post
257 1713 468 1767 arescat,
498 1710 552 1754 et
580 1700 754 1773 pulvis
782 1700 967 1755 aridus
1008 1700 1295 1755 elliciatur.
1323 1700 1456 1755 Cum
1485 1710 1662 1755 autem

1765 516 1871 561 tur.
1917 506 1982 560 Ιίι
2010 522 2107 559 nos
2135 507 2189 559 in
2220 524 2329 571 ιι·α,-
2360 508 2411 560 td
2438 516 2521 561 est
2548 508 2599 562 in
2630 512 2864 569 vindicta
2893 526 3006 582 tua,
3034 520 3348 590 defecimus,

1766 600 1817 655 id
1839 610 1922 655 est
1949 599 2289 654 defectibilcs
2313 599 2441 655 facti
2469 616 2679 669 sumus,
2722 607 2929 663 scilicet
2956 600 3352 671 defectibililms

1764 693 2020 762 operibus
2041 701 2317 747 vacantes.
2350 692 2416 745 Et
2438 708 2564 748 vere
2587 694 2924 752 defectibiles
2950 715 3160 768 smnus,
3194 707 3245 760 id
3268 719 3353 762 est

1765 784 2019 853 operibus
2057 782 2453 837 defcctibilibus
2490 793 2767 850 vacantes,
2806 788 3058 855 quoniam
3105 796 3231 848 anni
3258 812 3349 847 no-

1765 876 1860 929 stri
1894 876 2027 928 sicut
2067 891 2263 928 aranea
2306 876 2716 942 meditabantur,
2748 877 2801 931 id
2832 886 2918 932 est
2963 893 3061 933 nos
3097 882 3148 936 in
3178 887 3352 939 omni-

1766 966 1868 1020 bus
1902 965 2063 1019 annis
2094 965 2295 1019 nostris
2323 966 2748 1020 meditabimur:
2773 969 2910 1022 sicut
2942 986 3161 1036 aranea,
3198 973 3249 1026 id
3272 983 3357 1029 cst

1765 1072 1888 1112 cum
1919 1058 2268 1112 meditatione
2310 1060 2657 1126 operabimur
2689 1060 2839 1126 talia,
2868 1077 2988 1131 quae
3034 1063 3143 1117 cito
3181 1074 3356 1119 transi-

1766 1149 1924 1204 itoria
1960 1159 2109 1216 sunt,
2143 1159 2198 1203 et
2226 1149 2480 1206 facillime
2504 1152 2875 1219 dissolvenda,
2897 1154 3037 1211 sicut
3066 1171 3202 1224 opus
3227 1173 3355 1210 ara-

1766 1258 1900 1306 nea},
1920 1244 2063 1311 quod
2095 1242 2498 1312 fragilissimum
2524 1254 2625 1300 est.
2653 1245 2787 1301 Cum
2811 1248 2941 1302 dic't
2966 1248 3353 1313 meditabimur,

1766 1348 1861 1405 per
1886 1331 2123 1385 futurum
2167 1332 2346 1386 innuit
2380 1339 2864 1403 perseverantiam,
2895 1350 2949 1392 et
2973 1340 3194 1408 gravius
3223 1340 3355 1408 quid

1768 1434 1938 1491 notat,
1965 1440 2127 1495 quam
2153 1426 2197 1481 si
2226 1437 2453 1496 poneret
2492 1429 2815 1498 simpliciter
2854 1432 3226 1500 operabimur.
3255 1432 3359 1485 Pe-

1760 1515 1849 1584 jus
1874 1518 2014 1572 enim
2042 1526 2125 1573 est
2167 1519 2476 1575 meditando
2511 1522 2721 1591 Operari
2750 1522 2891 1578 mele
2931 1539 3092 1593 quam
3124 1533 3356 1578 temera-

1768 1608 1864 1663 rie.
1902 1610 2135 1679 Exponit
2177 1613 2340 1667 etiam
2393 1615 2664 1681 quomodo
2706 1616 2820 1669 dies
2852 1618 3186 1682 deieci-runt,
3231 1632 3353 1672 erm

1767 1702 1952 1755 addit:
1997 1702 2135 1757 Vere
2163 1702 2278 1758 dies
2321 1705 2488 1759 nostri
2518 1705 2855 1761 defectibiles
2884 1706 3010 1761 facti
3041 1717 3187 1762 sunt.
3218 1707 3351 1762 Nam

131 1801 243 1853 hanc
266 1794 654 1850 concessionem
706 1792 856 1857 lacit,
888 1793 1249 1864 dejectionem
1298 1803 1539 1847 nostram
1572 1808 1665 1861 pa-
1697 1790 1739 1844 Β
1766 1792 1874 1844 dies
1903 1809 2163 1846 annorum
2212 1805 2512 1850 nostrorum
2564 1796 2888 1851 clauduntur
2936 1800 2986 1853 in
3023 1801 3354 1870 septuaginta

130 1890 289 1944 tienter
325 1886 547 1941 tolerare
597 1899 697 1940 nos
747 1886 985 1940 instruit.
1036 1886 1232 1941 Reddit
1277 1900 1492 1954 quoque
1539 1901 1666 1939 cau-

128 1995 252 2044 sam,
287 1993 443 2049 quare
487 1977 554 2031 ad
604 1976 743 2031 hanc
788 1977 1146 2032 humilitatem
1194 1977 1547 2039 devenimus,
1598 1990 1665 2030 ne

126 2073 220 2126 sine
256 2086 406 2125 causa
435 2070 626 2139 dejecti
670 2087 792 2127 esse
831 2071 1132 2131 videamur,
1178 2084 1299 2122 cmn
1345 2068 1424 2122 sic
1470 2068 1612 2121 addit
1646 2086 1660 2121 :

129 2164 233 2216 Dico
268 2179 325 2215 ne
361 2172 561 2216 avertas
602 2164 863 2215 hominem
897 2163 951 2214 in
982 2161 1327 2212 humilitatem
1376 2159 1661 2226 deiectum.

128 2255 179 2307 Et
197 2270 305 2308 vere
348 2253 397 2307 in
438 2268 683 2324 magnam
725 2251 1085 2320 dejectionem
1134 2266 1231 2305 nos
1258 2266 1447 2305 omnes
1487 2249 1663 2303 homi-

128 2360 205 2397 nes
228 2345 543 2408 devenimus,
569 2354 622 2398 et
647 2342 788 2411 jure,
825 2344 949 2413 quia
988 2342 1297 2411 defecimus,
1324 2342 1376 2396 id
1403 2352 1486 2396 est
1526 2342 1667 2395 defe-

125 2436 302 2490 ctibiles
338 2435 456 2490 facti
503 2452 713 2500 sumus,
750 2436 840 2506 qui
884 2436 1034 2505 prius
1072 2434 1123 2488 in
1156 2434 1327 2488 Adam
1374 2443 1663 2504 antequam

125 2538 339 2596 peccaret
376 2543 591 2583 eramus
640 2543 746 2582 non
784 2528 1065 2592 del‘ecturt,
1093 2538 1149 2581 et
1194 2527 1294 2581 hoc
1332 2528 1386 2579 in
1428 2527 1508 2579 ira
1550 2536 1662 2591 tua,

127 2619 260 2672 idest
293 2619 341 2671 in
376 2617 518 2688 jnsta
561 2618 797 2671 vindicta
829 2627 915 2671 tua
944 2618 1011 2671 ad
1062 2618 1204 2675 hunc
1243 2618 1511 2672 defectum
1544 2632 1667 2684 per-

126 2708 351 2762 venimus.
374 2708 483 2763 lloc
504 2718 687 2763 autem
726 2709 778 2762 in
809 2710 1161 2778 sequentibus
1187 2721 1389 2780 repetet
1418 2722 1473 2767 et
1500 2728 1667 2782 expo-

124 2807 212 2852 net.
236 2799 293 2853 Et
319 2816 420 2855 non
462 2800 637 2855 solum
668 2800 980 2869 defecimus,
1017 2803 1109 2856 sed
1149 2812 1196 2855 et
1240 2804 1293 2855 in
1339 2805 1518 2871 furore
1551 2816 1663 2869 tuo,

124 2891 165 2945 id
196 2902 269 2947 est
310 2892 466 2947 nimia
509 2892 746 2947 vindicta
795 2902 919 2958 tua,
968 2893 1164 2946 turbati
1216 2911 1435 2959 sumus,
1484 2893 1536 2947 id
1584 2905 1666 2950 est

124 2986 377 3041 turbabiles
403 2988 525 3042 iacti
555 3002 744 3042 sumus
770 3003 784 3039 :
819 2987 1030 3043 scilicet
1064 2988 1197 3041 tales
1219 2987 1420 3053 eliecti,
1445 2987 1535 3055 qui
1571 3003 1667 3056 per

122 3089 335 3142 mortem,
351 3087 403 3133 et
424 3088 653 3133 cunctas
674 3078 975 3132 anxietates
999 3094 1285 3148 possumus
1315 3080 1659 3134 conturbari:

121 3174 235 3239 quod
266 3173 471 3243 gravius
507 3172 726 3243 quidem
770 3181 854 3225 est
887 3188 1044 3241 quam
1079 3173 1412 3228 defectibiles
1442 3188 1580 3236 esse,
1613 3183 1666 3228 et
1695 3172 1735 3198 “

120 3265 216 3320 ideo
237 3276 370 3320 recte
399 3267 635 3335 positum
660 3274 745 3319 est
773 3265 827 3318 in
852 3265 1050 3333 furore.
1104 3265 1280 3319 Furor
1310 3267 1452 3319 enim
1496 3264 1668 3335 Ltlajttl‘

120 3358 183 3411 ira
205 3357 414 3411 videtur.
458 3358 519 3410 Et
572 3371 701 3411 vere
734 3372 830 3426 per
856 3358 992 3410 iram
1033 3357 1336 3426 defecimus,
1366 3365 1420 3410 ct
1448 3352 1568 3426 per’
1589 3358 1669 3409 l‘u-

120 3464 263 3503 rorem
288 3458 427 3501 tuum
456 3447 654 3501 turbati
680 3464 881 3501 sumus.
908 3447 1042 3501 Nam
1075 3464 1180 3502 non
1219 3448 1573 3503 dissimulasti
1601 3450 1669 3503 ab

120 3533 452 3603 iniquitatibus
492 3538 741 3593 nostris:
781 3538 875 3593 sed
909 3538 1125 3607 posuisti
1175 3540 1230 3592 in
1264 3549 1540 3608 conspectu
1578 3550 1667 3592 tuo

115 3626 376 3695 iniquitates
405 3642 635 3696 nostras,
662 3645 759 3698 per
788 3629 958 3683 Adam
990 3632 1330 3695 commissas,
1357 3630 1408 3683 id
1437 3640 1521 3684 est
1546 3646 1669 3685 con-

114 3718 288 3773 sideras
311 3732 365 3775 ut
395 3723 595 3791 punias
627 3722 890 3791 originale
931 3731 1236 3791 peccatum,
1265 3722 1420 3791 cujus
1446 3725 1668 3792 partici-

114 3827 187 3877 pes
211 3830 402 3870 sumus.
430 3817 494 3870 Et
530 3816 753 3885 posuisti
779 3816 1032 3871 stcculum
1054 3826 1288 3870 nostrum
1318 3818 1371 3870 in
1401 3817 1669 3871 illumina-

113 3903 226 3957 tiorte
254 3906 618 3972 vultustui,id
661 3918 745 3962 est
796 3909 847 3962 in
876 3908 1125 3964 claritate
1172 3908 1495 3979 cognitionis
1540 3918 1664 3973 tum,

111 3995 287 4052 scilicet
325 4015 429 4053 non
475 4009 659 4071 potest
708 4012 759 4055 te
804 4001 1024 4066 fallere,
1079 4002 1172 4056 sed
1219 4002 1348 4055 illud
1396 4002 1668 4071 conspicis

111 4098 284 4156 aperte.
307 4089 360 4144 ln
384 4090 486 4144 alia
517 4092 871 4147 translatione
894 4092 1125 4147 habetur
1153 4108 1166 4145 :
1197 4091 1554 4162 Negligentias
1576 4110 1667 4146 no-

109 4190 221 4231 stras
244 4179 293 4232 in
317 4178 427 4234 luce
469 4180 643 4235 rullus
672 4183 781 4246 tui;
814 4182 956 4237 unde
1001 4198 1240 4252 congrue
1285 4183 1538 4236 set-culum
1571 4200 1668 4253 pro

111 4272 417 4342 uegligentiis
461 4290 588 4331 esse
616 4275 850 4345 positum
900 4275 1269 4346 intelligimus.
1311 4275 1486 4331 liabet
1522 4277 1666 4330 enim

110 4377 216 4418 usus
246 4376 425 4421 noster
463 4377 526 4421 ut
574 4368 642 4422 de
688 4367 873 4437 aliquo
923 4368 1063 4422 male
1114 4369 1332 4422 vivente
1381 4368 1663 4422 dicamus:

1766 1884 1939 1947 annis,
1978 1884 2028 1937 id
2057 1886 2221 1939 estin
2252 1887 2379 1955 ipsis
2424 1889 2789 1958 septuaginta.
2826 1890 2960 1945 Cum
3008 1890 3144 1945 dicit
3186 1893 3311 1961 ipsis
3336 1932 3369 1957 ,η

1768 1973 2112 2045 innuitquod
2144 1978 2196 2030 in
2244 1994 2472 2033 numero
2514 1982 2617 2035 isto
2646 1981 2753 2034 vita
2803 1993 2985 2036 nostra
3031 1982 3237 2037 linitur.
3286 1983 3356 2037 Et

1766 2076 1847 2120 est
1879 2082 1941 2120 ac
1969 2068 2011 2121 si
2060 2068 2204 2121 dicat
2235 2086 2247 2121 :
2284 2071 2432 2125 Adeo
2463 2073 2577 2127 dies
2619 2075 2741 2128 vita:
2790 2083 2988 2128 uoslrm
3021 2074 3357 2130 defectibili-s

1768 2155 1889 2209 l'acti
1926 2160 2236 2228 suut,quod
2257 2160 2593 2217 solummodo
2622 2164 2781 2219 anuis
2816 2164 3155 2235 septuaginta
3194 2164 3360 2236 366

1766 2261 2019 2300 VIVUDUS.

1837 2338 1898 2393 Si
1928 2351 2102 2394 autent
2151 2340 2314 2410 aliqui
2356 2345 2523 2397 nostri
2577 2346 2764 2399 vivunt
2814 2347 2867 2400 in
2900 2347 3270 2414 potentatibus,
3305 2347 3358 2399 id

1766 2440 1848 2484 est
1882 2431 1930 2483 in
1960 2433 2306 2499 potentativis
2340 2443 2391 2487 ct
2432 2434 2690 2503 pienariis
2731 2437 3047 2495 muneribus
3084 2437 3357 2503 sanitatis,

1767 2522 2030 2589 octoginta
2059 2522 2185 2574 anni
2215 2533 2340 2575 sunt
2374 2523 2424 2576 in
2459 2524 2564 2577 vita
2599 2535 2805 2578 nostra.
2835 2526 2988 2592 Quod
3018 2534 3104 2581 est
3137 2526 3356 2582 dicere:

1768 2610 1823 2666 Si
1856 2613 2018 2682 aliqui
2070 2622 2316 2668 nostrum
2357 2625 2410 2668 et
2456 2616 2612 2685 pauci
2666 2617 2803 2671 bene
2851 2633 3041 2672 sanam
3072 2618 3235 2673 vitam
3267 2618 3361 2680 de.-

1767 2714 1918 2774 gunt;
1952 2706 2224 2775 octoginta
2274 2722 2541 2761 annorum
2580 2721 2664 2764 est
2710 2706 2946 2779 sp'atium
2996 2710 3117 2763 vita:
3146 2724 3356 2773 eorum,

1766 2807 1820 2851 et
1850 2798 2075 2866 amplius
2115 2816 2294 2852 eorum
2339 2802 2611 2868 octoginta
2651 2804 2955 2867 annorum',
2988 2811 3073 2856 est
3116 2801 3267 2855 labor
3310 2812 3359 2854 et

1766 2889 1938 2941 dolor.
1970 2890 2105 2956 Quia
2135 2891 2266 2945 dicit
2296 2908 2482 2947 eormn
2536 2909 2686 2948 more
2729 2893 3041 2965 Gr;eeorum
3092 2894 3244 2959 facit,
3267 2894 3369 2960 qui

1767 2979 2001 3032 ablativo
2025 2991 2293 3043 carentes,
2321 2984 2615 3052 genitivum
2649 3000 2745 3053 pro
2776 2983 3014 3038 ablativo
3044 2990 3269 3053 ponunt.
3289 2982 3355 3034 lat

1768 3081 1851 3126 est
1876 3089 1939 3127 ac
1976 3074 2019 3128 si
2057 3074 2204 3129 dicat
2233 3095 2245 3128 :
2273 3076 2330 3130 Si
2382 3078 2563 3131 vivant
2607 3079 2768 3148 aliqui
2809 3080 3034 3150 amplius
3067 3079 3150 3132 his
3179 3078 3355 3141 annis,

1771 3164 1978 3219 Scilicet
2010 3166 2243 3235 amplius
2270 3170 2563 3237 octoginta,
2611 3171 2718 3223 vita
2756 3171 2840 3224 illa
2868 3171 2974 3225 erit
2996 3171 3147 3224 labor
3173 3180 3223 3223 et
3255 3170 3357 3223 do.—

1770 3255 1874 3319 Ior,
1905 3255 1952 3308 id
1980 3265 2062 3311 est
2103 3257 2153 3310 iu
2200 3257 2385 3311 labore
2422 3268 2475 3311 et
2504 3258 2709 3321 dolore,
2740 3276 2859 3327 quae
2906 3273 3004 3313 nec
3048 3260 3213 3312 etiam
3245 3262 3358 3312 vita

1771 3346 1995 3401 dicenda
2029 3358 2113 3402 est
2143 3366 2156 3414 ;
2192 3350 2284 3403 sed
2324 3363 2420 3419 per
2448 3350 2749 3419 emphasim
2798 3352 3024 3407 dicenda
3081 3361 3165 3406 est
3207 3351 3359 3405 labor

1770 3446 1823 3491 et
1852 3438 2024 3492 dolor.
2083 3438 2186 3493 Per
2232 3456 2404 3494 annos
2439 3456 2651 3509 quoque
2684 3444 3046 3512 septuaginta,
3096 3458 3161 3497 eo
3214 3443 3359 3511 quod

1771 3530 2214 3599 scptuagenarius
2246 3545 2501 3583 numerus
2544 3546 2639 3600 per
2693 3533 3057 3600 septenarium
3093 3533 3358 3602 multipli-

1770 3628 1945 3683 catur,
1976 3636 2214 3688 prmsens
2238 3622 2344 3673 vita
2397 3606 2684 3691 accipitur,
2716 3638 2837 3690 quae
2874 3638 2970 3692 per
3000 3624 3115 3678 dies
3146 3634 3355 3692 septem

1770 3712 2020 3766 volvitur.
2052 3712 2153 3767 Per
2182 3714 2456 3784 octoginta
2494 3725 2671 3768 autem
2703 3731 2899 3780 annos,
2928 3716 3107 3769 futura
3137 3718 3253 3771 dies
3277 3716 3360 3786 ju-

1771 3805 1916 3870 dieii,
1948 3816 2137 3860 octava
2176 3807 2511 3876 intelligitur,
2553 3821 2617 3861 eo
2650 3809 3217 3878 qumlcetogcnarius
3257 3827 3358 3865 nu-

1771 3913 1954 3953 merus
2011 3914 2108 3967 per
2164 3898 2502 3952 octonarium
2572 3899 2984 3969 multiplicatur.
3047 3900 3357 3956 Secundum

1769 4005 1931 4060 quam
1977 3990 2305 4044 sententiam
2338 3989 2518 4042 littera
2565 3993 2645 4046 sic
2691 3992 3001 4061 adaptatur.
3033 3992 3162 4045 Dico
3213 3992 3357 4059 quod

1772 4081 2154 4137 meditabimur
2185 4085 2237 4138 in
2286 4087 2538 4140 omnibus
2567 4084 2725 4138 annis
2770 4082 3015 4136 solubilia
3062 4091 3116 4135 et
3148 4080 3357 4152 fragilia

1770 4188 1953 4244 Opera,
1986 4175 2126 4230 sicut
2157 4192 2378 4231 aranea.
2414 4178 2478 4232 Et
2501 4176 2725 4245 exponit
2763 4173 3055 4243 th0ttt0d0,
3088 4189 3209 4226 cum
3257 4173 3355 4235 ad-

1771 4267 1845 4319 dit
1881 4284 1894 4321 :
1929 4266 2063 4322 Vere
2108 4268 2251 4321 onmi
2288 4269 2394 4322 vita
2448 4278 2631 4322 nostra
2677 4264 2801 4317 talia
2838 4280 3000 4333 opera
3047 4262 3359 4317 meditando

1770 4358 2137 4426 operabimnr,
2163 4359 2341 4428 qualia
2380 4373 2578 4412 aranea
2625 4364 2904 4426 operatur.
2940 4354 3071 4408 Nam
3114 4355 3233 4409 dies
3260 4370 3356 4407 an-

112 4451 254 4510 llomo
282 4459 379 4513 iste
405 4458 611 4513 malum
641 4460 897 4514 saeculum
934 4459 1171 4514 deducit.
1216 4461 1282 4513 Et
1311 4468 1394 4514 est
1425 4475 1487 4514 ac
1511 4461 1554 4514 si
1585 4458 1665 4513 di-

1773 4468 1961 4504 uorum
1999 4461 2306 4506 nostrorum
2336 4461 2495 4506 erunt
2524 4453 2849 4507 meditantes
2881 4453 2934 4506 iu
2977 4451 3109 4520 ipsis
3140 4459 3357 4519 septua-

109 4556 265 4603 ceret:
292 4548 522 4606 Peccata
543 4549 824 4621 originalia
864 4565 959 4620 per
985 4551 1153 4604 Adam
1189 4552 1499 4616 commissa,
1532 4567 1663 4620 qtt0~

110 4653 210 4693 rum
252 4643 541 4713 participes
571 4642 746 4696 ell'ecti
777 4657 983 4706 sumus,
1026 4657 1145 4711 qnze
1177 4656 1281 4695 non
1330 4642 1667 4697 solummodo

108 4740 214 4785 sunt
250 4733 596 4805 iniquitates,
646 4734 739 4788 sed
789 4735 952 4787 etiam
1008 4734 1141 4788 tales
1186 4733 1500 4802 iniquitates
1548 4750 1667 4804 qua:

108 4831 213 4875 sunt
238 4825 595 4895 negligentiae,
632 4826 683 4879 id
717 4835 799 4879 est
839 4826 1171 4897 negligenter
1208 4840 1312 4879 non
1349 4826 1537 4895 aliquo
1578 4843 1666 4882 co-

107 4914 295 4970 actione
334 4917 401 4970 ab
428 4917 601 4971 Adam
628 4917 949 4971 commissa).
973 4917 1204 4987 ideoque
1245 4918 1519 4985 digniores
1543 4926 1669 4974 sunt

109 5002 308 5071 uitiante,
336 5024 442 5062 non
474 5008 851 5076 postposuisti,
882 5010 978 5062 sed
1019 5023 1115 5063 eas
1156 5010 1209 5062 in
1242 5018 1534 5079 conspectu
1574 5020 1666 5064 tuo

107 5094 331 5162 posuisti,
370 5108 430 5151 ιιι
462 5097 828 5152 ulciscet'et'is.

168 5184 370 5255 Repetit
403 5201 586 5244 autem
615 5192 757 5261 quod
794 5191 1045 5261 ‘superius
1081 5194 1282 5262 posuit,
1309 5193 1438 5262 quia
1470 5193 1666 5262 defeci-

108 5286 227 5341 ‘nus,
254 5286 311 5331 ut
342 5288 466 5349 post
492 5290 727 5350 exponat
755 5298 769 5336 :
801 5280 921 5334 Dixi
954 5282 1225 5349 hominem
1259 5298 1379 5336 esse
1407 5281 1458 5335 in
1491 5284 1664 5336 humi-

108 5362 293 5424 litatetn
319 5369 607 5439 deiectum.
654 5374 720 5426 Et
763 5388 891 5428 vere
937 5374 1120 5441 dejecti
1168 5390 1371 5436 sumus,
1418 5362 1665 5443 quoniam

109 5472 264 5514 omnes
297 5464 406 5517 dies
435 5465 598 5518 nostri
640 5463 963 5534 defecerunt,
995 5465 1045 5519 id
1071 5473 1153 5518 est
1184 5465 1517 5520 defectibilcs
1539 5466 1665 5520 facti

107 5562 235 5615 sunt,
266 5570 389 5608 cum
412 5556 563 5625 prius
585 5557 738 5612 nobis
763 5556 813 5610 in
841 5557 1008 5610 Adam
1043 5567 1331 5627 antequam
1361 5569 1664 5627 peccasset,

108 5642 199 5696 vita
224 5657 477 5716 perpetua
508 5649 631 5703 data
672 5658 837 5705 esset.
869 5648 938 5703 Et
964 5649 1099 5721 bene
1140 5652 1292 5719 ponit
1323 5667 1500 5706 omnes
1530 5652 1664 5716 dies,

108 5731 317 5794 innueus
341 5740 465 5811 quia
491 5751 545 5795 et
570 5742 758 5797 :cterni
792 5741 1125 5807 defecerunt,
1160 5751 1214 5796 et
1248 5743 1301 5797 hi
1332 5758 1466 5814 quos
1498 5745 1665 5799 babe-

1770 4544 1912 4613 ginta
1953 4546 2130 4609 annis,
2164 4546 2213 4598 id
2243 4554 2327 4599 est
2361 4545 2413 4598 in
2453 4545 2706 4599 onmibus
2735 4546 2925 4599 diebus
2963 4559 3228 4597 annorum
3263 4560 3358 4601 no-

1768 4641 2003 4686 strorum
2037 4634 2418 4688 meditabimur
2463 4649 2526 4688 ea
2576 4649 2695 4703 quae
2745 4636 3259 4690 necessariaerunt
3288 4634 3355 4687 ad

1769 4725 1914 4792 ipsos
1941 4728 2277 4796 septuaginta
2307 4742 2497 4801 annos,
2526 4727 2579 4781 in
2610 4727 2806 4797 quibus
2838 4744 2982 4782 nunc
3013 4743 3220 4794 smnus,
3253 4729 3359 4781 sei-

1770 4816 1895 4871 licet
1922 4834 2040 4887 qua:
2067 4820 2339 4888 pertinent
2372 4820 2438 4873 ad
2468 4829 2792 4889 praesentem
2826 4821 3016 4884 vitam,
3051 4820 3102 4874 in
3131 4836 3232 4889 qua
3261 4820 3355 4872 ad-

1772 4906 1875 4959 lmc
1923 4909 2248 4961 detinentur.
2286 4910 2415 4963 Dico
2452 4913 2595 4979 quod
2634 4912 2688 4964 in
2738 4912 2988 4965 omnibus
3014 4911 3202 4964 diebus
3254 4924 3353 4960 no:-

1769 4998 1899 5053 stris
1950 5000 2334 5055 meditabimur
2383 5017 2445 5056 ea
2494 5019 2614 5073 qua:
2663 5004 2730 5058 ad
2788 5004 3127 5074 septuaginta
3183 5019 3355 5057 annos

1769 5093 2058 5160 pertinent.
2100 5091 2158 5147 Si
2197 5105 2404 5159 autent,
2437 5096 2486 5149 id
2534 5106 2616 5150 est
2653 5097 2745 5151 sed
2798 5098 2863 5162 si,
2917 5098 2967 5149 in
3005 5096 3354 5165 potentatibus

1769 5196 1895 5241 sunt
1920 5187 2072 5257 pauci
2104 5203 2172 5243 ex
2205 5190 2383 5255 nobis,
2420 5190 2474 5245 id
2503 5201 2588 5246 est
2616 5192 2669 5246 in
2700 5191 2988 5245 virtutibus
3020 5199 3072 5243 et
3097 5190 3355 5259 operibus

1768 5280 1946 5345 bonis,
1970 5295 2089 5348 qua:
2118 5281 2373 5336 dicuntur
2412 5294 2740 5353 potentatus,
2768 5299 2832 5337 eo
2870 5282 3013 5353 quod
3055 5296 3152 5336 nos
3176 5281 3240 5333 ad
3274 5281 3355 5333 vi-

1772 5384 1878 5428 tam
1911 5376 2109 5430 ducere
2136 5387 2382 5446 possunt,
2418 5379 2678 5448 octoginta
2706 5378 2831 5431 (mni
2863 5392 2958 5448 per
2990 5377 3134 5447 ipsos
3164 5384 3353 5445 poten-

1740 5476 1913 5527 tatus
1956 5478 2296 5538 appetenter,
2342 5470 2392 5523 id
2422 5481 2505 5524 est
2550 5470 2764 5539 requies
2792 5478 2997 5523 octava:
3039 5468 3171 5527 diei,
3209 5466 3354 5534 quod

1768 5573 1854 5619 est
1876 5565 2058 5619 dicere
2099 5582 2112 5617 :
2148 5564 2326 5634 Aliqui
2354 5580 2420 5619 ex
2460 5565 2617 5619 nobis
2651 5564 2949 5637 existentes
2986 5564 3037 5617 in
3073 5563 3353 5626 potentati-

1767 5657 1870 5712 bus
1896 5674 2000 5713 non
2027 5658 2394 5727 aperabuntur
2418 5658 2551 5711 sicut
2595 5673 2815 5722 aranea,
2841 5658 3049 5713 scilicet
3079 5669 3350 5723 non-ope-

1769 5750 2161 5806 ralntntur'illa
2213 5764 2332 5819 qtue
2384 5749 2451 5803 ad
2488 5749 2653 5803 vitam
2710 5758 3030 5817 przescntetn
3083 5756 3351 5818 spectent,
