3872 6320
539 282 678 339 “23

1111 282 1170 340 S.
1201 283 1550 343 BRUNONIS
1576 279 2115 343 CARTIIUSIANOR

2257 283 2744 363 lNSTITUTORIS
2783 287 2934 344 OPP.
2979 288 3159 346 PARS
3193 289 3233 343 Ι.

3637 295 3734 353 “Si

529 399 632 455 sed
654 413 773 468 qua:
802 400 868 456 ad
895 399 1152 456 futuram.
1185 400 1250 454 Et
1275 402 1502 470 amplius
1528 419 1705 456 eorum
1742 401 2013 468 octoginta
2037 414 2126 451 an-
2158 405 2200 460 Α
2230 398 2540 455 facultatem
2593 401 2921 473 intelligendi
2969 413 3134 458 recte.
3192 403 3257 456 Et
3307 402 3430 472 quia
3460 419 3556 458 non
3597 408 3736 466 sallicit

532 505 731 545 norum
756 473 1012 562 appetere
1033 501 1120 547 est
1157 491 1308 546 labor
1338 505 1384 547 et
1417 495 1589 559 do'oi‘,
1618 495 1667 547 id
1698 505 1780 547 est
1827 507 2003 545 causae
2043 491 2122 543 lu-

535 581 683 637 boris
704 594 759 638 et
801 583 1022 640 doloris.
1055 585 1191 652 Quia
1216 585 1428 640 dixerat
1455 587 1507 639 in
1535 586 1908 654 potentatibus,
1940 591 2124 652 posset

534 673 704 740 quaari
737 675 878 729 unde
909 675 1110 730 habent
1143 675 1244 731 hoc
1269 677 1510 746 quidam,
1539 684 1596 728 ut
1645 675 1752 728 sint
1787 677 1836 726 iu
1870 682 2118 743 potenta-

538 761 709 827 tibus;
747 765 814 816 ad
843 765 987 833 quod
1017 767 1095 819 sic
1117 767 1412 834 respondm
1444 781 1456 816 :
1488 765 1610 819 Inde
1639 765 1738 819 hoc
1766 765 1924 834 pauci
1959 765 2122 818 haize-

534 868 680 918 mus,
713 856 958 926 quoniam
1005 857 1315 925 supervenit,
1345 856 1396 908 id
1437 865 1520 911 εει
1551 871 1616 909 ex
1645 858 1910 925 superiori
1944 860 2122 917 Patris

532 943 664 997 sede
714 945 892 998 veniet
940 945 1095 998 nobis
1150 946 1518 1010 mansuetudo,
1572 946 1622 999 id
1674 957 1751 1001 est
1801 949 1968 1005 Filius
2003 952 2118 1019 Dei,

531 1029 688 1099 cujus
717 1034 820 1087 fide
855 1036 1060 1088 venturi
1083 1033 1197 1102 jam
1234 1051 1422 1090 sumus
1466 1036 1518 1090 in
1565 1041 1935 1107 potentalibus
1964 1059 1978 1098 :
2019 1044 2119 1111 Qui

527 1138 632 1192 per
655 1126 952 1196 emphasim
995 1127 1197 1181 dicitur
1241 1131 1600 1184 mansuetudo
1633 1130 1830 1196 Patris,
1867 1150 1932 1188 eo
1977 1137 2118 1206 quod

529 1228 630 1282 per
651 1231 772 1269 cum
801 1216 952 1270 nobis
990 1216 1068 1269 ira
1100 1217 1194 1272 Dei
1230 1219 1598 1275 mansuefacta
1629 1232 1729 1277 est.
1767 1223 1842 1278 Ne
1880 1241 2010 1280 vero
2041 1229 2122 1282 in-

531 1303 858 1372 telligeretur
897 1307 1038 1375 quod
1095 1308 1167 1362 ita
1222 1319 1368 1364 εεειιι
1416 1309 1773 1368 mansuetudo
1825 1326 2029 1382 nostra,
2065 1327 2122 1372 ut

521 1408 813 1467 postquam
853 1399 1162 1457 advenisset
1202 1403 1509 1460 nullatenus
1554 1408 1782 1465 ulterius
1820 1413 2122 1481 corripere-

526 1508 670 1558 llllll',
700 1495 868 1558 addit,
893 1505 940 1549 et
983 1505 1162 1551 tamen
1205 1499 1566 1568 corripiemur,
1599 1501 1650 1555 id
1699 1513 1784 1556 est
1826 1506 2120 1576 castigabi-

525 1598 650 1636 mur
686 1584 1018 1640 mortalitate
1050 1595 1105 1641 et
1145 1587 1527 1658 possibilitate,
1551 1601 1833 1662 postquam
1867 1612 2120 1652 mansue-

525 1675 658 1730 tudo
680 1671 1046 1746 superveniet.
1076 1677 1132 1735 Si
1159 1695 1288 1735 vero
1313 1682 1428 1736 haec
1455 1686 1725 1738 sententia
1752 1686 1984 1757 legatur,
2018 1690 2119 1744 hoc

523 1769 670 1836 quod
719 1770 770 1824 in
807 1770 1072 1840 principio
1120 1773 1312 1843 psalmi
1360 1775 1580 1840 dicitur,
1631 1777 1852 1832 Domine
1887 1781 2114 1835 Verbum
2151 1758 2192 1812 Β

519 1859 766 1914 existens
814 1861 1076 1930 refugium
1120 1874 1173 1918 tu
1211 1863 1383 1933 factus
1407 1883 1477 1928 es,
1515 1867 1564 1919 id
1603 1877 1688 1921 est
1736 1880 1984 1923 creatura
2023 1871 2118 1927 lies

525 1949 592 2003 de
620 1948 781 2005 Patre
810 1953 892 2006 sic
914 1964 1255 2025 exponetur:
1289 1955 1514 2012 Domine
1548 1958 1728 2024 Pater,
1763 1970 1817 2014 tu
1861 1961 2034 2018 factus
2061 1981 2119 2020 es

527 2042 684 2096 nobis
714 2043 1008 2114 refugium,
1049 2046 1100 2100 id
1129 2055 1214 2102 est
1263 2050 1529 2104 securitas
1553 2051 1812 2105 evadendi
1856 2054 2114 2124 dejectio-

522 2149 672 2200 nem,
705 2134 758 2189 in
805 2150 969 2204 quam
1005 2137 1322 2194 devenimus
1365 2154 1464 2209 per
1503 2141 1695 2195 Adam.
1749 2142 1955 2198 Caetera
1989 2161 2118 2200 vero

525 2244 633 2283 non
677 2237 761 2284 εει
813 2233 1008 2285 mutari
1052 2246 1292 2288 necesse.
1340 2232 1650 2288 Secundum
1702 2251 1830 2291 vero
1881 2238 2115 2307 priorem

527 2321 854 2374 sententiam
916 2321 1107 2391 inqua
1139 2325 1492 2394 exposuimus
1540 2327 1656 2382 dies
1707 2343 1968 2382 auaui-uin
2018 2346 2112 2386 iso-

525 2421 764 2467 strorum
791 2413 841 2466 in
873 2413 1004 2484 ipsis
1040 2416 1379 2486 septuaginta
1426 2419 1583 2473 annis
1611 2421 1676 2473 ad
1703 2419 1962 2486 litteram,
1994 2438 2117 2478 vcr-

528 2515 623 2555 sus
656 2502 746 2572 qui
789 2503 1055 2573 sequitur,
1096 2504 1308 2560 scilicet
1345 2508 1592 2576 quoniam
1625 2511 1941 2578 supervenit,
1985 2519 2115 2575 etc.,

527 2593 610 2646 sic
649 2586 936 2662 exponitur
976 2611 989 2647 :
1025 2593 1153 2648 Dico
1180 2597 1322 2664 quod
1373 2596 1708 2652 defectibiles
1739 2598 1864 2654 facti
1907 2617 2115 2668 sumus,

527 2683 663 2737 adeo
683 2685 825 2754 quod
849 2685 1082 2756 aiuplius
1109 2687 1383 2756 octoginta
1407 2689 1692 2744 annis'non
1726 2691 1979 2758 vivimus,
2015 2694 2117 2749 nisi

499 2775 581 2857 riu
614 2773 802 2830 labore
829 2785 883 2830 et
911 2777 1115 2832 dolore.
1147 2778 1210 2832 Et
1242 2779 1343 2835 hoc
1390 2781 1530 2846 ideo,
1559 2782 1815 2850 quoniam
1851 2801 1915 2836 ne
1949 2785 2119 2842 simus

523 2867 691 2922 nimis
741 2867 958 2924 feroces
989 2880 1044 2925 ει
1082 2870 1314 2927 eli'rcnes
1345 2883 1534 2928 contra
1569 2876 1755 2939 Deum,
1807 2880 2119 2945 supervenit

527 2959 685 3016 nobis
734 2963 1116 3028 mansuetudo,
1161 2965 1213 3019 id
1243 2974 1326 3020 est
1367 2981 1432 3020 ex
1475 2969 1738 3037 superiori
1776 2971 1868 3025 Dei
1895 2973 2119 3040 disposi-

523 3053 674 3109 tione
711 3055 857 3109 venit
889 3057 939 3109 in
982 3073 1080 3110 nos
1103 3057 1360 3123 domatio,
1385 3075 1504 3127 qum
1529 3059 1657 3114 facit
1685 3077 1780 3117 nos
1804 3075 2118 3120 mansuetos

526 3158 656 3214 erga
681 3143 847 3198 Deum
881 3154 936 3200 et
975 3146 1228 3209 humiles,
1265 3149 1568 3200 mortalitas
1606 3151 1812 3206 scilicet
1859 3163 1912 3207 ct
1942 3155 2118 3224 passi-

527 3236 730 3290 bilitas.
757 3235 824 3289 Et
858 3251 955 3306 per
985 3253 1104 3292 eam
1140 3239 1506 3294 domationem
1541 3247 1970 3300 mansuetudinis
2000 3264 2118 3300 cor-

523 3325 800 3395 ripieumr,
835 3328 1073 3395 quandiu
1105 3327 1158 3380 in
1198 3328 1300 3382 hac
1337 3329 1441 3382 vita
1469 3330 1693 3395 erimus,
1729 3349 1795 3387 ne
1823 3334 1984 3388 nimis
2025 3337 2119 3389 ad-

525 3429 720 3470 versus
764 3416 932 3471 Deum
983 3417 1395 3472 insolescamus.
1439 3420 1482 3473 A
1518 3421 1872 3478 similitudine
1899 3423 2117 3481 cll‘rcnis

526 3508 674 3577 equi,
717 3507 810 3577 qui
859 3507 1086 3580 ﬂagellis
1115 3510 1431 3580 corripi-tur,
1471 3521 1528 3566 ut
1567 3523 1882 3570 mansuetus
1913 3514 2114 3572 cilicia-

527 3609 584 3655 tu
593 3614 638 3655 r.

601 3693 733 3748 Dico
754 3697 894 3765 quod
919 3697 1212 3767 supervenit
1253 3697 1408 3753 nobis
1440 3700 1786 3754 mansuetudo
1817 3717 1912 3771 per
1953 3717 2115 3771 quam

529 3787 914 3868 corripiantur,
961 3799 1010 3844 et
1039 3792 1425 3860 acori-ipiemur.
1472 3791 1534 3846 Et
1578 3793 1704 3848 licet
1732 3793 2052 3863 frequenter
2085 3811 2116 3850 ιι

525 3887 585 3933 ιε
633 3881 1010 3951 corripianmr,
1057 3891 1234 3938 tamen
1259 3885 1376 3955 quis
1403 3885 1681 3939 hominum
1720 3887 1861 3940 novit
1887 3899 2117 3957 potesta-

520 3979 629 4025 tem
655 3973 750 4026 irie
776 3984 900 4042 tum,
943 3975 994 4029 id
1035 3984 1118 4030 est
1169 3984 1442 4046 potentem
1474 3975 1636 4048 367
1668 3976 1962 4032 eﬂicaciam
2004 3979 2118 4032 vin-

523 4069 689 4126 dicta:
737 4079 841 4124 tua:
889 4086 1052 4142 quam
1107 4071 1159 4126 in
1207 4071 1364 4127 nobis
1409 4073 1682 4127 exerces?
1717 4082 1764 4126 et
1807 4073 1928 4143 quis
1968 4074 2117 4130 novit

523 4166 863 4220 dinumerare
905 4167 1041 4221 iram
1072 4177 1240 4231 luant,
1287 4165 1343 4220 id
1384 4173 1466 4220 cst
1505 4164 1960 4235 ninltiplicitatem
2007 4165 2117 4220 vin-

529 4256 688 4312 dictte
728 4266 855 4323 tuae,
900 4273 1032 4327 prce,
1060 4257 1112 4312 id
1144 4266 1229 4312 est
1255 4271 1353 4327 pro
1383 4256 1568 4310 timore
1613 4270 1725 4322 tuo,
1752 4255 1960 4311 scilicet
1986 4265 2038 4310 ut
2067 4265 2116 4310 te

531 4353 761 4407 timeant
818 4360 1067 4421 respectu
1120 4352 1372 4422 potentia:
1426 4362 1483 4404 et
1527 4350 1943 4420 multiplicitatis
1972 4350 2114 4404 illius

2227 501 2376 546 recte
2406 492 2705 564 intelligere
2728 496 2845 550 sine
2867 497 3005 549 bona
3035 497 3350 566 operatione
3367 536 3382 560 ,
3413 495 3492 549 fac
3513 497 3647 551 etiam
3673 519 3737 558 nos

2223 585 2455 637 eruditos
2485 585 2539 638 in
2589 586 2886 655 sapientia,
2934 588 2984 641 id
3031 599 3116 642 est
3161 588 3211 640 in
3262 588 3540 641 virtu-tibus
3564 600 3609 644 et
3630 593 3737 648 bonis

2223 676 2510 744 operibus,
2560 692 2679 744 qua:
2727 677 2996 747 sapientia
3031 680 3306 742 dicuntur,
3340 694 3404 732 eo
3433 682 3562 748 quod
3605 699 3655 735 ex
3679 701 3738 737 sa-

2223 767 2424 836 pientia
2454 768 2772 837 procedunt.
2797 769 2950 835 Quod
2981 771 3269 824 estdicere
3301 787 3312 822 :
3343 771 3414 824 Da
3453 773 3589 824 nobis
3612 776 3740 829 scies

2225 859 2354 911 tiam
2391 859 2528 913 bene
2550 861 2836 928 operandi,
2861 871 2916 914 ει
2942 863 3170 916 virtutes
3201 862 3554 931 amplexandi.
3577 863 3651 919 \‘tl
3669 869 3741 922 hoc

2223 950 2544 1003 admirative
2577 951 2680 1020 legi
2715 962 2930 1020 potest,
2965 955 3045 1006 sic
3077 971 3090 1005 :
3129 954 3259 1008 Dico
3279 954 3420 1022 quod
3445 958 3740 1023 corripientes,

2222 1049 2273 1094 ει
2303 1041 2624 1110 corripimur
2655 1057 2749 1111 per
2779 1044 2903 1097 vind
2928 1056 3073 1098 ctam
3124 1053 3295 1098 tuam.
3339 1045 3406 1098 Et
3451 1048 3556 1115 quis
3591 1057 3682 1110 est,
3705 1053 3742 1104 ιιι

2223 1147 2305 1192 εει
2335 1149 2574 1206 quantus
2605 1146 2657 1192 ει
2683 1154 2844 1207 quam
2879 1138 3004 1192 felix
3053 1149 3138 1193 est
3170 1139 3260 1193 ille
3293 1139 3384 1208 qui
3422 1141 3549 1193 norit
3572 1153 3742 1208 potesta-

2221 1237 2322 1283 tem
2370 1231 2464 1283 ira:
2496 1240 2628 1295 tum,
2669 1239 2726 1284 et
2757 1231 2846 1299 qui
2896 1233 3031 1284 norit
3082 1231 3216 1284 iram
3266 1241 3410 1284 tuam
3447 1233 3742 1299 dinumerare,

2220 1335 2330 1387 prce
2371 1320 2556 1373 timore
2578 1330 2701 1384 tuo,
2735 1319 2786 1374 id
2818 1329 2900 1374 εει
2924 1321 2989 1372 ad
3019 1320 3123 1375 hoc
3151 1330 3209 1374 ut
3245 1333 3296 1376 te
3331 1321 3548 1374 timeat?
3573 1323 3742 1392 Exposi-

2223 1408 2298 1461 tio
2346 1423 2450 1462 non
2501 1419 2762 1462 mutatur.
2790 1407 2924 1464 Orat
2953 1412 3114 1464 etiam
3152 1410 3274 1464 sic:
3319 1410 3446 1464 Dico
3473 1412 3580 1478 quis
3618 1416 3742 1472 norit,

2221 1509 2270 1552 et
2301 1498 2400 1552 ltoe
2425 1499 2640 1567 quidem
2680 1501 2833 1569 pauci
2866 1509 3128 1564 noscunt;
3165 1509 3219 1554 et
3247 1501 3374 1570 quia
3403 1515 3662 1569 paucorum
3687 1515 3744 1557 est

2221 1604 2449 1644 noscere
2469 1630 2482 1654 ,
2515 1600 2570 1644 ει
2601 1591 2786 1645 felices
2817 1601 2940 1646 sunt
2965 1593 3056 1662 qui
3097 1602 3364 1659 noscunt,
3393 1609 3517 1657 oro,
3546 1596 3742 1656 Domine.

2223 1681 2308 1749 [ac
2336 1682 2491 1736 nobis
2519 1693 2694 1735 notam
2730 1684 2780 1736 in
2834 1683 3018 1738 futuro
3062 1685 3362 1751 dexteram,
3397 1686 3447 1739 id
3473 1694 3549 1739 est
3589 1686 3748 1740 iniseri-

2219 1773 2458 1827 cordiam
2491 1782 2634 1826 tuam
2661 1815 2673 1836 ,
2703 1775 2781 1829 sic
2813 1785 2871 1829 ut
2894 1776 3044 1846 prius
3069 1791 3359 1832 noscamus
3393 1787 3666 1840 potestatem
3683 1782 3746 1832 ἔνι’

2221 1873 2359 1928 tuae,
2407 1873 2452 1916 et
2499 1864 2832 1918 dinumerare
2889 1867 3023 1920 iram
3089 1877 3236 1920 tuam
3303 1884 3415 1938 prie
3463 1869 3630 1922 timore
3667 1883 3744 1923 tua.

2220 1953 2334 2009 Nisi
2368 1956 2514 2008 enim
2542 1957 2857 2010 timeremus
2889 1958 2976 2011 hic
3006 1960 3189 2026 prius,
3222 1972 3330 2010 non
3361 1957 3542 2026 utique
3567 1959 3694 2012 nobis
3713 1963 3746 2012 in

2223 2048 2408 2101 futuro
2439 2048 2818 2101 misericordia
2871 2050 3270 2104 notificaretur.
3323 2049 3383 2102 Et
3420 2059 3476 2102 ut
3499 2050 3622 2102 iram
3652 2053 3748 2104 scin-

2223 2155 2342 2192 mus
2379 2139 2719 2193 dirtutnerare
2749 2155 2860 2209 pra:
2893 2141 3108 2204 timore,
3143 2141 3228 2209 [ac
3257 2157 3354 2194 nos
3380 2143 3598 2194 eruditos
3617 2142 3748 2203 corde,

2223 2232 2272 2285 id
2305 2240 2388 2285 est
2416 2230 2714 2285 intellectu.
2756 2231 2819 2284 Et
2845 2233 2970 2300 quia
3003 2232 3142 2286 bene
3191 2231 3496 2301 intelligere
3530 2248 3621 2284 non
3646 2234 3750 2285 Sulli-

2221 2331 2402 2385 ceret,
2435 2323 2520 2390 fut:
2544 2337 2642 2376 nos
2676 2323 2909 2376 eruditos
2933 2324 2988 2375 iu
3017 2322 3274 2394 sapientia
3303 2363 3318 2387 ,
3359 2324 3410 2376 id
3441 2332 3518 2374 est
3547 2322 3592 2374 in
3621 2324 3751 2375 \‘tl‘l't-

2226 2412 2370 2466 tibus
2399 2423 2455 2466 et
2485 2413 2640 2469 bonis
2676 2415 2947 2483 aperibus.
2983 2415 3112 2467 Dico
3133 2455 3145 2474 ,
3181 2424 3362 2467 notam
3398 2414 3483 2482 [ac
3510 2415 3750 2478 dexteram,

2219 2514 2276 2557 et
2302 2514 2361 2558 ut
2387 2512 2512 2558 nota
2544 2506 2637 2558 liat
2667 2516 2983 2572 convertere,
3017 2505 3267 2571 Domine,
3305 2507 3376 2560 ab
3408 2507 3482 2560 ira
3506 2507 3566 2559 ad
3592 2508 3752 2559 miscui-

2220 2597 2460 2652 cordiam
2493 2614 2785 2668 usquequo,
2814 2599 2971 2653 idest
2997 2613 3168 2668 usque
3195 2599 3248 2652 in
3282 2609 3540 2668 quantum
3569 2600 3650 2651 tibi
3669 2599 3752 2667 pla-

2221 2699 2326 2744 cet.
2361 2689 2594 2760 Exponit
2630 2691 2791 2760 igitur
2819 2691 2991 2759 ipsum
3023 2707 3294 2760 usquequo
3317 2732 3330 2755 ,
3361 2709 3482 2744 cum
3519 2693 3751 2763 adjungit:

2219 2793 2266 2836 et
2289 2823 2303 2846 ,
2337 2783 2389 2838 id
2419 2793 2501 2837 est
2529 2783 2736 2837 scilicet
2772 2792 2880 2837 esto
2904 2783 3282 2854 deprecabitis,
3315 2783 3365 2836 id
3399 2795 3480 2836 est
3521 2787 3753 2839 cxoralnfi,

2220 2890 2376 2943 super
2405 2891 2576 2928 servos
2599 2885 2715 2927 tuos
2735 2914 2748 2938 ,
2784 2875 2832 2927 id
2871 2885 2958 2927 est
2988 2877 3038 2928 in
3065 2877 3244 2928 εεινῖε
3287 2874 3415 2927 tuis.
3443 2875 3583 2939 Quod
3607 2885 3675 2928 est
3695 2877 3752 2952 ili-

2221 2979 2386 3020 ccre:
2443 2966 2508 3019 Et
2558 2966 2602 3021 si
2657 2983 2762 3022 nou
2809 2967 2892 3022 vis
2933 2967 3178 3024 ceuverti
3231 2971 3301 3022 ad
3355 2970 3749 3028 naisencordiani,

2146 3108 2190 3170 Ο
2223 3069 2483 3128 quantum
2518 3062 2583 3114 ad
2621 3061 2956 3128 perdendos;
2986 3070 3312 3113 convertere
3348 3070 3520 3112 tamen
3547 3072 3753 3126 quantum

2222 3151 2288 3204 ad
2320 3165 2414 3205 eos
2447 3152 2538 3220 qui
2572 3152 2665 3204 tibi
2719 3152 2960 3205 serviunt
2990 3160 3048 3205 ut
3078 3153 3158 3205 eis
3195 3153 3507 3207 miserearis
3535 3154 3646 3221 quia
3687 3152 3753 3202 ιιι-ἱ

2221 3244 2486 3298 serviunt.
2516 3244 2647 3299 Cum
2675 3245 2802 3298 dicit
2825 3261 2982 3314 super
3005 3261 3200 3311 servos,
3232 3246 3375 3299 idem
3399 3256 3478 3300 est
3504 3262 3565 3300 ac
3585 3248 3622 3300 si
3648 3247 3757 3298 dicc-

2221 3346 2305 3390 ret
2342 3353 2354 3389 :
2391 3337 2455 3391 Ut
2486 3353 2552 3390 ex
2579 3338 2846 3406 superiori
2890 3338 3246 3406 dispositirne
3281 3339 3384 3392 hoc
3420 3341 3694 3408 contingat,
3717 3350 3754 3388 nt

2219 3429 2392 3483 servis
2425 3429 2770 3483 misereatur.
2814 3422 3182 3498 Deprceabilis
3211 3431 3434 3499 proprie
3463 3431 3660 3496 dicitur,
3690 3430 3757 3498 qti

2220 3520 2350 3576 illud
2379 3521 2468 3574 dat
2488 3564 2502 3587 ,
2530 3523 2674 3590 quod
2704 3523 2771 3575 ab
2797 3537 2862 3575 eo
2893 3523 3138 3576 oratione
3176 3525 3503 3592 postulatur.

2292 3613 2550 3667 Enuntiat
2577 3628 2710 3683 ergo
2751 3614 3182 3668 miscricordiam
3216 3615 3455 3669 [inuam
3498 3628 3759 3683 quamam.

2217 3704 2326 3770 vit,
2358 3704 2425 3758 ad
2454 3705 2878 3759 consolationem
2905 3703 3164 3768 ﬁdelium,
3200 3706 3280 3760 sic
3309 3724 3323 3758 :
3352 3705 3508 3760 Oravi
3536 3718 3588 3760 ut
3616 3715 3760 3756 notua:

2219 3793 2390 3850 facias
2422 3796 2718 3860 der-teram,
2748 3795 2798 3850 id
2823 3806 2906 3850 εει
2927 3795 3366 3851 misericordiam
3400 3809 3560 3851 luam.
3591 3798 3644 3850 Et
3663 3811 3763 3850 vere.

2220 3888 2378 3943 nobis
2403 3887 2518 3958 ipsa
2555 3891 2632 3942 rei
2663 3889 2999 3957 expcrcntia
3043 3888 3439 3943 notiﬁc‘abitur.
3471 3889 3593 3942 Nam
3623 3891 3762 3958 rrp‘ai

2219 3997 2431 4044 sumus,
2461 3979 2512 4033 id
2539 3989 2623 4034 est
2651 3980 2978 4048 replebimur
3005 3981 3370 4034 misericordia
3403 3994 3492 4034 tua
3515 3998 3624 4051 qua:
3647 3997 3762 4032 mane

2219 4075 2499 4143 continget
2528 4073 2578 4127 in
2612 4083 2662 4126 te
2682 4114 2696 4138 ,
2726 4072 2960 4134 Christe,
2994 4071 3045 4126 id
3068 4082 3157 4128 est
3187 4075 3598 4129 resurrectionis
3626 4074 3756 4127 lactic-

2221 4166 2344 4220 fieio
2375 4182 2471 4236 per
2509 4167 2936 4220 misericordiam
2988 4177 3130 4218 tuatn
3165 4169 3325 4220 nobis
3361 4168 3622 4228 donando;
3653 4163 3763 4233 quod

2218 4259 2368 4329 prius
2398 4259 2450 4313 in
2480 4269 2531 4313 te
2559 4258 2840 4328 continget
2871 4258 2922 4312 in
2955 4273 3116 4312 mane
3163 4259 3340 4314 tertia:
3378 4260 3502 4314 diei.
3541 4258 3680 4326 Quod
3703 4265 3765 4308 est

2218 4352 2400 4407 dicere
2452 4368 2466 4406 :
2521 4349 2712 4404 Facies
2756 4363 2856 4403 nos
2905 4349 3339 4406 misericorditer
3389 4365 3659 4421 resurgere
3699 4349 3763 4402 dic

528 4445 830 4503 vindictae?
857 4445 1049 4500 Pauci.
1097 4444 1176 4499 Ae
1221 4444 1266 4498 si
1313 4445 1494 4498 dicat:
1525 4443 1763 4498 Tametsi
1799 4444 2013 4514 potenti
2061 4453 2116 4498 ει
2147 4459 2190 4518 υ
2219 4453 2408 4498 octava
2443 4443 2585 4497 sicut
2607 4442 2762 4510 prius
2789 4456 2950 4495 mane
2974 4442 3185 4511 primus
3213 4458 3485 4514 resurges,
3511 4435 3593 4498 die
3618 4458 3644 4496 a
3669 4457 3766 4510 pas-

529 4537 816 4609 mnltiplici
847 4536 1085 4592 vindicta
1123 4547 1212 4590 tua
1243 4536 1460 4591 assidue
1501 4537 1815 4606 puniamur,
1852 4539 2008 4606 pauci
2038 4546 2118 4592 ta-

531 4645 653 4685 men
681 4645 745 4685 ex
773 4629 928 4684 nobis
957 4629 1254 4699 potentiam
1292 4638 1346 4684 et
1381 4629 1836 4699 nniltiplicitatcm
1866 4630 2118 4685 vindictae

533 4732 638 4777 tute
666 4721 1094 4787 considerantes,
1146 4720 1286 4776 illi-ns
1330 4730 1574 4792 respectu
1627 4721 1816 4774 timent
1857 4731 1930 4786 te,
1976 4721 2117 4790 quod

529 4815 750 4884 quidem
797 4824 1090 4885 oporteret.
1132 4813 1244 4869 Hoc
1294 4815 1475 4884 itaque
1517 4814 1665 4884 ponit
1709 4813 1776 4868 ad
1827 4815 2122 4869 correctio.

532 4923 655 4963 nem
687 4923 794 4963 non
823 4907 1145 4974 timentium,
1175 4917 1232 4962 ut
1265 4912 1456 4964 titnerc
1494 4908 1725 4962 discant.

603 5003 738 5057 Orat
763 5001 927 5055 etiam
951 5017 1048 5071 pro
1081 5001 1424 5066 timentibus,
1465 5000 1543 5056 sic
1575 5017 1589 5054 :
1624 5001 1751 5055 Dico
1781 4999 1924 5070 quod
1959 5001 2116 5070 pauci

533 5110 723 5150 sumus
752 5094 842 5164 qui
876 5095 1146 5150 timemus.
1175 5093 1317 5165 Ergo
1342 5093 1446 5158 sic,
1486 5093 1682 5148 merito
1711 5093 1878 5162 ipsius
1907 5093 2119 5148 timoris

533 5203 694 5258 quem
726 5188 988 5244 habemus
1010 5229 1024 5254 ,
1057 5187 1144 5258 [ac
1187 5187 1343 5241 nobis
1375 5195 1553 5240 notam
1595 5185 1646 5240 in
1685 5185 1866 5238 futuro
1899 5200 1996 5254 pro
2043 5186 2118 5241 rei

535 5279 868 5351 experientia
916 5281 1190 5335 dexteram
1252 5289 1428 5344 tuam,
1479 5278 1530 5333 id
1576 5286 1658 5332 est
1697 5277 2117 5332 miscricordiam

535 5371 850 5427 salvationis
872 5381 996 5426 tute.
1021 5370 1174 5440 Quod
1212 5369 1532 5426 estdicere:
1561 5368 1700 5436 Quia
1731 5371 1817 5424 hic
1847 5380 1896 5424 lc
1924 5370 2118 5425 metui-

537 5477 688 5530 mus,
734 5465 800 5520 da
832 5465 987 5520 nobis
1033 5465 1086 5517 in
1137 5463 1318 5517 futuro
1353 5461 1711 5516 salvationcm
1735 5501 1748 5524 ,
1783 5473 1879 5529 per
1908 5461 2121 5516 miscri-

537 5558 776 5614 cordiam
810 5565 974 5610 tuam.
999 5555 1066 5609 Et
1092 5555 1216 5625 quia
1246 5553 1406 5608 aliter
1429 5553 1495 5608 ad
1525 5554 1662 5606 hanc
1691 5551 2116 5606 misericordiam

539 5650 822 5720 pervenire
855 5664 960 5703 non
987 5663 1298 5718 possemus,
1333 5647 1420 5701 hic
1461 5646 1678 5700 interim
1709 5643 1794 5700 fac
1817 5659 1914 5698 nos
1937 5645 2116 5698 erudi-

507 5755 513 5762 ‘
541 5759 619 5802 tos
654 5745 839 5811 corde,
873 5743 924 5798 id
955 5751 1037 5800 est
1067 5739 1342 5797 intellectu
1380 5741 1558 5798 cordis
1589 5737 1828 5806 scilicet;
1859 5742 1924 5793 da
1965 5736 2120 5794 nobis

2219 4536 2374 4592 sione
2421 4535 2605 4590 tertia.
2673 4533 2740 4587 Et
2803 4533 2982 4604 repleti
3044 4535 3454 4601 exsultavimus,
3497 4537 3545 4589 id
3591 4545 3662 4589 est
3695 4548 3767 4586 cx-

2220 4627 2542 4683 sultabimus
2591 4626 2645 4680 in
2691 4626 2941 4696 corporis
2998 4626 3319 4694 splendore;
3353 4636 3401 4680 et
3438 4627 3664 4680 delectati
3703 4641 3750 4675 sn

2219 4735 2368 4784 mus,
2401 4719 2454 4773 id
2503 4726 2586 4774 est
2630 4718 3023 4772 delectabimur
3073 4719 3125 4771 in
3167 4722 3368 4773 anima:
3413 4718 3764 4773 bet-relicuom.

2219 4811 2288 4866 Et
2318 4827 2422 4866 non
2451 4811 2668 4864 horarie
2690 4850 2706 4874 ,
2737 4811 2830 4865 sed
2865 4811 2918 4864 in
2945 4811 3187 4866 omnibus
3214 4811 3400 4865 diebus
3431 4813 3618 4866 nostris
3641 4819 3769 4862 reter-

2221 4906 2335 4970 nis,
2363 4905 2454 4974 qui
2486 4903 2667 4974 plures
2693 4903 2948 4958 dicuntur
2974 4912 3198 4972 prepter
3231 4903 3322 4958 diu
3348 4905 3650 4958 unitatem.
3675 4914 3769 4952 cuin

2221 5012 2360 5051 unus
2386 5007 2441 5051 et
2464 4996 2752 5066 contiguus
2783 4995 2910 5049 sint.
2949 4995 3014 5048 Et
3053 4995 3190 5050 bene
3237 4995 3492 5050 dicuntur
3518 4996 3702 5052 ttosi'ri,
3733 4993 3769 5041 id

2221 5098 2306 5145 est
2329 5090 2482 5143 nobis
2508 5087 2668 5142 utiles
2697 5097 2751 5143 et
2781 5087 3336 5157 necessarii.Repetit
3359 5096 3534 5142 autem
3550 5100 3662 5152 {aqu
3683 5082 3773 5152 pul-

2223 5183 2352 5239 lenti
2377 5197 2507 5238 voce
2529 5199 2654 5250 una,
2685 5181 2828 5251 quod
2861 5181 3019 5248 dixit,
3043 5181 3424 5235 exsultabimus
3460 5192 3503 5234 et
3533 5179 3571 5232 ά
3600 5175 3773 5232 lembi-

2222 5276 2438 5345 mur,:ut
2467 5275 2630 5329 addat
2657 5275 2737 5330 sic
2767 5293 2781 5328 :
2811 5273 2999 5328 Lwtati
3022 5289 3226 5338 sumus,
3254 5274 3496 5343 inquam,
3525 5274 3577 5326 id
3602 5279 3681 5326 est
3702 5269 3773 5320 la:-

2225 5371 2466 5423 tabimur
2495 5367 2546 5420 in
2576 5367 2758 5421 anima
2789 5375 2842 5421 et
2869 5368 2922 5420 in
2954 5380 3185 5434 corpore
3208 5408 3224 5432 ,
3253 5373 3310 5420 et
3347 5367 3448 5420 hoc
3473 5381 3568 5433 pra
3591 5363 3773 5417 diebus.

2223 5463 2275 5516 id
2301 5471 2385 5516 εει
2413 5462 2464 5514 in
2496 5460 2613 5514 loco
2643 5460 2852 5514 dierum
2885 5459 3230 5529 prtcsentiuin
3251 5500 3266 5523 ,
3299 5459 3352 5513 in
3374 5458 3559 5528 quibus
3587 5473 3681 5510 non
3699 5456 3775 5506 hn-

2223 5551 2470 5614 miliasti,
2507 5551 2557 5604 id
2585 5559 2666 5605 est
2695 5550 2966 5604 lnuniliari
2997 5551 3292 5618 promisisti
3318 5592 3333 5614 ,
3362 5551 3412 5603 in
3444 5547 3776 5602 anxietatibus

2225 5645 2578 5714 plurimarum
2610 5644 2944 5711 passionum.
2975 5641 3114 5708 Quia
3145 5657 3273 5697 vero
3300 5651 3575 5713 posuerat,
3602 5639 3777 5702 diebus,

2228 5751 2295 5791 ne
2325 5751 2513 5808 parum
2554 5735 2682 5805 quid
2709 5735 2912 5791 dixisse
2945 5736 3241 5802 videretur,
3278 5737 3442 5794 addit.
3471 5735 3579 5789 Pro
3619 5733 3773 5795 cunis,
