3840 6338
92 350 197 407 Ηὶὸ

1032 342 1390 399 EXPOSITIO
1426 340 1493 396 IN
1528 338 1863 396 PSALMOS.
1892 370 1962 379 —
1986 339 2180 396 PSAL.
2212 340 2321 397 XC.

3167 350 3306 410 “26

88 464 261 525 scilicet
288 458 595 522 lmtabimur,
625 456 678 511 in
701 455 888 527 quibus
916 457 1150 511 videmus
1177 459 1250 512 rei
1279 457 1611 526 experientia
1643 460 1687 515 Α
1716 454 2018 519 immorari,
2039 471 2160 510 eum
2186 456 2320 509 adeo
2349 462 2539 523 potens
2573 457 2643 511 sit
2666 460 2807 529 quod
2836 460 2976 520 Deus
2995 474 3079 520 est
3106 468 3305 525 civium

88 552 401 623 mala,368
429 551 478 604 id
508 559 591 604 est
626 558 988 618 congruentes
1037 549 1432 603 tribulationes.
1467 548 1619 614 Quod

89 656 153 702 est
188 645 352 698 dicere
379 655 394 694 ι
425 640 573 706 Quia'
607 640 693 693 hic
724 654 821 707 pro
855 639 962 693 Deo
1002 640 1434 708 persecutionem
1483 640 1624 709 pati-

89 751 202 798 nntr,
229 734 278 788 in
307 733 483 786 ﬁtturo
514 729 836 784 laetabimur.
869 729 1030 784 Juxta
1056 731 1190 784 illud
1239 732 1575 785 Dominicum
1605 749 1618 785 :

94 824 253 878 «Beati
275 822 360 894 qui
390 836 533 875 nunc
558 819 721 885 ﬂetis,
746 820 869 888 quia
901 820 1311 889 ridebitis(Luc.
1340 837 1423 886 Vl,
1450 822 1563 891 Ἣ).
1599 839 1618 873 ι

142 916 273 982 Quod
311 922 488 967 autem
519 912 766 981 superius
803 912 1043 966 breviter
1084 914 1287 975 oravit,
1340 914 1428 968 ubi
1457 915 1623 978 dixit,

90 1008 280 1062 eruditos
308 1005 460 1059 corde
496 1006 551 1057 in
581 1004 871 1069 sapientia,
918 1004 1007 1057 hic
1047 1005 1251 1057 orando
1300 1006 1525 1074 repetit,
1566 1014 1626 1058 nt

90 1097 278 1167 amplius
300 1096 470 1161 dicat,
497 1094 577 1148 sic
607 1111 621 1146 :
652 1093 782 1147 Dico
812 1094 953 1162 quod
1003 1094 1056 1147 in
1090 1092 1271 1148 futuro
1303 1095 1625 1149 laetabitnur.

92 1192 141 1245 Et
163 1199 214 1243 ut
235 1189 296 1242 ad
321 1189 458 1242 hanc
485 1187 725 1241 laetitiam
754 1187 1038 1255 pervenire
1069 1187 1341 1255 possimus
1372 1205 1383 1240 :
1415 1186 1629 1256 Respice

92 1281 433 1337 misericordia:
458 1287 707 1350 respectu
740 1280 793 1333 in
830 1295 1003 1333 servos
1034 1289 1150 1332 tuos
1172 1320 1186 1346 ,
1220 1280 1271 1333 id
1301 1289 1385 1334 est
1415 1280 1467 1332 in
1512 1280 1630 1333 illos

92 1374 160 1442 qui
185 1372 265 1426 tibi
288 1371 556 1436 serviunt,
586 1370 722 1425 alios
749 1370 848 1424 sibi
880 1370 1301 1438 incorporando,
1328 1370 1445 1423 etin
1476 1385 1631 1439 opera

95 1475 194 1529 tua,
218 1464 413 1518 scilicet
459 1463 511 1516 in
546 1478 640 1517 eos
672 1462 761 1531 qui
782 1502 795 1524 ,
829 1461 973 1530 quod
1006 1460 1132 1515 boni
1166 1472 1331 1525 sunt,
1378 1476 1476 1531 per
1504 1475 1633 1529 ope-

96 1556 314 1608 rationem
347 1553 736 1608 miserieordize
764 1561 869 1605 tuae.
904 1561 1049 1605 sunt.
1085 1551 1218 1605 Cum
1266 1551 1395 1605 dicit
1426 1567 1631 1615 servos,

97 1648 305 1702 meritum
338 1660 523 1700 eorum
557 1644 766 1708 innuit,
796 1657 919 1697 eum
949 1656 1075 1696 vero
1100 1658 1255 1710 opera
1295 1641 1387 1695 Dei
1418 1640 1633 1694 miseri-

97 1740 293 1794 cordiam
324 1752 338 1791 :
364 1739 437 1792 Ac
467 1737 514 1791 si
544 1737 751 1791 diceret
782 1753 795 1789 :
829 1736 894 1789 Et
922 1735 1043 1789 ideo
1070 1736 1121 1788 in
1148 1750 1241 1789 eos
1271 1735 1485 1803 respice,
1511 1732 1637 1803 quia

1723 560 2101 614 Super-norum.
2138 546 2280 599 Dicet
2331 555 2387 599 et
2428 547 2609 601 verbis
2652 559 2705 601 et
2752 554 3171 621 cogitationibus
3201 560 3309 614 Do-

1730 637 1895 699 mino,
1928 647 2199 704 susceptor
2228 653 2394 703 meus,
2425 648 2531 692 etc.
2556 638 2708 705 Quod
2734 643 3017 700 estdicere
3049 666 3061 701 :
3093 648 3308 705 Nullum

1725 726 1885 779 alium
1918 737 2335 794 perseveranter
2355 727 2575 796 adjuvat
2604 726 2743 785 Deus
2767 732 2830 784 ad
2855 731 2992 790 bene
3015 742 3309 808 agendum,

1726 834 1902 889 neque
1943 822 2177 890 protegit
2207 821 2257 873 in
2292 821 2616 886 virtutibus,
2662 839 2730 878 ne
2758 825 3003 891 deﬁciat,
3033 832 3133 885 nisi
3162 833 3308 886 illum

1727 909 1818 976 qui
1851 911 2034 962 omnia
2086 910 2221 962 lona
2254 926 2373 978 qua:
2423 910 2617 974 habet,
2653 928 2758 967 non
2804 916 2907 968 sibi
2939 918 3036 971 sed
3085 919 3313 974 Domino

1731 1000 2041 1064 ascribcns,
2071 1000 2205 1053 dicet
2245 999 2469 1053 Domino
2497 1017 2616 1055 cum
2664 1004 2958 1072 gratiarum
2987 1008 3199 1063 actione
3225 1027 3237 1061 :
3271 1008 3315 1064 Ο

1730 1089 1987 1155 Domine,
2023 1101 2074 1143 tu
2109 1106 2166 1143 es
2197 1101 2485 1159 susceptor,
2521 1093 2571 1146 id
2598 1105 2684 1146 est
2725 1104 2985 1162 patronus
3016 1115 3188 1163 meus,
3223 1101 3313 1169 qui

1733 1197 1819 1237 me
1867 1184 2105 1255 protegis
2153 1199 2219 1237 ne
2256 1184 2535 1251 deﬁciam;
2572 1196 2627 1241 et
2669 1187 2791 1241 talis
2835 1201 3103 1258 susceptor
3132 1193 3223 1260 qui
3258 1208 3319 1248 es

1734 1279 1992 1347 refugium
2017 1296 2208 1341 meum,
2230 1280 2377 1333 idest
2402 1282 2666 1334 securitas
2697 1298 2836 1345 mea,
2860 1294 2909 1336 ut
2938 1284 3186 1339 videlicet
3209 1302 3316 1340 non

1736 1368 1955 1421 timeam
1989 1377 2078 1421 tuo
2108 1359 2346 1423 coitﬁsus
2376 1372 2705 1439 patrocinio,
2734 1382 2786 1425 et
2812 1381 2862 1425 tn
2889 1388 2949 1426 es
2983 1374 3120 1427 Deus
3144 1391 3316 1439 mens,

1736 1459 1789 1513 id
1823 1471 1906 1514 est
1932 1471 2228 1524 recreator,
2263 1462 2353 1530 qni
2403 1477 2487 1515 me
2520 1477 2672 1517 creas
2720 1464 2772 1516 in
2803 1465 2941 1518 bona
2972 1468 3316 1535 operatione,

1736 1552 1942 1607 sellicct
1972 1554 2062 1621 qui
2097 1570 2180 1607 tne
2207 1554 2428 1624 adjuvas
2451 1557 2516 1609 ad
2549 1557 2685 1612 bene
2714 1561 3071 1627 Operandum.
3099 1561 3164 1615 lit
3189 1563 3314 1631 quia

1740 1659 1844 1696 non
1881 1642 2077 1697 suilieit
2111 1645 2211 1698 hoc
2248 1644 2428 1700 dicere
2471 1646 2729 1723 Domino,
2775 1650 2877 1702 nisi
2915 1650 3077 1703 etiam
3109 1661 3322 1723 satagat

1740 1731 1809 1786 de
1856 1734 2086 1802 proximi
2136 1734 2526 1799 instrnctione,
2558 1737 2701 1807 dicet
2738 1738 2902 1792 etiam
2951 1741 3211 1809 proximis
3252 1744 3322 1796 ad

100 1830 172 1884 tibi
202 1834 460 1894 serviunt,
491 1828 627 1884 alios
654 1828 988 1882 instruendo.
1023 1827 1090 1880 Et
1116 1827 1292 1881 adlmc
1342 1826 1461 1881 ideo
1491 1826 1635 1894 quod
1670 1830 1712 1885 B
1740 1824 2180 1880 instructionem.
2235 1826 2466 1895 Sperabo
2510 1830 2562 1882 in
2608 1845 2704 1895 eo,
2750 1831 2801 1884 id
2847 1840 2929 1885 est
2974 1848 3074 1903 ego
3123 1834 3322 1890 nullam

100 1923 215 1976 enim
240 1932 385 1987 sunt,
414 1921 736 1993 operatione
765 1932 853 1975 tua
885 1929 1031 1974 sunt.
1072 1920 1135 1973 Et
1169 1921 1333 1975 etiam
1364 1921 1531 1990 dirige
1566 1920 1634 1973 ad

101 2017 207 2071 bene
230 2017 551 2085 operantium
584 2015 751 2083 ﬁlios,
790 2016 842 2069 id
874 2023 956 2068 est
986 2028 1248 2083 sequaces
1289 2028 1490 2067 eorum.
1534 2013 1641 2067 Ex-

102 2108 217 2176 ponit
262 2109 435 2179 itaque
477 2109 752 2178 qumnodo
788 2109 955 2167 Deum
1001 2117 1121 2163 oret
1170 2108 1459 2176 respicere.
1513 2107 1641 2162 Dico

104 2199 285 2267 respice,
314 2210 359 2253 et
391 2200 489 2254 hoc
521 2200 684 2253 modo
738 2201 963 2268 respice,
1012 2209 1071 2253 ut
1100 2200 1166 2252 sit
1197 2199 1446 2268 splendor
1474 2200 1642 2254 virtu-

105 2302 188 2345 tum
213 2304 261 2347 et
283 2293 601 2348 innocentia:
649 2291 862 2345 Domini
913 2294 1076 2346 nostri
1103 2292 1227 2346 Jesu
1255 2293 1455 2347 Christi
1486 2309 1643 2361 super

105 2400 199 2449 uos,
228 2385 274 2439 id
301 2395 378 2439 est
405 2384 458 2439 in
504 2384 775 2454 superiori
805 2395 858 2439 et
885 2385 1116 2454 digniori
1160 2397 1315 2453 parte
1345 2386 1546 2448 nostri,
1589 2386 1639 2437 in

106 2475 246 2527 anima
271 2475 489 2529 scilicet.
526 2475 683 2540 Quod
717 2484 803 2529 est
832 2476 1011 2530 dicere
1043 2493 1054 2528 :
1094 2475 1420 2531 Fiatanima
1458 2486 1641 2530 nostra

106 2566 330 2635 particeps
354 2556 664 2637 splendoris
711 2564 829 2632 ejus
850 2607 864 2631 ,
896 2567 1215 2637 inquantum
1247 2578 1334 2621 est
1362 2568 1641 2636 possibile.

109 2656 157 2710 Et
194 2659 340 2728 dirige
384 2676 542 2729 super
587 2676 706 2725 uos,
747 2658 800 2713 id
835 2670 918 2714 est
961 2662 1028 2715 ad
1082 2672 1382 2729 respectum
1430 2674 1645 2716 :eternae

108 2748 225 2813 vitae,
250 2766 360 2818 qua:
384 2761 466 2805 est
490 2766 653 2821 super
683 2768 777 2805 nos
799 2791 813 2815 ,
838 2768 994 2819 opera
1024 2769 1275 2805 manuum
1307 2765 1605 2807 nostrarum
1624 2795 1639 2821 ,

111 2841 147 2893 id
169 2852 236 2896 est
258 2844 384 2898 bona
409 2859 578 2914 opera
615 2858 735 2913 qua:
765 2846 1085 2915 contingunt
1113 2861 1178 2898 ex
1212 2845 1365 2899 bonis
1406 2845 1645 2900 atiectio-

111 2933 233 2988 nibus
259 2936 470 3000 nostris,
494 2950 620 3004 qua:
641 2945 765 2989 sunt
797 2952 987 2989 manus
1016 2953 1111 3005 per
1141 2953 1273 3004 quas
1305 2937 1519 2989 aniums
1552 2952 1644 2990 co-

115 3025 289 3093 gitando
322 3038 601 3098 operatur.
641 3028 793 3094 Quod
820 3038 902 3082 est
938 3028 1120 3082 dicere
1153 3047 1165 3082 :
1199 3029 1307 3081 Fac
1342 3046 1439 3082 nos
1470 3030 1646 3083 facere

111 3129 234 3185 opera
258 3119 383 3173 bona
419 3131 672 3190 respectu
705 3117 966 3172 bonorum
1000 3134 1391 3187 supernorum,
1425 3134 1529 3171 non
1562 3133 1645 3172 re-

1743 1916 1796 1970 in
1842 1933 1930 1972 me
1978 1933 2127 1987 spem
2175 1919 2380 1982 habeo,
2429 1935 2462 1974 ο
2506 1922 2815 1988 auditores,
2851 1925 2943 1977 sed
2995 1926 3047 1978 in
3098 1926 3325 1980 Domino

1741 2026 1807 2064 eo
1852 2026 2013 2080 spero
2063 2020 2118 2064 et
2162 2012 2412 2081 sperabo,
2459 2011 2511 2065 id
2543 2023 2627 2067 est
2654 2029 2802 2083 spem
2835 2030 3061 2085 ponam,
3097 2016 3179 2071 vel
3206 2032 3328 2087 spe-

1742 2108 1897 2173 rabo,
1949 2123 2035 2163 me
2084 2107 2393 2176 relinquens
2449 2118 2503 2163 et
2566 2110 2618 2163 in
2677 2127 2800 2164 eum
2857 2113 3111 2175 tendens,
3162 2121 3221 2165 ut
3272 2112 3325 2166 in

1743 2212 1808 2253 eo
1839 2214 1988 2268 spem
2039 2214 2259 2267 ponam.
2312 2198 2592 2253 Sententia
2640 2201 2826 2254 eadem
2880 2212 2992 2265 est;
3022 2218 3144 2256 cum
3191 2202 3326 2256 dici-

1744 2306 1865 2344 mus
1892 2292 1944 2343 iu
1980 2307 2071 2353 eo,
2105 2292 2245 2344 etin
2286 2307 2423 2344 eum.
2466 2291 2596 2345 Dico
2646 2294 2789 2362 quod
2844 2295 2898 2345 in
2948 2310 3009 2347 eo
3059 2295 3277 2363 sperabo
3309 2312 3328 2349 :

1742 2381 1907 2453 369
1932 2392 1986 2435 et
2018 2382 2134 2444 hoc,
2168 2382 2374 2435 scilicet
2394 2382 2646 2449 sperabo.
2684 2382 2945 2447 Quoniam
2970 2384 3079 2452 ipse
3118 2385 3209 2452 qui
3233 2400 3331 2453 po-

1746 2485 1863 2528 tens
1887 2475 2060 2539 estad
2091 2490 2175 2527 me
2206 2473 2567 2536 liberandum,
2620 2473 2857 2527 liberabit
2904 2492 2985 2528 me
3031 2476 3095 2528 de
3146 2476 3332 2545 laqueo

1745 2570 2066 2631 venantium,
2110 2581 2175 2619 ne
2203 2566 2253 2618 in
2289 2582 2354 2619 eo
2383 2566 2589 2634 capiar.
2626 2566 2924 2620 Venator-es
2956 2582 3052 2635 per
3083 2568 3335 2622 similitu-

1746 2659 1926 2712 dinem
1991 2657 2254 2725 malignos
2307 2658 2528 2725 spiritus
2572 2666 2729 2709 vocat
2767 2674 2779 2708 :
2823 2658 2948 2725 quia
3016 2659 3157 2712 sicut
3204 2656 3335 2713 feris

1747 2753 1979 2806 incautis
1999 2752 2285 2805 venatores
2312 2750 2529 2818 laqueos
2562 2750 2811 2813 tendunt,
2850 2752 3045 2819 quibus
3072 2768 3163 2805 eas
3184 2753 3333 2805 deei-

1748 2843 1931 2911 piunt;
2000 2843 2069 2895 ita
2130 2842 2226 2910 ipsi
2255 2841 2500 2894 ﬁdelibus
2549 2840 2789 2910 laqueos,
2846 2842 3038 2910 quibus
3080 2857 3172 2896 eos
3221 2844 3334 2897 illa-

1716 2968 1719 2969 ν
1747 2945 1943 3002 queent
1974 2944 2303 3004 praeparant.
2340 2934 2593 3002 Laqueus
2621 2934 2787 3002 igitur
2816 2950 3002 2987 eorum
3033 2945 3115 2987 est
3144 2951 3335 2989 aurum

1747 3035 1800 3080 et
1831 3036 2140 3095 argentum,
2196 3035 2326 3092 etc.,
2375 3043 2494 3095 qtae
2526 3037 2750 3094 possunt
2779 3041 2896 3079 esse
2924 3028 3149 3080 materia
3215 3043 3336 3096 pcc«

1751 3116 1928 3178 condi,
1958 3127 2009 3169 ct
2043 3117 2261 3184 insuper
2285 3116 2434 3169 vitia.
2471 3115 2533 3168 Et
2565 3116 2813 3169 liberabit
2843 3131 2928 3169 me
2963 3135 2993 3170 a
3025 3117 3173 3179 perbo
3188 3134 3335 3186 aspe-

113 3217 259 3275 specto
280 3209 468 3265 favoris
493 3210 881 3265 hominum.Et
899 3210 1064 3279 dirige
1091 3212 1140 3262 in
1165 3210 1641 3278 perseverantiam,
1675 3180 1718 3237 C
1754 3223 1829 3268 ro,
1866 3220 1933 3260 ne
1969 3206 2097 3258 mihi
2152 3205 2459 3274 przevaleat,
2493 3205 2542 3258 id
2567 3214 2648 3259 est
2671 3205 2739 3257 ab
2759 3206 2966 3259 occulta
2995 3196 3353 3275 suggestione.

114 3299 238 3356 idest
261 3318 601 3373 perseverare
632 3303 715 3357 fac
752 3319 880 3371 opus
911 3319 1163 3355 manuum
1211 3312 1545 3366 nostrarum,
1593 3303 1645 3355 id

114 3403 176 3448 est
193 3396 313 3451 bona
339 3414 496 3468 opera
538 3396 885 3451 allectionum
930 3406 1277 3460 nostrarum,
1316 3409 1437 3462 qua:
1463 3394 1648 3463 singu-

116 3485 263 3541 lariter
287 3504 411 3559 opus
438 3492 699 3545 dicuntur
724 3504 790 3543 eo
817 3490 960 3559 quod
980 3530 995 3553 ,
1020 3504 1140 3543 cmn
1182 3488 1451 3541 eharitate
1479 3486 1643 3553 facta,

116 3590 194 3635 non
220 3581 466 3639 discordia
496 3592 660 3646 sunt,
697 3582 790 3636 sed
822 3598 926 3635 una
953 3596 1156 3635 massa.

562 3673 629 3728 ΙΝ
671 3672 1001 3727 PSALMUM
1043 3672 1154 3727 XC.

168 3764 347 3823 Titulus
376 3767 739 3837 nonagesitni.
778 3765 915 3819 Laus
945 3765 1137 3818 cantici
1166 3763 1359 3818 David.
1388 3762 1541 3831 Quod
1572 3764 1652 3818 sic

115 3859 352 3924 exponitur
379 3879 390 3913 :
422 3858 675 3913 Psalmus
718 3858 817 3911 iste
862 3864 945 3909 est
972 3856 1088 3908 laus
1109 3897 1124 3920 ,
1157 3855 1208 3908 id
1236 3864 1319 3909 est
1345 3855 1408 3907 ad
1437 3854 1649 3908 laudem

117 3943 185 4000 Dei
208 3952 553 4020 compositus;
590 3958 644 4003 et
674 3957 755 4003 est
787 3947 903 4001 laus
932 3946 1155 4010 cantici,
1201 3945 1252 3998 id
1296 3955 1377 3999 est
1421 3943 1537 4000 laus
1567 3943 1653 4013 jo-

117 4039 359 4096 cundilatis
379 4083 394 4108 ,
426 4044 477 4097 id
507 4050 594 4097 est
626 4040 740 4093 laus
761 4038 1029 4109 iocunda:
1062 4046 1115 4090 et
1147 4046 1230 4091 est
1271 4035 1389 4090 laus
1420 4035 1520 4090 ista
1553 4036 1655 4089 Da-

118 4128 206 4195 rid,
248 4133 291 4187 id
331 4145 411 4190 est
452 4136 717 4206 cujusque
748 4132 947 4197 ﬁdelis,
981 4131 1071 4200 qui
1113 4131 1166 4184 in
1220 4131 1323 4185 hoc
1373 4130 1584 4199 psalmo
1622 4147 1652 4185 a

121 4217 339 4292 Propheta
364 4228 658 4282 inducitur.
688 4225 956 4295 Propheta
998 4223 1143 4278 enim
1192 4224 1244 4277 in
1294 4223 1470 4292 primo
1496 4238 1653 4278 versu

120 4315 299 4384 psalmi,
336 4322 384 4376 in
431 4336 664 4393 persona
704 4335 801 4375 sua
850 4333 1046 4390 agens,
1097 4319 1382 4373 ostendere
1429 4318 1657 4372 intendit

120 4408 212 4473 quis
232 4411 293 4465 sit
313 4413 567 4469 dicendus
590 4428 710 4468 esse
733 4411 982 4466 habitans
1003 4412 1056 4464 in
1079 4410 1346 4480 adjutorio
1374 4410 1651 4476 A’tissimi,

1747 3313 1865 3365 qua:
1892 3297 2112 3351 verbum
2146 3312 2396 3365 asperum
2431 3296 2649 3359 dicitur,
2667 3311 2731 3348 eo
2757 3298 2899 3364 quod
2931 3298 3198 3365 inquietat
3218 3297 3338 3350 ani-

1749 3404 1915 3453 mum,
1947 3405 1976 3442 a
2000 3390 2353 3443 similitmline
2380 3389 2557 3458 asperi
2584 3389 2754 3453 verbi,
2792 3389 2872 3443 vel
2904 3409 2935 3443 α
2975 3391 3123 3445 verbo
3155 3406 3339 3460 aspero

1751 3481 2127 3536 haereticorum
2155 3491 2207 3535 et
2249 3481 2563 3547 inﬁdelium,
2608 3498 2673 3535 ne
2704 3498 2802 3552 pro
2846 3499 3033 3537 eorum
3082 3485 3341 3540 conviciis

1750 3575 2103 3645 asperrimis,
2154 3590 2183 3628 a
2232 3584 2381 3629 recto
2428 3576 2705 3645 proposito
2737 3575 2859 3629 ﬁdei
2914 3591 3045 3630 mea:
3074 3578 3340 3631 deﬁciam.

1752 3669 1881 3723 Dico
1910 3670 2051 3738 quod
2082 3669 2214 3721 dicet
2240 3668 2460 3722 Domino
2487 3683 2503 3720 :
2527 3668 2815 3738 Susceptor
2843 3686 3016 3735 meus,
3049 3679 3174 3734 etc.,
3195 3671 3343 3724 ctdi-

1752 3774 1837 3815 cet
1869 3762 2127 3831 proximis
2154 3775 2168 3815 :
2193 3759 2422 3830 Sperabo
2452 3764 2504 3816 in
2547 3775 2630 3827 eo,
2657 3773 2788 3829 etc.,
2817 3774 2871 3817 et
2895 3763 3011 3818 lure
3036 3766 3198 3820 etiam
3226 3781 3345 3835 quae

1755 3865 2075 3923 sequuntur,
2138 3854 2284 3909 dicet
2345 3855 2446 3909 sibi
2484 3854 2581 3924 ipsi
2621 3855 2687 3908 ad
2739 3856 3148 3922 exultationem,
3199 3868 3254 3911 et
3279 3860 3345 3913 ad

1755 3945 2019 4016 agendum
2052 3945 2160 3998 Deo
2185 3945 2479 4014 gratiarum
2506 3946 2798 4011 actionem.
2829 3944 2873 4000 0
2906 3955 2959 4000 tu
2994 3947 3176 4001 anima
3201 3961 3342 4009 mea,

1756 4055 1905 4109 spem
1948 4038 2160 4093 ﬁrmam
2192 4038 2328 4093 habe
2358 4039 2409 4092 in
2438 4039 2688 4095 Domino.
2717 4039 2847 4093 Nam
2885 4039 2977 4093 tibi
3005 4038 3113 4106 jam
3144 4040 3341 4093 delatze

1756 4134 1822 4185 ad
1854 4131 2039 4185 caulas
2071 4130 2216 4195 ﬁdei,
2243 4131 2475 4199 scapulis
2522 4133 2655 4195 suis,
2705 4131 2756 4185 id
2798 4141 2878 4184 est
2907 4146 3006 4200 per
3041 4130 3343 4184 doctrinam

1758 4226 2198 4296 praedicatorum,
2228 4226 2319 4294 qui
2352 4225 2446 4279 Dei
2498 4226 2732 4295 scapttlm
2784 4228 3059 4286 dicuntur.
3108 4241 3172 4280 eo
3201 4227 3346 4294 quod

1758 4334 1945 4373 eorum
1975 4319 2221 4373 doctrina
2256 4332 2382 4371 ores
2409 4318 2665 4387 perditas,
2702 4317 2907 4371 scilicet
2931 4318 3180 4371 homines
3197 4318 3345 4373 Deus

1760 4412 1825 4465 ad
1862 4410 1985 4464 lidei
2020 4411 2181 4474 viam,
2211 4418 2265 4462 et
2290 4409 2353 4461 ad
2388 4410 2617 4477 paradisi
2648 4409 2787 4462 ovile
2815 4418 3072 4477 reportat,
3112 4424 3221 4480 quo
3245 4423 3347 4478 per

121 4508 155 4550 et
188 4501 231 4555 in
252 4516 562 4573 protectione
590 4505 687 4560 Dei
726 4504 859 4559 cazli.
904 4504 1076 4570 Quem
1126 4503 1520 4557 inhabitantem
1557 4517 1652 4570 per
1687 4529 1732 4586 ι)
1759 4520 1817 4559 sc
1842 4505 2017 4559 redire
2049 4511 2324 4572 nequeunt
2355 4519 2367 4555 :
2402 4503 2541 4556 sicut
2563 4511 2748 4572 pastor
2766 4518 2921 4557 ovem
2952 4519 3112 4573 quam
3164 4504 3344 4573 perdi-

124 4594 317 4661 reltquos
342 4613 529 4653 versus
566 4596 760 4667 psalmi
806 4595 1013 4651 inducit
1047 4604 1326 4665 agentem,
1357 4603 1411 4648 et
1441 4593 1509 4647 ad
1550 4593 1658 4647 lau-

122 4679 214 4736 dem
240 4685 320 4741 Dei
351 4688 607 4744 beneﬁcia
636 4704 668 4742 a
702 4688 812 4743 Dea
842 4686 1124 4752 donanda,
1160 4702 1264 4740 non
1295 4685 1395 4740 sibi
1431 4686 1524 4740 sed
1555 4685 1658 4739 Do~

124 4770 237 4828 mino
273 4779 660 4844 ascribentem;
693 4786 748 4833 et
794 4777 958 4832 etiam
994 4778 1106 4847 ipsa
1144 4777 1403 4832 beneﬁcia
1455 4777 1522 4830 ad
1565 4791 1658 4831 ex-

125 4858 434 4925 hortationem
464 4887 618 4925 suam
647 4878 1023 4925 enarrantem.
1054 4867 1118 4921 Et
1148 4881 1245 4937 per
1273 4868 1374 4922 hoc
1406 4866 1542 4922 alios
1579 4871 1657 4921 in-

124 4957 281 5024 struit,
327 4962 582 5032 quidquid
618 4962 745 5017 boni
795 4960 995 5015 habent
1043 4958 1095 5012 in
1151 4959 1433 5012 Dominum
1477 4959 1656 5013 refun-

126 5044 312 5105 dcndutn
353 5069 505 5120 esse,
555 5063 615 5109 ut
655 5063 712 5107 et
762 5052 951 5108 eadem
1007 5051 1108 5122 ipsi
1154 5050 1421 5106 beneﬁcia
1469 5065 1659 5107 conse-

125 5149 336 5202 quantur.

181 5229 265 5296 Qui
287 5236 476 5292 habitat
518 5237 575 5293 in
608 5237 877 5309 adjutorio
908 5236 1196 5301 Altissinti,
1243 5236 1294 5290 id
1330 5244 1413 5291 est
1452 5236 1539 5291 ille
1568 5237 1657 5306 qui

129 5332 208 5374 non
232 5335 306 5381 est
333 5328 608 5397 horarius,
633 5333 729 5386 sed
754 5330 1034 5391 habitans,
1063 5327 1114 5382 id
1139 5336 1221 5383 est
1245 5327 1485 5397 perfecte
1507 5343 1657 5383 com-

130 5426 309 5474 morans
340 5422 393 5475 in
440 5423 708 5494 adjutorio
736 5422 862 5488 Dei;
893 5424 946 5477 in
977 5421 1131 5491 cujus
1161 5421 1430 5490 adjutorio
1459 5421 1658 5475 bonum

130 5516 195 5560 est
211 5510 461 5571 immorari
485 5557 501 5581 ,
527 5531 644 5571 cum
670 5516 783 5586 ipse
815 5516 886 5570 sit
922 5514 1262 5579 Altissimus,
1289 5514 1446 5569 idest
1475 5512 1662 5568 Omni-

131 5604 318 5667 Potens;
357 5615 409 5660 et
448 5604 539 5661 ille
565 5607 656 5677 qui
682 5606 1069 5671 immorabitur,
1112 5606 1163 5660 id
1198 5613 1281 5661 est
1314 5621 1661 5676 perseveran-

135 5691 199 5740 let'
228 5690 472 5753 habitabit
498 5698 552 5751 in
573 5699 889 5765 protectioue
922 5698 1019 5752 Dei
1055 5697 1200 5764 caeli,
1246 5698 1298 5753 id
1327 5708 1409 5753 est
1437 5699 1529 5753 Dei
1554 5713 1663 5754 ea:-

136 5774 312 5840 lestium
354 5790 665 5860 spirituum;
711 5793 763 5847 in
805 5792 957 5864 cujus
988 5791 1325 5862 protectione
1358 5799 1532 5848 tutmn
1578 5802 1661 5849 est

1759 4598 1913 4651 derat
1948 4598 2244 4661 inventam,
2280 4611 2400 4664 quze
2431 4610 2540 4664 prie
2568 4596 2647 4650 sui
2683 4594 2962 4651 debilitate
3000 4598 3079 4651 ire
3110 4613 3214 4651 non
3251 4610 3334 4667 po-

1760 4699 1882 4751 test,
1908 4690 1972 4742 ad
2004 4689 2187 4743 caulas
2211 4688 2369 4744 ovilis
2400 4689 2501 4759 piis
2530 4690 2766 4743 humeris
2792 4699 3028 4759 reportat
3066 4690 3217 4756 (Luc.
3254 4708 3347 4755 xv,

1759 4781 1836 4851 5),
1866 4782 2215 4847 obumbrabit,
2247 4781 2298 4841 id
2320 4791 2400 4836 est
2428 4782 2896 4837 obumbrationem
2929 4782 3201 4854 refrigerii
3237 4800 3349 4838 sua:

1761 4874 2113 4943 protectiouis
2161 4873 2331 4928 dabit.
2373 4873 2523 4940 Quod
2548 4883 2631 4927 est
2669 4872 2852 4929 dicere
2910 4891 2923 4928 :
2987 4874 3348 4945 llcfrigcrabit

1763 4978 1813 5020 te
1839 4966 2174 5035 protectione
2203 4981 2297 5020 sua
2331 4965 2396 5020 ab
2437 4966 2722 5020 incentivis
2766 4967 3044 5031 vitiorum,
3081 4982 3146 5021 ne
3178 4966 3350 5019 nimio

1760 5068 1894 5114 testu
1922 5074 2111 5113 eorum
2140 5057 2378 5112 deﬁt-ias.
2412 5057 2563 5125 Quod
2588 5060 2969 5130 prtesignatum
2992 5069 3075 5114 est
3099 5073 3193 5128 per
3212 5056 3350 5111 lilios

1761 5154 1946 5218 Israel,
1976 5154 2067 5223 qui
2101 5168 2197 5223 per
2226 5153 2500 5209 desertum
2534 5154 2868 5218 incedentes,
2902 5156 3043 5209 nube
3058 5152 3350 5207 obumbra-

1762 5247 1961 5300 banlur
1986 5261 2051 5299 ne
2072 5246 2140 5300 ab
2166 5254 2297 5299 aestu
2332 5246 2499 5300 nimio
2536 5245 2879 5300 Lederentur.
2910 5246 2974 5300 Et
2988 5255 3070 5299 est
3088 5245 3289 5299 dictum
3319 5260 3350 5298 a

1763 5339 2113 5395 similitudine
2136 5338 2344 5392 strenui
2369 5338 2543 5403 ducis,
2570 5340 2659 5407 qui
2687 5338 2949 5392 militibus
2970 5338 3081 5391 suis
3102 5336 3352 5408 pmlian-

1767 5431 1911 5485 tibus
1944 5427 2191 5483 umbram
2217 5427 2465 5496 providet
2490 5442 2589 5491 ,ne
2616 5435 2834 5497 prapter
2866 5424 3349 5480 aestumdelieiant.

1836 5518 1965 5573 Dico
1995 5518 2138 5588 quod
2173 5516 2267 5571 tibi
2290 5516 2759 5571 obumbrationem
2790 5515 2951 5570 faciet
2979 5524 3034 5570 et
3066 5524 3122 5570 tu
3174 5514 3350 5585 posita

1763 5604 1858 5659 sub
1893 5606 2075 5675 pennis
2111 5603 2247 5672 ejus,
2303 5600 2352 5655 id
2404 5608 2489 5655 est
2532 5602 2633 5657 sub
2676 5600 2956 5671 refrigerio
3000 5602 3352 5671 protectiouis

1765 5696 1882 5767 ejus
1908 5696 2157 5767 sperabis.
2222 5693 2418 5747 Penna‘.
2455 5707 2550 5763 per
2585 5692 2989 5748 similitudinem
3024 5708 3120 5764 pro
3171 5699 3352 5763 prote-

1765 5792 1943 5848 ctione
1967 5796 2260 5860 ponuntur,
2289 5798 2353 5842 eo
2380 5785 2522 5855 quod
2555 5785 2786 5842 volucris
2811 5784 2983 5856 pullos
3005 5800 3132 5842 suos
3156 5782 3352 5857 pennis
