3840 6338
546 330 684 389 Hi7

1116 319 1174 377 S.
1218 315 1563 375 BRUNONIS
1596 315 2239 373 CARTIIUSIANORUM
2279 313 2762 370 INSTITUTORIS
2792 316 2940 372 OPP.
2982 316 3158 373 PARS
3196 318 3229 372 l.

3609 330 3710 388 "28

545 463 575 501 θ
607 440 889 513 rapacibus
928 436 1121 491 avibus
1175 434 1427 502 protegit,
1470 442 1524 485 et
1573 433 1640 486 ab
1666 443 1796 486 testu
1829 430 2127 501 refrigerat.
2159 435 2205 491 Α
2232 432 2326 483 tris
2354 432 2479 493 tuis,
2509 431 2634 499 quia
2667 431 2819 500 ponit
2840 432 3076 497 dextris,
3105 434 3244 489 unde
3278 434 3405 493 solet
3450 447 3712 513 prosperus;

546 535 675 587 Dico
697 530 838 601 quod
859 527 1114 596 sperabis,
1142 534 1197 578 ct
1232 536 1357 577 ecce
1388 523 1514 592 quid
1562 522 1809 591 sperabis
1841 536 1854 574 :
1884 521 1992 575 Hoc
2025 524 2130 577 sci-

545 625 671 679 licet
701 620 932 690 sperabis
959 622 1102 687 quod
1134 626 1282 669 scuto
1307 613 1676 676 circumdabit,
1709 612 1860 666 idest
1898 613 2132 666 circum-

545 727 759 784 quaque
783 710 987 765 muniet
1018 718 1067 761 te
1097 708 1307 769 veritus,
1340 706 1388 759 id
1419 714 1502 758 est
1549 720 1674 759 vera
1729 705 1858 759 fides
1880 704 2013 774 ejus.
2057 706 2132 758 Ac

544 808 590 862 si
629 808 829 859 dicat:
875 802 1008 857 Cum
1071 798 1305 853 haeretici
1361 798 1601 851 nitentur
1659 807 1709 851 te
1764 798 1829 850 ad
1887 809 2129 851 errorem

546 913 704 952 suurn
732 895 949 949 flectere
975 892 1086 946 suis
1110 890 1259 944 falsis
1290 888 1851 958 argumentationibus
1872 928 1887 952 ,
1932 887 2132 941 veritas

550 990 672 1043 fidei
697 986 814 1055 ejus
845 983 1132 1040 immobilis
1154 983 1394 1036 existens
1420 981 1473 1035 in
1513 991 1582 1046 te,
1613 980 2029 1035 circummuniel
2059 989 2130 1042 Ic,

549 1082 600 1134 id
650 1090 734 1134 est
786 1088 972 1133 contra
1026 1090 1215 1129 omnes
1267 1074 1501 1127 hmrescs
1560 1073 1766 1126 tnuuiet
1826 1083 1877 1126 te
1932 1081 2131 1136 scuto,

547 1170 695 1225 idest
722 1169 1054 1238 protectiooc
1085 1164 1656 1234 iurincibili,qumerit
1685 1164 1778 1217 tibi
1808 1174 1863 1217 ut
1899 1175 2131 1230 scutum,

548 1261 599 1314 izl
627 1269 709 1314 est
737 1259 981 1329 rejicicns
1011 1256 1264 1311 tihiomni
1297 1255 1399 1309 tela
1422 1270 1708 1324 pravarum
1724 1254 2133 1325 cogitationum,

547 1367 666 1420 qua:
696 1366 724 1402 ιι
753 1347 965 1402 diabolo
995 1347 1380 1401 immittuntur.
1421 1344 1487 1398 Et
1530 1330 1659 1414 quia
1697 1343 2040 1397 circumdabit
2088 1354 2136 1397 te

544 1442 732 1496 veritas
761 1440 898 1509 ejus,
927 1455 1029 1492 non
1057 1438 1279 1502 timebis,
1314 1437 1363 1490 id
1391 1445 1475 1490 est
1504 1451 1609 1490 non
1664 1434 1935 1504 oportebit
1983 1442 2035 1488 te
2072 1433 2137 1487 ti-

547 1546 753 1587 morem
776 1530 977 1586 habere
1000 1529 1088 1595 qui
1119 1529 1398 1598 contingat
1416 1546 1446 1581 a
1472 1538 1722 1580 nocturno
1747 1525 1950 1589 timore,
1978 1525 2029 1579 id
2056 1535 2138 1580 est

547 1640 577 1677 a
613 1623 800 1677 fraude
829 1623 1366 1689 ba:retieorum,qua:
1396 1620 1555 1672 timor
1583 1619 1779 1672 dicitur
1805 1619 2132 1688 emphaticc,

544 1731 612 1770 eo
639 1716 780 1785 quod
822 1716 1068 1769 timorem
1107 1713 1320 1776 incutit,
1379 1720 1431 1767 et
1505 1721 1829 1766 nocturmnn
1861 1753 1874 1776 ,
1904 1728 1968 1766 eo
1996 1713 2136 1780 qtttul

544 1809 777 1862 obscura
806 1816 906 1861 est.
936 1807 980 1859 A
1001 1805 1354 1859 similitudine
1380 1804 1579 1867 noctis,
1611 1814 1663 1857 et
1688 1804 1862 1857 latens
1885 1812 1939 1858 et
1972 1805 2131 1857 deee-
2170 1784 2210 1837 Β

549 1900 750 1969 ptoria,
779 1914 901 1952 cum
929 1898 1175 1968 qua-dant
1207 1912 1330 1950 vera
1362 1897 1475 1950 suis
1533 1896 1684 1951 falsis
1713 1897 2136 1967 argumentatio-

551 1992 715 2046 nibus
747 1991 1107 2053 admisceant,
1132 2000 1190 2044 ut
1212 1990 1370 2043 citius
1408 1989 1614 2042 fallant.
1637 1988 1786 2055 Quod
1810 1988 2083 2043 estdicere
2116 2004 2130 2042 :

550 2081 668 2136 Non
692 2081 965 2151 oportebit
992 2081 1311 2135 tetimorem
1346 2080 1564 2146 habere,
1597 2090 1705 2133 uta
1732 2081 1919 2134 latenti
1948 2080 2135 2134 fraude

551 2175 929 2229 luereticorum
967 2172 1271 2241 decipiaris.
1307 2173 1372 2226 Et
1396 2188 1498 2226 non
1530 2173 1732 2226 timebis
1770 2190 1800 2224 a
1825 2173 2015 2241 sagitta
2054 2190 2136 2227 vo-

551 2266 694 2321 lante
748 2267 802 2319 in
827 2266 934 2328 die,
978 2266 1029 2318 id
1056 2276 1136 2319 est
1164 2266 1231 2319 ab
1271 2265 1457 2319 eadem
1516 2263 1705 2319 fraude
1734 2266 2134 2330 haereticorum,

551 2374 672 2428 qua:
704 2366 849 2412 recte
875 2358 1067 2427 sagitta
1092 2356 1309 2420 dicitur,
1344 2371 1409 2409 eo
1446 2356 1588 2423 quod
1631 2354 1862 2409 latenter
1893 2354 2136 2410 vulneret

556 2450 623 2504 ad
656 2449 871 2503 modum
900 2449 1132 2518 sagittm,
1158 2459 1211 2501 et
1241 2463 1359 2517 qua:
1383 2448 1524 2499 volat
1552 2447 1605 2500 in
1638 2447 1742 2509 die,
1778 2447 1826 2499 id
1857 2456 1936 2502 est
1967 2446 2137 2500 subli-

560 2541 803 2595 mabitur
832 2540 885 2594 in
913 2538 1176 2608 sapientia
1195 2538 1586 2605 humana,qure
1610 2537 2035 2599 videturdics,id
2057 2546 2140 2592 est

560 2632 710 2687 clara
742 2639 798 2684 et
826 2630 1140 2700 splendida,
1171 2629 1238 2682 ad
1289 2629 1503 2682 modum
1528 2627 1656 2681 diei.
1692 2626 1757 2681 Et
1784 2628 1907 2696 quia
1933 2627 2138 2682 dixerat

548 2740 678 2778 eam
703 2724 887 2778 volare
915 2723 969 2775 in
1020 2721 1122 2787 die,
1157 2720 1282 2790 quia
1330 2720 1446 2774 dies
1477 2720 1529 2773 in
1554 2718 1692 2773 bona
1748 2719 2140 2790 significatione

558 2811 731 2882 accipi
761 2809 920 2870 solet,
953 2808 1101 2861 addit
1126 2818 1149 2860 ':
1196 2818 1240 2862 et
1273 2825 1375 2861 non
1400 2808 1600 2859 timebis
1630 2823 1661 2858 ιι
1696 2809 1898 2875 negotio
1936 2824 2141 2877 peratu-

550 2902 847 2957 :bulantevin
870 2901 1113 2961 tenebris,
1150 2900 1200 2954 id
1232 2898 1399 2954 estab
1431 2898 1619 2952 eadem
1649 2899 1834 2952 fraude
1860 2899 2135 2955 hmrctico-

553 3008 703 3057 a'tun,
735 3008 853 3062 qua:
906 3002 1053 3046 recte
1090 2992 1289 3045 dicitur
1342 2989 1639 3059 negotium.
1672 2987 1954 3059 Negotium
1997 2990 2140 3044 enim

554 3097 713 3144 actus
743 3087 939 3157 aliquis
964 3086 1184 3152 dicitur,
1204 3084 1293 3153 qui
1318 3100 1440 3138 cum
1470 3097 1681 3136 summo
1712 3081 1890 3136 studio
1913 3091 1966 3137 et
1998 3082 2142 3136 labo-

486 3165 501 3181 ’
564 3195 624 3234 re
654 3179 932 3248 perficitur
960 3196 972 3231 :
1006 3178 1150 3231 unde
1204 3176 1402 3229 dicitur
1458 3176 1728 3244 negotium
1758 3175 1909 3244 quasi
1937 3192 2139 3243 negans

558 3273 752 3326 otium.
776 3271 984 3325 Dicitur
1005 3284 1134 3339 ergo
1164 3268 1539 3322 haereticorum
1573 3266 1909 3320 fraudulenta
1925 3277 2142 3321 senten-

552 3368 634 3421 lia
660 3366 954 3436 negotium,
989 3378 1054 3417 eo
1078 3362 1220 3433 quod
1252 3362 1303 3415 in
1335 3361 1434 3415 Inc
1462 3360 1616 3415 valde
1660 3364 1915 3414 studeant
1968 3370 2023 3415 et
2064 3362 2135 3415 la.

546 3457 937 3523 porenLQnod
963 3456 1234 3525 negotium
1264 3454 1513 3524 quamvis
1544 3454 1790 3507 videatur
1808 3468 1931 3508 esse
1964 3454 2138 3518 indic,

550 3560 741 3605 "tamen
772 3549 955 3604 existit
987 3548 1038 3601 in
1064 3546 1301 3601 tenebris
1327 3545 1568 3601 stultitiae
1598 3563 1612 3598 :
1654 3546 1961 3615 «Sapientia
1994 3547 2140 3600 enim

571 3642 728 3709 lmjus
757 3642 963 3703 mundi,
987 3639 1214 3693 stultitia
1240 3647 1322 3693 est
1351 3639 1491 3708 apud
1519 3638 1802 3691 Dominum
1829 3637 1878 3709 (I
1918 3636 2141 3702 Camn,

566 3731 655 3800 i9)
677 3772 691 3794 ,
724 3750 742 3782 ι
777 3739 834 3784 et
860 3730 912 3784 in
941 3730 1085 3799 ipsas
1113 3729 1348 3782 tenebras
1381 3728 1785 3795 perambulabit,
1817 3728 1867 3781 i.l
1908 3737 1991 3782 est
2030 3745 2146 3782 om-

566 3824 697 3879 nino
719 3822 1142 3894 promovebitur,
1172 3830 1230 3874 ut
1264 3822 1431 3890 magis
1451 3820 1615 3890 370
1643 3830 1696 3875 et
1724 3822 1893 3890 magis
1926 3822 1991 3875 a.l
2013 3822 2147 3876 stul-

575 3914 752 3970 titiam
787 3913 1124 3968 devolvatur.
1165 3912 1231 3966 Et
1258 3928 1360 3964 non
1414 3911 1614 3964 timebis
1638 3912 1700 3963 ab
1745 3912 1957 3964 incursu
2006 3912 2149 3980 ipso-

572 4022 689 4061 rum
719 4005 1122 4066 haereticorum,
1167 4002 1217 4056 id
1245 4008 1328 4055 est
1362 4016 1391 4054 a
1424 4002 1589 4054 nimio
1622 4002 1824 4069 impetu
1883 4001 2148 4056 {aemuli-xz

567 4099 804 4167 ipsorum
836 4095 1242 4156 ba'reicorutn,
1270 4107 1365 4160 per
1388 4107 1547 4161 quem
1576 4091 1855 4145 incurrunt
1880 4093 2145 4147 fidelibus.

572 4190 721 4245 Unde
748 4190 798 4243 in
828 4187 1069 4243 Canticis
1098 4184 1327 4255 sponsus
1358 4201 1371 4236 :
1408 4183 1687 4236 «Cinciuni
1725 4185 1829 4237 mei
1855 4184 1996 4254 pleni
2025 4195 2151 4239 sunt

566 4284 732 4354 guttis
757 4282 993 4337 noctium
1026 4278 1203 4351 (Cant.
1235 4293 1289 4342 ν,
1322 4278 1401 4346 2).
1436 4295 1454 4327 ι
1491 4274 1553 4328 Et
1584 4291 1687 4327 non
1725 4276 1939 4330 timebis
1967 4292 1994 4330 a
2029 4277 2147 4330 dw-

568 4376 742 4430 monio
778 4373 1089 4433 meridiano,
1125 4370 1174 4422 id
1200 4377 1283 4422 cst
1320 4383 1349 4421 a
1379 4364 1704 4420 collectione
1743 4365 2146 4430 lnereticorum,

2235 522 2530 592 designari,
2575 523 2817 577 iunuitur
2844 526 2988 594 quod
3014 526 3297 581 debeamus
3323 531 3542 599 supplere
3565 553 3588 587 τι
3616 538 3713 592 late-

2232 632 2291 671 re
2321 616 2563 671 sinistro.
2581 613 2681 667 Per
2695 615 2969 668 sinistram
2989 616 3129 669 enim
3158 618 3442 674 adversitas
3474 621 3714 692 frequenter

2233 707 2517 776 accipitur.
2554 703 2857 758 Notandum
2882 714 3058 760 autem
3088 708 3225 774 quod
3255 726 3284 760 a
3314 709 3511 773 dextris,
3535 715 3660 771 idest
3694 738 3714 773 τι

2208 798 2622 868 prosperitate,
2657 797 2785 851 dicit
2819 798 3005 852 venire
3028 799 3208 852 decem
3235 800 3385 853 millia
3419 807 3714 873 tentatiouum.

2234 890 2323 958 qui
2354 903 2610 943 numerus
2646 888 2861 956 quidem
2890 887 3061 956 major
3084 900 3342 958 estquam
3370 894 3501 947 mille
3523 897 3718 966 simplici.

2238 990 2339 1045 ter,
2379 996 2444 1035 eo
2475 980 2616 1049 quod
2651 980 2868 1034 uberior
2892 982 3249 1035 tentatiouum
3302 985 3442 1051 copia
3488 985 3531 1039 in
3554 1002 3720 1059 pruspe.

2236 1072 2416 1136 ritate,
2446 1088 2608 1142 quam
2645 1072 2695 1126 in
2723 1070 3051 1127 adversitate
3082 1074 3406 1129 suboriatur.
3433 1076 3603 1133 Littera
3630 1098 3721 1138 vero

2237 1164 2316 1218 sic
2341 1165 2630 1235 adaptatur
2662 1182 2676 1216 :
2706 1163 2817 1218 lloc
2845 1165 3008 1218 etiam
3033 1166 3284 1232 sperabis,
3324 1177 3373 1220 tu
3408 1184 3436 1223 ο
3466 1171 3632 1235 anima,
3655 1190 3721 1243 per

2237 1258 2585 1312 securitatem
2616 1257 2812 1311 divinae
2838 1259 3218 1327 protectionis.
3248 1263 3382 1329 quod
3436 1264 3559 1317 mille
3590 1266 3723 1322 hostes

2238 1348 2545 1411 interiores,
2596 1348 2938 1401 suborientes
2967 1364 2998 1400 α
3022 1348 3182 1403 latere
3208 1361 3295 1404 tuo
3331 1352 3548 1416 sinistro,
3590 1354 3629 1408 id
3667 1366 3724 1409 est

2238 1438 2384 1494 mille
2416 1440 2639 1493 oecu'tm
2671 1440 2997 1493 tentationes
3030 1442 3396 1511 contingentes
3424 1448 3484 1499 ab
3512 1448 3724 1500 diversita-

2242 1539 2290 1583 te
2313 1537 2402 1583 tua
2433 1529 2640 1591 cadent,
2676 1528 2726 1581 id
2784 1539 2864 1583 est
2904 1530 3257 1585 devineentur
3303 1535 3525 1587 oratione
3572 1517 3653 1587 ﬁta.
3682 1536 3724 1589 Et

2239 1620 2363 1688 quia
2397 1619 2548 1672 multi
2570 1621 2750 1674 hostes
2766 1631 2945 1689 postea
2975 1621 3297 1693 cadent,qui
3329 1626 3466 1694 prius
3493 1625 3725 1695 aliquantu-

2241 1708 2351 1765 lum
2403 1709 2807 1778 prmvaluerunt
2863 1710 3012 1763 addit
3047 1728 3061 1763 :
3095 1710 3225 1766 Dico
3254 1714 3447 1775 cadent,
3495 1723 3541 1768 et
3565 1729 3645 1767 non
3666 1724 3725 1767 ut-

2236 1814 2449 1868 cunque
2472 1800 2677 1863 cadent,
2705 1800 2774 1852 ad
2800 1809 2848 1853 te
2871 1811 3041 1853 autem
3068 1784 3174 1856 non
3200 1804 3728 1874 approﬂnquabitddest

2237 1894 2328 1947 sed
2362 1892 2439 1946 sic
2462 1892 2669 1954 cadent,
2696 1892 2837 1961 quod
2865 1892 3008 1946 nulla
3038 1894 3249 1947 illarum
3270 1896 3406 1950 mille
3425 1898 3728 1966 cogitationum

2237 1983 2669 2053 appropinquabit
2706 1986 2774 2037 ad
2803 1994 2871 2048 te,
2900 1984 3113 2040 scilicet
3146 1986 3198 2040 in
3234 2003 3554 2052 consensum,
3580 1998 3626 2041 ut
3659 1988 3731 2040 ali-

2237 2090 2344 2144 quo
2388 2076 2548 2129 modo
2595 2076 2688 2128 tibi
2721 2076 3031 2146 praevaleat.
3079 2076 3431 2133 Verumtamen
3469 2081 3658 2148 quantus
3686 2079 3730 2129 ad

2241 2176 2290 2221 te
2312 2165 2457 2219 nulla
2488 2166 2558 2220 sit
2580 2167 3099 2236 appropinquatum,
3124 2168 3288 2222 oculis
3340 2169 3436 2222 tuis
3464 2168 3733 2223 interioribus

2239 2258 2615 2323 considerabis,
2668 2258 2842 2313 oculis
2884 2259 3094 2313 scilicet
3128 2262 3355 2315 rationis
3380 2261 3568 2315 subtilia
3612 2263 3730 2315 consi-

2240 2352 2504 2406 derantis.
2535 2352 2611 2406 Ac
2642 2353 2686 2406 si
2718 2353 2855 2406 dicat
2885 2371 2899 2408 :
2934 2352 3045 2409 Iloc
3072 2354 3221 2423 quod
3260 2356 3391 2411 solet
3434 2354 3598 2425 aliquis
3634 2355 3671 2407 in
3695 2370 3733 2407 se

2241 2443 2628 2512 noucxperiri,
2681 2458 2785 2498 non
2820 2444 2953 2498 adeo
3008 2447 3149 2499 solet
3203 2460 3513 2516 cognoscere
3547 2445 3730 2513 quidsit,

2241 2550 2401 2604 quam
2432 2550 2553 2588 eum
2578 2535 2621 2589 si
2650 2536 2702 2588 iu
2727 2551 2791 2589 eo
2820 2545 2985 2591 esset.
3013 2535 3395 2593 Verumtamen
3417 2536 3626 2609 quamvis
3644 2537 3679 2588 in
3700 2548 3733 2587 te

2243 2642 2349 2681 non
2376 2628 2481 2681 sint
2534 2638 2756 2697 peccata
2803 2629 3191 2693 tentatiouum,
3222 2632 3500 2686 secundum
3534 2629 3731 2698 operatio-

2244 2733 2365 2773 nem
2400 2727 2495 2771 aut
2512 2733 2865 2786 consensum,
2890 2718 3034 2774 scies
3067 2729 3253 2774 tamen
3281 2738 3344 2774 ex
3380 2720 3581 2773 rationis
3608 2718 3735 2771 consi-

2244 2812 2524 2867 deratione
2553 2812 2821 2881 judicare,
2855 2828 3015 2882 quam
3031 2812 3235 2867 fcedum
3259 2830 3319 2868 ac
3333 2814 3431 2867 vile
3453 2812 3620 2881 aliquid
3642 2810 3731 2863 sint.

2245 2901 2312 2956 Et
2339 2904 2529 2959 ridebis
2557 2906 2784 2959 rationis
2809 2906 3081 2970 contuitu,
3136 2908 3513 2961 retributionem
3558 2912 3734 2974 peccato-

2246 3013 2385 3063 rum,
2418 2998 2467 3052 id
2494 3007 2578 3053 est
2610 2997 2871 3052 malarum
2905 2999 3344 3066 operatioauntct
3373 2998 3735 3052 illicitoruuicon-

2247 3103 2523 3154 sensuum,
2563 3092 2614 3144 in
2646 3090 2827 3144 futuro
2858 3106 2886 3143 a
2920 3092 3029 3145 Deo
3071 3092 3417 3145 reddendam.
3470 3090 3565 3144 lloc
3607 3098 3734 3141 autem

2244 3184 2377 3238 satis
2409 3183 2474 3237 ad
2537 3183 2889 3238 intentionem
2943 3184 3115 3238 laudis
3171 3185 3264 3239 Dei
3321 3181 3735 3254 spectarevidetur,

2243 3275 2384 3342 quod
2402 3290 2525 3328 suos
2558 3275 2823 3328 intantum
2856 3274 3142 3339 illuminat,
3180 3286 3238 3329 ιιι
3270 3276 3582 3330 considerent
3602 3285 3736 3341 pecca-

2247 3374 2422 3419 torum
2449 3367 2708 3420 vilitatem
2734 3377 2786 3421 et
2802 3367 3119 3433 fietlizatcm,
3137 3378 3193 3422 et
3209 3384 3305 3439 pro
3328 3369 3402 3421 eis
3418 3365 3736 3420 retributitneln

2248 3459 2299 3515 iu
2333 3460 2513 3515 futuro
2539 3461 2881 3527 rcddemlam,
2909 3470 2961 3515 et
2983 3476 3076 3530 per
3118 3463 3453 3532 hocpcccare
3467 3458 3737 3511 exhorresnl.

2247 3553 2377 3608 Dico
2398 3553 2538 3622 quod
2568 3554 2751 3607 cadent
2774 3553 2945 3619 mille;
2974 3564 3029 3609 et
3057 3555 3161 3609 hoc
3194 3552 3611 3608 nOueritviribus
3630 3545 3737 3599 meis.

2319 3644 2425 3699 Sed
2456 3645 2577 3699 ideo
2601 3646 2848 3715 quoniam
2872 3656 2929 3698 tu
2955 3663 3029 3711 es,
3059 3645 3303 3712 Domine,
3334 3662 3443 3715 spes
3468 3658 3584 3703 mea,
3626 3637 3741 3691 idest

2246 3736 2351 3791 hoc
2384 3736 2548 3791 facies
2576 3746 2633 3790 ut
2656 3737 2854 3791 cadant
2882 3738 3021 3802 ideo,
3050 3738 3178 3807 quia
3206 3747 3261 3791 tu
3284 3752 3343 3791 es
3362 3749 3475 3805 spes
3498 3746 3616 3790 mea.
3636 3728 3673 3781 id
3685 3734 3740 3779 est

2248 3827 2375 3897 quia
2409 3836 2576 3882 totam
2607 3844 2754 3898 spem
2786 3828 2839 3882 in
2870 3838 2920 3882 te
2952 3845 3114 3898 pono,
3149 3837 3205 3883 et
3228 3829 3367 3899 quia
3395 3838 3445 3881 tu
3476 3820 3675 3895 posuisti,
3706 3816 3740 3870 ill

2250 3930 2333 3974 est
2358 3934 2527 3989 pones
2579 3912 2839 3990 refugium
2872 3936 3048 3975 meum
3075 3920 3414 3982 altissimum,
3439 3918 3575 3971 idest
3616 3911 3741 3965 invin—

2250 4012 2431 4068 cibile.
2464 4013 2505 4067 A
2533 4014 2887 4067 similitudine
2919 4014 3086 4067 turris
3132 4014 3184 4067 in
3235 4013 3487 4067 altissimo
3529 4008 3624 4061 loco
3645 4003 3742 4057 sitm.

2251 4120 2370 4175 qua:
2393 4114 2476 4160 est
2505 4095 2868 4159 munitissima
2897 4115 2950 4161 et
2982 4105 3425 4175 inexpugnabilis.
3450 4100 3582 4168 Quod
3607 4104 3671 4151 est
3690 4092 3744 4143 die

2252 4212 2378 4252 cere
2408 4215 2421 4250 :
2457 4197 2649 4251 Facies
2682 4198 2909 4267 teipsum
2940 4198 3229 4268 refugs’um,
3264 4200 3314 4253 id
3337 4209 3411 4252 est
3434 4190 3742 4266 protectiouest

2230 4303 2428 4342 meum
2456 4289 2893 4343 numitissitmtm.
2928 4288 3146 4357 Repetit
3175 4300 3353 4342 autem
3397 4280 3741 4354 arquipollentcr.

2254 4381 2495 4435 utaddat
2520 4380 2601 4434 sic
2637 4397 2649 4433 :
2684 4379 2818 4445 Quia
2858 4379 2968 4433 dixi
2999 4380 3185 4433 cadent
3213 4397 3245 4433 a
3270 4380 3444 4438 latere,
3468 4386 3559 4429 etc.
3591 4372 3744 4425 Dico.0

567 4467 658 4537 qui
685 4467 739 4521 in
781 4464 1081 4519 tueri.iiatto
1120 4461 1371 4514 videntur
1418 4470 1559 4523 esse,
1606 4456 1656 4509 id
1705 4458 1885 4511 estad
1930 4458 2141 4509 modum

2256 4475 2458 4535 anima,
2490 4473 2749 4527 Dominus
2785 4482 2870 4526 est
2908 4489 3021 4541 spes
3073 4488 3187 4525 mea
3241 4483 3297 4526 et
3346 4470 3577 4540 refugium
3601 4476 3742 4516 meum.

574 4557 819 4612 meridiei
860 4556 1134 4610 ferventes
1162 4553 1213 4606 in
1234 4551 1370 4605 bona
1398 4548 1736 4617 operatione,
1770 4550 2151 4616 cumqmedaut

572 4647 905 4700 sitnulatoria
930 4648 1066 4701 bona
1090 4658 1251 4713 opera
1284 4641 1506 4706 faciant,
1536 4649 1592 4693 et
1612 4640 1747 4692 clari
1782 4648 1837 4693 et
1882 4640 2153 4707 splendidi

575 4738 629 4791 in
662 4736 911 4790 humanis
934 4744 987 4788 et
1015 4734 1306 4789 subtilibus
1332 4729 1617 4783 sententiis
1648 4728 1762 4781 suis
1815 4728 2120 4803 falsissimis
2139 4769 2153 4791 ,

574 4842 631 4885 et
667 4843 845 4885 tamen
903 4830 1223 4883 (lanuonium
1263 4837 1411 4891 sunt,
1454 4828 1504 4879 id
1545 4827 1840 4880 estumbra
1878 4826 2152 4879 damtonii.

576 4922 729 4981 Unde
772 4921 1056 4992 Apostolus
1086 4936 1102 4973 :
1137 4939 1155 4971 ι
1188 4919 1418 4973 Satanas
1440 4918 1789 4988 transfigurat
1814 4934 1872 4972 se
1904 4917 1957 4971 itt
1988 4931 2154 4988 ange-

576 5014 685 5069 lum
717 5012 850 5068 lucis
880 5009 963 5081 (Il
993 5008 1113 5063 Cor.
1169 5024 1248 5069 ιι,
1279 5008 1387 5078 14).
1428 5025 1446 5059 ι

648 5125 950 5180 Notandum
985 5118 1125 5189 quod
1148 5133 1268 5172 cum
1300 5117 1487 5171 eadem
1536 5131 1637 5180 res,
1680 5117 1895 5171 scilicet
1934 5116 2151 5170 lucreti—

575 5236 762 5275 corum
794 5215 1134 5271 fraudulenta
1166 5210 1456 5271 sententia,
1487 5224 1584 5278 per
1609 5220 1931 5264 nocturnum
1998 5209 2158 5264 timo-

580 5329 718 5378 rem,
749 5321 806 5367 et
829 5326 925 5380 per
951 5308 1204 5378 sagittam
1233 5304 1285 5357 in
1322 5302 1408 5356 die
1440 5302 1731 5366 volantem,
1776 5312 1830 5356 et
1858 5316 1954 5370 per
1986 5319 2155 5373 nego-

580 5404 736 5467 tium,
766 5411 822 5456 et
870 5416 968 5470 per
1016 5401 1293 5453 incursum
1330 5393 1657 5462 accipiatur;
1711 5394 1921 5447 diversa
1955 5402 2154 5458 tamen,

577 5506 639 5551 ut
701 5504 979 5550 ostensum
1007 5500 1108 5556 est,
1141 5490 1458 5557 exponenda
1485 5486 1549 5541 de
1571 5487 1761 5539 eadem
1820 5501 1891 5546 re,
1924 5501 2020 5555 per
2060 5488 2156 5540 has

577 5601 742 5641 voces
768 5585 1118 5639 denotamur.
1160 5580 1272 5633 Non
1315 5578 1487 5632 solum
1527 5586 1706 5629 autem
1731 5576 1964 5643 sperabis
2014 5576 2154 5645 quod

579 5690 726 5733 scuto
749 5677 1093 5733 circmndabit
1127 5686 1174 5729 te
1200 5676 1388 5728 veritas
1421 5672 1556 5741 ejus,
1590 5671 1683 5727 sed
1711 5670 1873 5725 etiam
1912 5672 2156 5739 sperabis
2178 5668 2199 5685 “

580 5770 723 5838 quod
742 5770 926 5825 cadent
951 5785 982 5823 a
1014 5767 1177 5822 latere
1204 5774 1292 5819 tuo
1320 5765 1478 5831 mille,
1507 5774 1552 5819 et
1576 5764 1750 5817 decem
1781 5760 1948 5815 millia
1977 5779 2007 5815 a
2039 5763 2157 5815 dex-

2258 4566 2489 4636 ldcoque
2520 4582 2621 4619 non
2650 4566 2858 4619 accedet
2884 4568 2951 4618 ad
2978 4576 3026 4618 te
3047 4581 3143 4635 per
3169 4578 3501 4626 consensum,
3527 4556 3696 4613 malum.
3722 4551 3742 4602 ἀ

2257 4666 2339 4711 est
2398 4657 2608 4711 occulta
2668 4656 2895 4711 lentatio
2924 4696 2937 4719 ,
2979 4666 3035 4710 et
3083 4658 3134 4710 in
3181 4656 3359 4709 futuro
3419 4649 3670 4722 flagellum,
3710 4640 3743 4693 id

2258 4760 2341 4804 cst
2386 4751 2619 4804 vindicta
2648 4750 2807 4817 hujus
2839 4750 2989 4813 mali,
3042 4767 3146 4803 non
3203 4738 3739 4817 appropinquabittaber

2266 4843 2454 4896 naculo
2490 4854 2599 4903 tuo,
2651 4844 2703 4897 id
2762 4852 2844 4897 est
2874 4843 2964 4897 tibi
3009 4842 3259 4896 militanti
3296 4842 3378 4895 hic
3408 4840 3523 4893 Deo.
3553 4830 3672 4901 Quod
3691 4834 3744 4881 est

2267 4933 2484 4987 dicere:
2516 4932 2623 4987 Nec
2657 4933 2744 4987 hic
2782 4934 2850 4986 ab
2877 4933 3089 4986 occulta
3128 4933 3417 4986 tentatione
3445 4924 3743 4983 rinceris,ntf

2264 5026 2316 5079 in
2349 5027 2529 5079 futuro
2559 5026 2845 5080 occasione
2878 5027 2979 5079 hae
3008 5026 3263 5094 puuieris.
3304 5024 3365 5077 Ει
3405 5021 3517 5075 inde
3543 5014 3671 5082 hujus
3694 5006 3744 5059 rei

2258 5121 2605 5174 securitatem
2630 5121 2822 5181 habeo,
2856 5120 3101 5190 quoniam
3132 5120 3269 5173 Deus
3305 5131 3423 5185 spes
3468 5120 3516 5165 et
3543 5103 3743 5172 refugium

2260 5202 2435 5263 meum
2489 5210 2727 5264 existens
2777 5209 3047 5262 mandavit
3076 5208 3273 5277 angelis
3306 5206 3411 5259 suis
3463 5196 3743 5256 bouisdele.

2259 5318 2363 5356 non
2392 5303 2591 5366 verbis,
2619 5302 2711 5356 sed
2745 5302 2953 5356 occulta
2974 5304 3227 5371 potentitc
3244 5318 3351 5355 sua:
3374 5292 3687 5367 inSpiratione,
3708 5293 3743 5331 ul

2260 5394 2553 5447 custodiant
2585 5404 2652 5455 te,
2688 5410 2755 5448 ne
2784 5394 3006 5449 deficias
3027 5396 3080 5448 in
3109 5395 3342 5449 omnibus
3373 5392 3459 5444 viis
3480 5386 3588 5447 tuis,
3612 5380 3651 5433 Μ

2258 5486 2415 5555 371
2464 5485 2517 5539 in
2560 5486 2843 5539 virtutibus
2879 5494 2934 5539 et
2972 5486 3126 5540 bonis
3162 5484 3422 5555 operibus,
3456 5492 3560 5548 qtae
3583 5463 3743 5523 νίπιὼί

2261 5589 2382 5631 sunt
2403 5578 2467 5631 ad
2492 5578 2674 5632 vitam.
2693 5577 2985 5648 Leguntur,
3008 5580 3201 5649 quippe
3228 5576 3391 5647 angeli
3410 5571 3520 5627 boui
3543 5563 3645 5619 viris
3661 5570 3743 5653 Satt-

2260 5670 2361 5723 ctis
2400 5687 2429 5724 a
2459 5670 2568 5724 Deo
2607 5671 2658 5724 in
2696 5673 2994 5726 custodiam
3020 5682 3071 5725 et
3098 5671 3467 5741 protectionem
3490 5662 3625 5714 fuisse
3648 5652 3742 5703 d3"?

2259 5762 2418 5817 Juxta
2444 5763 2568 5818 illud
2591 5766 2629 5818 Α
2641 5766 2830 5832 postoli
2855 5783 2869 5820 :
2890 5788 2905 5819 t
2925 5764 3126 5820 Omnes
3156 5764 3321 5827 angeli
3344 5766 3463 5813 sunt
3485 5747 3742 5808 administri-
