3840 6338
105 327 210 382 “29

438 406 579 417 ‘4‘...—

991 318 1352 373 EXPUSi'I‘lU
1390 321 1453 370 IN
1492 308 1942 372 ΡΞᾹΙΑΜΟΞῘΣ
1981 316 2174 373 PSAL.
2209 308 2360 376 XCI;

3174 335 3309 393 “.70

103 444 199 499 torii
221 440 441 512 spiritus,
471 438 524 494 in
559 435 914 492 ministerium
945 434 1127 498 missi,
1152 443 1371 503 propter
1411 448 1503 487 eos
1531 434 1620 502 qui
1656 437 1697 493 Α
1730 433 1931 487 rationi
1964 432 2329 501 conformem,
2375 444 2435 491 ιιι
2458 477 2472 503 ,
2522 440 2660 495 sicut
2688 456 2787 511 ego
2835 446 3079 510 surrexi,
3118 458 3174 501 et
3210 448 3310 501 im-

103 534 418 589 brereditatem
462 532 678 602 capiunt
716 528 905 583 salutis
955 526 1146 596 (Hebr.
1194 544 1242 589 ι,
1281 526 1391 596 Ii).
1427 546 1443 576 ι
1491 527 1620 582 Dico

100 624 304 694 quoniam
348 620 540 690 angelis
572 617 847 673 mandabit
884 617 949 669 de
983 626 1058 681 te,
1087 615 1176 685 qui
1215 614 1389 685 angeli
1420 615 1472 667 in
1511 630 1622 666 ma-

104 717 219 768 nibus
242 713 503 783 portabunt
531 721 577 764 te
599 755 615 776 ,
645 711 695 764 id
724 718 811 764 est
840 710 893 762 in
934 708 1302 763 sublevatioue
1330 705 1510 761 auxilii
1538 704 1621 760 sui

103 816 142 859 te
169 805 337 858 facient
358 802 678 873 promoveri.
714 800 901 855 Manus
940 814 1036 868 pro
1062 798 1264 853 auxilio
1293 799 1527 867 ponitur,
1557 813 1624 853 eo

101 898 211 968 quod
242 911 478 950 manumn
509 894 878 947 sublevatione
914 892 1218 946 labentibus
1258 890 1617 944 auxiliamur:

99 1001 141 1043 et
165 989 265 1042 ideo
302 990 572 1056 portabunt
601 1002 663 1039 ne
692 984 845 1054 forte,
890 984 940 1038 id
981 993 1066 1038 est
1111 996 1177 1039 ne
1204 983 1382 1052 aliquo
1426 982 1582 1036 modo
1606 1022 1621 1046 ,

100 1083 291 1150 oﬁ'endas
340 1079 517 1148 pedem
569 1088 717 1132 tuum
748 1117 761 1137 ,
826 1078 877 1132 id
935 1087 1017 1132 est
1082 1075 1419 1131 affectionem
1476 1084 1622 1128 tuam

101 1174 150 1224 ad
180 1171 377 1238 lapidem
412 1169 725 1224 offensionis
762 1168 1061 1223 Christum.
1099 1167 1349 1223 Christus
1386 1180 1624 1235 congrue

101 1263 203 1332 lapis
247 1261 452 1326 dicitur,
501 1275 568 1316 eo
611 1260 754 1329 quod
803 1261 869 1315 ad
911 1260 1127 1314 modum
1168 1258 1363 1328 lapidis
1407 1258 1477 1311 sit
1522 1257 1626 1310 fir-

100 1352 348 1404 missimum
416 1349 536 1404 fidei
602 1360 800 1404 nostra?
856 1348 1289 1403 fundamentum.
1330 1348 1408 1401 Ad
1461 1362 1621 1416 quem

100 1442 281 1510 lapidem
332 1442 461 1511 pede
505 1443 686 1497 cordis
730 1442 995 1507 offendit,
1042 1441 1286 1512 quisquis
1328 1441 1382 1495 in
1443 1450 1623 1495 mente

100 1533 147 1585 de
186 1548 241 1587 eo
278 1547 523 1602 perverse
574 1533 758 1587 sentit.
817 1532 970 1589 Unde
1013 1548 1108 1603 per
1162 1533 1481 1602 prophetam
1537 1531 1621 1585 di~

98 1623 252 1676 citur;
303 1641 319 1673 ι
366 1623 500 1677 Ecce
563 1638 707 1693 pono
764 1624 817 1677 in
881 1624 1009 1678 Sion
1075 1623 1304 1694 lapidem
1368 1623 1623 1677 offensio-

100 1715 162 1767 nis
183 1722 227 1767 et
268 1724 462 1783 petram
492 1715 734 1770 scandali
758 1756 772 1779 ,
806 1726 861 1771 et
898 1716 1207 1787 quicunque
1239 1717 1497 1772 ceciderit
1535 1733 1625 1771 su-

1726 524 1969 578 mortalis
1998 534 2053 579 et
2090 526 2444 596 impassibilis
2482 526 2555 581 fui
2579 570 2592 592 ,
2637 532 2715 587 sic
2754 544 2806 588 ει
2845 536 2943 604 ipsi
2979 548 3303 609 resurgant,

1722 627 1777 671 ct
1818 619 2149 674 immortales
2192 630 2246 674 et
2287 621 2648 691 impassibiles
2692 626 2943 682 existant.
2994 629 3298 686 Notandum

1724 711 1864 777 quod
1877 710 2155 766 ostendam
2172 712 2243 764 illi
2267 713 2499 766 salutare
2514 731 2713 780 meum,
2734 716 2872 769 idem
2897 730 2981 773 est
2999 724 3138 790 quoi
3155 739 3311 792 snpe-

1725 803 1836 856 rius
1866 802 2063 870 posuit,
2097 803 2331 873 gloriabo
2347 806 2744 876 eum,nisiquia
2782 808 2868 863 hic
2892 813 3304 870 dcterminatur.

1799 894 1916 947 Duo
1949 910 2150 949 versus
2180 895 2338 963 hujus
2364 897 2587 965 psalmi,
2617 898 2855 965 scilicet,
2891 912 3035 955 scuto
3082 906 3305 959 circum-

1724 983 1867 1036 dabit
1895 993 1965 1046 te,
1994 992 2125 1048 etc.,
2149 993 2203 1038 et
2231 1002 2262 1036 a
2289 988 2503 1055 sagitta,
2527 996 2655 1052 etc.,
2686 987 2845 1043 aliter
2869 1005 3030 1059 quam
3063 995 3310 1062 superius

1725 1072 2063 1139 dixerimus,
2111 1073 2363 1145 leguntur
2412 1075 2564 1143 juxta
2619 1078 2979 1149 Augustinum
3010 1123 3025 1146 ,
3083 1092 3142 1137 ut
3204 1086 3309 1140 tria

1725 1180 1920 1234 genera
1952 1167 2307 1221 tentationum
2336 1167 2662 1223 denoteutur
2701 1171 2811 1224 sic:
2850 1172 2977 1227 Dico
3010 1172 3151 1242 quod
3195 1193 3312 1245 spe-

1724 1257 1865 1311 rabis
1899 1258 1993 1311 sub
2024 1258 2205 1327 pennis
2232 1258 2347 1327 ejus
2369 1299 2383 1321 ,
2414 1269 2467 1313 et
2497 1260 2599 1315 hoc
2633 1262 2840 1317 scilicet
2873 1265 3122 1332 sperabis,
3166 1269 3310 1336 quod

1726 1348 1939 1411 veritas,
1989 1348 2038 1402 id
2078 1356 2160 1403 est
2194 1364 2320 1404 vera
2363 1351 2649 1419 promissio
2690 1352 2805 1423 ejus
2838 1354 3208 1421 circumdabit,
3256 1344 3331 1411 id

1724 1448 1808 1494 est
1837 1440 2251 1495 circummunict
2288 1451 2336 1495 te
2372 1453 2538 1506 scuto,
2565 1443 2615 1497 id
2648 1454 2731 1499 est
2755 1444 3112 1514 protectionc,
3140 1458 3193 1501 et
3229 1448 3311 1501 sic

1726 1528 1870 1597 quod
1897 1544 2002 1583 non
2032 1530 2245 1585 timebis
2281 1547 2312 1584 a
2344 1543 2597 1588 nocturno
2637 1536 2845 1602 timore,
2881 1537 2931 1589 id
2962 1544 3045 1591 est
3078 1537 3308 1592 obscura

1726 1627 1781 1673 et
1829 1618 2018 1675 latenti
2074 1620 2176 1675 levi
2233 1622 2563 1687 tentatione,
2615 1641 2735 1694 qum
2780 1627 2982 1681 dicitur
3029 1628 3208 1692 timor,
3243 1646 3309 1683 eo

1726 1710 1869 1778 quod
1902 1726 2010 1766 non
2043 1711 2178 1766 adeo
2221 1713 2399 1782 gravis
2437 1722 2521 1768 est
2565 1722 2623 1767 ut
2660 1731 2851 1785 magna
2888 1718 3138 1784 tentatio;
3170 1720 3311 1774 sicut

99 1819 171 1871 per
201 1804 406 1873 lapidem
445 1805 607 1860 istum
630 1848 645 1867 ,
674 1806 1079 1879 confringetur;
1115 1824 1280 1879 super
1309 1825 1467 1879 quem
1498 1825 1614 1864 vcrc

1730 1801 1893 1854 timor
1936 1811 2019 1856 est
2049 1802 2249 1868 minor,
2287 1818 2449 1873 quam
2498 1805 2794 1873 periculum
2836 1808 2976 1862 unde
3023 1809 3183 1863 timor
3214 1811 3310 1865 ha-

100 1894 344 1957 ceciderit,
382 1905 631 1953 conteret
658 1914 781 1953 eum
821 1898 960 1969 (Isa.
1000 1902 1224 1966 vim”;
1272 1900 1463 1957 Matth.
1499 1919 1620 1969 xxI;

100 1982 211 2038 Rom.
239 1989 412 2053 tx,55;
443 1989 471 2042 I
502 1990 683 2057 Petr.,
711 1992 820 2063 8).»
849 1993 1074 2049 Aﬂ‘ectio
1104 1997 1320 2067 quidem
1345 2012 1440 2067 pes
1471 2014 1623 2053 meu-

101 2078 149 2131 tis
178 2080 367 2147 dicitur,
407 2098 469 2137 eo
507 2084 651 2153 quod
684 2102 781 2155 per
814 2101 934 2142 eam
976 2088 1090 2157 ipsa
1132 2105 1283 2145 mens
1337 2091 1624 2161 cogitando

100 2169 339 2234 gradiatur.
372 2173 435 2227 Et
467 2175 676 2230 auxilio
706 2177 946 2246 ipsorum
983 2180 1295 2251 angelorum
1338 2193 1621 2251 portatus,

99 2273 215 2325 super
235 2262 448 2330 aspidem
476 2273 523 2316 et
549 2264 856 2320 basiliscum
896 2268 1207 2334 ambulabis,
1250 2270 1301 2324 id
1335 2280 1418 2326 est
1445 2272 1623 2327 calca-

100 2348 158 2401 bis
180 2359 224 2403 et
248 2354 512 2421 superabis
543 2356 820 2425 aspidem,
855 2357 905 2411 id
957 2368 1039 2413 est
1084 2360 1358 2417 diabolum
1403 2366 1493 2431 qui
1543 2356 1621 2415 la-

99 2446 235 2493 tenter
269 2443 467 2499 mordet
516 2446 957 2516 suggestionibus
998 2448 1239 2505 illicitis:
1284 2454 1351 2505 ad
1403 2453 1619 2508 modum

98 2533 252 2600 aspidis
270 2537 544 2605 serpentis,
586 2538 798 2594 occulte
828 2541 1152 2606 mordentis;
1189 2552 1237 2595 et
1262 2543 1488 2598 calcabis
1522 2546 1621 2601 sub

99 2618 407 2679 affectionibus
460 2627 571 2681 tuis
620 2627 954 2694 basiliscum,
1010 2631 1061 2684 id
1110 2641 1195 2687 est
1244 2633 1620 2691 collectionem

98 2725 218 2777 prave
252 2719 614 2785 operantium,
646 2719 735 2790 qui
778 2723 1025 2793 exemplo
1058 2723 1223 2779 fetido
1265 2740 1446 2795 prava:
1488 2743 1620 2797 ope-

100 2804 269 2859 rationis
287 2821 407 2873 suze,
438 2808 578 2865 alios
607 2810 674 2865 ad
706 2822 932 2868 mortem
968 2814 1107 2869 male
1136 2818 1347 2884 operari
1378 2818 1621 2877 faciendo

99 2897 286 2965 trahunt;
307 2916 448 2958 more
473 2906 750 2976 serpentis
774 2907 1032 2972 basilisci,
1050 2909 1138 2978 qui
1161 2909 1331 2966 fetore
1351 2912 1431 2967 sui
1449 2914 1619 2969 anhe-

95 2985 187 3045 litus
198 2992 416 3052 homines
430 2998 674 3068 perimit.
692 2998 759 3054 Et
780 3001 1113 3056 conculcabis
1130 3002 1209 3058 sic
1222 3013 1278 3059 ut
1297 3018 1401 3059 non
1422 3006 1586 3062 cedas
1597 3047 1613 3069 .

1728 1890 1905 1946 betur.
1938 1892 2091 1958 Quod
2137 1902 2221 1948 est
2258 1895 2475 1949 dicere:
2513 1896 2662 1950 Adeo
2711 1905 2761 1951 te
2808 1912 3055 1953 securum
3104 1899 3307 1965 faciet,

1728 1994 1787 2038 ut
1833 2001 1939 2040 non
1985 1986 2175 2041 timeas
2225 1986 2394 2042 levem
2426 1988 2714 2043 obscuram
2747 1989 2910 2060 372
2951 1994 3306 2050 teutationem

1726 2094 1845 2146 qua:
1892 2079 2162 2133 interdum
2191 2080 2425 2149 aliquem
2460 2080 2731 2135 incautum
2778 2085 2843 2137 ad
2869 2099 3190 2139 consensum
3223 2096 3307 2140 at-

1728 2168 1914 2223 trahit.
1948 2169 2014 2224 Et
2040 2170 2202 2223 etiam
2230 2188 2333 2224 non
2369 2171 2571 2225 timebis
2606 2188 2637 2225 a
2672 2174 2893 2242 sagitta,
2929 2174 2979 2227 id
3021 2184 3105 2230 est
3136 2192 3166 2231 a
3206 2177 3307 2232 levi

1725 2258 2008 2315 manifesta
2055 2262 2373 2327 tentatione,
2414 2278 2532 2332 qua:
2572 2265 2763 2333 sagitta
2812 2264 3028 2333 dicitur,
3058 2282 3124 2322 eo
3166 2273 3309 2339 quod

1724 2348 1894 2403 levius
1926 2349 2171 2406 vulneret
2220 2369 2383 2421 quam
2433 2369 2626 2424 magna
2675 2356 2936 2420 tentatio,
2973 2357 3040 2410 ad
3091 2360 3308 2415 modum

1723 2439 1966 2508 sagittre,
2009 2455 2128 2509 qum
2179 2440 2347 2496 levius
2375 2442 2624 2496 vulnerat
2651 2460 2813 2513 quam
2862 2444 3078 2512 lancea,
3115 2451 3311 2519 sagitta

1724 2529 1846 2585 dico
1874 2530 2085 2586 volante
2113 2534 2180 2589 ad
2226 2542 2277 2587 te
2320 2534 2372 2587 ia
2409 2533 2512 2600 die,
2546 2534 2708 2590 idest
2751 2536 3063 2593 incurrente
3105 2540 3199 2594 tibi
3254 2541 3308 2595 in

1722 2622 1976 2680 claritate
2018 2626 2363 2696 cognitionis.
2407 2627 2561 2693 Quod
2592 2636 2676 2682 εει
2710 2628 2922 2683 dicere:
2959 2628 3081 2682 Non
3104 2630 3308 2684 timebis

1722 2715 2073 2771 succumbere
2106 2717 2208 2771 levi
2238 2718 2538 2773 manifesta:
2575 2721 2880 2774 tentationi.
2921 2720 2982 2774 Et
3029 2739 3131 2775 non
3159 2725 3309 2777 time-

1722 2800 1799 2855 bis
1834 2819 1865 2854 a
1896 2802 2127 2869 negotio,
2178 2801 2230 2857 id
2260 2812 2343 2857 est
2372 2819 2401 2857 a
2430 2804 2664 2857 maxima
2710 2813 2764 2858 et
2800 2805 2948 2876 gravi
2979 2810 3306 2870 tentatioue,

1724 2908 1845 2962 quae
1892 2894 2092 2949 dicitur
2130 2895 2402 2964 negotium
2445 2911 2555 2965 prae
2600 2898 2973 2966 magnitudine
3021 2899 3307 2968 gravitatis

1722 2998 1852 3038 sure.
1888 2983 2171 3056 Negotium
2198 2986 2344 3040 enim
2397 2988 2461 3041 de
2491 3001 2657 3056 parva
2695 3002 2752 3040 re
2794 2986 2899 3042 dici
2948 3004 3054 3043 non
3102 3000 3302 3060 potest.

96 3077 265 3150 leonem,
289 3086 335 3139 id
360 3098 441 3143 est
466 3100 847 3161 persecutores
881 3094 1503 3154 manifestetnfestantes
1550 3100 1615 3153 ad
1645 3128 1689 3190 ο
1725 3074 1948 3190 Νθέξθίίο
1974 3078 2094 3133 dim
2119 3077 2514 3190 Pamnb’flmf’e
2542 3080 2594 3190 i’l'
2620 3080 2865 3190 'e""_l""i"
2896 3080 2959 3190 ii
2976 3091 3307 3190 θδίιθοηνθῗ

97 3173 262 3229 modum
286 3177 448 3235 leonis
469 3190 660 3251 aperte
685 3184 958 3251 instantis,
981 3194 1029 3239 et
1052 3187 1394 3242 conculcahis
1428 3189 1617 3244 draco-

96 3276 193 3329 nem,
213 3267 255 3321 id
274 3282 347 3326 εει
362 3272 673 3336 haereticos,
695 3275 786 3343 qui
812 3276 958 3346 prius
987 3275 1138 3334 falsis
1167 3280 1466 3337 rationibus
1504 3286 1616 3340 suis

95 3350 285 3416 incautos
331 3363 533 3435 ligant.
595 3376 653 3421 et
700 3366 804 3422 sibi
851 3372 1163 3436 attrahunt,
1197 3381 1252 3428 et
1290 3383 1474 3444 postea
1512 3376 1615 3431 sibi

93 3458 159 3502 eos
188 3455 528 3515 confirmando
592 3462 885 3535 devorant,
944 3463 1091 3518 velut
1134 3466 1301 3522 draco
1331 3468 1421 3538 qui
1461 3470 1616 3539 prius

94 3540 246 3599 animal
262 3548 465 3621 aliquod
480 3554 658 3609 cauda
675 3553 824 3624 ligat,
842 3564 897 3609 et
910 3565 1093 3625 postea
1116 3556 1338 3628 ligatum
1367 3560 1609 3617 devorat.

142 3628 397 3695 lntroducit
427 3643 598 3698 etiam
632 3644 807 3714 ipsum
854 3645 1139 3701 Dominum
1191 3648 1526 3718 loquentem,
1560 3662 1616 3708 et.

94 3716 166 3774 hoc
204 3724 318 3782 facit
366 3730 430 3784 ad
480 3732 807 3803 ampliorem
858 3735 1157 3806 gratiarum
1210 3716 1513 3805 actionem,
1558 3751 1614 3796 et

92 3811 364 3902 admajorem
387 3824 696 3879 auditorum
710 3826 1168 3893 exhortationem,
1195 3829 1302 3885 sic:
1327 3829 1457 3887 Dico
1470 3835 1613 3902 quod

94 3896 296 3965 Dominus
320 3914 589 3969 mandavit
616 3916 839 3984 angelis,
858 3918 1044 3974 dicens
1071 3919 1451 3993 ipsisangelis:
1486 3924 1613 3979 Dili-

91 4004 234 4059 genter
257 4016 367 4058 eum
394 4008 696 4072 custodite,
724 4009 976 4078 quoniam
1006 4012 1058 4064 in
1085 4028 1165 4066 me
1189 4015 1433 4082 speravit,
1451 4015 1500 4068 id
1527 4026 1613 4072 est

92 4096 254 4176 omnem
282 4107 421 4163 spem
449 4112 562 4152 suae
591 4096 908 4154 salvationis
936 4101 987 4154 in
1037 4116 1121 4155 me
1145 4103 1346 4171 posuit.
1380 4104 1611 4176 Ideoque

91 4170 265 4233 liberabo
291 4198 403 4237 eum
444 4187 511 4241 ab
538 4186 686 4241 omni
741 4189 1000 4244 instantia
1054 4192 1395 4248 inimicorum
1433 4206 1487 4251 et
1529 4199 1610 4251 in-

92 4266 294 4325 teriorum
310 4284 361 4329 et
381 4279 737 4345 exteriorum,
755 4295 824 4334 ne
853 4281 951 4351 ipsi
976 4283 1325 4353 prtevaleant,
1340 4298 1609 4359 protegam

87 4366 171 4442 tum
198 4359 241 4414 in
262 4364 542 4423 virtutibus
568 4370 682 4425 suis
704 4380 759 4425 et
784 4372 940 4427 bonis
968 4375 1241 4442 operibus,
1272 4391 1340 4432 ne
1368 4378 1606 4434 deficiat.

1721 3176 1910 3232 sante,
1953 3179 2009 3223 et
2046 3178 2399 3238 promovente
2448 3172 2499 3224 in
2531 3172 2886 3227 obscuritate.
2917 3171 3069 3239 Quod
3109 3185 3196 3231 est
3224 3178 3305 3230 di-

1716 3276 1887 3315 cere:
1950 3260 2075 3316 Nou
2129 3263 2333 3317 timebis
2385 3266 2740 3333 succumbere
2789 3281 2997 3337 magna:
3049 3275 3105 3321 et
3151 3272 3302 3338 gravi

1717 3351 1959 3407 obscurm
1987 3354 2270 3408 lcntationi
2292 3396 2307 3418 ,
2332 3364 2387 3409 et
2411 3371 2514 3409 non
2538 3356 2744 3410 timebis
2770 3356 2833 3409 ab
2867 3359 3083 3411 incursu
3114 3368 3165 3412 et
3188 3360 3302 3414 dw-

1716 3447 1890 3500 monio
1936 3448 2266 3512 meridiano,
2308 3447 2360 3500 id
2405 3456 2490 3502 est
2531 3448 2599 3502 ab
2639 3447 2954 3504 ineurrente
2996 3451 3300 3506 meridiano

1716 3536 2003 3594 daemonio.
2031 3538 2183 3606 Quod
2213 3548 2297 3596 est
2325 3538 2534 3595 dicere:
2566 3539 2686 3594 Non
2718 3541 2920 3595 timebis
2945 3544 3300 3599 succumbere

1714 3626 1865 3695 gravi
1895 3627 2218 3694 teutationi,
2269 3637 2325 3683 et
2364 3627 2651 3684 manifeste
2699 3644 2731 3683 a
2778 3631 3044 3686 daemonio
3092 3624 3295 3696 illane.

1714 3730 1833 3785 qua:
1858 3718 2054 3772 dicitur
2081 3719 2353 3783 incursus,
2381 3734 2447 3773 eo
2467 3719 2611 3790 quod
2634 3720 2815 3792 gravis
2835 3730 2918 3777 est
2943 3732 2998 3779 ct
3028 3726 3294 3779 maxima:

1713 3813 1769 3858 et
1790 3803 1986 3859 dicitur
2007 3807 2327 3869 meridiana,
2346 3824 2411 3863 eo
2439 3810 2580 3877 quod
2603 3821 2791 3882 aperta
2816 3821 2894 3867 est
2922 3824 2978 3868 et
3010 3815 3297 3873 manifesta

1713 3896 2143 3954 sicutmeridies.
2160 3898 2365 3954 Caetera
2392 3900 2581 3970 psalmi
2606 3904 2806 3958 mutari
2833 3914 3032 3962 nonest
3051 3922 3296 3964 necesse.

2196 3989 2263 4044 IN
2305 3990 2632 4049 PSALMUM
2676 3994 2810 4050 XCI.

1782 4080 1996 4138 Titulus
2038 4084 2371 4153 nonagesimi
2417 4084 2598 4154 primi.
2658 4083 2903 4140 Psalmus
2955 4101 3186 4155 cantici,
3241 4108 3296 4144 ιη

1710 4174 1796 4227 die
1834 4173 2073 4228 Sabbati.
2125 4174 2283 4242 Quod
2331 4176 2410 4229 sic
2448 4177 2755 4246 exponitur.
2808 4177 2860 4230 In
2910 4179 3012 4232 hoc
3059 4190 3296 4236 tractatu

1710 4265 2020 4319 continetur
2070 4266 2346 4333 psalmus,
2409 4266 2459 4319 id
2521 4277 2605 4320 est
2666 4268 2806 4321 bona
2867 4270 3144 4336 operatio,
3197 4273 3291 4342 qui

1709 4354 1949 4423 psalmus
1974 4366 2059 4409 est
2086 4356 2301 4409 occasio
2326 4356 2543 4419 cantici,
2579 4357 2628 4410 id
2658 4366 2740 4411 est
2764 4355 3017 4424 jucundm
3044 4376 3294 4416 remune-

91 4439 135 4493 Et
156 4445 237 4503 hoc
260 4452 371 4508 ideo
407 4460 657 4527 quoniam
689 4462 928 4530 cognovi,
976 4439 1067 4516 ίιίο
1102 4478 1230 4519 vero
1277 4481 1607 4538 cognoscere
1640 4476 1683 4528 Β
1711 4446 1963 4510 rationis,
1991 4446 2180 4500 daudzc
2209 4461 2238 4499 a
2270 4445 2378 4500 Deo
2402 4447 2454 4500 in
2482 4448 2565 4501 die
2598 4447 2839 4511 Sabbati,
2870 4449 2922 4503 id
2951 4459 3033 4505 est
3059 4451 3109 4515 in
3134 4452 3292 4507 clari-

88 4546 226 4623 ttomen
251 4562 407 4602 meum
427 4592 440 4613 ,
478 4552 621 4620 quod
650 4562 736 4606 est
778 4553 1057 4609 Dominus.
1102 4556 1253 4623 Quod
1282 4569 1366 4613 est
1395 4561 1601 4617 dicere:

89 4613 294 4690 Cognovit
321 4649 403 4689 me
444 4651 563 4691 esse
596 4638 915 4700 Dominum,
962 4649 1018 4694 et
1061 4657 1118 4696 se
1164 4657 1377 4697 servum
1399 4686 1413 4708 ,
1444 4646 1519 4699 sic
1549 4657 1608 4702 ut

88 4722 313 4787 inceptis
337 4727 467 4782 meis
496 4729 717 4785 obedire
753 4748 859 4786 non
891 4732 1207 4803 uegligeret.
1257 4734 1322 4789 Et
1361 4738 1605 4791 clamavit

87 4804 134 4852 ad
168 4825 234 4864 me
267 4815 561 4876 iutensione
602 4827 752 4880 vocis
780 4836 833 4879 et
876 4828 1198 4895 devotionis,
1244 4842 1290 4884 et
1323 4831 1605 4887 exaudiam

85 4897 297 4958 eum-lloc
323 4909 477 4964 modo
504 4913 645 4979 quod
675 4930 792 4968 cum
823 4916 934 4985 ipso
954 4934 1071 4970 sum
1107 4918 1160 4972 in
1182 4920 1607 4985 tribulatione,et

86 4993 155 5037 ero
186 5000 457 5055 secundum
495 5005 894 5064 auxiliatricem
927 5011 1180 5080 gratiam.
1206 5012 1359 5080 Quod
1396 5025 1479 5070 est
1518 5016 1603 5069 di-

86 5083 203 5165 gere:
230 5081 533 5145 Custodiam
577 5107 700 5149 eum
743 5096 795 5151 in
838 5099 1224 5165 trilmlatione,
1254 5118 1321 5158 ne
1366 5104 1600 5159 deficiat.

86 5155 336 5259 Ellandem
367 5177 418 5231 in
470 5192 645 5238 morte
675 5188 857 5243 carnis
882 5190 1101 5259 eripiam
1142 5208 1260 5245 eum
1305 5208 1335 5247 a
1383 5195 1603 5250 tribula-

87 5251 217 5352 littm,
250 5271 299 5314 et
342 5264 393 5319 in
445 5267 625 5325 futuro
661 5251 969 5344 glori/icabo
1003 5296 1121 5333 eum
1168 5281 1338 5352 gloria
1387 5285 1604 5341 benedi-

84 5347 234 5403 ctionis
274 5363 501 5415 aeterna).
536 5363 599 5419 Et
643 5382 739 5435 pro
770 5369 871 5422 hac
899 5370 1005 5424 vita
1043 5375 1388 5440 transitoria,
1438 5394 1598 5447 quam

84 5444 385 5533 contempsit,
413 5452 737 5524 longitudine
765 5462 970 5515 dierum
988 5505 1001 5529 ,
1037 5465 1087 5519 id
1125 5475 1209 5520 est
1237 5477 1437 5523 mterna
1456 5444 1597 5531 Vvita.

85 5526 241 5626 top-(cbo
276 5528 408 5596 eum.
442 5544 661 5616 Replebo
689 5558 837 5617 vero,
872 5569 967 5625 per
990 5526 1296 5625 emphasim
1335 5560 1488 5615 dicit.

209 5624 286 5719 hic
312 5648 412 5690 non
444 5644 647 5698 curavit
677 5645 905 5701 salutem
939 5649 1143 5714 carnis,
1173 5659 1300 5705 tunc
1326 5656 1599 5709 ostendam

84 5703 141 5760 '1“
171 5718 383 5779 1mlutare
416 5747 615 5799 meum,
655 5737 705 5790 id
758 5746 840 5794 est
893 5741 1274 5811 salvatiunem,
1318 5760 1449 5801 mea:
1486 5748 1595 5803 sal-

216 5812 474 5887 Ριτιιοι.
526 5827 702 5892 CLII.

1713 4545 1821 4591 tate
1844 4538 2041 4607 quietis
2085 4547 2321 4592 :ctermc.
2354 4537 2651 4593 Sabbatum
2687 4542 2885 4611 quippe
2932 4542 3078 4612 quies
3120 4544 3291 4600 inter-

1708 4637 1974 4697 pretatur.
2013 4628 2163 4694 Quod
2189 4639 2271 4683 est
2301 4628 2524 4683 dicere:
2573 4630 2743 4697 Quam
2793 4633 3321 4692 remunerationem~

1708 4718 1858 4774 dabit
1904 4719 2043 4774 Deus
2075 4720 2320 4775 fidelibus
2361 4721 2475 4777 suis
2507 4723 2559 4776 in
2598 4735 2786 4777 Octava
2816 4725 2927 4789 die,
2973 4743 3092 4797 qua:
3136 4739 3292 4784 anto-

1710 4811 2010 4865 nomastice
2057 4813 2170 4867 dies
2201 4812 2397 4867 dicitur
2424 4830 2520 4884 pro
2548 4830 2642 4869 sua
2695 4817 2856 4870 nimia
2900 4818 3148 4876 claritate
3175 4864 3190 4886 ,
3238 4835 3292 4878 ει

1708 4895 1825 4951 dies
1855 4896 2109 4961 Sabbati,
2143 4899 2195 4952 id
2239 4907 2321 4951 est
2366 4900 2565 4970 quietis
2605 4911 2843 4957 zelernrc.
2895 4906 2990 4961 Vel
3018 4908 3137 4963 sic:
3186 4910 3291 4971 Iste

1706 4989 1939 5054 psalmus
1976 4988 2204 5053 cantici,
2247 4988 2297 5042 id
2342 4999 2425 5044 est
2471 4990 2571 5045 iste
2611 5001 2873 5049 tractatus
2907 4993 3287 5065 jucundilatis,

1708 5077 1762 5131 in
1795 5093 1900 5147 quo
1933 5078 2088 5135 valde
2126 5080 2496 5150 jucundantur
2538 5083 2755 5151 fideles,
2801 5089 2891 5158 qui
2941 5090 3027 5143 hic
3078 5104 3287 5163 agunt,

1707 5178 1793 5225 est
1822 5170 2034 5226 illorum
2061 5173 2149 5242 qui
2173 5172 2287 5242 jam
2319 5184 2444 5229 sunt
2475 5177 2634 5246 positi
2662 5178 2716 5232 in
2748 5180 2831 5233 die
2854 5179 3100 5249 Sabbati,
3131 5186 3181 5240 id
3206 5200 3291 5243 est

1708 5263 1761 5319 in
1809 5264 2056 5321 claritate
2106 5266 2332 5335 quietis,
2382 5268 2593 5324 scilicet
2640 5271 2731 5339 qui
2780 5278 2888 5324 tam
2938 5272 3138 5329 claram
3187 5277 3289 5331 ha-

1705 5358 1837 5411 bent
1864 5360 2253 5413 conscientiam
2306 5372 2362 5415 ut
2398 5362 2538 5417 diem
2562 5404 2576 5426 ,
2611 5371 2665 5415 et
2705 5363 2771 5417 ab
2806 5365 2955 5419 omni
2992 5382 3155 5436 prava
3200 5386 3289 5423 co-

1704 5451 1964 5521 gitatione
1987 5453 2432 5526 feriantem,quae
2463 5454 2719 5525 ideoiure
2749 5457 3035 5514 sabbatum
3067 5462 3282 5522 dicitur.

1705 5544 1757 5598 id
1786 5553 1870 5599 est
1901 5545 2135 5614 requies.
2171 5545 2235 5599 Et
2277 5556 2361 5600 est
2391 5547 2445 5599 in
2492 5547 2595 5601 hoc
2626 5547 2835 5616 psalmo
2876 5565 2977 5604 vox
3025 5553 3288 5622 cujusque

1700 5624 1973 5705 perfecti,‘
2018 5637 2227 5709 agentis
2274 5637 2341 5690 ad
2395 5638 2810 5695 instructionem
2861 5642 3170 5725 minprum,
3222 5647 3287 5701 de

1702 5728 1842 5785 bona
1883 5730 2216 5800 operatione,
2250 5729 2378 5798 quia
2418 5729 2559 5786 bona
2593 5740 2676 5786 est
2701 5748 2822 5787 cum
2854 5735 3072 5790 cantico
3103 5736 3241 5792 facta
3268 5776 3284 5803 ,

1718 5912 1747 5928 ις
1816 5916 1837 5926 αλ
1898 5912 1899 5915 “
