3872 6320
522 335 650 390 1151

1089 322 1143 378 S.
1176 320 1524 379 BRUNONIS
1546 315 2188 377 CARTIIUSIANORUM
2219 316 2702 375 INSTITUTOIHS
2742 316 2890 373 OPP.
2936 317 3114 373 PARS
3150 316 3201 387 Lf

3610 327 3724 384 H32

520 458 575 501 et
602 461 656 501 ill
687 441 913 503 cithara,
945 445 998 493 et
1029 436 1090 491 de
1119 435 1340 489 interitu
1373 433 1666 489 nolentium
1694 432 1828 485 bona
1862 429 2094 500 operari,
2128 432 2176 491 Α
2204 439 2381 496 vatur,
2414 431 2647 486 ostendit
2679 432 2777 485 hoc
2810 431 3095 485 insolubile
3144 445 3283 496 esse,
3331 447 3446 486 cum
3474 433 3545 489 sic
3572 439 3723 498 addit;

522 550 575 595 et
607 541 671 592 de
700 530 1055 591 retributione
1082 528 1235 582 bonae
1266 526 1594 597 operationis
1623 527 1674 577 in
1707 522 1906 575 futuro.

592 625 799 679 Bonum
830 614 901 675 est
938 618 1172 686 conﬁteri
1202 616 1458 679 Domino,
1499 614 1548 667 id
1587 620 1668 666 est
1709 611 1840 664 utile
1883 620 1935 664 et
1985 610 2099 663 lau-

518 718 653 772 dare
678 725 729 769 te
760 710 1042 772 Dominum
1072 708 1123 763 in
1153 708 1386 777 puritate
1413 702 1730 765 devotionis,
1759 718 1880 755 cum
1919 702 2098 755 Domi-

526 822 630 861 nus
660 804 902 860 omnium
932 802 1038 856 sis:
1067 809 1121 853 ct
1147 799 1344 853 bonum
1368 802 1452 877 est
1480 793 1701 864 psallere
1731 794 1925 846 nomini
1970 803 2058 847 tuo
2079 835 2094 859 ,

526 896 826 960 Altissime,
858 893 907 947 id
941 898 1021 947 est
1049 888 1177 944 utile
1207 897 1290 942 est
1319 888 1456 942 bene
1482 885 1690 955 operari
1717 926 1731 948 ,
1762 900 1864 938 non
1909 885 1974 939 ad
2020 884 2096 938 la-

522 1005 710 1045 vorem
758 987 1063 1045 hominum,
1119 981 1213 1036 sed
1260 980 1326 1034 ad
1379 980 1638 1034 honorem
1696 980 1933 1033 nominis
1984 980 2093 1043 tui,

526 1094 653 1134 cum
706 1075 999 1132 altissimus
1049 1071 1163 1134 sis,
1216 1070 1267 1124 id
1312 1077 1393 1123 est
1448 1068 1825 1137 omnipotens,
1872 1067 2097 1137 ideoque

525 1180 878 1223 remunerare
907 1160 1176 1216 suﬂiciens
1200 1158 1527 1213 conﬁtcntes
1570 1167 1621 1211 et
1658 1157 1951 1227 psallentes
1977 1156 2093 1211 tibi.

520 1260 653 1314 Dico
693 1255 833 1327 quod
860 1254 1046 1306 bonum
1079 1260 1151 1305 est
1186 1249 1423 1318 conﬁteri
1447 1259 1493 1303 et
1517 1248 1760 1319 psallere,
1786 1250 1962 1305 eundo
1989 1250 2096 1305 sci-

517 1348 646 1401 licet
693 1344 759 1399 de
809 1339 1148 1397 confessione
1196 1347 1251 1395 et
1294 1338 1502 1409 psalmo
1560 1338 1629 1393 ad
1675 1340 2097 1393 annuntiandum

518 1438 639 1492 aliis
678 1449 799 1491 esse
826 1433 880 1488 in
907 1449 1088 1497 mane,
1122 1432 1176 1487 id
1206 1440 1288 1486 est
1323 1431 1376 1485 in
1404 1431 1765 1501 prosperitate
1812 1432 2079 1485 misericor

517 1528 657 1580 diam
702 1535 867 1579 tuam.
898 1523 1051 1589 Quod
1096 1530 1178 1577 est
1210 1522 1427 1578 dicere:
1456 1522 1751 1591 Postquam
1789 1523 1841 1576 in
1876 1538 1934 1578 se
1976 1538 2099 1577 con-

518 1618 702 1671 litetur
742 1624 797 1669 et
842 1613 1056 1683 psallit,
1093 1614 1293 1668 bonum
1340 1621 1423 1667 est
1467 1621 1525 1667 ut
1575 1612 1769 1682 aliquis
1817 1613 2099 1667 annuntiet

517 1707 641 1761 aliis
668 1705 758 1776 qui
799 1705 974 1759 adhuc
1019 1703 1197 1759 idiotte
1245 1711 1397 1769 sunt,
1426 1712 1481 1757 et
1524 1704 1615 1774 qui
1663 1703 1765 1757 sibi
1812 1703 1880 1757 ob
1909 1702 2096 1757 merita

2202 521 2333 575 Dico
2363 521 2502 590 quod
2527 521 2714 573 bonum
2736 531 2809 574 est
2837 522 2965 574 mihi
2993 520 3230 589 conﬁteri
3251 532 3296 574 et
3324 523 3549 591 psallere,
3571 538 3618 581 et
3638 530 3727 587 haec

2200 628 2356 678 Opera
2388 613 2724 681 magniﬁcam
2751 622 2872 666 sunt
2900 612 2951 666 in
2986 628 3088 677 me,
3131 622 3185 667 et
3218 615 3298 668 lim
3327 616 3631 685 cogitationes
3647 632 3728 676 tua

2201 703 2355 755 nimis
2382 713 2502 755 sunt
2542 702 2838 771 profundw,
2894 702 2947 758 id
2996 711 3080 758 est
3133 703 3215 757 hac
3258 704 3613 774 dispositiones
3649 721 3730 766 tute

2199 794 2637 864 profundissimae
2668 804 2794 849 sunt
2838 803 2892 850 et
2941 796 3364 866 investigabiles,
3395 800 3529 868 quod
3555 817 3628 857 me
3650 807 3726 859 sci.

2200 883 2325 937 licet
2354 883 2420 937 ad
2449 881 2815 937 conﬁtendum
2846 892 2901 939 et
2931 883 3269 953 psallendum
3296 886 3532 956 adjuvas,
3556 898 3602 943 et
3627 892 3733 948 alios

2200 976 2477 1046 reprobus.
2506 976 2639 1042 Quia
2687 990 2815 1031 vero
2852 993 2910 1032 se
2957 977 3208 1044 ignorare
3247 979 3506 1046 innuerat,
3536 999 3627 1053 qua
3650 988 3735 1041 dis-

2199 1070 2466 1140 positione
2498 1085 2525 1123 a
2556 1068 2665 1123 Deo
2689 1067 3057 1137 adiuvaretur,
3088 1085 3210 1126 cum
3236 1072 3391 1126 multi
3424 1076 3728 1143 reprobat-en-

2205 1170 2311 1226 tur,
2353 1175 2418 1214 ne
2451 1157 2706 1215 similiter
2750 1159 3000 1228 ignorare
3038 1172 3340 1232 putaretur,
3376 1164 3444 1216 ad
3482 1167 3597 1233 quid
3619 1182 3732 1223 esset

2201 1250 2467 1305 Inalorum
2523 1250 2853 1320 prosperitas
2906 1252 3223 1318 devcntura,
3278 1253 3544 1309 interitum
3587 1272 3734 1314 eorum

2200 1341 2459 1396 ostendit.
2509 1356 2669 1410 quem
2718 1356 2813 1397 eos
2843 1341 3091 1412 ignorare
3120 1343 3272 1397 dicit.
3324 1344 3391 1399 Et
3435 1344 3530 1400 hoc
3559 1347 3736 1405 facitad

2201 1433 2506 1487 auditorum
2531 1433 2959 1499 instructionem,
2986 1434 3083 1505 ipsi
3116 1444 3175 1489 ut
3204 1436 3307 1489 sibi
3338 1448 3556 1491 caveant
3582 1454 3638 1495 ne
3665 1457 3738 1510 per

2202 1528 2590 1596 ignorantiam,
2643 1529 2709 1584 ad
2753 1531 2999 1585 eumdem
3049 1531 3326 1585 interitum
3378 1533 3602 1587 veniant.
3653 1534 3738 1591 [loc

2201 1619 2384 1688 itaque
2416 1621 2493 1676 sic
2541 1622 2843 1692 adoptatur,
2880 1630 2935 1676 ut
2988 1622 3384 1693 aliquantulum
3410 1635 3554 1679 extra
3584 1627 3736 1682 librum

2202 1711 2529 1780 suppleatur.
2575 1711 2703 1766 Dico
2756 1713 2897 1782 quod
2935 1713 3052 1767 istac
3099 1715 3440 1783 cogitationes
3488 1724 3583 1770 tute
3618 1718 3740 1771 nimis

518 1814 616 1853 sua
643 1806 834 1868 putant
862 1812 891 1849 a
918 1797 1026 1850 Deo
1064 1794 1116 1850 in
1152 1795 1569 1865 prosperitatcm
1600 1794 1717 1849 dari
1746 1812 1758 1847 :
1807 1795 1907 1849 hoc
1958 1794 2098 1863 quod
2134 1806 2175 1860 Β
2201 1810 2326 1855 sunt
2351 1801 2650 1870 profundat,
2688 1803 2916 1872 ideoque
2940 1818 2968 1857 a
2997 1818 3084 1858 me
3109 1804 3443 1873 ignorantur.
3474 1804 3579 1861 Hoc
3598 1818 3739 1861 atitem

518 1894 575 1947 in
615 1892 975 1963 prosperitate
1034 1900 1159 1944 sunt
1198 1905 1294 1959 per
1346 1889 1438 1943 Dei
1489 1887 1915 1943 misericordiam
1959 1900 2097 1950 esse,

519 1993 574 2038 ct
599 1983 777 2038 eundo
805 1982 871 2038 ad
912 1980 1342 2035 annuntiandum
1383 1994 1505 2034 esse
1548 1980 1811 2033 veritafem
1845 1988 1985 2031 tuam
2010 1993 2101 2047 per

520 2082 748 2137 noctem,
783 2072 835 2125 id
862 2079 945 2126 est
974 2084 1093 2125 esse
1125 2083 1306 2123 verum
1336 2078 1388 2122 et
1412 2069 1616 2137 justqu
1654 2067 1915 2138 judicium
1951 2075 2098 2120 tuum

519 2180 618 2235 per
647 2164 1048 2220 adversitatem.
1095 2161 1245 2229 Quod
1292 2171 1377 2215 est
1422 2162 1642 2215 dicere:
1693 2159 1759 2215 Et
1801 2161 1900 2214 hoc
1942 2160 2100 2214 debet

521 2256 703 2313 idiotis
728 2254 1035 2310 annuntiari
1068 2270 1097 2308 a
1131 2253 1425 2309 conﬁtente
1466 2264 1519 2308 et
1563 2253 1858 2324 psallente,
1901 2254 1991 2321 qui
2043 2268 2101 2307 se

521 2356 715 2417 putant
745 2345 940 2415 injuste
968 2346 1193 2401 adversa
1222 2346 1331 2415 pati
1351 2386 1364 2409 ,
1393 2344 1535 2414 quod
1579 2361 1675 2414 per
1721 2354 1886 2399 totam
1912 2361 2099 2400 eorum

523 2440 904 2495 adversitalem
950 2454 1044 2494 eos
1087 2437 1292 2507 justum
1329 2438 1419 2492 Dei
1460 2436 1722 2506 judicium
1769 2438 2098 2504 comitatur,

523 2534 730 2589 scilicet
756 2532 897 2602 quod
933 2532 1109 2587 omnis
1132 2545 1319 2585 eorum
1348 2531 1671 2595 adversitas,
1711 2532 1858 2601 justo
1898 2531 2101 2601 judicio

524 2624 618 2677 Dei
671 2622 954 2693 contingit.
1013 2620 1318 2676 Notandum
1374 2622 1515 2690 quod
1567 2636 1687 2675 cum
1742 2623 1893 2691 prius
1952 2623 2101 2692 ponit

523 2714 711 2769 bonum
751 2728 872 2770 esse
898 2711 1204 2782 conﬁteriet
1247 2712 1487 2783 psallere,
1523 2724 1707 2782 postea
1731 2728 1859 2767 vero
1882 2729 2096 2767 annun-

525 2808 686 2874 tiare,
711 2806 888 2861 innuit
913 2803 1051 2875 quod
1081 2804 1229 2875 prius
1251 2819 1690 2874 unumquemque
1724 2804 1877 2859 decet
1911 2804 2020 2858 Deo
2046 2804 2096 2857 in

521 2913 580 2953 se
601 2897 843 2953 conﬁteri
868 2905 921 2951 et
943 2895 1193 2967 psallere,
1224 2905 1407 2967 postea
1434 2910 1562 2951 vero
1587 2896 1726 2952 istud
1746 2897 1883 2952 idem
1908 2896 2027 2951 aliis
2043 2906 2099 2954 et

520 2989 770 3061 exemplo
791 2998 843 3045 et
868 2989 1045 3045 verbis
1071 2990 1415 3044 annuntiare.
1442 2988 1688 3046 Ostendit
1712 3001 1893 3046 autem
1922 2992 1972 3046 in
1991 3009 2097 3062 quo

524 3082 645 3135 aliis
676 3089 731 3135 et
772 3080 844 3135 sit
874 3080 981 3136 Deo
1015 3080 1349 3150 psallendum
1373 3123 1386 3145 ,
1424 3098 1544 3135 cum
1582 3082 1757 3136 addit:
1796 3083 1922 3138 Dico
1956 3084 2096 3152 quod

2203 1908 2308 1947 non
2341 1893 2537 1962 ignoro‘
2562 1896 2701 1964 quod
2730 1896 2981 1966 insipiens
3004 1906 3050 1950 et
3073 1897 3269 1951 stultus
3292 1898 3583 1953 interibunt
3602 1900 3647 1953 in
3667 1918 3742 1953 se.

2202 1977 2374 2031 culum
2414 1979 2612 2041 strculi,
2648 1978 2700 2033 id
2730 1989 2815 2035 est
2847 1980 2899 2034 in
2932 1989 3214 2047 aeternum,
3250 1997 3377 2037 cum
3409 1984 3510 2038 hoc
3533 1985 3597 2039 sit
3633 1986 3741 2054 quod

2203 2068 2287 2121 hic
2315 2068 2541 2122 ﬂoreant
2590 2068 2827 2125 breviter
2853 2083 2909 2126 et
2951 2072 3286 2139 transitorie,
3318 2075 3386 2129 ad
3420 2079 3623 2130 modum
3661 2075 3743 2130 feni

2203 2157 2355 2227 cujus
2382 2158 2476 2213 llos
2505 2161 2609 2215 cito
2640 2161 2859 2216 decidit.
2887 2161 3150 2217 Cazterum
3183 2166 3261 2218 vir
3294 2165 3557 2234 insipiens,
3600 2182 3646 2220 tu
3682 2176 3743 2220 est

2204 2248 2435 2303 infidelis
2464 2250 2554 2319 qui
2585 2252 2751 2305 Deum
2783 2268 2886 2307 non
2925 2254 3081 2324 sapit,
3110 2265 3157 2308 et
3180 2254 3393 2323 stultus,
3425 2256 3476 2310 id
3515 2266 3592 2311 est
3616 2258 3745 2310 talsus

2201 2340 2563 2408 Christianus,
2600 2345 2689 2413 qui
2734 2361 2857 2400 cum
2898 2345 2993 2400 Dei
3025 2348 3273 2402 notitiam
3315 2349 3538 2414 habeat,
3584 2350 3743 2403 intelli-

2202 2445 2329 2501 gere
2355 2441 2533 2500 posset
2563 2435 2705 2502 quod
2736 2435 2861 2489 mali
2902 2434 3049 2505 justo
3089 2435 3295 2505 judicio
3324 2438 3418 2492 Dei
3473 2439 3741 2493 interibunt.

2204 2531 2383 2576 tamen
2403 2523 2763 2580 obstinatione
2780 2525 2998 2581 malitiae
3019 2542 3128 2581 sua:
3149 2538 3476 2593 excaecatus,
3506 2546 3600 2583 non
3624 2529 3747 2581 intel-

2201 2612 2321 2681 liget
2346 2614 2477 2676 Iia‘c,
2504 2614 2911 2672 veroetellicaci
2943 2618 3235 2683 intellectu,
3259 2631 3315 2672 ut
3344 2622 3592 2675 intereunt
3614 2622 3657 2674 in
3672 2638 3745 2674 sa’c

2201 2703 2374 2757 culum
2396 2706 2595 2772 sa'culi,
2628 2706 2680 2762 id
2704 2716 2787 2763 est
2817 2718 2874 2763 ut
2899 2711 2950 2765 in
2978 2721 3240 2766 :eternum
3265 2712 3376 2767 sint
3408 2713 3642 2767 morituri
3662 2730 3746 2767 om-

2202 2812 2289 2851 nes
2316 2799 2404 2867 qui
2426 2811 2839 2869 perseveranter
2861 2812 3143 2871 operantur
3166 2804 3513 2874 iniquitatem.
3540 2804 3651 2859 Cum
3670 2807 3746 2861 hoc

2201 2887 2270 2941 sit
2289 2890 2430 2957 quod
2455 2890 2541 2944 hic
2566 2894 2732 2945 exorti
2752 2892 2948 2961 fuerint
2972 2895 3106 2947 sicut
3129 2895 3330 2964 fenum,
3362 2896 3415 2951 id
3444 2905 3527 2952 est
3551 2913 3659 2952 cum
3682 2898 3749 2951 hic

2201 2982 2470 3035 creverint
2498 2983 2549 3037 in
2585 2993 2796 3040 terrena
2842 2989 3220 3059 prosperitate,
3273 2990 3341 3044 ad
3379 2991 3746 3045 similitudinem

2204 3075 2332 3144 feni,
2356 3081 2497 3149 quod
2521 3082 2630 3139 cito
2652 3086 2866 3151 crescit,
2901 3094 2954 3141 et
2983 3088 3091 3143 cito
3124 3089 3439 3156 marcescit,
3466 3099 3520 3145 et
3544 3106 3653 3145 cum
3673 3089 3749 3142 hoc

524 3175 713 3225 bonum
771 3180 843 3226 est
910 3169 1131 3239 psallere
1158 3212 1171 3235 ,
1215 3169 1421 3226 scilicet
1475 3171 1673 3226 bonum
1727 3182 1808 3226 est
1873 3150 2099 3242 psallere
2130 3150 2172 3211 (ἶ
2206 3169 2277 3223 sit
2305 3172 2447 3239 quod
2483 3172 2571 3227 hic
2617 3150 2967 3244 apparuerint
3011 3178 3129 3232 aliis
3160 3180 3211 3232 in
3241 3177 3375 3234 ﬂore
3424 3150 3750 3249 prosperitatis

521 3266 577 3316 in
617 3260 864 3332 psalterio
904 3260 1267 3324 decue/tardo,
1320 3261 1370 3314 id
1427 3270 1509 3315 est
1570 3261 1620 3314 in
1678 3262 1857 3317 anima
1909 3263 2096 3319 decem

520 3356 806 3424 praeceptis
861 3352 993 3424 legis
1049 3354 1332 3407 adornata.
1392 3354 1438 3406 A
1494 3353 1848 3409 similitudine
1901 3357 2097 3425 psalte-

523 3448 588 3501 rii
633 3444 954 3501 decachordi
974 3486 987 3509 ,
1018 3445 1069 3499 id
1099 3454 1179 3499 est
1203 3445 1363 3517 373
1397 3445 1581 3500 decem
1610 3447 1828 3501 chordis
1854 3448 2097 3503 adornati

522 3539 718 3608 quibus
764 3547 1004 3593 resonat.
1044 3538 1194 3603 Quod
1242 3546 1325 3591 est
1370 3537 1591 3592 dicere:
1648 3539 1855 3592 Bonum
1902 3547 1985 3593 est
2034 3555 2097 3593 cx

523 3630 807 3685 aii‘cctioue
830 3630 1024 3684 anima:
1065 3630 1248 3685 decem
1295 3638 1685 3700 przeceptorum
1713 3642 1905 3685 ornatu
1954 3647 2101 3686 reso‘

526 3734 691 3779 nante
715 3723 853 3778 bene
877 3723 1125 3792 operari,
1159 3731 1213 3777 et
1240 3738 1343 3778 non
1374 3723 1573 3790 invite,
1604 3710 1698 3779 sed
1726 3742 1841 3779 cum
1874 3726 2098 3789 cantico,

522 3818 576 3872 id
600 3825 685 3873 est
709 3831 831 3872 cum
859 3831 1065 3870 summa
1091 3815 1468 3885 jucunditate,
1509 3827 1565 3872 et
1609 3817 1893 3874 existendo
1932 3820 1987 3873 in
2029 3822 2100 3873 ci-

522 3910 703 3973 thara,
754 3907 807 3963 id
854 3917 939 3962 est
985 3907 1165 3962 carnis
1210 3906 1647 3962 ntortilicatione.
1699 3908 1862 3962 Decet
1905 3910 2101 3979 quippe

521 4015 741 4055 carnem
770 4000 1121 4064 mortiﬁcare,
1152 4014 1219 4053 ne
1250 3998 1351 4069 legi
1397 4000 1594 4055 mentis
1623 3999 1800 4054 valeat
1839 4015 2097 4071 repugna-

520 4104 598 4146 re.
632 4111 649 4143 ‹
681 4089 784 4158 Qui
826 4089 971 4145 enim
1001 4099 1127 4145 sunt
1170 4089 1403 4157 Christi,
1446 4106 1667 4145 carnem
1716 4106 1903 4157 suam,
1930 4100 1987 4146 ut
2028 4092 2103 4146 ait

520 4183 846 4254 Apostolus,
877 4182 1202 4253 crnciﬁgunt
1228 4179 1425 4253 (Galat.
1454 4198 1505 4249 v,
1542 4182 1653 4252 24).
1690 4203 1708 4236 ι

590 4273 838 4329 Ostendit
864 4281 1044 4327 autem
1070 4273 1136 4328 ad
1162 4272 1482 4327 humilitatis
1504 4274 1830 4345 exemplum,
1856 4291 1950 4346 per
1973 4276 2100 4346 quid

523 4365 572 4420 ei
603 4365 802 4419 bonum
834 4366 903 4420 sit
946 4364 1055 4419 Deo
1094 4365 1339 4420 contitcri
1382 4376 1435 4421 et
1464 4365 1711 4436 psallere,
1755 4384 1875 4422 cum
1907 4369 2055 4423 addit
2087 4388 2098 4422 ε

2201 3275 2310 3315 suae
2339 3262 2529 3318 famosi
2579 3275 2634 3319 et
2681 3264 2897 3336 gloriosi
2927 3284 2940 3322 :
2974 3269 3102 3323 Dico
3132 3271 3277 3338 quod
3329 3270 3431 3339 ipsi
3473 3270 3746 3325 interibunt.

2205 3350 2281 3405 Tu
2318 3363 2515 3421 autem,
2549 3354 2789 3421 Domine,
2822 3357 2945 3422 Fili,
2991 3360 3079 3429 qui
3129 3360 3476 3430 omnipotens
3518 3362 3651 3415 visus
3686 3376 3747 3421 es,

2202 3440 2502 3498 Altissimus
2531 3447 2834 3515 apparebis,
2866 3448 2917 3502 id
2944 3458 3027 3503 est
3051 3451 3422 3520 omnipotens,
3450 3451 3501 3505 in
3538 3451 3749 3505 salvatio-

2203 3550 2270 3590 ne
2298 3546 2533 3604 tuorum,
2562 3538 2690 3592 etin
2715 3540 2859 3610 justa
2882 3541 3183 3610 perditione
3205 3543 3503 3597 malorum:
3527 3542 3749 3610 Quoniam

2203 3642 2330 3698 ergo
2358 3629 2590 3693 dixerat,
2620 3639 2675 3683 ut
2706 3631 2979 3697 intereant,
3015 3643 3199 3704 posset
3222 3637 3417 3705 quaeri.
3453 3634 3625 3702 Quare
3645 3634 3750 3689 dicis

2203 3726 2256 3768 ut
2287 3717 2591 3771 intereant?
2619 3719 2696 3771 Ad
2731 3721 2871 3789 quod
2919 3722 2999 3777 sic
3042 3724 3331 3793 respondet
3358 3740 3371 3777 :
3406 3723 3547 3778 Bene
3576 3724 3680 3779 dico
3705 3732 3746 3773 ul

2204 3808 2475 3871 intereant,
2506 3812 2753 3879 quoniam
2780 3827 2893 3865 ecce
2916 3811 3026 3879 jam
3059 3814 3189 3867 mihi
3216 3824 3425 3869 certum
3454 3826 3534 3869 est
3575 3824 3627 3869 ut
3648 3830 3751 3885 pre

2204 3914 2347 3964 scns,
2380 3901 2518 3967 quod
2543 3902 2743 3956 inimici
2769 3905 2849 3958 lui
2877 3904 3118 3960 inﬁdeles
3147 3908 3391 3975 peribunt
3431 3910 3479 3963 in
3511 3908 3693 3970 futuro,
3714 3917 3750 3958 et

2203 4005 2376 4043 omnes
2402 3991 2493 4059 qui
2529 4004 2811 4061 operantur
2851 3978 3200 4065 iniquitatem,
3234 3998 3441 4053 scilicet
3482 3998 3597 4053 falsi
3623 3998 3751 4053 Cliti.

2203 4086 2383 4146 stiani,
2412 4090 2793 4155 dispergentur,
2844 4087 2894 4141 id
2925 4097 3009 4143 est
3037 4092 3436 4160 separabantur
3461 4084 3751 4150 a'eonsortio

2203 4177 2600 4233 salvandorum.
2635 4177 2767 4244 Quia
2791 4187 2970 4233 autem
3003 4181 3197 4248 repetit
3224 4198 3341 4236 ecce
3368 4185 3563 4237 inimici
3583 4184 3671 4248 tui,
3699 4183 3748 4234 ad

2205 4269 2459 4339 majorem
2484 4269 2823 4323 inimicorum
2851 4272 3290 4339 perterritionem
3317 4272 3464 4328 facit.
3490 4275 3613 4330 Dico
3633 4276 3749 4344 qttod

2206 4360 2303 4432 ipsi
2348 4362 2584 4427 peribunt
2627 4369 2675 4414 et
2714 4360 3100 4430 dispergettfur,
3138 4374 3188 4417 et
3228 4379 3295 4419 ex
3341 4367 3583 4437 opposizo
3620 4380 3750 4420 contu

521 4453 651 4508 Dico
681 4453 821 4524 quod
848 4455 1036 4505 bonum
1062 4462 1136 4505 est
1169 4451 1273 4506 Deo
1300 4453 1535 4523 conﬁteri
1564 4464 1611 4508 et
1639 4455 1861 4525 psallere
1879 4497 1893 4520 ,
1920 4466 1974 4510 et
2002 4456 2097 4510 hoc

2206 4480 2395 4526 meum,
2429 4464 2479 4518 id
2514 4474 2597 4519 est
2620 4465 2925 4522 sublimitas
2951 4468 3209 4522 virtutum
3243 4484 3512 4536 mearum,-
3538 4471 3614 4525 vel
3654 4483 3751 4539 sps

522 4542 698 4615 ipsum
730 4540 872 4612 quod
902 4541 1031 4596 mihi
1062 4542 1260 4597 bonum
1301 4553 1406 4609 est,
1438 4560 1542 4599 non
1575 4554 1658 4600 est
1686 4560 1752 4601 ex
1785 4560 1889 4611 me,
1918 4547 2010 4602 sed
2034 4562 2096 4601 ex

523 4644 579 4689 te
610 4633 854 4688 Domine.
890 4632 1026 4698 Quia
1062 4633 1330 4688 delectasti
1362 4652 1440 4688 me
1467 4675 1481 4698 ,
1530 4636 1580 4689 id
1610 4644 1693 4689 est
1733 4652 1817 4690 me
1848 4637 2099 4691 delectari

522 4722 720 4788 fecisti,
754 4722 992 4789 Domine,
1016 4722 1068 4776 in
1099 4723 1302 4791 [actura
1332 4734 1442 4789 tua,
1470 4724 1521 4775 id
1568 4731 1649 4778 est
1678 4724 1729 4777 in
1762 4724 2099 4781 confessione

524 4828 580 4873 et
609 4816 813 4888 psalmo
827 4815 966 4886 quod
997 4816 1170 4871 fecisti
1205 4830 1324 4871 esse
1356 4816 1407 4869 in
1437 4830 1543 4882 me,
1568 4824 1622 4870 et
1648 4816 1715 4871 ab
1741 4816 1841 4870 hac
1868 4817 2101 4873 delecta-

523 4909 671 4963 tione
700 4923 805 4961 non
834 4907 1108 4972 desistam,
1143 4908 1235 4963 sed
1277 4916 1685 4975 perseveranter
1730 4909 1998 4963 exsultabo
2047 4911 2101 4963 in

525 4997 766 5067 operibus
813 5012 1062 5051 manuum
1115 5005 1345 5058 tuarum,
1404 4996 1453 5049 id
1486 5006 1569 5051 est
1598 4997 1650 5051 in
1674 4984 2101 5054 consideratione

524 5086 881 5144 confessionis
900 5094 953 5140 et
978 5083 1192 5155 psalmi,
1223 5098 1342 5153 qua:
1368 5095 1489 5139 sunt
1509 5100 1671 5155 opera
1695 5102 1950 5142 manuum
1981 5096 2097 5143 tua-

522 5193 665 5245 rum,
704 5176 756 5231 id
784 5185 869 5231 est
896 5173 1083 5246 gratiae
1106 5183 1230 5239 tute,
1254 5188 1371 5243 quae
1401 5190 1591 5230 manus
1622 5193 1859 5248 congrue
1883 5179 2098 5247 dicitur,

522 5285 594 5325 eo
619 5269 761 5339 quod
789 5283 885 5338 per
918 5282 1038 5322 eam
1070 5269 1334 5337 operaris,
1367 5278 1421 5322 et
1442 5270 1633 5326 merito
1658 5271 1709 5325 in
1744 5273 1825 5327 his
1852 5274 2102 5343 operibus

526 5359 825 5415 exsultabo.
857 5357 991 5412 Nam
1022 5375 1179 5427 quam
1206 5361 1562 5432 magniﬁcam,
1597 5362 1648 5417 id
1691 5373 1773 5419 est
1803 5365 1956 5421 valde
1986 5383 2100 5421 ma«

529 5451 799 5522 gniﬁcata,
832 5459 951 5504 sunt
975 5450 1027 5503 in
1056 5465 1159 5517 me,
1199 5450 1310 5507 haec
1341 5469 1495 5521 opera
1527 5463 1638 5517 tua,
1681 5453 1916 5510 Domine.
1966 5456 2099 5524 Quia

530 5559 659 5600 vero
683 5550 864 5615 posset
888 5541 957 5596 ab
987 5541 1163 5611 aliquo
1198 5545 1382 5613 qumri,
1412 5546 1842 5616 quandoquidem
1869 5563 1964 5617 per
2012 5550 2100 5604 Dei

529 5638 756 5703 gratiam
801 5635 938 5689 bene
969 5635 1209 5703 operaris
1238 5644 1290 5689 et
1320 5636 1520 5704 psallis,
1551 5653 1716 5707 quare
1745 5640 1906 5693 etiam
1947 5640 2102 5711 quili-

526 5726 615 5785 bet
643 5727 815 5783 malus
846 5727 911 5782 ab
935 5725 1117 5781 eadem
1150 5728 1319 5799 gratia
1360 5731 1423 5786 ad
1452 5731 1552 5788 hoc
1576 5732 1787 5801 quidem
1816 5749 1920 5790 non
1949 5736 2095 5805 adju-

2205 4567 2322 4607 mea
2350 4569 2469 4622 qua:
2496 4552 2651 4610 furtis
2680 4563 2784 4619 est,
2814 4565 2870 4609 et
2918 4558 2969 4609 in
3015 4555 3182 4609 altum
3220 4571 3543 4614 excrescens
3573 4560 3633 4612 ad
3662 4574 3751 4612 nm-

2203 4640 2328 4719 dum
2354 4657 2541 4707 cornu,
2575 4646 2916 4700 exaltabitur.
2949 4644 3000 4699 id
3030 4656 3111 4701 est
3149 4648 3322 4717 magis
3351 4658 3405 4703 et
3434 4650 3596 4719 magis
3620 4650 3666 4701 in
3691 4646 3748 4698 al-

2204 4745 2313 4789 tum
2339 4737 2907 4806 promovebitur,sicut
2931 4740 3214 4804 unicornis,
3238 4739 3289 4793 id
3315 4750 3400 4796 est
3422 4753 3594 4811 utpote
3614 4755 3749 4797 cornu

2201 4841 2379 4881 meum
2404 4828 2493 4898 qui
2518 4830 2787 4885 unicornis
2806 4846 2945 4895 sum,
2970 4831 3178 4885 scilicet
3201 4848 3365 4885 unam
3390 4834 3585 4888 habens
3606 4846 3748 4900 spent.

2205 4917 2359 4972 [idem
2414 4927 2467 4972 et
2516 4920 2859 4986 charitatem,
2907 4936 3011 4974 non
3044 4922 3270 4977 diversis
3300 4923 3592 4978 hmrcsibus
3616 4918 3749 4993 375

2206 5009 2514 5079 implicitus.
2555 5009 2619 5064 Et
2653 5012 2706 5065 in
2736 5010 2913 5067 futuro
2962 5022 3196 5067 senectus
3250 5030 3387 5079 mea,
3445 5016 3492 5068 id
3543 5025 3617 5069 est
3666 5014 3747 5064 vita

2205 5100 2334 5153 mihi
2364 5110 2483 5169 post
2511 5111 2741 5157 mortem
2763 5143 2776 5167 ,
2813 5118 2840 5155 a
2874 5104 2981 5158 Deo
3019 5104 3289 5169 donanda,
3334 5121 3456 5173 qua:
3483 5106 3663 5159 dicitur
3685 5117 3748 5154 sc-

2204 5197 2428 5254 nectus,
2477 5206 2541 5246 eo
2585 5194 2729 5261 quod
2778 5182 3071 5249 novissima
3113 5195 3237 5260 erit,
3273 5196 3339 5249 ad
3380 5194 3747 5249 similitudinem

2203 5283 2516 5348 senectutis,
2543 5299 2662 5353 quae
2684 5286 2973 5341 novissima
3000 5301 3126 5357 pars
3148 5296 3232 5341 est
3253 5286 3380 5342 vita:
3402 5285 3643 5347 hominis,
3665 5284 3747 5337 erit

2202 5376 2256 5429 in
2288 5376 2643 5429 misericordia
2667 5377 2828 5441 uberi,
2858 5378 2910 5432 id
2931 5388 3012 5434 est
3032 5378 3271 5448 copiosa.
3297 5378 3453 5446 Quod
3475 5388 3552 5433 est
3571 5376 3745 5430 diei-re:

2204 5463 2335 5518 Cum
2369 5465 2457 5518 hic
2488 5463 2580 5518 Dei
2612 5465 2710 5519 sim
2743 5465 2965 5536 adeptus
2996 5469 3444 5535 misericordiam,
3475 5484 3564 5539 per
3588 5480 3749 5537 peccao

2206 5566 2378 5610 torum
2412 5557 2787 5613 remissionem
2811 5600 2825 5624 ,
2857 5559 2906 5613 in
2941 5558 3120 5614 futuro
3150 5562 3427 5630 cepiosam
3476 5560 3747 5617 n’tisericor-

2204 5646 2347 5701 diam
2365 5647 2416 5700 in
2442 5658 2719 5704 senectute
2734 5666 2849 5704 mea
2874 5648 3160 5719 adipiscar,
3175 5667 3298 5705 eum
3324 5653 3629 5708 immortalis
3645 5652 3746 5703 liam

2204 5748 2251 5796 et
2270 5738 2840 5811 itttpassibilis.Vt-lsic
2868 5760 2879 5795 :
2912 5742 3222 5799 Etscncctus
3252 5760 3389 5813 mea,
3417 5746 3464 5800 id
3478 5755 3746 5801 estmorae:
