3872 6320
110 393 116 400 .
130 391 132 393 -
203 381 239 406 -ια

91 410 221 463 1155

1017 380 1412 457 'Exrosrr'to'
1435 386 1520 456 iis"
1540 385 1994 457 esu-3105;":
2020 401 2213 457 rs.th
2258 384 2436 456 xcu.‘

3187 405 3327 460 “34

87 533 322 574 meorum
360 515 620 587 gravitas,
651 528 769 583 qua:
799 527 897 581 pro
934 520 1212 568 senectute
1260 513 1538 581 accipitur,
1579 529 1644 568 eo
1670 520 1718 574 Λ
1750 529 1856 567 non
1876 514 1955 567 sic
1980 524 2158 568 rectus
2189 522 2245 566 ut
2271 513 2516 568 homines
2546 514 2636 583 qui
2666 529 2730 569 ex
2759 531 2911 585 parte
2937 522 3066 576 recti
3096 530 3246 586 sunt,
3275 530 3326 576 et

86 609 223 680 quod
253 610 306 662 in
319 606 534 666 senibus
553 619 757 658 morum
783 603 1022 673 gravitas
1046 603 1263 668 existat,
1294 604 1397 658 erit
1423 604 1475 657 in
1497 604 1649 657 misc—

84 696 305 751 ricordia
329 695 491 758 uberi,
531 693 584 749 id
609 701 687 748 est
719 693 946 749 ubertim
971 692 1422 748 remunerabitur.
1449 691 1516 745 Et
1547 693 1650 746 hoc

83 787 338 851 contuitu,
365 785 613 856 despexit,
643 783 692 838 id
718 791 800 839 est
824 783 1103 854 despiciet,
1136 784 1314 838 oculus
1342 799 1482 838 meus
1513 783 1650 837 intc-

81 881 204 944 rior,
235 877 438 933 scilicet
463 876 599 934 ratio
628 891 764 939 mea,
802 875 1040 929 inimicos
1082 891 1220 929 nteos
1266 874 1549 929 interiores
1595 881 1651 927 et

79 967 440 1030 exteriores,“
464 964 844 1036 insurgentibus
881 965 935 1018 in
952 982 1030 1018 me
1049 963 1478 1035 malignantibus,
1492 963 1544 1017 id
1567 972 1651 1017 est

78 1073 190 1114 cum
221 1062 592 1126 persecutores
616 1053 846 1124 maligne
864 1055 1400 1124 agentes,adversum
1417 1068 1503 1107 me
1529 1068 1650 1122 per-

77 1145 432 1202 secutionibus
455 1144 753 1220 insurgent,
769 1145 836 1198 ad
859 1145 1287 1200 exhortationem
1314 1145 1416 1199 tnei
1433 1159 1499 1198 ne
1515 1145 1647 1199 deli-

81 1239 238 1300 ciam,
267 1235 438 1290 audiet
464 1235 611 1292 auris
641 1251 753 1288 mea
786 1231 1029 1299 interior,
1072 1234 1279 1289 scilicet
1304 1234 1451 1289 auris
1483 1233 1646 1289 ratio-

83 1327 158 1381 nis
184 1326 417 1381 audieta
463 1324 687 1396 spiritus
729 1325 1080 1395 inspiratione
1125 1326 1257 1382 mihi
1292 1326 1518 1380 interius
1567 1325 1645 1381 lo-

82 1425 344 1486 quentem.
374 1416 436 1469 Et
458 1430 585 1470 ecce
611 1415 714 1470 hoc
738 1415 869 1469 mihi
894 1415 1033 1470 dicet
1063 1434 1076 1468 :
1103 1414 1222 1470 Noli
1255 1415 1446 1470 timore
1469 1416 1645 1469 insur-

81 1509 303 1579 gentium
325 1524 353 1563 a
376 1508 582 1579 justitia
601 1517 691 1568 tua
714 1508 962 1563 deficere.
993 1506 1180 1563 Omnis
1200 1510 1342 1563 enim
1361 1508 1533 1577 justus
1545 1509 1642 1577 [lo-

82 1601 197 1652 rebit
226 1610 280 1652 ut
309 1598 500 1668 palma,
536 1599 588 1653 id
615 1609 699 1658 est
722 1599 788 1654 ad
817 1598 1226 1654 sitni'itudinem
1247 1597 1458 1668 palmae.
1488 1597 1642 1652 Sicut

80 1691 210 1744 enim
241 1691 412 1761 palma
447 1691 609 1746 arbor
638 1691 692 1746 in
738 1689 980 1745 inferiori
1027 1701 1182 1762 parte
1207 1706 1372 1762 prepe
1418 1700 1639 1753 terram,

81 1781 272 1836 scilicet
302 1781 506 1850 hispida
535 1789 620 1836 est
663 1788 718 1835 et
748 1781 1026 1836 tuberibus
1059 1781 1239 1852 plena,
1290 1781 1342 1834 itt
1376 1780 1638 1850 superiori

1752 619 1814 659 ex
1845 613 1996 673 parte
2023 605 2212 674 iniqui,
2243 606 2337 659 sed
2363 605 2433 658 ita
2473 606 2706 675 perfecte
2733 618 2912 665 rectus
2951 613 3092 681 quod
3121 630 3227 667 non
3252 625 3328 668 est

1750 692 1997 762 iniquitas
2045 692 2223 762 aliqua
2283 694 2336 746 in
2382 707 2468 748 eo.
2522 692 2684 748 Juxta
2719 696 2862 764 quod
2908 698 2975 752 de
3013 715 3078 754 eo
3114 701 3327 771 Moyses

1751 784 1882 838 dicit
1909 803 1920 837 :
1951 803 1969 835 ‹
2005 784 2144 839 Deus
2165 784 2354 850 fidelis,
2384 796 2437 838 et
2461 786 2666 856 absque
2690 785 2798 840 ulla
2825 785 3328 857 iniquit_ate,justus

1751 883 1804 929 et
1829 884 2005 930 rectus
2032 875 2208 946 (Deut.
2241 892 2410 939 χχχιι,
2441 877 2518 945 4).
2559 897 2578 929 ι
3015 863 3018 866 ’

2137 967 2142 974 ’
2205 967 2272 1022 IN
2325 968 2656 1024 PSALMUM
2711 969 2867 1025 XCII.

1821 1054 2030 1110 Titulus
2061 1057 2390 1127 nonagesimi
2424 1059 2665 1113 secundi.
2712 1058 2855 1112 Laus
2905 1060 3096 1114 cantici
3138 1059 3331 1125 David,

1748 1145 1801 1199 in
1838 1145 1920 1199 die
1942 1157 2061 1199 atate
2081 1145 2388 1212 Sabbatum,
2411 1147 2621 1218 quando
2645 1147 2864 1215 fundata
2881 1156 2954 1201 est
2985 1158 3144 1202 terra.
3177 1147 3330 1216 Quod

1747 1236 1825 1289 sic
1872 1236 2195 1304 exponitur:
2244 1236 2405 1308 375
2443 1236 2685 1292 Psahnus
2712 1238 2814 1292 iste
2862 1247 2944 1292 est
2982 1238 3099 1293 laus
3136 1239 3330 1304 David,

1747 1326 1799 1380 id
1825 1337 1909 1380 est
1940 1327 2113 1381 factus
2139 1342 2167 1380 a
2206 1326 2472 1396 Propheta
2504 1330 2570 1381 ad
2611 1327 2820 1384 laudem
2849 1327 3050 1383 Christi
3076 1329 3190 1384 veri
3221 1329 3330 1382 Da-

1745 1416 1932 1480 vid,et
1965 1424 2047 1470 est
2079 1416 2195 1470 laus
2239 1418 2449 1482 cantici,
2490 1417 2540 1472 id
2586 1428 2668 1474 est
2727 1419 2906 1474 nimiae
2951 1418 3328 1487 jucunditatis,
3385 1485 3390 1492 _

1744 1505 1923 1560 habita
1952 1507 2006 1560 in
2033 1507 2116 1560 die
2145 1517 2264 1560 anle
2285 1506 2592 1573 Subbatum,
2619 1509 2673 1563 id
2700 1519 2784 1565 est
2809 1511 2862 1564 in
2893 1511 3330 1567 consideratione

1745 1609 1912 1654 sextae
1938 1599 2063 1664 diei,
2096 1615 2215 1670 quae
2251 1606 2335 1655 est
2364 1609 2488 1654 ante
2514 1601 2830 1665 Sabbatum,
2862 1602 3070 1658 scilicet
3114 1603 3165 1656 in
3197 1617 3328 1658 con-

1743 1693 2072 1749 sideratione
2116 1703 2284 1749 sexta:
2334 1695 2533 1760 aetatis,
2579 1711 2700 1764 qua:
2751 1696 3026 1766 designata
3076 1695 3177 1751 fuit
3235 1711 3330 1768 per

1742 1781 1884 1836 diem
1915 1796 2039 1837 ante
2070 1782 2386 1849 Sabbatum,
2420 1785 2472 1838 in
2507 1800 2612 1853 qua
2640 1784 2781 1840 Deus
2802 1785 3074 1840 hominem
3103 1790 3327 1840 creavit.

81 1886 196 1926 vero
218 1880 369 1942 parte
393 1871 634 1941 speciosa
667 1879 721 1926 et
749 1871 963 1938 ﬂorida,
1003 1873 1072 1926 ita
1123 1883 1175 1926 et
1211 1869 1393 1940 justus
1439 1871 1493 1924 in
1539 1871 1640 1924 hac
1677 1877 1716 1931 Β
1743 1873 2020 1945 Leguntur
2046 1875 2243 1945 quippe
2271 1891 2366 1930 sex
2398 1875 2582 1935 mundi
2615 1886 2821 1940 tetates,
2850 1876 2990 1931 sicut
3030 1891 3126 1931 sex
3156 1877 3327 1945 septi-

82 1965 178 2018 vita
205 1963 383 2018 infima
412 1963 653 2034 hispidus
676 1973 778 2031 est,
806 1973 862 2020 et
884 1963 1317 2019 tribulationibus
1349 1963 1556 2034 plenus.
1583 1963 1638 2017 In

83 2057 327 2128 superiori
356 2071 482 2112 vero
508 2057 618 2114 vita
663 2065 890 2124 aeterna,
928 2057 1034 2113 erit
1061 2058 1392 2114 beatitudine
1419 2057 1640 2113 ﬂoridus

84 2159 131 2204 et
156 2148 488 2219 conspicuus,
529 2158 576 2203 et
619 2149 1048 2220 multiplicabilur
1073 2151 1125 2205 in
1151 2149 1481 2206 beatitudine
1508 2150 1639 2204 sicut

83 2241 248 2294 cedrus
269 2239 476 2307 Libani,
507 2241 558 2296 id
588 2250 668 2304 est
703 2240 768 2295 ad
807 2241 1215 2298 similitudinem
1248 2242 1393 2298 cedri
1425 2241 1636 2307 Libani,

87 2347 190 2400 qua:
216 2333 374 2388 altior
391 2342 472 2388 est
497 2332 616 2388 aliis
644 2334 843 2389 eedris.
882 2334 1033 2400 Quod
1063 2344 1144 2390 est
1175 2335 1354 2390 dicere
1380 2351 1394 2400 ;
1419 2334 1476 2388 ln
1509 2335 1644 2388 Inul-

87 2422 232 2490 tiplici
260 2423 591 2479 beatitudine
620 2424 864 2480 sublimis
890 2425 1014 2488 erit,
1049 2424 1114 2478 ad
1139 2425 1352 2480 modum
1376 2425 1520 2480 cedri
1554 2423 1641 2479 Li-

88 2515 216 2569 bani.
250 2515 341 2570 Vel
366 2516 446 2571 sic
472 2533 488 2572 :
517 2515 956 2587 Multiplicabitur
989 2527 1174 2587 utpote
1201 2517 1385 2571 cedrus
1413 2515 1600 2570 Libani
1623 2557 1639 2582 ,

88 2603 132 2657 id
156 2613 231 2658 est
253 2606 670 2673 candidationis,
699 2607 752 2661 id
777 2616 858 2662 est
887 2617 1068 2678 utpote
1093 2607 1348 2662 sublimes
1376 2608 1428 2662 in
1458 2608 1642 2663 candi-

90 2697 280 2753 datione
301 2699 579 2753 virtutum.
604 2699 842 2755 Libanus
862 2700 1078 2771 quippe,
1101 2701 1402 2754 candidatio
1423 2701 1639 2755 dicitttr.

148 2789 497 2863 Verbisigitur
511 2789 742 2862 Spiritus
758 2791 928 2846 sancti
943 2793 1009 2845 ad
1026 2793 1284 2862 majorem
1299 2791 1643 2848 suicxhorta-

93 2883 266 2938 tionem
300 2885 580 2956 appositis,
609 2885 723 2940 haec
750 2884 803 2938 in
828 2899 926 2937 sua
956 2897 1189 2953 persona
1218 2898 1382 2955 agens
1423 2869 1676 2953 exponit-

93 2975 156 3028 sic
184 2993 194 3026 :
221 2976 450 3047 Spiritus
475 2985 696 3032 sanctus
741 2974 904 3039 dicit,
937 2991 970 3030 ο
999 2976 1293 3039 auditores,
1343 2971 1641 3043 quodjusti

94 3065 350 3132 florebunt,
399 3077 456 3122 et
499 3082 627 3122 ecce
672 3067 824 3122 vobis
863 3066 988 3121 dico
1038 3065 1309 3136 quomodo
1354 3065 1639 3119 llorehnt.

95 3157 300 3213 Plantali
334 3160 441 3224 hic,
496 3160 706 3216 scilicet
733 3174 830 3229 per
862 3159 1090 3214 virtutes
1115 3168 1169 3213 et
1198 3158 1338 3213 bona
1387 3172 1548 3228 opera
1588 3159 1643 3212 in

1744 1979 1916 2018 mauae
1965 1963 2080 2018 dies
2124 1974 2319 2032 prteter
2367 1965 2680 2021 Sabhatum.
2743 1961 2926 2018 Prima
2973 1965 3138 2035 igitur
3199 1973 3330 2018 tetas

1742 2063 1829 2109 est
1860 2053 1929 2108 ab
1953 2054 2124 2108 Adam
2176 2069 2346 2124 usque
2387 2056 2454 2109 ad
2490 2054 2629 2120 Noe;
2679 2055 2907 2110 secunda
2939 2072 2968 2110 a
3004 2055 3114 2111 Noe
3160 2069 3330 2124 usque

1743 2147 1809 2200 ad
1847 2145 2156 2212 Abraham;
2183 2148 2334 2200 tertia
2370 2147 2440 2200 ab
2469 2146 2742 2200 Abraham
2777 2161 2945 2216 usque
2972 2147 3039 2200 ad
3082 2145 3325 2217 Moysen;

1743 2245 1930 2305 quarta
1967 2253 1998 2290 a
2051 2235 2232 2306 Moyse
2276 2252 2448 2306 usque
2495 2237 2561 2290 ad
2610 2235 2809 2302 David;
2867 2237 3049 2306 quinta
3077 2251 3107 2289 a
3161 2236 3332 2290 David

1743 2344 1914 2398 usque
1943 2328 2010 2382 ad
2047 2326 2305 2382 Joannem
2342 2327 2670 2397 Baptistam;
2709 2339 2853 2381 sexta
2875 2344 2905 2380 a
2928 2326 3135 2381 Joanne
3161 2341 3333 2396 usque

1743 2417 1810 2473 ad
1838 2419 1999 2472 finem
2030 2418 2233 2472 mundi.
2268 2417 2396 2484 Quae
2427 2428 2577 2471 sexta
2604 2428 2734 2472 artas
2763 2425 2846 2471 est
2873 2427 2994 2470 ante
3017 2416 3328 2482 Sabbatum,

1745 2509 1798 2563 id
1829 2519 1912 2565 est
1951 2510 2195 2580 proxima
2228 2508 2461 2563 Sabbato
2488 2550 2502 2574 ,
2552 2509 2758 2563 scilicet
2787 2517 3004 2563 :eterna:
3048 2508 3168 2563 vita:
3213 2524 3333 2577 qua:

1745 2616 1933 2656 revera
1963 2600 2257 2656 Sabbatum
2283 2611 2385 2669 est,
2421 2601 2474 2656 id
2500 2611 2584 2657 est
2617 2603 2829 2671 requies
2861 2602 3072 2670 quando
3109 2602 3333 2672 {undam

1743 2702 1816 2747 est
1846 2703 2006 2756 terra,
2041 2694 2092 2748 id
2121 2702 2205 2749 est
2239 2693 2291 2747 in
2318 2708 2424 2762 qua
2452 2701 2604 2748 sexta
2641 2702 2800 2747 actate
2831 2693 2972 2748 Deus
2996 2693 3236 2746 fundavit
3276 2692 3331 2746 in

1746 2784 1848 2839 fide
1902 2793 1958 2838 et
2012 2785 2306 2840 virtutibus
2359 2794 2559 2839 terram
2628 2784 2985 2848 immobilem,
3033 2784 3330 2839 Eeclesiam

1745 2874 1974 2930 scilicet.
2023 2875 2119 2931 Est
2169 2875 2330 2946 igitur
2376 2875 2430 2930 itt
2480 2877 2582 2930 hoc
2626 2874 2832 2946 psalmo
2888 2891 2990 2930 vox
3057 2877 3332 2945 prophetae

1744 2968 2082 3022 ostendentis
2113 2969 2181 3022 ad
2212 2967 2302 3022 Dei
2344 2967 2551 3022 laudem
2582 2967 3031 3037 prmparationem
3081 2968 3331 3022 Ecclesiae

1745 3075 1842 3128 per
1872 3059 2172 3114 doctrinam
2202 3058 2562 3130 apostolorum
2591 3068 2644 3113 et
2691 3059 3098 3128 persecutiones
3121 3075 3150 3112 a
3178 3060 3332 3129 prin-

1746 3150 1954 3219 cipibus
1981 3158 2135 3204 terra:
2171 3149 2300 3220 ipsis
2345 3148 2602 3220 apostolis
2653 3147 2848 3214 illatas,
2892 3157 2946 3205 et
2974 3150 3185 3205 tandem
3236 3150 3332 3204 Dei

94 3251 222 3304 domo
241 3253 347 3317 Dei,
363 3253 414 3308 id
429 3263 509 3308 est
533 3254 584 3308 in
607 3253 844 3309 Ecclesia
861 3253 914 3306 in
940 3251 1120 3307 futuro
1142 3251 1398 3322 ﬂorebunt
1420 3251 1472 3305 iu
1489 3260 1646 3305 teter-

1754 3238 1988 3310 polentia
2017 3240 2254 3294 sedatus.

95 3359 149 3395 na
174 3345 326 3412 gloria
351 3347 648 3402 existentes
665 3361 768 3400 non
787 3345 839 3399 in
867 3345 1034 3400 Domo
1066 3343 1180 3410 Dei,
1210 3343 1263 3397 id
1293 3351 1376 3397 εει
1399 3343 1450 3395 ἰιι
1469 3357 1649 3411 atqua-

95 3433 222 3492 litate
248 3438 577 3509 angelorum,
606 3437 695 3507 qui
721 3452 953 3507 superna
984 3437 1174 3491 domus
1200 3433 1292 3489 Dei
1309 3443 1455 3497 sunt,
1482 3432 1574 3486 sed
1595 3433 1650 3484 in

94 3532 362 3588 atriisillius
382 3532 570 3587 domus
592 3531 688 3586 Dei
709 3530 893 3595 nostri,
919 3529 970 3583 id
985 3539 1066 3584 est
1103 3529 1155 3582 iu
1196 3527 1454 3582 afﬁnitate
1473 3535 1521 3580 el
1551 3525 1652 3578 :ni-

96 3623 638 3696 ttoritateangelm'um,
664 3638 783 3692 qua:
805 3637 901 3692 per
923 3619 1120 3674 atrium
1135 3619 1445 3689 designatur
1467 3634 1480 3670 :
1507 3614 1648 3686 quod

99 3730 197 3768 cum
220 3713 1030 3784 sitdomuivicinum,indignius
1059 3721 1234 3765 tamen
1262 3718 1347 3764 est
1367 3724 1527 3778 quam
1557 3707 1652 3761 do-

101 3823 196 3861 tnus
209 3819 254 3862 et
269 3809 442 3862 minus
454 3807 766 3878 gloriosum.
785 3805 937 3872 Quod
950 3814 1030 3858 est
1049 3804 1228 3857 dicere
1243 3800 1356 3856 :Sie
1372 3798 1648 3869 ﬂorebunt,

105 3909 150 3950 ut
164 3899 349 3954 ctelicis
369 3899 650 3970 spiritibus
663 3892 1334 3965 sintaliquatenusallines,
1355 3899 1650 3944 nontamen

101 4006 450 4062 usquequaque
462 3990 664 4046 similes
679 3986 1151 4060 ettequales.Unde
1166 3984 1417 4038 nimirum
1430 3981 1654 4037 deleat.-

103 4099 154 4136 ae
166 4083 401 4140 Dominus
417 4093 673 4139 testatur:
696 4081 823 4148 «Qui
850 4080 1104 4134 minimus
1117 4089 1198 4132 est
1217 4078 1272 4130 in
1301 4091 1464 4147 regno
1490 4073 1628 4130 εωιυ

103 4190 216 4239 rum,
229 4177 390 4246 major
402 4187 492 4232 est
507 4175 597 4230 illo
611 4174 764 4246 (Luc.
781 4190 878 4239 vn,
897 4173 1008 4243 28).
1026 4192 1043 4223 ι
1062 4169 1214 4246 Quod
1225 4167 1442 4240 quidem
1456 4167 1514 4222 Β.
1530 4165 1654 4220 Ilie-

104 4283 323 4342 ronymus
346 4276 411 4332 de
437 4273 752 4346 angelorum
773 4271 996 4326 minimo
1023 4270 1222 4325 dictum
1249 4283 1372 4323 esse
1399 4265 1649 4320 afﬁrmat.

159 4365 400 4431 Quattiam
431 4376 612 4421 autem
637 4365 814 4436 justus
835 4363 1045 4418 dixerat
1070 4360 1256 4418 florem
1289 4359 1570 4414 habituros
1601 4363 1656 4412 et

105 4459 520 4530 nmltiplicandos,
555 4457 876 4515 determinat
925 4454 1140 4526 quando
1189 4455 1290 4508 hoc
1317 4451 1443 4518 erit,
1485 4467 1552 4506 ne
1585 4452 1654 4505 ad

107 4567 307 4620 praesens
333 4555 609 4610 videretur
633 4568 752 4609 esse
780 4552 1042 4614 futurum,
1071 4547 1150 4602 sic
1180 4561 1194 4600 :
1226 4547 1354 4601 Dico
1384 4543 1526 4614 quod
1553 4546 1654 4614 [lo-

109 4645 257 4699 rrbtmt
293 4656 338 4701 et
399 4644 900 4714 multiplicabuntur.
949 4639 1064 4694 Hoc
1108 4647 1288 4692 autem
1336 4651 1440 4690 non
1471 4636 1652 4689 statim

108 4737 211 4802 erit,
230 4741 317 4794 sed
337 4741 508 4794 adhuc
532 4746 652 4810 post
673 4738 887 4808 longum
904 4744 1115 4804 tempus
1133 4733 1370 4787 futurum
1387 4739 1492 4795 est,
1512 4730 1656 4799 quod

109 4829 561 4899 multiplicabuntur
586 4840 630 4883 et
654 4828 934 4899 florebunt,
957 4825 1254 4882 existentes
1283 4831 1408 4876 tunc
1430 4820 1485 4874 in
1511 4819 1656 4873 ube:i

110 4900 303 4987 senecta,
325 4923 375 4976 id
401 4922 554 4977 estin
582 4921 692 4973 vita
711 4916 1025 4982 novissima,
1048 4915 1255 4970 scilicet
1280 4913 1333 4966 in
1355 4912 1464 4966 vita
1495 4920 1655 4965 mter-

113 5025 185 5072 na,
214 5027 324 5080 qua:
353 5013 407 5068 in
437 5011 584 5067 omni
615 5007 951 5065 beatitudine
979 5007 1084 5058 erit
1117 5004 1356 5075 cepiosa.
1396 5000 1492 5056 Vel
1523 5000 1600 5054 sic
1639 5017 1651 5052 :

115 5096 574 5170 Multiplicabuntur
594 5099 646 5153 in
673 5100 855 5150 futuro
879 5095 1173 5150 existentes
1210 5093 1296 5147 hic
1324 5091 1380 5144 in
1409 5091 1552 5144 uberi
1577 5105 1656 5142 se-

114 5200 254 5256 necta,
284 5193 333 5248 id
355 5201 439 5248 est
465 5192 583 5246 ideo
601 5189 726 5260 quia
755 5187 844 5242 hic
872 5193 1191 5257 permanent
1222 5184 1275 5238 in
1304 5196 1512 5236 morum
1539 5195 1658 5249 gra-

117 5281 255 5338 titate
285 5285 517 5355 copiosa.
551 5282 616 5335 Et
652 5278 906 5351 quoniam
933 5277 1090 5332 aliter
1115 5291 1220 5329 non
1268 5280 1448 5327 essent
1479 5270 1657 5325 multi-

119 5375 336 5442 plicandi,
360 5378 449 5432 hic
480 5375 699 5431 interim
729 5379 887 5427 erunt
919 5385 1024 5424 non
1055 5372 1458 5422 murmurantes
1489 5361 1540 5414 in
1569 5359 1659 5412 ad-

117 5467 444 5534 tersitatibus,
469 5465 562 5520 sed
592 5465 716 5518 bene
741 5461 1012 5531 patientes,
1040 5459 1093 5512 id
1120 5465 1204 5510 est
1232 5469 1353 5508 cum
1395 5449 1659 5506 charitate

119 5567 160 5610 et
184 5561 420 5626 patientia
452 5557 822 5619 sustinentes;
855 5561 910 5608 et
959 5551 1094 5605 adeo
1136 5548 1259 5601 bene
1283 5546 1535 5616 patientes
1556 5584 1570 5607 ,
1603 5549 1656 5592 ut

121 5649 217 5704 aliis
242 5652 410 5707 verbis
437 5660 490 5706 et
516 5645 797 5716 exemplis,
829 5643 1133 5696 annuntieut
1156 5657 1174 5695 :
1214 5636 1462 5714 quoniam
1491 5627 1656 5708 rectus

121 5741 504 5800 Dominnslesus
525 5741 772 5798 Christus
788 5737 924 5790 Deus
948 5743 1141 5798 noster,
1167 5731 1256 5800 qui
1283 5730 1369 5783 hic
1399 5743 1526 5782 suos
1549 5726 1655 5796 pati

99 5835 338 5904 ._disp0t.it,
371 5847 426 5893 ut
450 5852 546 5908 per
577 5837 678 5891 hoc
723 5841 923 5888 :cterna
967 5825 1136 5900 gloria
1164 5823 1562 5880 beatiliccntur.
1590 5818 1657 5873 Et

1819 3329 2076 3384 Dominus
2104 3332 2356 3400 regnavit,
2389 3332 2442 3386 id
2467 3341 2550 3388 est
2581 3333 2838 3389 Dominus
2863 3331 3040 3399 Jesus,
3069 3334 3158 3404 qui
3181 3333 3332 3389 dabi-

1754 3429 1893 3474 tura
1923 3418 2122 3476 Jutlaeis
2165 3423 2216 3475 in
2274 3433 2526 3489 mortem,
2579 3425 2793 3478 tandem
2838 3424 3104 3495 regnabit,
3151 3426 3202 3481 id
3248 3439 3334 3481 est

1753 3525 1975 3580 regnum
2011 3511 2192 3564 tuundi
2222 3511 2382 3566 totius
2407 3512 2508 3567 sibi
2544 3513 2854 3580 vindicabit,
2894 3514 3098 3569 calcata
3138 3524 3330 3570 morte.

1752 3601 1818 3656 Et
1837 3619 1932 3672 per
1958 3603 2059 3657 hoc
2086 3620 2181 3673 per
2204 3615 2373 3658 totum
2397 3606 2653 3661 mundum
2678 3607 3082 3678 regnabit,quia
3098 3611 3334 3662 decorem

1753 3695 1966 3748 indutus
1993 3706 2087 3760 est,
2118 3695 2168 3748 id
2199 3705 2280 3750 est
2309 3695 2494 3751 induet
2522 3707 2577 3751 et
2609 3697 2896 3768 conjunget
2921 3697 3018 3752 sibi
3049 3713 3146 3768 per
3174 3697 3331 3751 fidem

1753 3785 2044 3857 ap0stolos,
2076 3786 2128 3840 in
2158 3787 2305 3842 omni
2335 3785 2666 3857 perfectione
2689 3791 2934 3855 decoros,
2958 3789 3152 3858 quibus
3171 3803 3337 3842 orna-

1753 3879 1919 3943 bitur,
1955 3886 2012 3932 nt
2040 3893 2235 3949 corpus
2263 3880 2600 3935 vestimentis
2629 3897 2875 3935 ornatur.
2916 3881 2982 3934 Et
3011 3881 3226 3934 intlulus
3259 3891 3336 3934 est

1753 3970 2134 4040 fortitudinem,
2165 3973 2216 4027 id
2251 3981 2332 4027 est
2364 3971 2548 4027 induet
2569 3981 2622 4028 et
2655 3973 2754 4027 sibi
2795 3972 3088 4043 conjunget
3117 3973 3336 4028 eosdem

1754 4064 2026 4135 apostolos
2059 4066 2109 4118 in
2143 4065 2446 4121 constantia
2495 4066 2680 4132 fortes,
2719 4081 2748 4118 a
2778 4065 3130 4120 similitudine
3182 4063 3337 4132 probi

1757 4156 1919 4225 regis,
1961 4157 2052 4226 qui
2095 4156 2320 4212 decoros
2368 4157 2567 4212 milites
2611 4157 2774 4211 habet
2816 4167 2872 4210 et
2914 4155 3101 4209 fortes.
3145 4153 3212 4207 Et
3252 4154 3337 4208 his

1756 4249 1984 4303 fortibus
2031 4258 2088 4302 et
2137 4249 2349 4304 decoris
2388 4247 2686 4318 prtecinxit,
2717 4248 2769 4302 id
2796 4255 2880 4302 est
2920 4247 3217 4316 prmcinget
3259 4262 3336 4308 se,

1756 4340 1966 4397 scilicet
1993 4339 2209 4394 ornabit
2238 4354 2295 4395 se
2326 4339 2582 4408 undique,
2627 4339 2693 4393 ad
2739 4337 3111 4394 debellandum
3150 4345 3338 4405 gentes

1757 4441 1811 4488 et
1837 4431 1939 4488 sibi
1965 4431 2392 4501 subjiciendum;
2423 4447 2452 4484 a
2479 4429 2830 4485 similitudine
2856 4430 3018 4499 regis,
3049 4427 3138 4499 qui
3162 4427 3338 4498 gladio

1680 4569 1732 4626 Β
1758 4522 2109 4593 praecingitur
2134 4521 2200 4576 ad
2230 4520 2646 4591 expugnandum
2684 4521 2914 4574 hostem.
2945 4519 3097 4586 Quod
3137 4528 3220 4575 est
3252 4520 3336 4572 di-

1756 4630 1922 4670 cere:
1958 4613 2036 4668 llli
2068 4613 2250 4668 decori
2290 4621 2345 4668 et
2390 4611 2558 4667 fortes
2585 4627 2719 4681 quos
2763 4610 2966 4676 induet,
3015 4623 3176 4667 erunt
3220 4612 3337 4683 ejus

1759 4721 1930 4772 arma,
1963 4704 2159 4774 quibus
2189 4703 2291 4758 sibi
2325 4703 2535 4757 hostem
2566 4701 2832 4770 subiiciet.
2866 4699 3114 4758 Ostendit
3155 4702 3339 4771 itaque

1759 4797 1825 4851 ad
1854 4795 1982 4865 quid
2010 4795 2202 4864 seipsis
2229 4794 2543 4864 praecinget,
2589 4809 2711 4848 cum
2751 4793 2936 4849 addit:
2985 4793 3122 4848 Vere
3155 4793 3340 4847 induet.

1759 4890 1985 4945 decorus
2007 4898 2060 4942 et
2107 4888 2293 4952 fortes,
2324 4896 2377 4942 et
2408 4887 2488 4942 eis
2513 4902 2571 4943 se
2604 4887 2918 4958 praecinget.
2948 4884 3016 4940 Et
3064 4885 3201 4939 enim
3245 4899 3340 4953 per

1760 4996 1947 5036 eorum
1978 4979 2439 5050 praedicationem,
2471 4978 2720 5048 ﬁrmavit,
2750 4977 2802 5031 id
2831 4984 2913 5031 est
2941 4977 3154 5029 firmum
3180 4973 3341 5028 faciet

1759 5074 1934 5127 orbant
1971 5084 2147 5136 terrw,
2176 5071 2228 5126 id
2257 5079 2340 5125 est
2367 5070 2756 5142 perfectionem
2780 5067 3052 5124 Ecclesite.
3079 5065 3232 5132 Quod
3256 5073 3341 5118 est

1759 5165 1982 5219 dicere:
2032 5162 2136 5218 Per
2182 5162 2417 5233 ipsorum
2460 5162 2758 5216 doctrinam
2822 5159 2987 5214 faciet
3039 5155 3338 5211 Ecclesiam

1760 5276 1911 5316 suam
1944 5259 1998 5313 in
2039 5257 2185 5313 omni
2225 5257 2559 5327 perfectione
2599 5256 2832 5311 firmam.
2883 5251 2988 5318 Qui
3028 5249 3178 5304 orbis
3207 5249 3339 5301 adeo

1763 5353 1949 5406 firmus
1977 5352 2104 5417 erit,
2133 5350 2272 5420 quod
2302 5366 2405 5404 non
2429 5347 2850 5410 commovebitur,
2886 5359 2986 5399 nec
3023 5344 3075 5397 in
3117 5356 3341 5412 prospe-

1762 5447 1836 5500 ris
1866 5459 1965 5500 nec
1998 5444 2050 5498 in
2078 5444 2336 5498 adversis.
2376 5443 2458 5496 Ea:
2483 5454 2606 5495 tunc
2628 5454 2778 5508 ergo,
2811 5437 2860 5491 id
2888 5446 2971 5490 est
3003 5451 3068 5489 ex
3103 5443 3341 5504 tempore

1764 5541 1852 5594 illo
1879 5556 1986 5609 quo
2021 5547 2164 5592 terra
2196 5537 2416 5590 fundata
2447 5535 2568 5596 erit.
2599 5542 2785 5603 parata
2813 5532 2934 5595 erit,
2956 5547 2989 5584 ο
3013 5529 3338 5590 Deus,sedes

1763 5644 1852 5686 tua
1882 5634 2076 5702 in.ipsa
2110 5641 2274 5693 terra,
2306 5627 2512 5682 scilicet
2537 5644 2602 5680 ex
2627 5627 2753 5679 tunc
2779 5624 2924 5678 sedes
2950 5633 3040 5676 tua
3060 5619 3336 5682 efﬁcietur,

1762 5743 1884 5797 qtue
1915 5727 2068 5796 longe
2095 5734 2220 5777 ante
2252 5720 2445 5775 diaboli
2472 5721 2626 5774 sedes
2671 5715 2896 5772 exstitit.
2933 5713 3010 5769 Ne
3049 5727 3175 5764 vero
3229 5709 3340 5776 ipse

1767 5805 2060 5875 videretur"
2089 5822 2212 5871 ante
2261 5797 2406 5869 sedis
2459 5826 2569 5867 sua:
2602 5809 2936 5882 parationcm
2990 5820 3094 5859 non
3152 5798 3338 5863 fuisse,
