3840 6338
508 407 655 464 “'55

1044 393 1124 472 iS.
1168 351 1516 454 DRUNONIS
1553 391 2195 452 CARTHUSIA‘NORUM
2236 392 2718 450 INSTITUTOBIS
2745 392 2904 450 OPP.
2945 395 3122 452 PARS
3154 397 3190 455 I.

3557 405 3660 462 Il56

511 523 698 579 addit:
732 515 990 584 Quamvis
1031 531 1096 568 ea:
1135 523 1258 567 tunc
1300 512 1442 567 sedes
1492 521 1581 564 tua
1630 511 1725 564 erit
1771 518 1982 578 parata,
2029 517 2083 561 tu
2115 517 2158 572 Α
2189 508 2509 574 Ecclesium,
2553 523 2673 579 quae
2709 508 2802 563 Dei
2842 519 2984 564 terra
3027 520 3128 575 est,
3155 513 3382 568 doctrina
3422 515 3603 574 ﬁrmiter
3621 533 3661 577 et

515 621 692 665 tamen
726 625 780 662 es
806 624 837 661 a
871 605 1080 667 swculo,
1113 605 1164 658 id
1199 612 1282 658 est
1307 603 1374 658 ab
1402 611 1624 668 :eterno,
1654 599 1770 654 sine
1798 598 2080 669 principio.

578 707 680 761 f‘er
705 703 811 758 hoc
836 699 998 774 igitttr
1022 697 1169 752 sedes
1199 696 1293 750 tibi
1334 694 1633 765 parabitur,
1658 699 1713 748 et
1751 691 1899 746 orbis
1929 698 2086 745 teme

505 789 836 852 frmatibur,
884 789 1138 860 queniam
1179 787 1421 858 ﬂumina,
1463 785 1517 839 id
1570 792 1655 840 est
1693 783 1944 853 apostoli,
1991 781 2084 852 qui

519 881 686 940 corda
713 877 768 933 in
819 879 1019 935 'delium
1071 876 1317 933 doctrina
1359 873 1681 946 irrigabnnt,
1726 873 2086 936 elevaverunt,

515 973 752 1036 nomine,
805 987 974 1028 vocem
1013 985 1188 1034 suam,
1219 968 1271 1022 id
1293 977 1376 1022 est
1411 967 1697 1022 elevabant
1732 979 1915 1020 vocem
1951 979 2087 1034 prae-

513 1065 804 1122 dicationis
827 1078 938 1117 suae
971 1075 1090 1132 qute
1129 1060 1320 1114 timore
1345 1058 1597 1128 depressa
1631 1055 1731 1110 fuit
1762 1056 1814 1110 itt
1847 1056 1922 1109 ttti
1963 1069 2087 1126 pas—

515 1157 686 1212 sione.
755 1150 1069 1214 Elevabunt,
1121 1149 1360 1217 inquam,
1411 1145 1632 1215 [lumina
1687 1160 1858 1216 vocem
1913 1158 2084 1196 suam.

513 1247 630 1302 Hoc
675 1247 856 1315 itaque
895 1241 1090 1312 repetit
1131 1238 1199 1293 ad
1247 1235 1738 1299 conﬁrmationem,
1789 1241 1843 1288 et
1899 1241 2086 1287 contra

511 1353 698 1395 vocem
731 1339 923 1392 horum
950 1333 1228 1388 ﬂuminum
1255 1329 1358 1385 alia
1379 1328 1624 1399 ﬂumina,
1652 1327 1860 1384 scilicet
1881 1326 2086 1381 terreni

507 1428 805 1500 principes,
860 1424 951 1496 qui
1003 1422 1223 1477 ﬂumina
1270 1421 1543 1483 dicuntur,
1590 1432 1656 1472 eo
1710 1416 1854 1486 quod
1898 1430 2087 1470 eorum

507 1534 638 1574 cura
669 1520 720 1572 in
765 1517 1032 1572 subditam
1067 1513 1280 1586 plebem
1320 1511 1617 1574 decurrat;
1657 1523 1688 1562 a
1736 1506 2089 1562 similitudine

505 1611 811 1674 ﬂuminum,
836 1609 888 1664 in
911 1622 1061 1663 mare
1085 1603 1507 1663 decurrentium.
1533 1601 1874 1656 Elevaverunt
1895 1599 2089 1669 ﬂuctus
2127 1621 2131 1625 ·

505 1719 652 1767 suos,
704 1702 756 1756 id
794 1709 878 1756 est
923 1698 1212 1756 elevabant
1259 1695 1664 1766 persecutiones
1709 1706 1858 1756 suas,
1893 1689 2092 1760 quibus

505 1810 603 1852 eos
632 1796 685 1850 in
723 1803 953 1851 mortem
982 1794 1319 1862 demergunt,
1348 1789 1416 1843 ad
1449 1787 1665 1843 modum
1711 1783 1991 1840 ﬂuctuum.
2023 1783 2090 1838 Et

506 1891 612 1944 Itoc
653 1887 926 1958 continget
959 1901 992 1940 a
1035 1884 1243 1940 vocibus
1277 1896 1538 1953 aquarum
1583 1879 1894 1943 multarunt,
1926 1878 1978 1932 id
2002 1885 2086 1931 est

507 1991 730 2052 propter
768 1978 1257 2036 voceS'muItarnm
1297 1975 1562 2048 gentium,
1601 1989 1724 2045 qua:
1767 1971 1833 2026 ad
1868 1971 2085 2025 modum

509 2091 663 2146 aquae
699 2083 862 2130 erant
906 2073 1209 2129 instabiles.
1239 2071 1392 2140 Quod
1421 2079 1506 2126 est
1547 2070 1761 2128 dicere:
1791 2066 1917 2121 Ideo
1939 2065 2089 2136 prin-

507 2169 656 2240 cipes
694 2183 790 2222 eos
826 2173 1236 2236 persequentur,
1287 2162 1412 2232 quia
1460 2170 1649 2232 gentes
1697 2158 1944 2230 plurimae
1991 2169 2086 2210 eos

507 2258 764 2328 profanos
804 2266 860 2312 et
889 2255 1186 2326 sacrilegos
1231 2268 1353 2308 esse
1397 2250 1786 2322 dijudicabunt.
1831 2247 1927 2302 Vel
1966 2247 2082 2301 sic:

508 2352 576 2406 Et
595 2352 698 2406 hoc
722 2348 999 2419 continget
1021 2365 1054 2401 a
1080 2345 1290 2401 vocibus
1327 2359 1588 2413 aquarum
1618 2339 1928 2402 multarunt,
1961 2352 2088 2406 pro-

507 2454 628 2514 pter
652 2457 813 2498 voces
836 2439 1124 2495 multorum
1155 2435 1596 2507 praedicatorum,
1619 2432 1825 2489 scilicet
1849 2429 1969 2484 ideo
1992 2443 2088 2483 eos

507 2543 924 2608 persequentur,
955 2530 1080 2602 quia
1103 2544 1200 2599 per
1227 2543 1322 2584 eos
1352 2525 1551 2582 multos
1582 2523 1718 2580 alios
1751 2537 1920 2594 aquas
1949 2518 2085 2576 efﬁci

507 2627 812 2692 dolebuut,
872 2624 925 2680 id
983 2631 1067 2680 est
1113 2621 1243 2693 quia
1297 2618 1494 2674 multos
1545 2615 1968 2673 considerabant
2019 2611 2087 2667 ad

505 2719 814 2790 exemplum
843 2733 1054 2781 eorum,
1101 2713 1219 2770 fore
1261 2711 1620 2782 adaquatores
1667 2707 1942 2762 hominum
1990 2720 2088 2775 per

503 2811 830 2867 doctrinam.
870 2808 1003 2864 Dico
1056 2804 1200 2878 quod
1255 2801 1547 2859 elevabant
1601 2798 1820 2862 ﬂuctus,
1867 2805 1923 2852 et
1970 2795 2086 2851 istae

503 2902 659 2956 elata:
687 2899 1095 2971 persecutiones
1116 2895 1420 2967 principum
1464 2892 1630 2948 Deum
1664 2886 2084 2944 amaricantium

502 2993 670 3066 376
689 2991 954 3046 mirabiles
986 2998 1148 3044 erunt
1183 3003 1294 3058 prae
1328 2985 1492 3041 nimia
1523 2983 1608 3040 sui
1644 2980 2007 3038 immensitate
2033 2985 2086 3032 et

504 3087 820 3159 asperitate.
848 3085 1117 3142 Cancrum
1139 3081 1396 3136 Dominus
1413 3079 1519 3134 erit
1551 3077 1724 3149 magis
1749 3072 2008 3129 mirabilis
2031 3071 2086 3126 in

506 3180 592 3234 his
620 3178 745 3232 altis
767 3185 822 3232 et
841 3173 1122 3247 profundis
1140 3171 1467 3229 elationibus
1489 3169 1742 3227 sedandis
1767 3185 1779 3222 :
1826 3165 1979 3234 Quod
2001 3171 2087 3220 est

503 3271 719 3326 dicere:
761 3267 1020 3324 Dominus
1049 3263 1270 3336 quidem
1299 3263 1420 3319 idco
1457 3260 1760 3316 mirabilior
1786 3261 1910 3323 erit,
1945 3271 2082 3327 quo-

503 3364 649 3420 niam
693 3363 791 3418 has
824 3360 1107 3424 elationes,
1141 3371 1246 3428 qua
1288 3355 1420 3410 hora
1465 3353 1715 3418 voluerit,
1749 3351 1975 3407 sedabit.
2019 3349 2088 3403 Et

504 3469 600 3522 per
630 3453 732 3508 hoc
764 3464 878 3517 eas,
907 3467 940 3506 ο
963 3448 1210 3514 Domine,
1241 3445 1474 3510 sedabis,
1499 3443 1626 3515 quia
1653 3441 1947 3496 testimonia
1970 3449 2085 3503 tua,

506 3545 560 3598 id
589 3552 676 3598 est
723 3552 988 3613 prteccpta
1035 3549 1159 3606 tua,
1195 3538 1264 3594 ab
1304 3536 1564 3608 apostolis
1608 3534 1916 3607 praedicata,
1966 3546 2086 3601 quae

505 3632 870 3689 testiﬁcantur
899 3632 1065 3686 vitam
1111 3627 1506 3701 complentibus
1544 3639 1630 3688 ea,
1671 3626 1810 3696 facta
1856 3631 1999 3688 sunt,
2031 3620 2085 3675 id

503 3729 590 3778 est
617 3720 749 3777 ﬁent
786 3719 887 3790 ipsi
932 3719 1067 3774 mari
1099 3719 1254 3774 nimis
1292 3716 1586 3778 credibilia,
1613 3724 2086 3785 quantumcunque

505 3811 792 3867 videantur
843 3809 892 3865 ei
948 3811 1000 3864 in
1057 3809 1250 3880 primis
1296 3806 1698 3864 abominabilia.
1750 3805 1817 3860 Et
1857 3819 1953 3874 per
1983 3803 2086 3858 hoc

505 3904 682 3976 ipsum
713 3917 864 3958 mare
893 3901 1118 3967 factum,
1145 3902 1359 3956 domum
1385 3912 1528 3954 tuam
1563 3901 1613 3954 in
1639 3913 1744 3971 qua
1767 3895 2086 3968 spiritaliter

502 3990 805 4056 inbabites,
850 3989 991 4045 decet
1021 3989 1320 4045 sanctitudo
1353 3999 1466 4054 tua,
1510 3990 1562 4044 id
1593 3999 1680 4044 est
1724 3987 1938 4042 decebit
1963 4003 2084 4040 san-

502 4084 704 4164 ctitudo
733 4100 762 4138 a
799 4092 851 4140 te
885 4083 1081 4140 danda.
1109 4081 1262 4152 Quod
1284 4090 1368 4138 est
1397 4082 1614 4138 dicere:
1659 4080 1764 4136 Per
1795 4080 1898 4134 hoc
1941 4077 2084 4150 quod

503 4176 815 4235 testimonia
866 4185 954 4231 tua
1002 4175 1244 4239 credent,
1295 4174 1484 4229 domus
1531 4183 1622 4230 tua
1670 4172 1992 4234 eﬂicientur,
2032 4179 2086 4226 et

499 4270 712 4325 decenti
738 4267 1028 4325 sanctitate
1055 4265 1486 4322 adornabuntnr.
1518 4264 1742 4346 Domum
1770 4276 1918 4320 tuam
1939 4263 2084 4332 dico,

501 4359 696 4413 ituram
725 4373 822 4430 per
864 4358 1209 4414 sanctitatem
1247 4357 1302 4411 in
1350 4357 1723 4426 longitudinem
1755 4360 1978 4425 dierum,
2032 4363 2084 4417 id

502 4456 587 4502 est
615 4449 668 4502 in
708 4448 872 4502 vitam
903 4456 1188 4513 aeternam,
1219 4461 1341 4517 qua
1364 4459 1460 4518 per
1479 4447 1778 4517 emphasim
1805 4449 2082 4520 longitudo

502 4538 712 4592 dierum
750 4539 972 4604 dicitur,
1013 4555 1078 4595 eo
1111 4540 1253 4610 quod
1283 4555 1560 4609 nunquam
1591 4540 1661 4595 sit
1698 4541 1947 4598 ﬁnienda.
1990 4543 2078 4600 Vel

502 4631 620 4685 sic:
653 4630 910 4685 Futurum
940 4647 1037 4702 per
1075 4633 1246 4704 ipsam
1277 4633 1647 4693 sanctitatem.
1675 4634 1730 4688 in
1754 4633 2080 4706 longitudine

501 4721 728 4792 dierum.
765 4721 1044 4779 Sententia
1074 4724 1285 4779 eadem.

975 4816 1042 4871 IN
1075 4815 1405 4874 PSALMUM
1439 4815 1619 4872 XCIII.

571 4904 784 4960 Titulus
832 4907 1168 4976 nonagesimi
1225 4909 1388 4962 tertii.
1440 4907 1583 4962 Laus
1633 4908 1824 4963 cantici
1871 4908 2077 4972 Darid,

498 5010 691 5072 quarta
737 4997 974 5055 Sabbati.
1001 4997 1154 5068 Quod
1196 5001 1275 5056 sic
1323 5003 1644 5071 exponitur:
1687 5003 1934 5060 Psalmus
1975 5003 2078 5059 iste

499 5104 584 5150 est
624 5093 742 5149 laus
773 5093 986 5160 cantici,
1039 5092 1092 5148 id
1119 5101 1202 5148 est
1247 5092 1364 5148 laus
1386 5095 1762 5164 iucunditatis.
1811 5093 1962 5161 Quod
1995 5102 2078 5150 est

496 5185 720 5243 dicere:
763 5184 822 5240 In
857 5185 958 5241 hoc
991 5190 1222 5239 tractatu
1262 5185 1572 5240 continetur
1601 5187 1719 5241 laus
1758 5201 1880 5240 cum
1910 5185 2074 5240 nimia

490 5277 829 5354 iucunditate
867 5277 1027 5335 facta.
1069 5277 1200 5346 Qua:
1229 5278 1348 5332 laus
1387 5287 1472 5332 est
1509 5276 1699 5344 David,
1726 5278 1989 5348 designati
2020 5279 2076 5331 in

495 5378 686 5442 quarta
717 5368 960 5437 Sabbati,
992 5371 1198 5426 scilicet
1236 5385 1356 5442 qua:
1395 5369 1512 5424 laus
1551 5379 1636 5424 est
1683 5369 1917 5444 ﬁdelium
1951 5372 2073 5444 per-

497 5441 762 5520 fectorum
811 5464 866 5519 itt
915 5464 1158 5530 scientia,
1189 5464 1281 5538 qui
1315 5461 1644 5536 praeﬁgurati
1686 5441 1954 5538 sun’t,_'pe'r_
1981 5441 2077 5518 tie-

491 5557 701 5628 gotium
751 5557 883 5614 illud
927 5560 1068 5629 quod
1120 5558 1344 5633 contigit
1391 5558 1443 5612 in
1492 5564 1684 5628 quarta
1723 5545 1990 5632 Sabbati.‘
2018 5557 2070 5610 In

494 5659 686 5716 quarta
719 5665 951 5721 namque
978 5649 1195 5704 Sabbati
1234 5650 1360 5705 fecit
1389 5649 1530 5704 Deus
1557 5647 1843 5704 luminaria
1863 5640 2071 5702 terram

496 5740 876 5807 illuminantia,
911 5755 1029 5810 qute
1071 5741 1222 5794 ﬁrma
1258 5749 1405 5805 sunt,
1438 5749 1491 5795 et
1533 5757 1561 5794 a
1596 5739 1873 5810 proposito
1906 5737 2068 5793 oflicii

496 5832 576 5885 sui
628 5832 942 5899 immobilia,
991 5847 1087 5902 per
1137 5847 1254 5900 qute
1307 5832 1770 5902 prmsignabantur
1823 5829 2069 5902 perfecti,

2187 599 2435 669 exemplo
2481 616 2580 656 suo
2621 600 3002 656 illuminaturi.
3035 603 3108 658 De
3133 603 3314 674 quibus
3336 605 3436 674 ipse
3464 606 3662 666 Dominus

2187 690 2354 744 dicit:
2415 707 2433 742 t
2461 689 2664 745 Luceat
2716 689 2810 744 lux
2854 701 3035 746 vestra
3083 707 3258 747 coram
3304 695 3579 762 hominibus,
3621 710 3663 752 ut

2187 782 2407 837 videant
2449 797 2616 853 opera
2670 792 2849 840 vestra
2897 783 3061 848 bona,
3108 793 3163 840 et
3201 785 3470 857 gloriﬁcent
3501 788 3665 845 Patrem

2187 883 2452 942 vestrum,
2480 876 2573 946 qui
2607 877 2661 931 in
2701 877 2859 933 caelis
2896 886 2980 934 est
3016 877 3194 950 (Matt.
3226 896 3288 945 v,
3317 881 3416 953 l6.)
3441 903 3457 934 ι
3489 881 3564 937 Vel
3589 887 3664 949 sic,

2179 962 2332 1034 juxta
2369 965 2428 1020 Β.
2464 965 2881 1039 Hieronymum:
2913 967 3080 1023 David
3108 969 3357 1040 designati
3386 982 3541 1039 quarta
3568 971 3666 1025 Salt-

2189 1057 2317 1122 bati,
2353 1057 2402 1112 id
2436 1067 2515 1113 est
2543 1075 2638 1129 per
2664 1070 2913 1131 quartam
2944 1060 3087 1114 diem
3115 1061 3430 1130 septimana,
3453 1077 3550 1131 qtae
3564 1065 3669 1128 apud

2189 1146 2411 1204 Latinos
2445 1149 2559 1204 dies
2592 1149 2846 1206 Mercurii
2899 1150 3120 1206 dicitur.
3165 1152 3395 1222 Congrue
3420 1152 3580 1222 quippe
3603 1169 3669 1222 per

2187 1250 2439 1309 quartam
2463 1240 2630 1306 dicat,
2657 1241 2847 1296 ﬁdeles
2883 1240 3236 1312 perfectiores
3262 1243 3310 1296 in
3346 1243 3537 1297 scientia
3569 1245 3671 1296 arci-

2189 1331 2426 1400 pinntur.
2451 1329 2605 1386 Sicut
2639 1331 2781 1386 enim
2813 1331 2928 1386 dies
2948 1339 3144 1402 quarta
3169 1333 3221 1388 in
3245 1331 3404 1386 medio
3425 1331 3672 1400 septimana

2189 1422 2446 1488 existens,
2492 1430 2604 1479 tres
2630 1423 2746 1480 dies
2789 1425 2951 1479 habet
2979 1423 3357 1494 praecedentes,
3385 1433 3434 1478 et
3472 1433 3562 1478 tres
3579 1423 3670 1477 sub-

2190 1525 2497 1586 sequentes,
2539 1518 2614 1572 ita
2643 1525 2698 1572 et
2727 1516 2949 1588 perfecti
2999 1517 3100 1572 viri
3135 1517 3266 1572 Novi
3305 1515 3600 1577 Testamenti,
3636 1515 3674 1567 in

2191 1616 2368 1672 medio
2390 1616 2620 1671 duorum
2654 1623 3122 1680 testamentorum,
3155 1613 3357 1670 Veteris
3387 1612 3560 1668 scilicet
3579 1630 3676 1684 prte-

2191 1707 2457 1772 cedentis,
2481 1716 2536 1762 et
2563 1706 2700 1762 Novi
2730 1705 3111 1777 subsequentis
3133 1706 3385 1771 existunt,
3402 1705 3508 1758 dum
3525 1706 3679 1758 utrius-

2191 1816 2294 1872 que
2324 1799 2680 1871 complctores
2709 1813 2832 1854 esse
2875 1805 3148 1868 satagunt.
3191 1798 3302 1852 Duo
3346 1797 3518 1868 quippe
3540 1796 3680 1850 Testa-

2119 1861 2164 1921 Β
2192 1903 2396 1958 menta,
2435 1908 2529 1962 per
2557 1891 2852 1948 ternarium
2891 1907 3182 1946 numerum
3213 1889 3681 1962 eompetenterintcl-

2189 1983 2448 2054 ligantur,
2476 1999 2541 2039 eo
2567 1981 2711 2053 quod
2744 1991 2977 2051 utroque
3005 1980 3373 2044 Testamento,
3396 1981 3436 2035 si
3463 1995 3558 2034 cum
3591 1977 3682 2032 dili-

2189 2078 2370 2148 gentia
2417 2084 2688 2139 notentur,
2733 2073 2858 2130 ﬁdci
2906 2083 3109 2130 sanctae
3155 2073 3426 2128 Trinitatis
3466 2071 3682 2126 instructio

2189 2169 2517 2224 inveniatur.
2577 2166 2633 2222 In
2687 2167 2868 2222 Veteri
2933 2180 3172 2235 namque
3237 2164 3544 2218 Testamento
3585 2161 3684 2214 ﬁdes

2186 2251 2472 2316 Trinitatis
2534 2260 2862 2325 insinuatur,
2928 2257 3018 2313 ubi
3087 2257 3158 2328 de
3211 2257 3468 2313 Abraham
3508 2252 3687 2322 legitur,

2192 2369 2212 2402 ι
2250 2358 2358 2405 tres
2386 2349 2538 2414 vidit,
2564 2356 2620 2403 et
2641 2363 2807 2402 unttm
2837 2347 3083 2402 adoravit
3113 2345 3270 2410 (Gen.
3303 2360 3443 2408 xvm,
3466 2343 3564 2415 ⁸5).»
3587 2339 3687 2408 Quia

2186 2453 2320 2494 vero
2353 2439 2466 2493 haec
2509 2436 2698 2492 eadem
2733 2436 2866 2491 ﬁdes
2909 2436 2961 2490 itt
2992 2435 3142 2491 Novo
3188 2437 3478 2499 denotatur,
3503 2429 3688 2500 exemplo

2189 2528 2470 2600 multiplici
2499 2526 2840 2582 manifestari
2884 2534 3082 2596 potest.
3116 2526 3262 2582 Bene
3288 2525 3485 2596 quidem
3507 2520 3692 2594 psalmus

2188 2619 2312 2684 iste,
2367 2617 2487 2674 laus
2535 2616 2772 2688 jucunda
2817 2611 3052 2671 ﬁdelium
3102 2615 3321 2670 dicitur.
3371 2614 3423 2668 In
3460 2613 3546 2666 hoc
3585 2609 3688 2664 enim

2189 2710 2398 2782 psalmo
2427 2709 2611 2764 ﬁdeles
2655 2709 2708 2762 in
2741 2707 2968 2763 scientia
3014 2689 3268 2778 perfecti,
3313 2712 3516 2777 agentes
3551 2708 3690 2757 contra

2189 2803 2355 2858 falsos
2397 2801 2733 2858 Christianos
2786 2799 3163 2871 impunitatem
3213 2799 3484 2854 criminum
3524 2809 3688 2850 suorum

2188 2893 2290 2980 sibi
2315 2894 2715 2965 promittentes,
2743 2892 2912 2948 Deum
2937 2890 3184 2958 laudant,
3217 2893 3340 2948 dum
3363 2905 3477 2947 eum
3500 2893 3693 2943 asserum

2181 2975 2552 3055 iudicaturum
2589 2983 2794 3039 ultione
2835 2983 3006 3054 justa,
3057 2997 3204 3052 quos
3243 2983 3330 3040 hic
3376 2982 3575 3038 sustinet
3610 2975 3694 3030 mili

2188 3076 2470 3148 patientia.
2523 3073 2846 3131 Concessive
2881 3089 3098 3146 quoque
3142 3087 3332 3145 agant,
3371 3075 3431 3130 de
3455 3086 3610 3128 eorum
3634 3083 3694 3121 re-

2113 3203 2158 3267 c
2191 3167 2484 3224 tributione
2528 3165 2912 3230 damnationis,
2959 3174 3014 3221 et
3044 3181 3113 3223 ne
3140 3167 3420 3220 videantur
3445 3165 3516 3220 eis
3547 3163 3696 3230 impre-

2189 3259 2326 3324 cari,
2351 3257 2843 3327 conquerunturde
2861 3271 3048 3312 eorum
3079 3257 3386 3328 iniquitate,
3410 3269 3552 3327 quam
3575 3252 3699 3306 etiam

2187 3366 2285 3422 per
2348 3360 2532 3422 partes
2601 3350 2911 3406 ostendunt.
2971 3350 3351 3406 Adhortautur
3407 3350 3550 3404 etiam
3593 3347 3698 3412 ips-vs

2189 3443 2360 3500 malos
2386 3445 2452 3500 ad
2485 3453 2635 3500 recte
2677 3443 2990 3508 vivendum,
3019 3452 3073 3498 ct
3099 3443 3497 3513 intelligendum
3525 3441 3578 3496 de
3602 3437 3698 3497 Deo.

2187 3535 2353 3590 certis
2398 3535 2701 3590 rationibus
2743 3533 3090 3589 ostendentes
3141 3534 3399 3603 quoniam
3439 3533 3537 3602 ipse
3559 3543 3699 3583 eorum

2187 3624 2495 3698 impietates
2525 3633 2581 3681 et
2620 3623 2873 3696 intelligit
2899 3631 2954 3679 et
2979 3622 3146 3690 videt,
3187 3624 3322 3678 etin
3354 3623 3522 3676 futuro
3539 3617 3700 3688 puniet.

2185 3728 2240 3774 et
2266 3717 2562 3774 ostendunt
2606 3717 2871 3772 bonorum
2909 3715 3295 3772 tribulationes
3334 3730 3435 3772 non
3463 3713 3521 3768 ad
3558 3723 3701 3764 eorum

2187 3808 2381 3864 cedere
2438 3807 2833 3880 repulsioncm,
2891 3807 2985 3862 sed
3037 3807 3104 3862 ad
3155 3807 3548 3863 beatitudinem.
3595 3798 3704 3866 0MB

2186 3899 2351 3956 etiam
2379 3901 2552 3956 bonos
2595 3899 2890 3954 admonent
2935 3899 3004 3954 ad
3035 3899 3218 3969 impiis
3267 3893 3703 3954 contradicendum.

2186 3992 2266 4048 sic
2295 4000 2476 4046 tamen
2497 4002 2555 4047 ut
2579 4007 2684 4047 non
2713 3994 2766 4048 in
2789 4007 2868 4056 se,
2893 3993 2989 4048 sed
3020 3993 3072 4047 in
3100 3992 3335 4048 Domino
3357 4007 3455 4046 non
3476 3981 3704 4044 deﬁciemti

2187 4083 2438 4140 ﬁduciam
2472 4085 2720 4140 habeant.
2753 4084 2816 4138 Et
2849 4085 2950 4139 hoc
2977 4093 3145 4138 totum
3181 4084 3237 4138 ﬁt
3264 4083 3330 4138 ad
3361 4078 3703 4138 instructionem

2187 4175 2502 4241 idiotarum,
2523 4176 2613 4248 qui
2645 4191 2765 4231 cum
2791 4175 3008 4231 videant
3039 4176 3328 4246 impiorum
3357 4169 3701 4244 prosperitatem

2186 4274 2240 4322 et
2279 4267 2542 4322 bonorum
2581 4266 2990 4330 adversitatem,
3040 4265 3410 4337 indignantur,
3453 4263 3708 4333 ignorantes

2185 4361 2252 4415 ad
2279 4360 2406 4431 quid
2435 4361 2548 4416 haec
2577 4375 2607 4413 a
2635 4360 2745 4414 Deo
2771 4360 3182 4430 perrnittantar.

2259 4455 2399 4510 Deus
2418 4453 2698 4520 ultionum,
2726 4461 2977 4523 Operator
3005 4439 3266 4506 Dominus
3293 4449 3434 4507 enim
3459 4452 3552 4503 est.
3581 4441 3702 4496 liras.

2114 4549 2164 4611 Β
2188 4547 2430 4618 inquam,
2472 4544 2729 4600 ultionttm
2770 4551 3024 4614 operator
3067 4541 3305 4607 futurus,
3344 4541 3492 4596 libere
3528 4535 3627 4605 egit,
3665 4528 3702 4580 ίιΙ

2183 4651 2264 4698 est
2311 4641 2619 4696 libertatem
2669 4637 2923 4708 potentia:
2968 4650 3078 4691 suae
3120 4635 3176 4690 in
3223 4634 3416 4706 impios
3461 4622 3704 4686 exercebit.

2182 4731 2378 4800 quibus
2412 4730 2680 4798 impotens
2706 4721 2944 4791 videtur,
2973 4724 3100 4780 dum
3129 4741 3256 4780 cum
3293 4725 3372 4780 eis
3397 4712 3704 4784 exspectando

2181 4837 2277 4877 eos
2314 4829 2368 4877 et
2407 4819 2662 4892 patiendo
2692 4817 3115 4873 misericorditer
3142 4817 3274 4887 agit.
3319 4814 3397 4871 Ae
3423 4815 3464 4870 si
3505 4811 3706 4865 diceret:

2185 4915 2290 4969 Vos
2333 4911 2709 4983 impunitatem
2747 4907 3016 4964 scelerum
3054 4917 3359 4962 vestrorum
3391 4904 3541 4977 377
3567 4897 3702 4954 vobis

2180 5019 2212 5059 ο
2242 5003 2362 5059 falsi
2409 5001 2714 5066 christiani,
2749 4999 3086 5070 prmnittitis,
3143 5007 3400 5054 caeterum
3447 4997 3572 5052 Deus
3601 4986 3704 5041 ulci-

2179 5096 2378 5154 scendo
2405 5111 2462 5152 se
2491 5095 2558 5151 de
2581 5094 2735 5148 vobis
2761 5091 2813 5147 in
2843 5080 3057 5158 futuro,
3095 5101 3288 5146 contra
3317 5105 3408 5145 vos
3433 5089 3576 5142 libere
3595 5087 3702 5150 aget.

2178 5205 2302 5246 eum
2343 5189 2445 5246 hoc
2484 5189 2666 5248 facere
2701 5200 2895 5262 potens
2925 5185 2998 5241 sit
3045 5184 3168 5254 quia
3201 5182 3367 5248 Deus,
3396 5191 3447 5236 et
3480 5189 3590 5234 cum
3625 5172 3704 5226 hoc

2178 5283 2246 5336 ad
2271 5297 2395 5338 eum
2426 5283 2717 5353 pertineat,
2748 5281 2873 5354 quia
2902 5277 3177 5332 Dominus.
3209 5275 3391 5343 Agunt
3416 5279 3578 5326 autem
3604 5276 3702 5354 ωης

2177 5375 2385 5432 cessive
2445 5375 2510 5429 de
2548 5389 2734 5430 eorum
2761 5372 2984 5432 ultione,
3039 5367 3113 5421 sic
3139 5386 3154 5421 :
3181 5365 3333 5430 Dico,
3362 5379 3395 5418 ο
3418 5362 3564 5420 Deus,
3593 5346 3704 5423 quod

2177 5468 2340 5522 libere
2371 5481 2522 5537 ages,
2551 5475 2605 5522 et
2647 5465 2726 5522 sic
2765 5465 3004 5542 concedo
3049 5471 3108 5517 at
3134 5461 3249 5524 ﬁat,
3280 5473 3316 5512 o
3349 5455 3569 5510 Christe,
3591 5439 3704 5542 exal-

2176 5573 2307 5622 tare,
2355 5534 2430 5615 id‘
2451 5570 2535 5616 est
2582 5539 2790 5635 potens"
2819 5573 3044 5629 appare.
3092 5557 3198 5626 (ἶνίν
3226 5549 3474 5624 ηιιειητνίε
3513 5534 3702 5635 νίδῗδήδ

2177 5653 2482 5722 ίιηῐιοιεηε,
2537 5629 2942 5732 νοιτέδειῑεεηε
3000 5657 3250 5710 terrena,
3313 5653 3485 5698 tamen
3531 5629 3705 5732 indigi:

2176 5740 2540 5810 dispositione.
2572 5713 2901 5794 tua-"teirram
2946 5739 3084 5794 lianc
3123 5743 3465 5808 prtesentem,
3513 5733 3565 5780 ut
3598 5713 3704 5772 nihil

2179 5831 2229 5884 in
2268 5844 2328 5886 ea
2363 5809 2480 5887 Sine
2509 5829 2666 5912 jussu
2710 5839 2802 5886 aut
2834 5829 3188 5901 permissionc
3239 5836 3330 5882 tua
3383 5824 3486 5878 ﬁat.
3533 5814 3587 5869 Ει
3624 5809 3705 5862 hoc
