3840 6338
189 279 331 335 1157

1138 262 1500 321 EXPOSiTlO
1536 262 1602 317 IN
1643 258 1979 317 PSALMOS.
2010 288 2081 298 —
2111 256 2305 313 PSAL.
2333 257 2515 314 XCIII.

3303 254 3445 314 H38

183 394 348 448 modo
388 387 605 460 quidem
651 385 904 448 exaltare,
955 382 1134 446 redde,
1186 380 1395 435 scilicet
1443 379 1496 431 in
1556 376 1763 440 futuro,
1794 381 1841 436 Α
1871 369 2191 426 interficere.
2223 367 2335 424 lloc
2362 368 2537 433 enim,
2569 384 2669 421 non
2701 367 2885 421 videbit
2911 365 3200 433 Dominus,
3244 385 3336 425 nec
3364 373 3446 427 in.

185 477 579 536 retributionem
623 472 784 544 iusta:
835 472 1201 528 damnationis
1252 468 1521 542 superbis,
1575 466 1627 521 id
1684 475 1768 520 est

192 572 343 627 falsis
384 568 729 631 Christianis,
760 581 867 621 non
907 565 1319 635 ptenitentibus,
1355 560 1448 617 sed
1493 563 1545 615 in
1597 557 1765 628 negli-

182 661 367 733 gentia
401 657 737 728 paenitentiae
762 657 996 726 superbe
1026 654 1465 726 persistentibus.

255 751 334 806 Ne
364 766 497 807 vero
528 750 811 804 videantur
847 747 1289 819 imprecationem
1323 743 1539 808 fecisse,
1581 741 1647 797 de
1678 755 1769 796 eo-

186 842 436 899 rnmdem
487 842 690 897 malitia
736 841 825 912 pie
867 849 1295 910 conqueruntur,
1336 837 1415 894 sic
1455 855 1469 891 :
1514 836 1771 905 Quamvis

182 934 502 990 concessive
539 934 780 989 dicamus
817 951 830 986 :
874 931 1047 986 Redde
1071 930 1461 985 retributionem
1496 928 1729 999 superbis
1755 968 1770 993 ,

186 1038 405 1092 tamen,
440 1043 469 1080 ο
511 1024 749 1079 Domine.
787 1022 1061 1094 Usquequo
1098 1030 1421 1093 peccatores,
1456 1030 1773 1074 antonoma-

185 1121 322 1173 stice
362 1116 483 1171 falsi
512 1113 823 1179 Christiani,
858 1114 910 1168 id
938 1124 1021 1169 est
1052 1127 1241 1184 usque,
1274 1111 1342 1166 ad
1372 1126 1536 1182 quam
1559 1124 1773 1164 mensu-

186 1226 327 1277 ram,
372 1209 453 1264 vel
504 1208 763 1278 quandiu,
814 1223 1119 1277 usquequo,
1167 1206 1430 1274 inquam,
1478 1212 1774 1272 peccatores

185 1302 557 1371 gloriabuntur
580 1299 646 1354 de
669 1297 953 1368 iniquitate
981 1296 1110 1352 sua?
1132 1293 1461 1359 Notandum,
1485 1292 1628 1363 quod
1652 1305 1775 1347 cum

188 1395 289 1448 hoc
320 1393 426 1449 sub
460 1390 884 1461 interrogatione
914 1396 1150 1460 ponunt,
1191 1402 1251 1442 se
1279 1400 1376 1457 pro
1404 1386 1484 1440 eis
1520 1398 1775 1454 magnum

185 1483 396 1537 habere
424 1480 660 1536 dolorem
685 1481 934 1535 innuunt.
958 1479 1027 1534 Et
1056 1487 1140 1534 est
1166 1492 1230 1532 ac
1249 1477 1294 1532 si
1325 1476 1468 1531 dicat
1496 1494 1509 1529 :
1536 1473 1777 1529 Tametsi

188 1572 586 1625 retributionem
612 1570 693 1625 eis
733 1568 883 1625 reddi
921 1568 1298 1629 concedimus,
1344 1573 1523 1619 tamen
1570 1565 1635 1619 de
1675 1550 1778 1618 huc

185 1662 329 1731 quod
356 1662 585 1717 multum
612 1670 666 1717 et
692 1661 780 1716 diu
810 1661 1039 1716 vivendo
1066 1661 1133 1715 de
1161 1658 1448 1728 iniquitate
1470 1656 1779 1728 gloriabun-

184 1764 290 1819 tur,
326 1752 734 1822 conquerimur.
771 1751 985 1821 Quanto
1033 1762 1266 1819 namque
1296 1761 1483 1803 eorum
1531 1745 1780 1815 gloriatio

186 1844 365 1913 major
404 1852 459 1901 et
502 1844 831 1908 diuturnior,
866 1850 1012 1898 tanta
1052 1855 1239 1897 eorum
1272 1838 1558 1897 retributio
1591 1837 1644 1892 in
1691 1834 1775 1891 fu-

186 1949 310 1992 turo
346 1936 455 1992 erit
488 1937 748 2006 asperior.
785 1935 1058 1990 Vellemus
1094 1932 1258 2004 igitur
1287 1931 1467 2003 potius
1497 1937 1557 1983 ut
1589 1943 1778 1983 eorum

186 2031 293 2085 vita
333 2038 396 2085 et
432 2030 680 2099 gloriatio
712 2029 820 2084 cito
858 2027 1127 2091 ﬁniretur,
1169 2033 1227 2080 ut
1264 2037 1453 2079 eorum
1496 2019 1780 2077 retributio

190 2123 381 2178 mitior
426 2123 737 2178 haberetur.
786 2120 903 2175 Non
946 2120 1116 2175 solum
1154 2126 1335 2174 autem
1371 2116 1673 2185 gloriantur
1716 2111 1781 2165 de

185 2216 480 2286 iniquitate
514 2231 608 2271 sua
631 2255 646 2281 ,
684 2215 778 2271 sed
806 2223 858 2269 et
903 2214 1044 2267 hanc
1078 2212 1405 2282 iniquitatem
1438 2207 1696 2276 e/fantar,
1727 2202 1779 2257 id

184 2319 265 2366 est
288 2318 452 2364 extra
480 2306 683 2369 fantur,
715 2305 921 2361 scilicet
945 2301 1159 2374 publice
1182 2300 1385 2363 fantur,
1415 2306 1465 2352 et
1489 2296 1782 2365 loquuntur

184 2400 445 2473 privatim
472 2400 613 2454 inter
642 2413 717 2452 se.
744 2396 810 2451 Et
836 2410 1121 2467 asqueqao,
1153 2392 1311 2467 idest
1338 2403 1508 2460 usque
1531 2388 1599 2443 ad
1618 2400 1780 2457 quam

186 2506 530 2552 mensuram,
560 2489 645 2544 vel
669 2487 906 2559 quandiu
939 2484 1081 2542 male
1104 2482 1334 2539 vivendo
1357 2480 1659 2550 e/fabantar
1686 2492 1783 2547 pu-

186 2588 327 2643 blice
362 2594 418 2641 et
449 2584 729 2638 loquentur
754 2580 960 2651 private
1001 2578 1329 2648 iniquitatem
1354 2616 1368 2639 ,
1406 2574 1457 2628 id
1487 2583 1575 2629 est
1600 2572 1783 2641 iniqua

185 2680 355 2735 verba
393 2677 685 2747 loquentur
710 2689 886 2727 omnes
919 2672 1009 2743 qui
1054 2676 1465 2742 perseveranter
1504 2675 1787 2736 operantur

186 2766 560 2839 injustitiam?
595 2765 675 2819 Ac.
711 2762 757 2819 si
788 2762 990 2818 diceret
1024 2775 1038 2814 :
1069 2759 1345 2815 Mallemus
1386 2771 1572 2812 eorum
1617 2754 1783 2808 vitam

188 2856 372 2923 tiniri,
410 2863 470 2909 ut
504 2852 737 2923 amplius
777 2868 881 2907 non
914 2860 1133 2921 possent
1174 2848 1513 2918 iniquitatem
1556 2844 1702 2915 loqui
1732 2851 1788 2898 et

187 2948 369 3013 eﬂ‘ari,
398 2955 455 3002 et
480 2944 798 3016 injustitiam
826 2942 1060 3013 operari,
1092 2950 1147 2996 et
1174 2941 1252 2996 sic
1273 2939 1457 2994 mitius
1482 2937 1607 2992 inde
1630 2934 1787 3004 puni-

192 3049 408 3095 rentur.
436 3038 672 3108 Exponit
699 3037 862 3108 igitur
888 3036 1059 3106 ipsam
1091 3032 1409 3104 injustitiam
1443 3046 1538 3101 per
1572 3038 1781 3099 partes,

1812 1724 1853 1778 B

190 3132 268 3188 sic
296 3146 313 3185 :
343 3130 404 3185 Vi
422 3146 484 3186 re
505 3129 821 3200 injustitiam
843 3135 1146 3196 operantur,
1171 3135 1225 3180 et
1245 3097 1458 3195 operati
1483 3097 1625 3178 sunt.
1652 3119 1787 3175 Nam
1815 3097 1860 3158 (ἶ

191 3219 452 3289 populant
482 3229 659 3283 tuam,
690 3217 940 3281 Domine,
985 3216 1196 3272 scilicet
1228 3214 1325 3271 tibi
1371 3210 1744 3266 famulantium
1770 3251 1785 3275 ,

191 3312 611 3367 ltumiliaverunt
643 3310 904 3366 conviciis
940 3319 994 3366 et
1032 3308 1319 3363 verborum
1366 3303 1671 3376 opprobriis
1694 3342 1708 3367 ,
1741 3312 1789 3356 et

194 3407 454 3462 eumdem
509 3404 761 3475 populum
812 3403 1137 3459 existentem
1194 3399 1552 3455 hereditatem
1599 3407 1744 3451 tuam
1773 3438 1787 3459 ,

196 3516 370 3573 quos,
407 3500 615 3555 scilicet
654 3500 719 3554 ad
751 3496 966 3553 modum
999 3492 1334 3550 lnereditatis
1376 3490 1619 3547 doctrina
1651 3502 1791 3557 prae-

199 3596 511 3650 dicatorum
535 3591 757 3655 excolis,
785 3598 1092 3645 vexaverant
1132 3585 1313 3642 nimiis
1338 3581 1791 3640 tribulationibus.

200 3686 267 3739 Et
298 3700 408 3740 non
442 3682 615 3739 solum
643 3683 775 3746 hoc,
820 3680 914 3738 sed
940 3691 996 3736 et
1031 3679 1239 3734 viduam
1269 3686 1318 3732 et
1344 3677 1595 3731 advenam
1634 3674 1795 3728 inter-

201 3775 444 3845 fecerant
472 3815 486 3841 ,
528 3785 574 3827 et
610 3772 837 3843 pupillos
883 3769 1208 3825 occiderant.
1249 3767 1403 3835 Quod
1441 3774 1524 3822 est
1568 3764 1790 3820 dicere:

204 3870 407 3926 Multos
444 3884 511 3924 ex
548 3869 798 3924 ﬁdelibus
837 3866 941 3924 tuis
994 3864 1382 3921 interfecerunt
1417 3858 1793 3929 corporaliter,

204 3964 301 4035 qui
325 3973 483 4019 erant
510 3962 704 4028 viduis,
729 3972 784 4016 et
804 3961 1047 4025 advenis,
1070 3968 1123 4014 et
1146 3956 1360 4028 pupillis
1381 3952 1794 4025 comparabiles.

211 4055 404 4112 Viduis
442 4054 670 4124 quippe,
710 4053 835 4124 quia
880 4051 1124 4108 destituti
1163 4057 1319 4104 erant
1354 4063 1385 4103 a
1425 4042 1796 4115 temporalium

207 4148 504 4213 bonorum,
527 4146 639 4216 jam
672 4154 978 4217 spretorum
1000 4185 1014 4211 ,
1048 4143 1273 4210 solatio,
1329 4141 1470 4197 sicut
1498 4139 1673 4194 viduae
1707 4137 1802 4191 dc-

209 4242 420 4296 stitutte
449 4250 577 4296 sunt
622 4255 650 4293 a
695 4238 1015 4293 maritorum
1048 4235 1160 4305 jam
1198 4243 1532 4290 mortuorum
1578 4230 1799 4285 auxilio.

210 4333 455 4389 Advenis
481 4373 497 4399 ,
548 4333 675 4403 qu’a
721 4346 827 4385 non
870 4328 1028 4399 hujus
1070 4329 1259 4399 patriae
1295 4336 1523 4383 terrente
1560 4326 1707 4380 cives
1745 4337 1804 4378 se

1870 461 2061 531 telliget
2094 460 2237 515 Deus
2266 458 2454 527 Iacob,
2485 459 2564 514 sic
2595 469 2653 514 ut
2682 459 2886 529 puniat.
2915 458 2994 513 Ac
3023 459 3068 514 si
3096 459 3240 515 dicat
3268 479 3279 514 :
3311 460 3447 518 Mul-

1871 564 1984 609 tum
2031 552 2414 608 inconveniens
2464 550 2564 606 fuit
2612 558 2671 605 ut
2712 548 2858 604 illum
2905 550 3145 606 dicerent
3184 551 3287 609 hoc
3318 569 3446 621 ,non

1870 646 2074 712 videre,
2099 645 2190 715 qui
2224 644 2485 701 Dominus
2513 652 2596 701 est
2634 645 3005 714 omnipotens,
3045 653 3100 700 et
3126 645 3273 700 illum
3303 644 3449 702 dice-

1872 748 1994 794 rent
2025 754 2131 793 non
2173 736 2471 808 intelligere
2492 777 2506 802 ,
2536 736 2628 806 qui
2658 737 2800 791 Deus
2832 746 2914 791 est
2942 736 3139 803 Jacob,
3171 738 3222 794 id
3247 748 3329 794 est
3358 753 3449 794 eo-

1875 830 2119 884 rumdem
2172 826 2408 883 ﬁdelium
2462 836 2681 883 strenue
2740 826 3105 893 luctantium,
3161 843 3295 897 quos
3349 829 3450 899 ipsi

1873 922 2300 988 humiliaverunt,
2327 930 2663 987 vexaverant,
2696 930 2742 975 et
2772 921 3088 975 occiderunt.
3116 919 3267 976 Facit
3290 922 3453 991 igitur

1878 1014 2262 1086 apostropham
2289 1013 2357 1067 ad
2384 1011 2599 1067 eosdem
2639 1012 2863 1081 impios,
2892 1010 3188 1066 adhortans
3214 1012 3279 1065 ad
3308 1020 3457 1066 recte

1877 1105 1944 1159 de
1973 1103 2080 1158 Deo
2107 1101 2538 1172 intelligendum,
2565 1109 2618 1156 et
2650 1101 2961 1167 videndum,
2990 1103 3070 1158 sic
3099 1121 3113 1156 :
3159 1101 3289 1157 Dico
3314 1101 3458 1172 quod

1877 1193 2055 1248 dicitis
2085 1206 2118 1248 ο
2147 1190 2269 1247 falsi
2296 1189 2617 1259 Christiani,
2656 1191 2800 1261 quod
2843 1190 2986 1247 Deus
3029 1202 3133 1245 non
3177 1190 3454 1261 intelligit,

1878 1301 2053 1357 neque
2084 1285 2267 1351 videt,
2303 1299 2423 1355 qua:
2466 1299 2560 1339 vos
2596 1284 2736 1339 male
2781 1283 2833 1337 in
2879 1282 3108 1339 famulos
3136 1283 3303 1355 378
3344 1282 3461 1353 ejus

1879 1378 2055 1451 agitis.
2096 1376 2364 1433 Ceterum
2400 1391 2497 1431 vos
2531 1376 2585 1431 in
2618 1375 2810 1446 populo
2841 1375 2935 1430 Dei
2979 1376 3275 1431 existentes
3298 1417 3311 1440 ,
3351 1392 3459 1431 non

1878 1468 2228 1539 alteratione,
2259 1467 2355 1523 sed
2387 1475 2848 1521 sacramentorum
2880 1465 3292 1536 participatione
3317 1505 3334 1534 ,
3372 1468 3460 1536 qui

1879 1562 2002 1617 estis
2040 1560 2371 1631 insipientes,
2406 1558 2458 1615 id
2488 1566 2574 1615 est
2603 1566 2851 1629 potentes
2876 1559 2944 1613 ad
2975 1559 3075 1614 hoc
3109 1566 3169 1613 ut
3198 1558 3354 1615 facile
3395 1560 3462 1614 de

1883 1658 1993 1711 Deo
2024 1663 2170 1711 recte
2193 1652 2529 1724 intelligatis,
2559 1667 2678 1707 cum
2701 1652 2813 1723 jam
2844 1652 2961 1707 sitis
2986 1650 3374 1720 aliquantulum
3407 1651 3461 1706 in

1878 1751 1997 1820 ejus
2027 1752 2218 1806 notitia
2248 1749 2520 1820 promoti,
2547 1760 2604 1804 et
2630 1758 2808 1805 tamen
2834 1748 3265 1803 animadvertere
3290 1747 3462 1817 negli-

1880 1845 2036 1915 gitis;
2066 1842 2370 1913 intelligite,
2404 1841 2455 1896 id
2479 1850 2563 1897 est
2588 1840 3025 1905 animadvertite,
3052 1840 3179 1910 quia
3206 1840 3465 1895 Dominus

1883 1937 2026 1991 videt
2049 1944 2103 1991 et
2133 1934 2414 2005 intelligit,
2445 1948 2566 2004 qua:
2595 1948 2691 1988 vos
2719 1933 2773 1987 in
2813 1948 3000 1988 servos
3030 1932 3147 2004 ejus
3171 1932 3309 1986 male
3337 1948 3466 2004 ope-

1882 2027 2099 2081 ramini.
2127 2024 2195 2078 Et
2227 2040 2324 2081 vos
2348 2024 2499 2079 stulti
2520 2026 2574 2078 in
2596 2026 2786 2094 populo
2812 2024 2926 2090 Dei,
2953 2023 3161 2079 scilicet
3185 2024 3279 2094 qui
3305 2025 3467 2079 rudes

1880 2120 2014 2176 estis
2041 2127 2096 2175 et
2122 2118 2336 2183 stolidi,
2369 2126 2425 2174 et
2463 2116 2704 2173 diﬂiciles
2737 2117 2803 2170 ad
2840 2117 2942 2171 hoc
2985 2115 3333 2186 sapiendum,
3367 2113 3470 2167 ali-

1879 2211 2088 2282 quando
2122 2209 2340 2265 tandem
2374 2209 2564 2279 sapite,
2592 2207 2734 2278 quod
2758 2207 3037 2277 hucusque
3061 2219 3254 2276 sapere
3282 2204 3470 2273 nequi-

1882 2306 2018 2369 stis,
2059 2303 2266 2359 scilicet
2312 2302 2453 2372 quod
2501 2300 2642 2356 Deus
2678 2299 2868 2364 audit,
2909 2297 2961 2352 id
3008 2304 3092 2352 est
3124 2295 3372 2367 intelligit
3415 2302 3473 2348 et

1883 2397 2032 2451 videt
2061 2410 2180 2466 quae
2208 2411 2304 2451 vos
2339 2393 2481 2449 male
2506 2393 2701 2461 agitis,
2734 2400 2789 2447 et
2816 2391 2869 2445 in
2901 2389 3082 2445 futuro
3111 2389 3227 2444 haec
3259 2397 3468 2458 arguet.

1885 2489 1952 2543 Et
1993 2503 2120 2543 ecce
2157 2486 2300 2542 unde
2338 2495 2517 2556 potest
2559 2482 2897 2554 comprobari
2941 2497 3064 2537 eum
3106 2480 3286 2537 omnia
3330 2479 3473 2535 mala

1884 2588 2063 2636 vestra
2095 2588 2150 2634 et
2186 2577 2376 2633 audire
2405 2584 2461 2631 et
2488 2574 2703 2641 videre,
2731 2582 2787 2628 et
2830 2573 2884 2627 in
2924 2572 3106 2627 laturo
3131 2571 3200 2626 ab
3238 2585 3304 2625 eo
3334 2568 3473 2624 mala

1886 2674 1988 2728 ista
2021 2668 2393 2742 redarguenda
2426 2683 2565 2724 esse.
2594 2665 2730 2721 Nam
2760 2665 2848 2736 qui
2877 2664 3131 2735 plantavit
3162 2678 3342 2717 aurem
3372 2679 3475 2717 non

1887 2761 2101 2815 audiet?
2128 2775 2257 2815 vere
2281 2759 2497 2820 audiet;
2529 2766 2577 2812 et
2598 2757 2689 2827 qui
2718 2756 2873 2825 ﬁnxit
2905 2753 3136 2818 oculum,
3169 2768 3272 2806 non
3301 2754 3473 2805 consi-

1887 2852 2033 2905 derat
2062 2865 2180 2920 quae
2219 2849 2417 2921 agitis?
2455 2849 2639 2920 utique
2669 2846 2999 2902 considerat.
3031 2843 3100 2898 Et
3134 2844 3226 2913 qui
3262 2841 3475 2911 corripit

1888 2943 1979 2997 hic
2004 2951 2178 3011 gentes
2207 2955 2306 3012 per
2346 2940 2661 3010 Scripturas
2690 2952 2759 2993 ne
2792 2941 3045 3007 peccent,
3078 2947 3179 2987 non
3209 2941 3390 3001 arguet
3419 2930 3473 2984 in

1891 3035 2092 3100 futuro,
2122 3048 2220 3105 per
2251 3033 2677 3096 damnationem,
2709 3029 3041 3101 negligentes
3066 3026 3155 3082 hic
3184 3024 3480 3081 correctio-

1892 3146 2013 3186 nem
2054 3127 2244 3182 suam?
2275 3140 2401 3181 vere
2435 3131 2643 3195 arguet.
2676 3121 2782 3177 Pro
2808 3119 2975 3176 nihilo
3007 3119 3151 3173 enim
3180 3116 3270 3172 hic
3310 3114 3479 3170 corri-

1890 3228 2064 3291 peret,
2092 3218 2192 3274 uisi
2223 3219 2274 3272 in
2308 3216 2490 3272 futuro
2517 3222 2786 3285 argueret.
2818 3212 2885 3268 Et
2911 3212 3000 3282 qui
3035 3211 3181 3264 docet
3216 3208 3477 3262 hominem

1890 3310 2199 3374 scientiam,
2238 3309 2292 3362 id
2322 3316 2406 3362 est
2434 3306 2522 3361 ille
2558 3306 2648 3376 qui
2689 3319 2783 3375 per
2820 3301 3123 3358 doctrinam
3168 3312 3322 3353 suam
3355 3297 3481 3351 facit

1892 3403 2040 3458 illum
2071 3402 2362 3463 scientem,
2402 3398 2494 3468 qui
2523 3398 2683 3452 homo
2712 3403 2829 3460 est,
2880 3393 2932 3447 id
2962 3399 3046 3447 est
3087 3387 3483 3445 rationabiliter

1894 3508 1953 3549 se
1984 3493 2191 3547 habens
2221 3505 2326 3545 non
2355 3487 2499 3545 scit?
2531 3486 2715 3555 utique
2752 3483 3005 3537 Dominus
3039 3479 3143 3535 scit
3172 3494 3276 3533 non
3308 3476 3487 3532 solum

1894 3584 2265 3655 operationes,
2315 3581 2411 3637 sed
2451 3579 2653 3643 etiam,
2694 3575 2836 3647 quod
2869 3573 3045 3643 majus
3075 3580 3188 3637 est,
3223 3570 3337 3639 ipse
3380 3568 3484 3623 scit

1896 3678 2234 3748 cogitationes
2255 3676 2553 3739 hominum,
2582 3670 2829 3743 quoniam
2854 3683 2998 3722 vana:
3022 3674 3168 3730 sunt,
3190 3662 3239 3717 id
3261 3670 3343 3717 est
3371 3661 3490 3730 ipse

1898 3769 2002 3825 scit
2033 3767 2175 3837 quod
2204 3764 2565 3836 cogitationes
2595 3772 2789 3817 vestrae
2820 3759 2911 3829 qui
2954 3755 3274 3826 simpliciter
3311 3750 3489 3806 homi-

1901 3875 1996 3915 nes
2019 3873 2127 3913 non
2151 3853 2421 3926 spiritales
2442 3852 2596 3919 estis,
2618 3865 2772 3905 vana:
2793 3856 2920 3906 sunt
2938 3887 2955 3914 ,
2983 3855 3038 3902 et
3062 3846 3236 3917 dignae
3259 3843 3481 3898 ultione.

1902 3951 1965 4005 Et
1994 3950 2095 4003 hoc
2126 3956 2296 4003 totum
2326 3952 2411 4000 est
2436 3958 2500 3998 ac
2525 3942 2569 3997 si
2602 3942 2682 3999 sic
2710 3946 2937 4011 poneret
2966 3955 2978 3991 :
3007 3935 3135 3990 Inde
3165 3930 3486 4002 comprohao

1904 4050 1990 4096 tur
2018 4054 2143 4095 eum
2186 4036 2412 4100 audire,
2452 4033 2709 4105 quoniam
2752 4027 3139 4086 inconveniens
3172 4032 3319 4080 esset
3359 4037 3484 4078 eum

1902 4149 2008 4189 non
2040 4131 2257 4197 audire,
2292 4128 2381 4201 qui
2409 4143 2587 4181 aurem
2617 4124 2856 4181 omnium
2886 4118 3163 4174 hominum
3193 4114 3483 4185 plantavit,

1905 4224 1956 4278 id
1998 4230 2082 4278 est
2124 4222 2190 4277 de
2235 4220 2364 4275 limo
2410 4227 2566 4273 terra;
2612 4213 2865 4269 formavit
2907 4226 2921 4263 :
2961 4219 3017 4264 et
3055 4207 3177 4262 inde
3226 4204 3489 4276 probatur

1905 4330 2026 4370 eum
2060 4314 2271 4376 videre,
2316 4308 2571 4379 quoniam
2614 4301 2997 4358 inconveniens
3030 4306 3175 4379 esset
3214 4311 3335 4350 eum
3380 4312 3487 4350 non

214 4375 497 4399 ...........,
548 4375 675 4403 Ψ...
721 4375 827 4385 ..νυ
872 4375 1028 4399 ...τη
1072 4375 1259 4399 ,ηψπ
1297 4375 1523 4383 ---------
1567 4375 1609 4380 --
1654 4375 1703 4379 η
1747 4375 1795 4378 η-
2335 4375 2349 4379 -
3127 4375 3137 4383 ,

214 4428 425 4484 faciunt
448 4468 462 4491 ,
505 4427 601 4482 sed
638 4425 874 4479 futuram
921 4423 1199 4493 inquirunt
1226 4460 1240 4486 ,
1290 4421 1431 4477 sicut
1467 4419 1690 4475 advenae
1735 4417 1802 4471 ad
1834 4444 1879 4498 ι)
1905 4407 2089 4463 Videre
2117 4404 2207 4475 qui
2234 4397 2687 4498 omnemf’fu’f‘m
2717 4396 2889 4465 βηπίει
2925 4394 2976 4449 id
3003 4400 3087 4448 εει
3118 4389 3394 4498 (ονπξξίνίλ
3424 4388 3490 4442 Et

214 4518 448 4587 patriam
483 4515 681 4572 reverti
718 4513 1033 4578 intendunt,
1082 4528 1110 4566 a
1142 4528 1247 4583 qua
1285 4510 1476 4567 remoti
1521 4518 1667 4564 sunt.
1699 4507 1806 4562 Pu-

216 4611 382 4683 pillis,
412 4608 538 4682 quia
566 4618 685 4664 sunt
713 4608 831 4663 sine
860 4605 1074 4661 diabolo
1098 4645 1113 4671 ,
1144 4605 1233 4675 qui
1263 4605 1409 4674 prius
1438 4616 1625 4658 eorum
1653 4609 1805 4670 pater

216 4700 449 4765 exstitit,
489 4709 541 4757 et
567 4700 687 4755 sine
724 4697 1076 4763 inﬁdelitate,
1108 4711 1227 4766 quae
1249 4708 1433 4751 eorum
1463 4700 1637 4747 mater
1664 4690 1801 4756 fuit;

219 4797 362 4853 sicut
402 4795 583 4866 pupilli
610 4836 623 4856 ,
664 4808 893 4863 quorum
943 4802 1100 4862 pater
1140 4798 1195 4845 et
1243 4796 1415 4843 mater
1451 4786 1564 4855 jam
1608 4784 1804 4839 mortui

219 4897 368 4944 sunt.
405 4886 494 4942 Vel
522 4893 700 4956 potest
724 4887 823 4939 hoc
848 4883 914 4938 ad
940 4883 1175 4937 litteram
1207 4894 1443 4951 congrue
1470 4877 1593 4947 legi.
1620 4875 1806 4930 Vidua:

221 4992 455 5048 namque
483 4985 537 5033 et
560 4979 803 5039 advenae,
829 4984 883 5030 et
909 4973 1115 5046 pupilli,
1143 4973 1261 5028 sine
1283 4969 1570 5040 cujuslibet
1607 4966 1807 5022 auxilio

220 5071 519 5125 existentes
543 5109 559 5137 ,
598 5067 763 5124 solius
794 5066 888 5121 Dei
921 5064 1121 5120 auxilio
1157 5061 1538 5125 defenduntur,
1579 5058 1808 5128 ideoque

223 5159 451 5230 populus
476 5158 593 5227 ejus
619 5159 894 5224 dicuntur,
923 5156 1063 5212 unde
1090 5154 1264 5219 idem,
1299 5173 1317 5204 ε
1350 5163 1502 5223 pater
1530 5150 1804 5221 orphano—

224 5267 341 5307 rum
379 5261 435 5306 et
466 5250 631 5320 judex
666 5249 947 5303 viduarum
984 5266 1002 5299 ι
1050 5245 1251 5301 dicitur
1290 5243 1463 5315 (Psal.
1514 5258 1688 5307 van,
1729 5241 1804 5312 6).

229 5341 355 5398 Dico
392 5341 536 5412 quod
573 5340 823 5412 populum
851 5351 999 5394 tuum
1034 5338 1473 5400 humiliaverant,
1510 5346 1558 5390 et
1588 5336 1809 5390 fueredi-

224 5444 381 5490 tatem
410 5445 558 5489 tuam
598 5442 931 5499 vexaverant,
963 5442 1016 5486 et
1049 5430 1258 5485 viduam
1288 5439 1335 5485 et
1363 5428 1616 5483 advenam
1650 5428 1810 5480 inter-

228 5525 477 5593 fecerant,
510 5537 558 5581 et
586 5526 811 5597 pupillas
840 5525 1163 5580 occiderunt.

297 5619 363 5673 Et
388 5619 505 5674 bare
532 5618 778 5674 faciendo
799 5659 812 5684 ,
841 5620 908 5673 ad
950 5615 1221 5672 cumulum
1252 5611 1484 5667 miseria:
1511 5625 1621 5666 sua:
1658 5609 1809 5662 dixe-

233 5720 348 5764 rant
379 5725 397 5763 :
433 5702 634 5767 Secare
677 5725 965 5781 possumus
1000 5723 1092 5765 eos
1125 5704 1410 5761 humiliare
1432 5745 1445 5770 ,
1489 5716 1716 5765 vexare,
1759 5709 1812 5756 ct

1908 4499 2033 4555 inde
2058 4496 2316 4569 probatur
2338 4491 2480 4563 quod
2513 4491 2566 4545 in
2602 4489 2783 4544 loturo
2814 4496 3021 4556 arguet,
3051 4482 3175 4554 quia
3211 4481 3369 4536 aliter
3397 4496 3489 4534 su-

1907 4588 2110 4662 perﬂue
2160 4587 2246 4641 hic
2300 4584 2618 4653 corriperet.
2676 4579 2746 4634 Et
2791 4577 2917 4633 inde
2964 4574 3310 4633 convincitur
3363 4586 3487 4627 eum

1907 4682 2079 4745 scire,
2117 4678 2241 4747 quia
2274 4673 2657 4731 inconveniens
2693 4677 2839 4725 esset
2876 4683 2999 4724 eum
3042 4681 3147 4720 non
3179 4664 3354 4728 scire,
3398 4662 3489 4733 qui

1907 4786 2121 4829 omnem
2149 4768 2408 4822 hominem
2439 4765 2583 4819 docet
2615 4760 2874 4833 quidquid
2902 4760 3022 4816 scit.

1979 4863 2142 4918 Facta
2181 4858 2557 4915 exhortatione
2597 4855 2663 4909 ad
2706 4852 2868 4907 falsos
2893 4849 3262 4912 Christianos,
3300 4854 3487 4901 osten-

1910 4956 2037 5011 dere
2064 4951 2297 5008 in'endit
2322 4950 2463 5020 quod
2507 4945 2884 5001 tribulationes
2910 4944 3173 4997 bonorum
3202 4938 3269 4991 ad
3298 4949 3488 4992 eorum

1908 5044 2297 5110 beatitudinem
2321 5042 2538 5101 cedunt,
2565 5038 2644 5094 sic
2668 5055 2680 5090 :
2710 5036 2854 5106 Ergo
2877 5033 3001 5105 quia
3030 5040 3082 5086 tu
3108 5029 3288 5085 omnia
3313 5027 3485 5088 vides,

1909 5149 1965 5197 et
2000 5138 2128 5202 scis,
2152 5143 2208 5192 et
2235 5132 2423 5198 audis,
2455 5131 2579 5186 inde
2606 5127 2989 5200 comprobatur
3012 5122 3153 5193 quod
3183 5122 3359 5172 beatas
3385 5117 3489 5171 erit

1909 5234 2061 5288 homo
2086 5226 2266 5284 omnis
2298 5242 2451 5297 quem
2478 5234 2563 5289 tu,
2599 5221 2779 5277 omnia
2814 5218 2993 5272 sciens
3027 5225 3082 5269 et
3120 5212 3337 5278 videns,
3368 5225 3490 5262 eru-

1910 5325 2067 5380 dieris
2102 5336 2198 5394 per
2237 5317 2647 5381 tribulationes,
2689 5314 2739 5367 id
2777 5320 2861 5366 est
2902 5321 3060 5379 quem
3107 5304 3294 5362 rudem
3337 5311 3490 5358 extra

1911 5422 2203 5477 ruditatem
2242 5430 2440 5488 pones,
2482 5414 2756 5469 instruens
2786 5420 2908 5461 eum
2943 5418 3041 5475 per
3084 5399 3279 5457 multas
3305 5396 3491 5452 anxie-

1914 5523 2086 5582 tates,
2120 5512 2235 5567 haec
2264 5505 2552 5579 praesentia
2601 5516 2704 5557 non
2760 5512 2880 5555 esse
2919 5510 3128 5551 summa
3169 5493 3307 5548 bona
3336 5530 3351 5555 ,
3391 5502 3492 5545 nec

1912 5620 2031 5663 esse
2059 5600 2389 5675 appetenda;
2418 5604 2471 5650 ct
2499 5608 2618 5649 esse
2646 5590 2750 5647 alia
2782 5591 2944 5656 bona,
2969 5585 3231 5658 spiritalia
3260 5582 3489 5648 scilicet,

1914 5713 2032 5771 quae
2060 5692 2358 5768 appetenda
2384 5698 2529 5746 sunt.
2564 5686 2702 5743 Suos
2729 5682 2980 5741 nimirum
3016 5680 3154 5737 Deus
3182 5691 3278 5749 per
3305 5675 3505 5731 anxie-7
