3840 6338
455 281 592 340 H39

1022 277 1078 332 S.
1115 273 1463 332 BllUNONIS
1489 271 2130 330 CARTllUSlANORUM
2170 271 2656 330 lNSTlTUTORlS
2691 273 2839 330 ΟΙῬ.
2881 273 3061 331 PARS
3089 274 3129 330 ῐ.

3553 281 3673 335 illi)

455 413 595 456 tates
623 396 828 461 erudit,
859 392 981 462 quia
1005 432 1020 460 ,
1054 390 1180 444 dum
1221 403 1311 442 eos
1345 387 1611 458 permittit
1650 387 1739 441 hic
1782 385 2026 455 afﬂigi-et
2057 391 2102 450 Α
2129 384 2381 440 stimenta
2421 394 2599 440 vestra
2639 383 2796 454 (Joel.
2836 401 2896 450 ll,
2936 384 3046 456 l5).
3084 405 3102 436 ι
3156 382 3306 451 Quod
3355 384 3481 440 dicit
3521 385 3675 456 justus

451 492 610 550 bonis
633 485 988 560 praesentibus
1008 481 1252 552 spoliari,
1278 480 1451 534 innuit
1477 480 1590 534 haec
1613 479 1747 553 bona
1780 492 1884 530 non
1907 489 2026 530 esse

453 595 663 638 summa
689 577 856 640 bona,
898 588 1019 642 quae
1046 571 1124 626 sic
1163 569 1508 634 amittuntur;
1555 579 1654 621 nec
1682 566 1820 621 hanc
1858 564 2025 619 vitam

453 673 664 729 felicem
699 684 848 733 esse,
883 667 934 720 in
977 679 1080 733 qua
1117 663 1196 718 sic
1235 661 1574 732 affliguntur;
1621 659 1715 713 sed
1754 659 1856 712 alia
1888 657 2027 712 bona

454 776 662 818 summa
683 773 827 822 esse,
849 764 902 810 ct
923 753 1081 807 aliam
1108 753 1268 807 vitam
1290 760 1544 806 aeternam
1567 758 1622 804 et
1644 751 1878 814 beatam,
1907 763 2026 818 quae

454 851 757 924 expetenda
785 856 930 902 sunt.
972 845 1084 900 Hoc
1116 852 1294 898 autem
1325 842 1466 912 quod
1496 842 1629 896 dicit
1663 841 1843 895 beatus
1870 841 2024 896 homo

452 959 605 1014 quem
639 951 693 994 tu
721 935 999 1000 erudieris,
1036 935 1175 1010 idem
1212 942 1295 988 est
1321 948 1386 986 ac
1420 932 1464 985 si
1497 931 1699 986 diceret
1732 949 1744 984 :
1781 930 2026 986 Eruditio

452 1033 894 1096 tribulationum,
925 1043 1084 1084 causa
1113 1026 1224 1081 erit
1245 1025 1614 1080 beatitudinis.
1643 1025 1711 1079 Et
1743 1041 1809 1080 ne
1837 1025 2025 1080 beatus

451 1133 614 1185 homo
643 1129 882 1196 futurus,
915 1125 1001 1179 hic
1037 1123 1088 1176 in
1123 1118 1523 1176 tribulationum
1565 1120 1868 1175 eruditione
1898 1119 2026 1175 deli-

451 1221 580 1284 ciat,
613 1217 849 1273 docueris
883 1229 999 1268 eum
1029 1211 1093 1266 de
1119 1211 1226 1280 lege
1260 1221 1379 1273 tua,
1428 1210 1480 1263 id
1524 1219 1610 1264 cst
1639 1210 1859 1266 docebis
1901 1225 2025 1266 eum

451 1327 550 1380 per
574 1307 874 1364 doctrinam
906 1303 1037 1374 legis
1068 1311 1171 1355 tuae
1196 1300 1338 1356 hanc
1369 1301 1728 1355 eruditionem
1760 1301 2028 1370 patienter

449 1415 568 1456 esse
589 1399 885 1453 ferendam.
920 1394 1076 1451 Unde
1109 1393 1223 1464 ipse
1248 1392 1380 1448 dicit
1412 1393 1464 1446 in
1500 1391 1829 1463 Evangelio:
1872 1411 1890 1444 ι
1924 1391 2025 1457 Qui

448 1494 560 1548 vult
586 1492 771 1547 venire
811 1496 932 1560 post
963 1501 1078 1551 me,
1107 1486 1337 1556 abneget
1361 1485 1706 1554 semetipsum
1735 1525 1748 1551 ,
1791 1493 1844 1537 et
1879 1484 2028 1538 tollat

446 1597 662 1642 crucem
687 1595 838 1634 suam
860 1577 1119 1648 quotidie,
1141 1581 1194 1629 et
1213 1585 1471 1644 sequatur
1491 1590 1576 1629 me
1599 1573 1749 1645 (Luc.
1776 1592 1854 1640 rx,
1875 1575 1988 1643 25).
2005 1593 2021 1624 ι

443 1673 743 1746 Interponit
783 1682 962 1727 autem
1002 1687 1221 1728 causam
1253 1685 1420 1741 quare
1451 1684 1573 1723 eum
1615 1669 1861 1733 docebit,
1903 1682 2025 1723 cum

2129 477 2290 530 corde
2327 475 2533 532 futuros
2556 477 2710 546 juxta
2735 476 3033 542 Christum,
3067 478 3296 547 positum
3333 489 3416 533 est
3448 494 3476 532 a
3504 481 3675 536 simili-

2129 567 2313 622 tudine
2364 567 2528 638 regis,
2572 567 2663 638 qui
2719 568 2998 624 chariores
3052 576 3108 624 et
3161 567 3484 624 valentiores
3535 572 3677 628 duces

2127 674 2275 724 suos,
2317 659 2470 728 juxta
2513 673 2573 713 se
2619 659 2672 712 in
2717 658 2916 728 palatio
2956 674 3056 714 suo
3082 659 3270 714 sedere
3309 659 3461 725 facit;
3499 668 3552 714 et
3590 662 3677 718 hoc

2127 742 2270 812 quod
2317 743 2702 812 interrogative
2743 744 2928 812 ponit,
2973 744 3112 798 idem
3163 753 3244 798 est
3286 759 3350 800 ac
3386 744 3429 798 si
3471 745 3674 800 diceret:

2127 830 2345 886 Justitia
2398 837 2750 887 convertatur
2802 833 2857 886 in
2899 833 3200 903 judicium,
3265 845 3315 890 et
3360 836 3514 905 juxta
3552 835 3678 890 illam

2126 929 2286 976 erunt
2315 938 2490 976 omnes
2533 930 2626 993 qut
2655 933 2774 977 sunt
2819 925 2974 978 corde
3017 925 3172 992 recti,
3219 941 3326 979 non
3379 925 3682 980 solummodo

2127 1014 2324 1084 specie.
2361 1013 2504 1085 Ergo
2534 1013 2969 1085 quandoquidem
2999 1025 3160 1071 erunt
3193 1017 3524 1072 solummodo
3549 1016 3680 1086 juxta

2129 1103 2274 1158 illam
2310 1118 2500 1158 omnes
2527 1105 2618 1174 qui
2653 1115 2792 1159 recto
2831 1115 2956 1161 sunt
2990 1109 3164 1162 corde.
3215 1106 3347 1173 Quis
3375 1106 3550 1162 volens
3579 1122 3681 1163 esse

2129 1203 2310 1250 rectus
2358 1195 2549 1264 corde,
2601 1193 2732 1249 mihi
2781 1196 3064 1266 adjunctus
3114 1213 3214 1266 per
3271 1197 3676 1254 conformitatem

2129 1293 2401 1352 consurget
2427 1285 2494 1338 de
2517 1298 2782 1355 corporeo
2805 1293 2979 1341 stratu
3010 1287 3292 1342 existendo
3319 1289 3563 1341 adversus
3587 1305 3680 1341 uta-

2128 1376 2408 1446 lignantes,
2441 1375 2492 1430 id
2523 1386 2604 1431 est
2629 1377 3048 1434 contradicendo
3085 1379 3413 1435 adversariis
3438 1379 3681 1444 Ecclesiae,

2130 1465 2398 1521 luereticis
2433 1467 2639 1521 scilicet
2664 1477 2719 1522 et
2753 1468 2906 1523 falsis
2934 1469 3296 1525 Christianis?
3323 1470 3428 1524 Aut
3457 1471 3564 1541 quis
3590 1482 3680 1525 sta-

2130 1558 2221 1626 bit,
2254 1558 2308 1612 id
2333 1567 2414 1614 est
2445 1567 2500 1614 et
2525 1559 2644 1628 quis
2667 1561 3038 1630 perseverabit
3070 1579 3270 1616 mecum
3297 1561 3586 1632 praeliando
3605 1578 3686 1632 per

2131 1650 2648 1716 contradictionem,
2709 1651 2958 1706 adversus
3014 1663 3287 1722 operantes
3343 1655 3686 1724 iniquitatem?

446 1738 639 1822 addit':
672 1765 797 1821 Ideo
825 1764 1030 1820 scilicet
1057 1738 1418 1820 docebis—eum
1447 1777 1544 1831 per
1572 1761 1742 1830 legem
1773 1769 1939 1824 tuam,
1972 1769 2026 1813 ut
2061 1738 2104 1791 Β
2280 1741 2426 1795 enim
2466 1741 2692 1798 δυίῖίοῖθῑ
2728 1757 3078 1816 εοηειιτεθτθ,
3116 1744 3219 1800 ηίεῖ
3246 1745 3316 1800 Sil
3347 1746 3507 1800 “iam
3541 1755 3684 1802 ειπε-

445 1857 651 1926 mitiges
680 1856 728 1910 ei
765 1863 1088 1925 exasperato
1128 1872 1159 1908 a
1195 1853 1376 1908 diebus
1405 1851 1589 1918 malis,
1631 1852 1684 1905 id
1730 1860 1812 1905 est
1845 1860 1901 1904 ut
1934 1850 2028 1904 des

447 1949 836 2020 mitigationem
861 1938 1139 2017 patientia:
1167 1946 1215 2002 ei
1235 1987 1248 2009 ,
1275 1945 1368 2016 qui
1397 1951 1752 2013 exasperatur
1779 1957 1810 1995 a
1837 1942 2029 1996 diebus

447 2040 878 2101 tribulationum,
903 2039 994 2109 qui
1017 2039 1134 2093 dies
1166 2039 1293 2092 mali
1316 2037 1587 2101 dicuntur,
1616 2051 1681 2090 eo
1707 2035 1848 2105 quod
1873 2034 1924 2090 in
1949 2035 2029 2089 eis

447 2129 738 2184 multarum
783 2127 922 2182 mala
974 2127 1384 2182 tribulationum
1434 2126 1702 2180 insistent.
1753 2124 1905 2192 Quod
1946 2133 2031 2180 est

448 2221 632 2275 dicere
655 2233 673 2273 :
696 2219 820 2274 ideo
842 2234 964 2273 eum
993 2219 1235 2283 docebis,
1260 2227 1320 2272 ut
1345 2220 1446 2273 sub
1471 2216 1871 2272 tribulationum
1897 2231 2029 2284 pon-

449 2313 578 2367 dere
617 2326 722 2365 non
762 2310 1013 2374 deficiat,
1046 2325 1076 2363 a
1120 2309 1317 2379 quibus
1357 2316 1731 2381 exasperatur.
1773 2307 1814 2359 Α
1847 2307 2028 2361 diebus

448 2400 602 2454 malis
630 2400 779 2462 dico,
807 2398 1086 2452 duraturis
1111 2413 1215 2453 non
1246 2400 1298 2452 in
1329 2385 1666 2468 perpetuum,
1695 2396 1790 2451 sed
1819 2396 2026 2461 tandiu,

448 2497 612 2550 donec
640 2495 874 2563 fodiatur
895 2494 1042 2564 fovea
1081 2497 1368 2564 peccatoris
1393 2538 1407 2563 ,
1441 2496 1491 2548 id
1516 2503 1601 2550 est
1626 2503 2030 2550 consummetur

449 2585 503 2637 in
534 2583 714 2638 futuro
749 2584 1026 2638 damnatio
1069 2585 1369 2654 peccatoris
1411 2583 1592 2638 fideles
1631 2583 2025 2654 persequentis.

452 2675 667 2729 Dictum
695 2685 777 2729 est
804 2675 906 2730 hoc
937 2690 966 2728 a
995 2674 1348 2730 similitudine
1379 2675 1548 2738 illius,
1581 2675 1733 2745 cujus
1760 2675 1912 2729 fovea
1941 2673 2026 2730 fo-

449 2767 620 2831 ditur,
646 2775 703 2820 ιιι
729 2775 850 2837 post
873 2767 925 2821 in
949 2782 1068 2821 eam
1093 2764 1397 2835 dejiciatur.
1430 2767 1492 2821 Et
1525 2767 1817 2821 notandum
1843 2809 1857 2832 ,
1885 2769 2028 2838 quod

447 2858 553 2912 hoc
579 2858 707 2912 dicit
733 2859 798 2912 ad
821 2858 1086 2913 bonorum
1113 2857 1558 2930 consolationem,
1586 2867 1640 2914 et
1667 2859 1732 2914 ad
1761 2858 2026 2915 malorum

445 2947 905 3018 perterritionem.

518 3036 839 3106 Interposita
895 3053 1055 3092 causa
1111 3052 1279 3107 quare
1324 3039 1560 3106 docebit,
1611 3040 1850 3096 ostendit
1895 3042 2024 3110 quid

448 3130 683 3193 docebit,
714 3130 792 3184 sic
827 3148 840 3183 :
873 3130 986 3185 lloc
1015 3130 1221 3186 scilicet
1247 3129 1460 3186 docebit
1491 3131 1746 3185 Dominus
1781 3147 1876 3200 per
1897 3132 2031 3202 legis

448 3237 558 3276 suae
587 3221 752 3292 379
778 3221 1101 3286 doctrinam,
1131 3221 1272 3290 quod
1304 3221 1416 3291 ipse
1441 3221 1696 3275 Dominus
1733 3239 1837 3276 non
1866 3222 2031 3292 repel-

447 3313 515 3366 let
545 3313 740 3381 plebem
787 3328 960 3376 suam,
1003 3311 1128 3367 licet
1173 3311 1335 3366 etiam
1383 3312 1620 3380 patiatur
1653 3311 1836 3382 afﬂigi,
1865 3312 1916 3366 id
1947 3322 2027 3366 est

447 3405 552 3458 h-c
600 3403 858 3469 docebit,
910 3403 1052 3472 quod
1102 3417 1208 3458 non
1259 3401 1462 3457 idcirco
1507 3403 1771 3472 permittit
1819 3401 2028 3472 plebem

448 3508 602 3547 snam
641 3492 826 3562 afﬂigi,
865 3502 921 3548 nt
949 3509 1068 3548 eam
1101 3491 1322 3561 repellat
1351 3502 1407 3547 et
1435 3493 1690 3562 negligat.
1724 3492 1787 3546 Et
1811 3493 1914 3547 hoc
1941 3493 2032 3547 do-

447 3585 610 3646 cebit,
640 3585 783 3654 quod
814 3599 934 3638 cum
965 3583 1239 3653 permittat
1271 3583 1513 3638 tribulari
1549 3584 1791 3638 eamdem
1819 3583 2028 3654 plebem

449 3688 624 3734 suam,
655 3687 777 3742 qua:
809 3673 1098 3728 lncreditas
1139 3670 1258 3740 ejus
1293 3680 1401 3736 est,
1433 3680 1613 3726 tamen
1662 3671 1833 3742 ipsam
1861 3673 2027 3728 luere-

447 3762 664 3816 ditatem
699 3777 848 3814 suam
889 3778 989 3815 non
1015 3761 1356 3832 derelinquet.
1397 3761 1532 3817 Cum
1562 3762 1713 3831 ponit
1746 3779 1848 3816 non
1877 3765 2028 3816 dere-

448 3855 668 3923 linquet,
697 3853 856 3907 datur
903 3852 1126 3923 intelligi
1177 3869 1273 3920 per
1317 3853 1575 3923 lyploten,
1625 3854 1766 3923 quod
1801 3854 2028 3908 ltmredi-

447 3954 613 4001 tatem
643 3959 794 3999 suam
823 3960 920 4015 per
950 3943 1325 3998 tribulationes
1360 3945 1650 4012 adjuvabit,
1684 3955 1742 3999 ut
1767 3946 1896 4016 ipsa
1928 3947 2025 4000 tri-

443 4036 754 4092 hulationes
782 4037 892 4090 sint
922 4035 1002 4090 eis
1031 4050 1193 4090 causa
1227 4036 1560 4090 salvationis.
1591 4039 1719 4092 Dico
1745 4039 1886 4106 quod
1915 4040 2028 4093 Ita:-

444 4128 721 4181 reditatem
767 4142 918 4180 suam
969 4140 1070 4178 non
1113 4123 1453 4190 derelinquel,
1500 4125 1592 4180 sed
1639 4126 1932 4194 adjuvahit,
1975 4137 2030 4182 et

445 4217 631 4272 tandiu
663 4216 938 4290 adjuvabit
963 4215 1301 4286 quoadusque
1321 4214 1547 4284 justitia,
1577 4215 1628 4270 id
1655 4225 1736 4270 est
1758 4216 2027 4282 Christus,

447 4313 537 4382 qui
588 4327 686 4382 per
732 4310 1031 4380 emphasim
1069 4309 1520 4377 diciturjustitia,
1566 4325 1632 4364 eo
1677 4311 1818 4379 quod
1868 4311 1936 4364 ab
1964 4325 2028 4363 eo

442 4404 621 4459 onmis
661 4401 871 4470 jnstitia
919 4403 1200 4472 procedat,
1249 4413 1579 4457 convertatur
1607 4419 1635 4456 a
1666 4403 1925 4472 patientia
1972 4404 2024 4455 in
2059 4426 2103 4482 υ

437 4497 723 4566 judicium.
762 4497 914 4564 Quod
943 4505 1024 4552 est
1050 4496 1231 4551 dicere
1259 4513 1272 4550 :
1305 4495 1510 4551 Tandiu
1539 4511 1633 4551 eos
1663 4513 1765 4550 non
1795 4495 2023 4565 repellet,

445 4587 539 4638 sed
568 4599 664 4653 per
695 4586 1070 4640 tribulationes
1121 4584 1414 4654 adjuvabit,
1466 4585 1637 4642 donec
1678 4586 1926 4642 Christus
1956 4586 2022 4640 ad

446 4677 661 4746 iniquos
698 4674 1047 4743 iudicandum
1068 4675 1276 4744 veniat,
1326 4693 1460 4746 quos
1500 4679 1589 4734 hic
1616 4679 1888 4748 patienter
1928 4694 2019 4732 ex-

443 4775 672 4837 spectat.
715 4767 830 4821 Non
870 4768 990 4823 ideo
1019 4769 1098 4824 sic
1125 4769 1475 4834 determinat,
1506 4771 1650 4839 quod
1684 4779 1867 4840 postea
1898 4783 2024 4823 suos

443 4857 686 4926 repellat,
719 4858 810 4912 sed
839 4859 964 4927 quia
989 4859 1116 4913 illud
1142 4867 1355 4914 constat
1383 4861 1524 4929 quod
1551 4871 1735 4930 postea
1763 4875 1889 4915 suos
1916 4875 2020 4914 non

449 4949 692 5018 repellet,
723 4965 830 5003 non
871 4957 1131 5003 removet.
1162 4948 1274 5004 Hoc
1304 4961 1483 5004 autem
1513 4951 1656 5018 quod
1687 4949 1776 5005 hic
1810 4966 1912 5005 non
1943 4967 2022 5004 re-

439 5040 614 5109 pellet,
651 5039 888 5110 oportuit
929 5053 1149 5108 ponere,
1182 5039 1303 5108 quia
1338 5039 1425 5094 hic
1453 5040 1702 5095 videntur
1729 5056 1827 5110 per
1850 5043 2022 5096 tribu-

442 5131 672 5184 Ιιιιὶοιθε
725 5129 942 5198 repelli,
987 5138 1042 5184 et
1088 5129 1410 5200 derelinqui.
1449 5129 1518 5184 Et
1559 5132 1674 5202 quis
1720 5132 1825 5187 erit
1860 5133 2022 5201 juxta

441 5223 592 5275 illam
630 5219 926 5288 justitiam,
974 5222 1025 5276 id
1074 5229 1156 5277 est
1195 5220 1318 5291 quis
1357 5222 1462 5276 erit
1499 5223 1586 5278 hic
1629 5223 1923 5277 conformis
1967 5223 2018 5276 in

439 5312 731 5368 virtutibus
760 5312 835 5366 illi
863 5312 1108 5381 justitize,
1139 5320 1192 5370 et
1232 5313 1286 5367 in
1322 5311 1504 5369 futuro
1533 5314 1779 5383 regnabit
1805 5329 1929 5370 cum
1957 5330 2019 5368 ea

442 5420 472 5458 a
496 5404 699 5459 dextris
724 5402 946 5460 Patris?
993 5403 1292 5475 Responsio
1320 5420 1333 5455 :
1365 5402 1557 5458 Omnes
1585 5403 1657 5468 illi
1687 5415 1848 5458 erunt
1867 5403 2017 5472 juxta

442 5495 587 5550 illam
631 5495 722 5566 qui
746 5503 866 5556 sunt
904 5505 1041 5549 recto
1076 5495 1258 5557 corde,
1304 5508 1412 5548 non
1451 5502 1770 5563 apparentes
1799 5508 1894 5562 per
1918 5493 2016 5563 hy-

442 5585 698 5655 pocrisim
732 5583 865 5655 justi
899 5585 1234 5641 solummodo
1276 5585 1330 5639 in
1371 5583 1530 5639 facie.
1570 5582 1718 5638 Unde
1758 5597 1854 5652 per
1896 5599 2021 5653 pro-

443 5677 661 5748 phetam
689 5679 922 5737 dicitur:
956 5698 973 5732 ι
1005 5679 1246 5735 Scindite
1279 5663 1441 5735 corda
1470 5686 1672 5744 vestra,
1705 5687 1760 5733 et
1787 5693 1893 5733 non
1930 5693 2020 5732 vc-

2132 1828 2486 1900 Malignantcs
2535 1842 2583 1885 et
2628 1844 2901 1904 operantes
2948 1834 3312 1904 iniquitatem,
3361 1836 3520 1891 iidem
3563 1845 3682 1890 sunt.

2133 1919 2342 1974 Dictum
2371 1929 2456 1976 est
2491 1933 2671 1978 autem
2712 1939 2742 1976 a
2781 1922 3139 1979 similitudine
3175 1925 3401 1992 civium,
3433 1925 3521 1994 qni
3556 1934 3686 1979 nocte

2131 2007 2199 2061 ab
2222 2009 2467 2064 hostibus
2497 2010 2690 2078 invasi,
2719 2012 2786 2068 de
2813 2011 3025 2068 lectulis
3053 2015 3107 2069 in
3135 2015 3335 2085 quibus
3359 2015 3686 2080 dormiebant,

2131 2109 2486 2172 consurgunt,
2521 2112 2574 2156 et
2605 2119 2818 2158 murum
2859 2105 3095 2162 civitatis
3138 2108 3517 2174 ascendentes,
3553 2118 3600 2162 et
3627 2109 3688 2162 ibi

2131 2189 2361 2261 Stantes,
2409 2211 2528 2251 eam
2577 2198 2644 2253 ab
2691 2199 2898 2254 assultu
2955 2201 3188 2254 hostium
3237 2200 3550 2257 defendunt.
3597 2200 3690 2255 lloc

2131 2293 2309 2340 autem
2337 2288 2480 2358 quod
2512 2289 2894 2361 interrogative
2923 2293 3090 2362 ponit,
3122 2293 3189 2347 ad
3221 2291 3488 2362 majorcm
3517 2295 3688 2349 exhor-

2133 2376 2389 2432 tationem
2428 2377 2576 2434 facit.
2615 2381 2683 2434 Et
2713 2390 2798 2436 est
2831 2395 2896 2436 ac
2930 2381 2973 2436 si
3009 2382 3217 2438 diceret
3253 2401 3266 2437 :
3312 2383 3456 2454 Ergo
3483 2385 3690 2454 quando-

2130 2471 2346 2541 quidem
2379 2473 2510 2527 recti
2542 2474 2702 2528 corde
2739 2467 3077 2530 solummodo
3107 2475 3329 2532 stabunt
3357 2479 3519 2548 juxta
3547 2478 3688 2540 illam,

2129 2577 2227 2618 vos
2259 2578 2449 2618 omnes
2476 2565 2784 2634 quicunque
2808 2565 2971 2620 vultis
3003 2580 3126 2621 esse
3158 2568 3287 2621 recti
3320 2569 3507 2632 corde,
3541 2577 3590 2622 et
3614 2584 3689 2637 per

2131 2653 2235 2708 hoc
2270 2652 2426 2721 juxta
2473 2653 2617 2708 illam
2661 2670 2801 2720 esse,
2849 2656 2977 2710 mihi
3023 2657 3366 2713 adhaerentes
3409 2660 3689 2728 consurgite

2131 2747 2379 2800 adversus
2419 2747 2786 2817 malignantes,
2817 2755 2872 2802 et
2896 2756 3038 2802 state
3065 2764 3267 2802 mecum
3311 2749 3556 2804 adversus
3592 2764 3691 2818 ape-

2133 2845 2307 2889 ranles
2329 2836 2674 2906 iniquitatem.

2201 2921 2458 2993 Quamvis
2507 2937 2686 2982 autem
2737 2929 2816 2984 sic
2853 2929 3113 2985 adhortor
3155 2931 3223 2985 ad
3281 2930 3688 3002 consurgendum

2133 3025 2186 3072 et
2216 3018 2282 3070 ad
2312 3017 2586 3085 standum,
2619 3017 2946 3076 insntliciens
2984 3031 3162 3075 tamen
3189 3036 3287 3092 per
3317 3037 3404 3076 me
3431 3037 3547 3077 sum
3580 3037 3689 3076 con-

2133 3121 2358 3178 surgere
2394 3117 2452 3162 et
2485 3117 2651 3163 stare.
2705 3107 2830 3164 Nisi
2866 3111 3010 3165 enim
3043 3111 3163 3165 ideo
3191 3113 3561 3179 remansisset,
3587 3113 3691 3181 quia

2133 3192 2388 3247 Dominus
2416 3193 2620 3263 adjuvit
2651 3211 2753 3260 me,
2780 3211 2878 3266 per
2906 3195 3222 3264 adjutricem
3254 3197 3512 3265 gratiam,
3539 3199 3691 3251 anima

2131 3299 2246 3337 mea
2275 3283 2578 3349 habitasset,
2606 3284 2658 3339 id
2697 3295 2780 3340 est
2811 3299 3163 3355 perseverans
3191 3287 3382 3342 luisset
3410 3290 3464 3340 iu
3493 3287 3692 3356 inferno,

2133 3375 2186 3430 id
2216 3385 2300 3430 est
2328 3376 2380 3430 in
2409 3391 2675 3432 consensu
2723 3377 3035 3446 impiorum,
3073 3380 3165 3448 qui
3194 3379 3319 3447 jure
3353 3379 3594 3434 infernus
3625 3379 3693 3431 di-

2131 3469 2293 3537 citur,
2341 3485 2407 3525 eo
2450 3471 2592 3540 quod
2639 3486 2736 3542 per
2768 3487 2892 3526 eum
2930 3473 2995 3526 ad
3035 3473 3308 3528 infernum
3364 3473 3623 3536 veniatur,
3648 3480 3691 3524 et

2130 3563 2287 3631 paulo
2310 3563 2505 3628 minus,
2543 3563 2596 3618 id
2625 3572 2707 3618 est
2735 3579 3026 3634 perparum
3079 3565 3245 3620 defuit
3276 3566 3456 3620 anima
3497 3580 3610 3620 mea
3635 3563 3692 3616 ab

2130 3659 2246 3728 ejus
2295 3659 2653 3714 habitatione.
2721 3659 2834 3714 Hoc
2882 3668 3061 3714 autem
3105 3660 3244 3714 dixit
3297 3662 3363 3716 ad
3408 3659 3689 3731 exemplum

2129 3749 2473 3814 humilitatis,
2503 3764 2572 3804 ne
2609 3749 2881 3805 confidant
2924 3751 3102 3806 idiotze
3136 3767 3232 3821 per
3258 3767 3318 3808 se
3349 3768 3510 3824 posse
3544 3763 3687 3808 stare.

2131 3842 2188 3896 Si
2219 3851 2397 3894 autem
2425 3839 2710 3905 habeatur,
2750 3841 3035 3907 habitavit,
3063 3842 3142 3898 sic
3171 3842 3400 3914 legetur.
3431 3843 3551 3898 Nisi
3587 3843 3689 3898 ideo

2129 3933 2255 4002 quia
2283 3931 2538 3986 Dominus
2566 3932 2767 4002 adjuvit
2798 3949 2878 3986 me
2907 3933 3187 3988 habitasset
3219 3936 3272 3988 in
3297 3935 3504 4004 inferno
3528 3936 3685 3989 unitati

2130 4041 2264 4091 mea,
2292 4033 2346 4080 et
2367 4024 2528 4095 paulo
2553 4025 2752 4091 minus,
2779 4026 2832 4080 id
2858 4037 2941 4081 est
2971 4025 3084 4081 fere
3111 4028 3396 4084 habitavit.
3429 4029 3685 4086 Sententia

2130 4115 2318 4170 eadem
2358 4123 2473 4180 est,
2513 4125 2570 4170 et
2597 4131 2721 4172 vere
2753 4132 2838 4172 me
2875 4117 3147 4187 adjuvisti,
3182 4120 3426 4175 Domine.
3462 4121 3520 4176 Si
3559 4121 3686 4174 enim

2131 4206 2320 4260 humili
2355 4204 2695 4262 confessione
2721 4207 2955 4260 dicebam
2998 4226 3010 4260 :
3051 4206 3258 4274 Adjuva
3310 4227 3418 4276 me,
3466 4210 3686 4272 Domine,

2129 4299 2253 4366 quia
2282 4307 2453 4358 motus
2481 4307 2555 4350 est
2577 4313 2665 4366 pes
2696 4314 2862 4364 meus,
2895 4297 2946 4350 id
2977 4307 3059 4351 est
3088 4297 3303 4354 affectio
3337 4315 3478 4364 mea,
3503 4300 3686 4353 miseri-

2131 4387 2311 4439 cordia
2339 4396 2456 4450 tua,
2485 4386 2736 4450 Domine,
2767 4386 3055 4456 adjuvabat
3091 4403 3201 4451 me,
3235 4403 3305 4442 ne
3345 4403 3411 4443 ex
3443 4396 3546 4443 toto
3571 4387 3687 4442 deli-

2129 4491 2330 4532 cerem.
2363 4477 2515 4542 Quod
2543 4486 2627 4532 est
2656 4478 2838 4533 dicere
2867 4495 2880 4531 :
2913 4477 3044 4533 Cum
3073 4479 3142 4534 ab
3165 4479 3344 4550 aliqua
3368 4481 3684 4552 suggestione

2129 4566 2564 4640 illicita‘aﬂectio
2593 4583 2712 4622 mea
2747 4580 3180 4624 commoveretur
3207 4582 3262 4626 et
3292 4573 3678 4642 inquietaretur.

2126 4671 2183 4715 et
2225 4644 2326 4731 ego
2368 4661 2472 4716 hoc
2516 4661 2788 4716 humiliter
2826 4661 2920 4716 tibi
2969 4663 3232 4718 confitens
3266 4666 3522 4720 :mxilium
3552 4677 3677 4719 tuum

2126 4757 2351 4811 orabam
2388 4771 2456 4811 ne
2482 4755 2792 4822 deficerem,
2819 4766 2874 4810 tu
2903 4757 3276 4812 misericordia
3318 4769 3408 4814 tua
3443 4775 3523 4814 me
3549 4757 3679 4826 adju-

2124 4847 2308 4901 vabas.
2354 4846 2421 4901 Et
2447 4847 2573 4916 quia
2623 4861 2727 4902 non
2773 4847 3111 4902 solummodo
3151 4849 3254 4904 hoc
3291 4850 3529 4906 dicebam
3573 4849 3672 4909 tibi,

2125 4937 2217 4994 sed
2245 4938 2413 4992 etiam
2455 4937 2823 5007 multipliciter
2848 4937 3094 4993 dolebam
3127 4941 3194 4994 de
3224 4944 3574 4996 commotione
3595 4954 3675 5009 pe

2125 5033 2239 5095 dis,
2295 5033 2567 5102 paenitens
2603 5041 2658 5084 et
2694 5045 2859 5086 orans
2890 5040 2947 5085 ut
2979 5034 3108 5087 mihi
3133 5033 3301 5104 380
3331 5035 3510 5090 illicita
3550 5047 3675 5088 com-

2125 5125 2294 5178 motio
2337 5124 2427 5178 illa
2479 5123 2871 5190 remitteretur,
2916 5125 3299 5180 consolationes
3347 5123 3670 5184 remissionis,

2123 5232 2283 5286 quam
2315 5216 2630 5286 spiritaliter
2676 5217 2911 5271 intellexi
2945 5217 3078 5272 mihi
3112 5233 3142 5271 a
3176 5227 3225 5273 te
3249 5220 3430 5274 datam
3465 5233 3574 5275 esse
3593 5230 3672 5288 per

2123 5308 2516 5378 paenitentiam,
2549 5306 2944 5374 lteti/icauerunt
2971 5310 3203 5362 animum
3227 5326 3414 5364 meum.

2195 5396 2604 5452 Consolationes
2639 5396 2763 5451 dico
2796 5397 2933 5451 data:
2969 5397 3361 5467 multipliciter,
3405 5397 3664 5454 secundum

2124 5487 2540 5552 multitudinem,
2572 5487 2624 5540 id
2649 5495 2732 5541 est
2755 5487 2822 5541 ad
2852 5487 3068 5542 modum
3110 5489 3518 5560 multiplicitatis
3543 5486 3664 5543 dolo-

2123 5597 2242 5636 rum
2273 5593 2516 5634 meorum
2546 5578 2598 5632 in
2629 5579 2792 5633 corde
2822 5593 2943 5634 meo
2969 5595 3156 5634 revera
3183 5581 3540 5644 existentium,
3575 5589 3659 5631 non

2123 5689 2218 5744 per
2261 5671 2590 5743 hypocrisim
2621 5670 2673 5726 in
2704 5670 2840 5726 facie
2870 5671 3265 5750 apparentium.
3317 5672 3465 5740 Quod
3491 5681 3564 5726 est
3594 5669 3660 5722 di-
