3840 6338
134 257 233 315 ΠΗ

1033 246 1395 304 EXPOSITIO
1430 248 1494 302 IN
1532 246 1867 302 PSALMOS.
1913 278 1981 288 -—
2006 246 2201 301 PSAL.
2244 245 2437 302 XCIV.

3214 254 3369 309 "5?.

131 385 229 430 cere
267 387 278 422 :
324 363 450 433 Quia
504 361 869 432 multipliciter
915 362 1057 416 dolui
1102 363 1168 416 de
1211 363 1658 417 commotionibus
1693 368 1730 423 Α
1760 378 1941 430 quam,
1976 361 2090 415 illos
2130 362 2216 415 ille
2244 362 2333 431 qui
2370 361 2619 415 Dominus
2662 373 2834 418 noster
2864 376 2965 419 est.
3026 367 3257 437 Ideoque
3284 371 3357 424 de

132 462 252 523 meis,
282 469 331 513 et
362 468 411 511 tu
439 454 786 524 multiplicem
817 455 1193 509 remissionem
1228 455 1355 507 mihi
1387 453 1582 516 fecisti,
1608 463 1663 507 et

131 556 191 609 sic
217 551 429 607 animam
467 563 640 602 meam
672 546 983 601 consolatus
1008 562 1086 600 es.
1118 547 1219 602 Per
1245 546 1347 601 hoc
1384 547 1545 613 igitur
1576 547 1656 600 in-

128 643 541 707 struitauditores,
556 641 621 695 de
634 640 937 695 commissis
953 640 1105 694 valde
1128 640 1331 705 dolere,
1361 649 1419 693 ut
1447 641 1656 693 veniam

128 738 464 807 adipiscantur.
508 733 652 800 Dico,
677 733 963 787 secundum
1002 732 1388 786 multitudinem
1418 731 1657 785 dolorum

126 829 165 879 in
195 824 328 878 corde
361 838 500 885 mea,
540 829 595 876 et
632 821 828 876 merito
875 822 930 876 in
970 822 1125 877 corde
1162 838 1274 875 meo
1314 821 1482 875 dolui.
1542 820 1653 874 Nisi

125 914 237 967 enim
270 910 577 975 doluissem,
609 911 755 966 sedes
799 911 1091 981 iniquitatis
1133 927 1328 976 essem,
1361 922 1416 967 et
1452 912 1531 966 sie
1561 911 1653 965 tibi

126 1019 201 1056 non
224 1002 555 1066 adlimrercm,
587 1016 685 1056 nec
709 1002 818 1066 hic,
843 1002 1051 1058 scilicet
1079 1018 1173 1072 per
1196 1002 1651 1069 conformitatem,

124 1109 196 1147 nec
220 1092 263 1146 in
284 1092 451 1147 futuro
480 1108 577 1163 per
602 1093 953 1149 beatitudinis
979 1094 1470 1165 participationem.
1498 1093 1652 1148 Nun-

121 1184 216 1254 quid
253 1186 381 1239 enim
421 1186 566 1240 sedes
612 1187 932 1257 iniquitatis,
964 1188 1018 1243 id
1046 1195 1131 1243 est
1160 1187 1247 1241 ille
1282 1188 1337 1242 in
1364 1202 1471 1257 quo
1500 1187 1651 1242 sedet

124 1275 350 1344 iniquitas,
376 1276 606 1330 adliceret
650 1278 763 1344 tibi,
809 1278 898 1347 qui
925 1277 1082 1348 ﬁngis
1113 1277 1354 1333 dolorem
1384 1277 1468 1333 vel
1504 1277 1650 1330 labo-

122 1382 198 1417 rem
227 1367 272 1420 in
297 1369 579 1437 pra’cepto?
603 1367 803 1440 Utique
842 1385 949 1425 non
986 1370 1244 1424 adhaeret.
1293 1369 1457 1436 Quasi
1505 1370 1645 1424 dice-

122 1467 216 1510 ret:
262 1456 434 1513 Nullus
481 1458 788 1528 iniquitatis
817 1461 975 1515 sedes
1001 1460 1240 1516 existens
1271 1462 1531 1526 adhaeret,
1562 1460 1645 1515 vel

118 1547 359 1602 adhaerebit
384 1549 495 1613 tibi,
526 1549 618 1619 qui
648 1552 744 1605 das
769 1559 1099 1621 prmceptum
1128 1560 1185 1607 ut
1210 1568 1367 1608 nemo
1394 1554 1464 1609 sit
1490 1553 1644 1608 sedes

120 1637 386 1707 iniquitatis,
411 1649 465 1693 et
499 1639 551 1693 in
582 1651 856 1711 praecepto
885 1640 975 1695 illo
1003 1641 1181 1713 ﬁngis,
1212 1642 1263 1697 id
1288 1652 1372 1698 est
1400 1643 1642 1713 disponis

1769 452 1968 505 ultione
1992 460 2173 505 nostra
2207 452 2363 505 debet
2382 460 2651 520 satagere,
2676 467 2726 506 et
2750 455 2836 523 qui
2866 455 3005 512 Dens
3035 467 3218 513 noster
3245 468 3348 523 εει,

1767 543 1995 613 ideoque
2037 543 2155 598 illos
2193 543 2503 613 disperdere
2544 552 2741 613 potest.
2784 544 2894 600 Hoc
2930 558 3106 602 autem
3137 550 3336 605 adhoc

1763 635 1890 689 dicit
1922 642 1977 689 ut
2009 638 2180 689 malos
2216 650 2243 687 a
2278 634 2479 688 malitia
2524 650 2617 688 sua
2658 636 2959 701 deterreat,
2998 654 3064 693 ne
3100 639 3347 695 videlicet

1761 726 1861 779 sibi
1902 726 2020 779 ideo
2056 733 2375 793 promittant
2413 724 2811 794 impunitatem,
2843 740 2907 778 eo
2943 728 3082 795 quod
3119 729 3346 785 tribula-

1761 816 1934 871 tioncs
1980 818 2047 870 ab
2092 816 2171 869 eis
2220 814 2403 883 illatae,
2451 815 2558 869 sint
2604 815 2766 884 justis
2812 816 2877 869 ad
2928 815 3177 871 salutem.
3228 818 3343 873 Non

1758 907 1900 960 enim
1940 906 2005 960 ad
2043 908 2144 960 hoc
2171 907 2313 960 Deus
2356 906 2598 974 resivicit,
2646 907 2790 976 quod
2834 922 2929 974 per
2971 907 3345 964 tribulationes

1757 1015 1880 1054 suas
1919 999 2077 1070 justis
2108 998 2329 1061 faciunt,
2374 996 2465 1053 sed
2495 997 2559 1050 ad
2586 999 2686 1051 hoc
2707 999 2848 1067 quod
2875 999 3012 1055 male
3035 999 3340 1056 intendunt.

2111 1087 2269 1157 381
2310 1084 2378 1140 IN
2426 1084 2755 1140 PSALMUM
2799 1086 2982 1141 XCIV.

1825 1180 2030 1235 Titulus
2082 1181 2413 1254 nonagesimi
2476 1182 2676 1251 quarti.
2732 1180 2872 1235 Laus
2919 1184 3109 1236 cantici
3148 1183 3335 1238 David.

1751 1271 1904 1338 Quod
1955 1273 2033 1327 sic
2070 1274 2360 1344 exponitur
2401 1292 2411 1327 :
2446 1273 2693 1328 Psalmus
2723 1273 2822 1329 iste
2845 1282 2925 1327 est
2964 1273 3081 1327 laus
3123 1274 3334 1333 cantici,

1752 1364 1804 1417 id
1854 1373 1935 1417 εει
1988 1363 2104 1419 laus
2158 1362 2512 1431 iucunditatis
2568 1374 2622 1419 et
2668 1365 2981 1429 hilaritatis,
3032 1373 3221 1418 etnon
3253 1372 3337 1417 est

1749 1455 1944 1521 David,
1996 1457 2088 1511 sed
2126 1456 2349 1511 Christi.
2390 1457 2443 1510 In
2477 1457 2578 1512 hoc
2610 1458 2807 1527 quippe
2836 1456 3041 1526 psalmo
3064 1456 3333 1526 Pr0plieta

1748 1563 1811 1602 ex
1850 1547 2014 1601 nimia
2055 1545 2393 1615 jucundilatc
2441 1548 2664 1603 laudans
2708 1548 2982 1604 Christum
3021 1557 3332 1612 venturum,

1748 1640 2066 1695 adhortatur
2093 1639 2308 1696 Judzeos
2340 1640 2666 1706 incredulos,
2693 1640 2743 1695 in
2774 1640 3105 1709 plenitudine
3130 1618 3359 1708 tempus

119 1726 335 1793 laborem,
376 1727 580 1784 scilicet
620 1730 866 1799 disponis
900 1741 958 1785 ut
997 1746 1102 1786 non
1134 1746 1257 1787 eum
1291 1732 1635 1803 negligentia,
1675 1728 1715 1786 Β
1749 1731 1820 1783 ris
1851 1729 2079 1797 futuros,
2110 1740 2169 1785 ut
2198 1720 2411 1786 tandem
2466 1731 2518 1786 in
2560 1742 2713 1787 sexta
2754 1740 2913 1786 aetate
2957 1731 3023 1785 ad
3060 1746 3181 1785 eum
3229 1730 3333 1785 ﬁde

116 1820 182 1873 sed
210 1835 315 1875 cum
360 1836 568 1876 summo
598 1822 785 1878 labore
828 1832 884 1877 et
918 1838 1047 1878 cura
1095 1823 1408 1894 perﬁciatur
1436 1839 1640 1893 prmcc-

116 1920 224 1978 ptum
258 1913 405 1967 istud.
438 1912 530 1969 Vel
561 1915 607 1969 si
634 1914 932 1971 habeamus
972 1915 1236 1982 dolorem,
1279 1917 1360 1972 sic
1394 1916 1635 1988 legetur:

117 1998 186 2065 Qui
217 2001 299 2055 das
331 2011 658 2072 prmceptnm
696 2012 753 2056 ut
793 2003 971 2059 nullus
1010 2004 1082 2059 sit
1115 2005 1271 2060 sedes
1312 2006 1633 2075 iniquitatis,

114 2099 151 2143 et
178 2092 249 2161 qui
289 2093 337 2146 in
378 2103 649 2164 praecepto
693 2095 934 2151 dolorem
989 2096 1168 2168 ﬁngis,
1218 2097 1268 2150 id
1318 2106 1401 2154 est
1443 2100 1531 2169 qui
1584 2100 1635 2153 in

114 2184 408 2253 complctione
454 2189 616 2259 hujus
663 2191 916 2261 prmcepti
964 2191 1206 2261 disponis
1249 2192 1488 2247 dolorem
1540 2194 1637 2247 tri-

113 2271 397 2331 bulationum.
444 2278 598 2345 Quod
641 2290 723 2335 est
771 2281 1147 2337 dicere:Cum
1197 2293 1447 2353 oporteat
1490 2300 1637 2339 com-

112 2366 291 2432 pletores
323 2366 473 2435 hujus
509 2373 768 2441 prmecpti
813 2373 1159 2444 multiplicem
1194 2375 1431 2431 dolorem
1466 2376 1634 2430 tribu-

112 2453 310 2513 lationum
342 2461 541 2527 subire,
587 2474 642 2515 tu
676 2464 852 2535 ﬁngis,
902 2466 953 2520 id
990 2476 1074 2521 est
1113 2468 1353 2539 dispoois
1391 2468 1631 2524 dolorem

114 2548 255 2616 ipsum,
284 2553 561 2625 unicuique
592 2556 887 2614 dislrihuas
917 2568 1077 2629 prout
1106 2570 1283 2630 potest
1310 2562 1441 2631 pati.
1472 2561 1630 2616 Juxta

113 2640 200 2696 illud
222 2644 477 2713 Apostoli:
516 2669 532 2700 ι
567 2649 768 2705 Fidelis
796 2651 960 2718 Deus,
1000 2654 1088 2722 qui
1128 2670 1231 2708 non
1275 2654 1510 2723 patietur
1535 2671 1631 2711 vos

114 2733 277 2798 tentari,
303 2750 453 2804 supra
485 2737 536 2792 id
569 2740 714 2808 quod
748 2742 973 2809 potestis
1004 2740 1196 2811 (lCur.
1227 2760 1279 2804 κ,
1308 2744 1415 2813 15).
1439 2763 1455 2795 ι
1503 2744 1630 2798 Dico

111 2826 209 2890 quod
248 2826 385 2898 ﬁngis
426 2831 687 2897 dolorem,
737 2834 824 2902 qui
868 2834 1021 2888 dolor
1065 2834 1186 2890 talis
1234 2843 1316 2890 est
1365 2855 1375 2889 :
1422 2836 1630 2891 scilicet

113 2914 201 2980 quia
235 2917 363 2987 impii
398 2931 590 2975 euntes
622 2923 762 2976 malo
792 2938 891 2978 suo
921 2932 1064 2989 voto,
1104 2925 1178 2989 in,
1220 2925 1270 2980 id
1300 2934 1384 2980 est
1413 2934 1625 2991 contra,

110 3004 285 3060 animam
305 3009 449 3075 justi,
479 3021 701 3080 captant
750 3013 919 3084 ipsam
953 3016 1206 3079 animam,
1233 3024 1285 3069 et
1314 3018 1489 3071 adhuc
1516 3015 1621 3071 frc-

109 3106 281 3162 quenler
319 3103 616 3171 captabant,
667 3104 718 3157 id
749 3074 831 3159 est
878 3104 1194 3175 frequenter
1241 3106 1626 3162 desiderabant
1654 3074 1697 3134 Ο

108 3197 191 3238 eam
222 3202 392 3259 capere
423 3192 833 3262 deeeptionilius
867 3195 999 3258 suis,
1029 3204 1083 3250 et
1114 3196 1216 3251 sibi
1255 3195 1619 3251 conformare.

108 3270 153 3326 Et
168 3278 264 3345 quia
289 3297 382 3337 non
405 3291 660 3353 poterunt
684 3300 899 3355 capere,
925 3288 1340 3361 condemnabam
1364 3285 1625 3343 effusione

108 3371 144 3415 et
164 3377 301 3423 morte
330 3372 632 3442 sanguinem
674 3374 1021 3444 innocentem,
1056 3377 1266 3433 scilicet
1309 3376 1623 3447 sanguinem

104 3452 212 3519 justi.
255 3458 399 3518 Juxta
443 3480 577 3520 vero
620 3466 765 3521 illam
810 3468 1122 3535 lectionem,
1163 3471 1215 3525 in
1250 3485 1357 3541 qua
1395 3470 1626 3524 habetur

105 3545 315 3619 qui/iugis
347 3553 603 3621 laborem,
637 3558 717 3612 sic
757 3559 1106 3619 continuatur
1139 3576 1370 3631 sequens
1410 3576 1618 3626 versus,

108 3648 220 3701 ‘luem
243 3639 341 3710 jam
368 3646 716 3717 exposuimus
744 3646 1080 3718 expositione
1106 3666 1212 3704 non
1241 3659 1464 3706 mutata.
1489 3651 1621 3707 Dico

106 3726 205 3811 quod
237 3747 327 3786 non
364 3735 592 3791 adliceret
632 3737 725 3790 tibi
770 3738 915 3793 sedes
955 3740 1267 3811 iniquitatis,
1308 3751 1361 3797 et
1399 3742 1615 3797 merito.

39 3881 45 3887 ὑ
107 3810 200 3869 Nam
234 3818 296 3874 illi
339 3824 423 3893 qui
473 3834 601 3882 sunt
643 3827 788 3881 sedes
818 3810 1128 3900 iniquitatis
1171 3832 1475 3900 captabant,
1510 3843 1613 3888 etc.

108 3900 197 3959 Dico
216 3914 338 3978 quod
372 3912 516 3986 impii
556 3919 974 3975 condemnabam
1016 3924 1323 3992 sanguinem
1365 3926 1614 3980 innocen-

106 4000 188 4048 tem.
228 3997 293 4055 Ne
330 4018 454 4060 vero
504 4008 793 4064 timeamus
841 4019 893 4065 ει
939 4010 1252 4068 deﬁciamus
1292 4029 1389 4083 pro
1426 4030 1612 4071 eorum

104 4087 481 4152 condemnatione
512 4117 527 4152 :
556 4109 612 4154 et
650 4099 739 4155 ille
767 4100 857 4169 qui
891 4099 1147 4158 Dominus
1173 4113 1273 4169 est,
1319 4106 1372 4159 id
1410 4116 1492 4161 est
1518 4123 1607 4177 po-

104 4183 187 4274 ξεξηε
207 4182 353 4250 [actus
377 4200 447 4243 est
472 4193 598 4245 mihi
626 4201 680 4246 et
702 4194 834 4248 meis
859 4194 1229 4252 conformibus
1254 4199 1306 4252 in
1330 4200 1610 4269 refugium,

103 4267 215 4325 idest
236 4274 281 4330 in
305 4282 639 4339 securitatem
666 4301 678 4336 ε
703 4294 759 4339 ει
788 4285 873 4340 ille
901 4286 1040 4342 idem
1071 4287 1331 4345 Dominus
1357 4267 1458 4360 qui
1475 4291 1612 4346 Deus

1741 1821 1983 1888 veniant,
2015 1830 2068 1875 ct
2118 1820 2165 1874 ei
2200 1821 2471 1877 exsultent
2501 1830 2555 1876 et
2591 1820 2819 1888 jubilent
2859 1832 2913 1877 et
2944 1820 3327 1877 conﬁteantur.

1739 1911 2183 1983 Adhortaturque
2230 1928 2297 1966 ne
2326 1912 2388 1967 ad
2411 1912 2610 1968 Christi
2636 1929 2822 1969 vocem
2852 1913 3014 1969 corda
3039 1912 3324 1971 obdurent.

1739 2008 1792 2053 et
1820 2017 1915 2070 per
1945 2002 2047 2056 hoc
2075 2012 2334 2056 maternam
2365 2003 2604 2072 requiem
2642 2004 2916 2067 amittant,
2977 2004 3117 2058 sicut
3144 2012 3329 2072 patres

1740 2106 1929 2145 eorum
1970 2091 2135 2145 lieum
2178 2091 2230 2145 in
2271 2092 2485 2147 deserto
2516 2093 2868 2149 irritaverant
2903 2113 2915 2146 :
2948 2093 3175 2163 ideoque
3198 2109 3328 2163 pro-

1738 2181 1891 2235 strati
1922 2182 1988 2236 ad
2027 2193 2183 2237 terrae
2215 2182 2590 2251 promissionis
2617 2185 2856 2254 requiem
2890 2185 3112 2239 minime
3138 2200 3331 2255 perve-

1740 2283 1956 2329 nerunt.
1981 2273 2284 2329 Notandum
2311 2256 2516 2342 autem,
2548 2277 2690 2345 quod
2721 2277 2774 2333 in
2802 2278 2907 2332 hoc
2948 2276 3155 2347 psalmo
3198 2277 3329 2331 Pro-

1738 2369 1896 2438 pheta
1923 2369 2167 2438 qumdam
2197 2370 2360 2423 verba
2383 2370 2533 2437 ponit
2567 2371 2617 2424 in
2646 2384 2873 2440 persona
2894 2370 3063 2440 ipsius
3091 2372 3326 2432 Domini,

1735 2461 1985 2515 videlicet
2038 2476 2157 2516 cum
2210 2461 2342 2515 dicit
2381 2461 2470 2537 ubi
2498 2472 2819 2516 tentaverunt
2850 2480 2951 2527 me,
2988 2470 3123 2528 ctc.,
3158 2478 3328 2532 usque

1736 2552 1786 2606 in
1831 2552 2010 2608 ﬁnem.
2058 2552 2169 2608 [loc
2224 2560 2404 2607 autem
2439 2568 2542 2606 non
2576 2552 2706 2608 facit
2757 2563 2957 2624 prmter
2986 2569 3163 2618 usum,
3202 2570 3325 2609 cum

1734 2641 1787 2696 in
1819 2643 2063 2699 historiis
2112 2644 2249 2698 etin
2296 2643 2595 2713 prophetiis
2642 2642 2957 2715 frequenter
3008 2644 3324 2710 habeamus,

1733 2734 1951 2802 angelos
1976 2742 2030 2790 et
2058 2735 2348 2805 prophetas
2392 2743 2632 2805 agentes,
2665 2735 2830 2790 multa
2864 2736 2915 2789 in
2947 2752 3175 2806 persona
3212 2737 3321 2791 Do-

1733 2824 1863 2878 mini
1898 2825 2096 2881 dicere.
2642 2816 2647 2819 ’
3094 2815 3116 2824 ﬂ

1811 2914 2010 2980 Venite,
2044 2916 2149 2970 ﬁde
2171 2915 2225 2969 in
2264 2923 2504 2986 tempore
2541 2916 2911 2987 plenitudinis,
2934 2930 2968 2972 ο
2995 2914 3184 2981 Judaei,
3224 2931 3318 2985 qui

1731 3007 1819 3062 diu
1833 3007 2012 3063 fuistis
2037 3023 2065 3061 a
2092 3008 2201 3063 Deo
2223 3024 2320 3079 per
2344 3009 2715 3064 inﬁdelitatem
2741 3010 2953 3075 remoti,
2976 3018 3031 3064 et
3054 3010 3321 3066 veniendo

1731 3099 2046 3156 exsultemus
2088 3100 2313 3155 Domino
2339 3086 2585 3159 Christo;
2617 3101 2694 3157 Ac
2723 3102 2766 3156 si
2807 3102 2953 3156 dicat
2986 3121 2998 3156 :
3043 3102 3197 3157 Sicut
3219 3118 3320 3173 ego

1732 3201 1882 3248 tanto
1914 3202 2040 3248 ante
2076 3200 2317 3265 tempore
2351 3195 2588 3251 existens
2629 3192 2695 3248 tle
2724 3194 2890 3263 ipsius
2917 3195 3146 3249 adventu
3178 3194 3316 3249 bona

1729 3289 2014 3347 affectione
2039 3292 2277 3357 exsulto,
2312 3293 2381 3347 ita
2414 3301 2468 3347 et
2496 3306 2593 3345 vos
2617 3300 2743 3346 tunc
2774 3290 3032 3361 temporis
3059 3288 3225 3345 futuri
3250 3291 3317 3345 de

1728 3385 1959 3439 adventu
1999 3384 2115 3455 ejus
2150 3384 2436 3440 exsultate.
2494 3384 2561 3439 Et
2603 3382 2875 3454 exsultare
2926 3383 2975 3438 ei
3035 3381 3312 3448 debemus,

1726 3475 1850 3543 quia
1901 3476 2154 3531 Dominus
2183 3477 2525 3546 omnipotens
2549 3486 2649 3531 est.
2682 3475 2745 3529 Et
2775 3490 2879 3530 non
2911 3490 3101 3545 parum
3133 3475 3316 3530 exsul-

1728 3574 1921 3633 temus,
1971 3567 2065 3622 sed
2106 3567 2390 3636 jubilemus
2417 3567 2466 3622 ei
2518 3567 2621 3621 Deo
2657 3566 2882 3622 salutari
2925 3575 3122 3620 nostra.
3158 3566 3314 3633 Quod

1723 3656 2044 3712 estdicere:
2080 3655 2231 3711 Sicut
2260 3673 2358 3727 ego
2396 3658 2510 3726 jam
2540 3658 2590 3712 ei
2639 3658 2832 3728 jubilo,
2868 3657 2919 3712 id
2949 3666 3034 3713 est
3062 3657 3226 3711 nimia
3258 3666 3315 3711 et

1726 3747 1934 3802 intensa
1983 3746 2226 3802 interiori
2271 3747 2453 3802 lix-litin
2496 3748 2741 3813 exsulto;
2777 3750 2854 3803 sic
2878 3757 2934 3804 et
2969 3763 3065 3804 vos
3094 3749 3141 3804 ei
3169 3746 3315 3817 jubi-

1722 3836 1849 3903 late,
1882 3838 2006 3906 quia
2046 3828 2185 3893 Deus
2231 3846 2335 3904 est,
2370 3839 2421 3892 id
2457 3848 2541 3894 est
2590 3848 2824 3903 creator,
2860 3848 2915 3895 et
2952 3838 3225 3911 salutaris,
3259 3839 3313 3892 id

1719 3939 1801 3984 est
1830 3930 2089 3984 salvator.
2120 3929 2236 3983 Non
2267 3930 2439 3986 solum
2470 3940 2651 3987 autem
2686 3932 2976 4001 jubilemus
3002 3932 3189 3995 corde,
3216 3932 3310 3987 sed

1719 4021 1880 4077 etiam
1912 4035 2319 4091 perseverantes
2364 4024 2417 4076 in
2467 4022 2811 4093 confessione,
2844 4022 2894 4076 id
2928 4030 3011 4078 est
3056 4023 3108 4077 in
3151 4023 3311 4099 laude

1716 4114 1847 4177 oris,
1875 4130 2293 4183 praeoccupemus
2323 4114 2511 4181 faciem
2536 4114 2671 4182 ejus,
2700 4115 2753 4168 id
2782 4122 2867 4169 est
2895 4112 3065 4167 simus
3101 4111 3310 4166 similes

1716 4206 1887 4260 servis
1931 4206 2432 4276 prmoccnpantibus
2465 4204 2661 4259 faciem
2718 4204 2929 4258 Domini
2968 4204 3070 4267 sui,
3108 4213 3167 4258 ut
3203 4203 3308 4257 sibi

1714 4310 1835 4348 eum
1865 4293 2065 4349 faciant
2098 4303 2385 4359 attentum,
2410 4304 2698 4363 antequam
2730 4293 2851 4349 aliis
2887 4294 3118 4365 negotiis
3139 4309 3308 4349 oecu-

102 4374 210 4476 inelis
234 4378 323 4476 est,
362 4374 411 4428 id
444 4385 529 4431 est
568 4387 803 4443 creator,
844 4378 1024 4434 iactus
1064 4388 1148 4435 est
1197 4382 1327 4436 mihi
1379 4394 1425 4436 et
1476 4384 1610 4438 meis
1644 4420 1687 4476 υ
1716 4393 1892 4455 petur.
1947 4385 2099 4453 Quod
2143 4394 2226 4440 est
2276 4386 2503 4441 dicere:
2550 4385 2733 4440 Seduli
2781 4394 2835 4441 et
2888 4394 3305 4456 perseverantes

101 4455 399 4521 conformibus
424 4468 475 4521 in
500 4469 846 4539 adjutorium,
880 4485 948 4524 ne
983 4473 1313 4537 deﬁciamus,
1345 4473 1609 4542 refugium

100 4550 459 4627 eladiutorium,
505 4563 626 4616 dico
664 4563 905 4618 existens
935 4579 1095 4619 causa
1137 4568 1245 4635 spei
1284 4584 1431 4621 mem.
1486 4567 1611 4623 Haec

102 4637 206 4731 enim
231 4648 373 4703 arrha
404 4654 537 4707 mihi
568 4662 694 4708 sunt
716 4664 772 4709 et
796 4654 1008 4727 pignus,
1042 4658 1183 4726 quod
1201 4673 1349 4728 spem
1382 4659 1609 4714 habeam

102 4727 135 4816 in
160 4727 305 4789 futuro
342 4738 661 4797 ltetiﬁcandi.
713 4744 843 4800 Dico
873 4747 1017 4816 quod
1056 4746 1185 4801 mihi
1226 4727 1280 4802 et
1314 4748 1447 4803 meis
1480 4763 1607 4803 eon-

101 4812 299 4911 itirmibus
331 4830 398 4885 sit
426 4833 689 4892 Dominus
732 4812 1001 4911 refugium
1039 4848 1094 4895 et
1124 4839 1483 4908 adjutorium;
1523 4841 1608 4896 vel

101 4904 199 4965 Deus
222 4932 347 4975 meus
372 4935 447 4979 est
479 4926 650 4995 factus
679 4930 809 4984 mihi
842 4934 951 5000 spei
979 4948 1124 4996 metu,
1157 4932 1208 4986 id
1239 4941 1342 4997 cst,
1374 4935 1453 4987 rei
1482 4947 1606 5003 spe-

100 5009 193 5056 ratae
218 5022 241 5061 a
270 5026 367 5068 me.
414 5014 565 5081 Quod
607 5028 691 5073 est
716 5012 900 5075 dicere
930 5037 943 5074 :
971 5022 1075 5077 Per
1119 5024 1492 5080 tribulationes
1522 5040 1607 5079 me

100 5090 275 5165 “diuvat,
299 5114 351 5159 ut
372 5109 435 5162 ad
468 5126 577 5165 rem
603 5121 895 5181 speratam,
929 5113 980 5168 id
1004 5124 1105 5178 est,
1131 5118 1195 5169 ad
1221 5118 1602 5173 beatitudinem

100 5191 295 5285 ultimam
326 5201 532 5256 tandem
567 5205 897 5273 perveniam.
948 5204 1018 5259 Et
1062 5206 1115 5259 in
1163 5206 1344 5262 futuro
1379 5208 1484 5263 illis
1512 5209 1603 5277 qui

100 5283 277 5336 animam
318 5301 549 5348 nostram
598 5305 845 5363 captant,
900 5306 954 5367 et
998 5299 1309 5369 sanguinem
1359 5308 1600 5355 nostrum

101 5371 413 5465 iﬁlldemnant,
443 5386 619 5441 reddet
646 5388 974 5463 iniquitatem
1010 5392 1262 5461 ipsorum,
1305 5392 1356 5448 id
1395 5401 1477 5447 est
1511 5409 1599 5447 re-

102 5459 380 5551 tributionem
418 5477 717 5548 iniquitatis
746 5462 987 5551 ipsorum
1031 5459 1047 5534 ξ
1090 5492 1166 5547 ει,
1199 5483 1251 5539 id
1287 5494 1370 5539 est
1398 5466 1603 5541 scilicet

102 5558 139 5646 ut
162 5555 326 5615 malitia
353 5580 465 5632 sua,
494 5568 545 5623 id
575 5580 677 5633 est,
712 5580 934 5641 propter
964 5572 1216 5627 meritum
1249 5574 1469 5629 malitire
1492 5590 1601 5631 sua:

104 5635 317 5719 di’i‘erdet,
346 5655 394 5711 id
420 5669 501 5716 est
533 5675 594 5717 ex
627 5635 737 5721 toto
766 5635 957 5735 perdet
1008 5664 1143 5722 illos.
1190 5666 1478 5739 Disperdet,
1520 5670 1595 5724 in-

1714 4475 1882 4529 simus
1910 4474 1964 4529 in
1986 4472 2101 4542 ejus
2146 4474 2318 4530 laudis
2346 4474 2702 4543 confessione,
2753 4490 2782 4530 a
2816 4475 3168 4531 similitudine
3189 4491 3305 4530 ser-

1712 4581 1900 4619 vorum
1938 4565 2130 4621 faciem
2174 4565 2403 4632 Domini,
2458 4576 2517 4621 ut
2570 4567 2727 4631 dixi,
2779 4567 3299 4637 przeoccupantium.

1716 4656 1810 4711 Vel
1836 4657 1915 4712 sic
1943 4674 1955 4711 :
1986 4656 2043 4711 In
2076 4657 2417 4712 confessione
2466 4667 2813 4727 peccatorum
2861 4667 3172 4713 nostrorum
3218 4674 3303 4713 se-

1714 4749 1819 4804 duli
1848 4766 2284 4821 prteoccupemus
2312 4750 2501 4806 faciem
2532 4750 2666 4827 ejus,
2700 4753 2749 4806 id
2781 4762 2861 4807 est
2888 4753 3300 4808 anteveniamns

1713 4842 2006 4895 secundum
2035 4844 2322 4896 adventum
2364 4842 2500 4912 ejus.
2527 4842 2677 4910 Quod
2705 4852 2790 4897 est.
2821 4843 3003 4899 dicere
3027 4860 3040 4897 :
3070 4843 3298 4898 Peccuta

1714 4942 1896 4988 nostra
1932 4932 1984 4986 in
2030 4933 2133 4987 hac
2163 4933 2272 4987 vita
2309 4932 2694 4998 conﬁteantur,
2724 4948 2792 4988 ne
2826 4934 2878 4987 in
2918 4934 3157 4988 secundo
3200 4933 3301 4986 ad-

1710 5033 1873 5078 ventu
1940 5040 2062 5079 eum
2132 5040 2235 5080 non
2287 5025 2664 5105 confitentibus
2713 5027 3052 5081 damnemur.
3106 5044 3123 5076 ι
3159 5024 3299 5079 Ecre

1710 5117 1852 5172 enim
1881 5134 2025 5174 nunc
2054 5128 2261 5188 tempus
2295 5100 2793 5189 acceptabile,ieeee
2831 5134 2978 5174 nunc
3013 5119 3129 5175 dies
3155 5119 3299 5175 salu-

1713 5211 1782 5264 tis
1809 5210 1860 5283 (I
1892 5210 2015 5265 Cor.
2044 5228 2120 5277 vr,
2148 5210 2224 5282 ἓ).
2258 5231 2277 5263 ›
2314 5211 2595 5267 Secundus
2637 5219 2817 5265 autem
2857 5211 3122 5267 adventus
3149 5223 3297 5271 recte

1710 5302 1877 5359 facies
1905 5305 2122 5371 dicitur,
2164 5319 2228 5359 eo
2256 5306 2399 5375 quod
2425 5313 2550 5359 tunc
2579 5303 2788 5357 cunctis
2831 5302 3080 5359 Christus
3119 5305 3297 5363 mani-

1707 5393 2012 5464 festabitur,
2042 5397 2186 5451 'sicut
2209 5411 2304 5464 per
2332 5394 2523 5449 faciem
2557 5400 2698 5446 totus
2733 5392 2894 5447 homo
2922 5395 3291 5463 cognoscitur.

1708 5486 1825 5541 Dixi
1855 5496 1911 5540 ut
1934 5487 2216 5556 jubilcmus
2244 5483 2376 5538 Deo.
2419 5481 2484 5535 Et
2516 5481 2639 5552 quia
2664 5481 2767 5536 hoc
2798 5498 2903 5536 non
2934 5482 3147 5548 sufﬁcit,
3178 5484 3288 5537 nisi

1704 5580 1865 5636 etiam
1915 5581 2051 5636 bene
2079 5579 2309 5651 onerari.
2332 5574 2616 5646 jubilemus
2646 5575 2692 5628 ei
2721 5573 2947 5630 interius
2973 5576 3025 5628 in
3048 5575 3288 5643 psalmis,

1706 5671 1757 5726 id
1797 5679 1879 5726 est
1925 5670 1977 5726 in
2038 5668 2192 5724 bonis
2248 5665 2520 5737 operibus,
2579 5664 2977 5736 perseverando
3020 5674 3104 5720 ext
3124 5664 3289 5725 :rius.

3120 5750 3140 5773 0
