3840 6338
491 317 628 370 ili?)

1050 311 1105 363 S.
1149 289 1498 364 BRUNONIS
1521 306 2162 365 C.\RTllUSlANORUM
2194 302 2679 362 INSTITUTOBIS
2718 301 2869 358 OPP.
2901 299 3080 356 PARS
3105 300 3146 354 l.

3574 303 3684 361 ll“

491 413 842 496 Dignuntcst
868 433 1046 478 autem
1084 434 1140 476 ut
1170 425 1499 480 cxsultcmns
1527 428 1574 482 ei
1610 437 1664 482 et
1708 426 1997 495 jubilemus
2019 434 2073 480 et
2100 428 2147 485 Α
2179 441 2280 477 non
2327 431 2543 477 arantes
2586 435 2686 475 nec
2734 416 3084 483 seminantes,
3129 423 3184 470 et
3220 414 3391 469 omnia
3434 422 3687 478 necessaria

492 519 868 584 cantiteamur,
896 517 1145 588 quoniam
1192 517 1307 587 ipse
1353 518 1494 574 Deus
1519 521 1757 575 existens
1782 529 1865 575 est
1895 519 2071 573 Domi-

476 617 591 664 ‘uus
642 611 692 664 in
725 611 882 664 rebus
917 627 928 661 :
963 620 1016 664 et
1047 627 1150 663 non
1183 609 1593 680 qnaliscunqne,
1634 612 1726 666 sed
1766 627 1984 681 magnus
2015 610 2068 666 in

490 699 756 770 potentia,
787 709 842 754 et
883 714 974 751 rea:
1006 715 1224 769 magnus
1255 698 1308 752 in
1337 689 1616 769 regimine,
1652 699 1888 754 existens
1917 715 2074 768 super

495 808 669 846 o-nttes
692 791 834 853 deos,
888 790 940 846 id
984 801 1067 845 est
1089 790 1299 862 dignior
1326 801 1378 844 et
1427 791 1780 846 excellentior
1822 791 2071 846 omnibus

492 885 733 954 prmi-alis
776 883 1051 948 Ecclesiu,
1083 885 1172 952 qui
1200 883 1430 937 deificati
1457 893 1616 938 erunt
1663 885 1714 938 in
1757 884 2068 939 sanctitate.

495 971 658 1027 Juxta
686 974 827 1042 quod
873 972 1130 1028 Dominus
1151 972 1217 1026 de
1247 971 1426 1043 Moyse
1455 973 1626 1027 dixit:
1667 993 1684 1024 ι
1717 973 1982 1029 Constitui
2021 983 2072 1028 te

499 1066 660 1120 deum
707 1064 1009 1119 Pharaonis
1042 1063 1238 1133 (Exod.
1262 1080 1356 1128 vn,
1389 1065 1462 1135 l).
1501 1085 1518 1109 ι
1558 1065 1693 1119 Sunt
1722 1067 1884 1120 etiam
1911 1066 2072 1120 iidem

494 1155 958 1222 prtelatiDomini,
991 1170 1109 1208 cutn
1159 1154 1725 1226 dominium__habeanl
1748 1165 1802 1211 et
1832 1164 2075 1225 potesta-

499 1258 609 1303 tem
664 1248 1019 1302 subditorum.
1065 1247 1242 1318 Reges
1287 1265 1500 1318 quoque
1561 1251 1872 1304 cortnndem
1925 1258 2072 1316 sunt,

493 1349 682 1410 tttpote
711 1354 846 1409 quos
872 1339 1116 1394 doctrina
1152 1349 1206 1394 et
1235 1341 1480 1412 exemplo
1511 1357 1608 1396 suo
1639 1353 1848 1412 regunt.
1881 1341 2075 1398 Reddit

493 1447 624 1502 ergo
679 1431 888 1502 singula
924 1431 1168 1502 singulis,
1206 1422 1454 1486 addendo
1495 1433 1575 1488 sic
1609 1452 1620 1486 :
1657 1433 1794 1488 Vere
1833 1449 1926 1489 rex
1965 1449 2074 1487 ma-

495 1538 633 1593 guns
657 1535 761 1590 est,
799 1523 922 1594 quia
949 1524 1002 1577 in
1037 1540 1220 1587 manu,
1246 1523 1296 1576 id
1323 1533 1407 1578 est
1431 1523 1485 1578 in
1513 1523 1772 1594 regimine
1799 1525 2075 1592 operantis

495 1599 684 1684 gratiae
732 1615 870 1684 ejus,
915 1624 1036 1668 sunt
1063 1615 1193 1684 ﬁnes
1229 1626 1402 1681 terrae,
1445 1615 1499 1671 id
1530 1626 1608 1671 est
1643 1615 1894 1671 ﬁnientes
1921 1615 1974 1669 in
2017 1629 2077 1670 se

495 1706 889 1762 terrenitatetn.
933 1704 1086 1773 Quod
1140 1715 1224 1761 est
1265 1707 1442 1762 dicere
1485 1725 1498 1762 :
1538 1707 1648 1761 Hoc
1697 1708 1840 1776 quod
1892 1707 2076 1766 ﬁdeles

2173 516 2450 580 habentes,
2475 516 2616 570 sicut
2638 527 2788 576 oves,
2805 511 3003 582 quibus
3023 509 3139 564 sine
3167 509 3346 578 aliquo
3360 509 3530 565 labore
3541 515 3688 566 omnia

2172 609 2471 663 necessaria
2493 623 2522 662 a
2549 613 2766 677 pastore
2786 604 3159 675 providentur.

2242 701 2408 756 Facta
2435 697 2811 755 exhortatione
2857 695 2911 750 in
2949 709 3180 764 persona
3205 691 3308 758 sui,
3335 692 3534 762 apponit
3552 695 3692 748 sancti

2173 793 2408 864 Spiritus
2464 787 2960 852 comminationem,
3010 793 3070 839 ut
3134 783 3309 853 magis
3340 797 3430 836 cos
3475 782 3692 849 stu-altat,

2172 885 2263 955 qui
2297 898 2392 939 cos
2439 880 2759 936 adhortatur
2813 891 2885 932 ne
2933 875 2998 930 ad
3055 874 3266 929 Domini
3313 873 3499 928 Christi
3543 889 3694 928 vocem

2173 976 2338 1032 corda
2375 988 2472 1030 sua
2515 971 2806 1034 obdurent,
2856 967 2936 1023 sic
2977 985 2990 1021 :
3033 966 3365 1021 Adhortatus
3405 977 3514 1018 sum
3545 977 3641 1028 vos,
3671 978 3700 1016 ο

2175 1064 2365 1129 Judaei,
2415 1063 2482 1118 ad
2511 1058 2890 1118 exsultandttm
2919 1055 3148 1112 Domino
3175 1053 3408 1116 Christo,
3441 1061 3490 1106 et
3510 1051 3702 1119 jubilan-

2175 1155 2299 1207 dmn
2332 1160 2387 1206 et
2417 1165 2539 1204 eum
2557 1145 2912 1210 adorandum,
2945 1159 3068 1200 cum
3097 1143 3168 1198 sit
3190 1140 3443 1195 Dominus
3466 1147 3700 1204 noster,et

2177 1259 2275 1298 nos
2305 1244 2474 1298 simus
2501 1255 2631 1296 oves
2657 1252 2871 1309 pascua
2894 1233 3030 1304 ejus.
3067 1233 3397 1289 Adhortatur
3423 1243 3610 1299 quoque
3630 1243 3704 1282 vos

2179 1334 2416 1404 Spiritus
2453 1337 2695 1392 sanctus,
2724 1337 2786 1382 ut
2826 1325 2876 1382 ei
2908 1322 3199 1386 ohediatis,
3223 1320 3403 1376 dicens
3429 1334 3442 1371 :
3473 1317 3529 1372 Si
3559 1316 3704 1369 audie-

2178 1427 2292 1480 ritis
2327 1439 2499 1478 vocem
2550 1416 2950 1490 praedicationis
2984 1414 3122 1484 ejus,
3175 1411 3316 1466 sicut
3364 1423 3483 1464 vere
3523 1406 3706 1460 audietis

2179 1514 2355 1579 hodie,
2401 1513 2455 1567 id
2491 1520 2573 1567 est
2623 1516 2778 1566 sexta
2807 1515 2988 1569 aetate,
3026 1517 3146 1572 quae
3188 1499 3344 1555 vobis
3365 1497 3465 1552 erit
3492 1497 3643 1562 hodie,
3664 1493 3707 1546 id

2178 1617 2262 1662 εει
2296 1619 2554 1677 praesens,
2577 1602 2717 1658 sicut
2763 1598 3022 1656 hodierna
3052 1595 3194 1658 dies,
3225 1607 3342 1662 qua:
3373 1603 3487 1644 eum
3517 1599 3710 1677 prrescns

2181 1697 2252 1752 sit
2278 1674 2441 1750 hodie
2482 1693 2702 1755 dicitur,
2734 1687 2894 1744 nolite
2916 1686 3197 1746 obdurare,
3229 1682 3280 1736 id
3307 1689 3387 1736 est
3412 1687 3578 1732 contra
3601 1674 3708 1728 hanc

495 1814 526 1855 ε
549 1810 627 1854 :nt
653 1799 706 1854 in
730 1817 787 1855 se
826 1801 1196 1855 terrenitatem
1226 1801 1486 1866 finientes,
1525 1817 1620 1871 per
1647 1802 1816 1872 ipsius
1841 1802 2079 1872 regimen

2196 1803 2370 1842 vacem
2408 1785 2663 1840 indurare
2689 1779 2849 1834 corda
2875 1787 3066 1840 uestra,
3099 1771 3415 1843 negligendo
3432 1782 3575 1824 eam:
3602 1767 3710 1867 sicut

497 1901 602 1947 est.
647 1891 717 1946 Et
761 1893 864 1947 hoc
910 1901 1133 1962 apparet
1161 1893 1302 1962 quod
1355 1909 1448 1947 rex
1485 1910 1706 1964 magnus
1735 1902 1836 1958 est,
1875 1903 1930 1947 et
1955 1907 2082 1950 vere

496 1997 722 2052 magnus
751 1979 1006 2034 Dominus
1036 1991 1138 2046 est,
1185 1983 1431 2049 quoniam
1465 1981 1769 2037 altitudines
1805 1983 2080 2051 montium,

501 2074 554 2127 id
587 2082 670 2129 est
708 2072 802 2127 alti
849 2070 1082 2140 montes,
1114 2073 1337 2143 perfecti
1379 2074 1588 2130 scilicet
1620 2077 1892 2146 possessio
1919 2076 2084 2146 ipsius

502 2174 644 2219 sunt.
677 2163 829 2231 Quod
859 2174 944 2219 est
982 2165 1163 2220 dicere
1189 2183 1199 2216 :
1235 2163 1347 2218 lloc
1369 2165 1512 2235 quod
1540 2163 1766 2234 perfecti
1795 2165 1846 2220 itt
1871 2164 2088 2220 virtuti-

499 2254 603 2308 bus
629 2263 683 2309 et
723 2253 1012 2308 sanctitate
1055 2262 1181 2307 sunt
1220 2253 1333 2320 alti,
1385 2254 1508 2310 inde
1535 2255 1798 2324 contingit
1827 2254 1970 2324 quod
1993 2269 2086 2309 eos

501 2344 854 2400 inhabitando
905 2345 1167 2414 possidet,
1200 2354 1254 2398 et
1305 2345 1384 2399 eis
1414 2345 1746 2399 dominatur.
1798 2345 1861 2398 Et
1889 2345 1940 2399 in
1983 2345 2086 2400 hoc

504 2443 729 2505 apparet
758 2449 881 2489 eum
906 2450 1158 2504 magnum
1186 2435 1469 2488 Dominum
1495 2450 1636 2499 esse,
1667 2436 1925 2504 quoniam
1973 2452 2088 2490 ma-

504 2526 596 2596 gni
629 2526 836 2580 Domini
861 2535 944 2580 est
974 2541 1223 2596 magnam
1257 2525 1652 2595 possessionem
1689 2526 1907 2581 habere.
1941 2527 2006 2580 Et
2035 2527 2086 2580 in

503 2617 610 2672 hoc
632 2631 846 2686 quoque
875 2624 1020 2686 patet
1049 2631 1170 2670 eum
1198 2632 1450 2685 magnum
1477 2616 1760 2670 Dominum
1790 2633 1930 2680 esse,
1959 2635 2090 2688 quo-

505 2710 649 2762 niam
676 2709 838 2780 ipsius
874 2709 1143 2777 possessio
1177 2719 1247 2764 est
1298 2726 1463 2774 mare,
1501 2709 1552 2764 id
1577 2719 1662 2764 est
1705 2710 1818 2780 ipse
1851 2712 2090 2780 possidet

504 2801 670 2872 382
703 2800 946 2858 inﬁdeles
977 2803 1143 2856 Deum
1179 2803 1562 2869 amaricantcs,
1596 2813 1653 2857 ut
1680 2819 1785 2858 non
1816 2803 1979 2860 liccat
2008 2805 2091 2860 eis

505 2895 560 2948 in
590 2903 808 2950 sanctos
837 2895 1048 2961 szevire,
1088 2895 1188 2950 nisi
1220 2904 1481 2964 quantum
1519 2896 1634 2966 ipse
1659 2896 1946 2966 permittit.

579 2985 646 3040 Et
673 2987 724 3041 in
749 2987 852 3042 hoe
874 2987 1132 3057 probatur
1154 2988 1294 3057 quod
1317 2987 1458 3043 Deus
1481 2996 1820 3058 magnusest,
1837 2988 2090 3058 quoniam

507 3079 615 3146 ipse
643 3078 732 3146 qui
783 3077 898 3147 t-jns
946 3095 1222 3150 possessor
1254 3088 1359 3144 est,
1392 3079 1511 3148 fecit
1554 3079 1715 3134 etiam
1757 3079 1890 3132 illud
1921 3096 2091 3147 mare,
2123 3113 2163 3167 ε

509 3169 564 3223 id
602 3181 686 3225 est
725 3171 930 3226 creavit
979 3173 1365 3226 amaricantem
1399 3170 1650 3241 populum
1686 3210 1702 3236 ,
1747 3187 1854 3224 non
1903 3187 2095 3227 secun-

510 3261 636 3314 dum
669 3262 810 3331 quod
843 3276 994 3316 mare
1023 3270 1122 3325 est,
1179 3262 1272 3316 sed
1317 3264 1610 3316 secundum
1657 3263 1800 3330 quod
1827 3273 2095 3317 creatura.

509 3349 581 3403 Et
614 3366 711 3420 per
736 3353 837 3406 hoc
873 3369 1086 3421 quoque
1107 3353 1491 3420 comprobatur
1519 3353 1658 3407 Deus
1696 3368 1927 3423 magnus
1953 3367 2094 3418 esse,

513 3441 656 3508 quod
678 3457 862 3494 manus
889 3443 1004 3510 ejus
1048 3441 1398 3509 formaverunt
1430 3442 1644 3505 siccant,
1676 3442 1726 3495 id
1762 3453 1843 3498 est
1869 3459 2097 3512 operan-

514 3539 598 3584 tes
624 3532 807 3600 gratia:
835 3530 950 3598 ejus
973 3531 1262 3586 formosam
1297 3531 1347 3584 in
1387 3532 1673 3586 virtutibus
1699 3543 1752 3588 et
1787 3534 1942 3588 bonis
1971 3549 2098 3604 ope-

515 3620 666 3676 ribus
705 3621 950 3677 fceerunt
976 3622 1294 3688 Ecclesium,
1343 3623 1493 3690 prius
1526 3623 1576 3678 in
1618 3624 1786 3679 Adam
1823 3625 2094 3685 deforma-

516 3719 626 3764 tam
659 3729 672 3764 :
702 3729 820 3782 qua:
847 3713 1087 3769 Ecclesia
1113 3714 1256 3770 sicca
1275 3724 1378 3781 cst,
1409 3715 1460 3770 id
1487 3725 1568 3770 est
1593 3717 2095 3774 sitiensdoetrinam

515 3803 672 3857 verbi
719 3804 832 3870 Dei,
889 3806 954 3860 ad
1010 3807 1227 3860 modum
1279 3816 1436 3862 terra:
1483 3809 1662 3875 sicae,
1714 3826 1851 3879 aqua
1903 3811 2094 3880 repleri

517 3892 766 3948 sitientis.
811 3893 1129 3964 Interposita
1159 3896 1274 3965 ejus
1318 3895 1494 3962 laude,
1543 3895 1698 3964 hujus
1725 3897 1900 3953 laudis
1943 3915 2098 3954 occa-

516 3983 668 4037 sione
701 3985 892 4055 repetit
931 3985 1293 4054 supradictam
1336 3987 1784 4052 exhortationem,
1813 3996 1870 4040 ut
1897 3988 2094 4043 addat:

515 4073 635 4130 Dixi
664 4079 806 4148 quod
853 4077 1100 4132 Christus
1149 4076 1250 4131 erit
1303 4075 1442 4131 Deus
1471 4091 1588 4142 rex,
1613 4086 1668 4131 et
1691 4077 1948 4132 Dominus
1985 4095 2100 4133 ma-

516 4185 674 4240 gnus.
717 4170 858 4241 Ergo
896 4170 1023 4240 quia
1054 4168 1172 4225 talis
1207 4179 1261 4224 ct
1305 4167 1422 4231 talis
1454 4169 1578 4235 erit,
1610 4185 1643 4224 ο
1665 4169 1854 4236 Judtei,
1889 4171 1941 4224 in
1981 4171 2099 4240 ejus

517 4261 748 4314 adventu
783 4261 942 4314 futuri
976 4262 1142 4314 venite
1172 4260 1238 4314 ad
1272 4276 1394 4314 eum
1427 4259 1550 4326 title,
1586 4269 1641 4315 et
1677 4261 1935 4315 veniendo
1963 4264 2097 4315 ado-

517 4368 689 4406 remus
719 4368 861 4419 eum,
894 4353 948 4407 id
989 4362 1071 4406 est
1111 4353 1250 4407 sicut
1281 4367 1379 4423 ego
1405 4368 1525 4406 eum
1556 4353 1742 4420 adem,
1789 4352 1840 4406 id
1891 4361 1972 4408 est
2017 4354 2100 4408 in-

517 4455 672 4500 tense
710 4455 765 4500 et
803 4445 1106 4516 specialiter
1131 4445 1338 4500 orando
1379 4459 1635 4512 veneror,
1681 4445 1752 4500 ita
1798 4460 1894 4500 vos
1934 4445 2100 4500 etiam
2134 4453 2178 4510 D
2207 4450 2302 4503 Per
2357 4431 2746 4486 ίηῧάθιίιθῖθιηο
2797 4427 2861 4481 Ε(

519 4537 657 4590 αεΙιει·
673 4548 742 4590 tte
768 4554 780 4590 :
810 4549 857 4591 et
877 4537 1231 4607 procidamus,
1262 4538 1314 4592 id
1336 4547 1417 4592 cst
1441 4539 1785 4593 lnnniliemur
1806 4539 1860 4592 in
1886 4541 2098 4605 anima;

521 4628 663 4698 quod
711 4629 952 4697 signatur
1001 4646 1094 4698 per
1143 4630 1243 4685 hoc
1279 4630 1420 4698 quod
1457 4631 1507 4683 in
1543 4645 1770 4699 corpore
1797 4632 1864 4685 ad
1909 4641 2105 4686 terram

522 4717 874 4786 procidimus,
924 4729 970 4772 et
1018 4720 1280 4788 ploremus
1314 4728 1534 4788 peccata
1574 4729 1780 4786 nostra,
1814 4729 2002 4775 etnon
2040 4721 2109 4775 ad

522 4818 805 4878 aspectum
849 4809 1022 4865 laudis
1075 4812 1374 4880 hominum,
1412 4811 1508 4868 sed
1546 4823 1666 4866 ante
1703 4812 2006 4879 Dominum,
2055 4813 2109 4867 id

523 4908 612 4955 cst
670 4898 737 4953 ad
783 4899 1057 4968 aspectum
1101 4903 1335 4969 Domini,
1379 4905 1470 4975 qui
1509 4903 1654 4973 fecit,
1709 4904 1760 4957 id
1793 4912 1875 4958 est
1903 4904 2109 4958 creavit

523 5006 626 5050 nos
647 5007 660 5047 :
696 4992 925 5062 ideoque
948 5008 1068 5047 eum
1094 4995 1320 5048 adorare
1341 4995 1598 5051 debemus
1621 5015 1634 5048 :
1667 5003 1723 5051 et
1741 4997 1865 5066 quia
1883 4997 1991 5065 ipse
2013 4995 2106 5066 qui

523 5090 738 5144 videtur
781 5102 844 5141 ex
876 5093 1116 5153 tempore
1163 5095 1343 5153 natus,
1396 5097 1574 5142 tamen
1609 5099 1684 5143 est
1731 5087 1871 5142 Deus
1912 5097 2107 5154 noster,
2174 5128 2180 5138 .

525 5199 632 5237 non
658 5195 846 5234 recens
873 5179 1035 5244 Deus,
1070 5178 1163 5233 sed
1197 5177 1337 5232 Deus
1362 5186 1616 5243 aeternus,
1652 5193 1812 5250 quem
1854 5193 1951 5233 nos
1975 5194 2106 5248 pro-

525 5276 702 5347 phetae
731 5274 958 5329 colimus
986 5281 1038 5326 et
1077 5272 1384 5326 adoramus.
1411 5271 1542 5326 Dico
1564 5272 1706 5341 quod
1742 5272 1849 5341 ipse
1874 5282 1946 5325 est
1971 5269 2112 5324 Deus

527 5374 722 5429 nos'cr,
748 5373 801 5418 et
825 5379 916 5417 nos
955 5378 1140 5417 sumus
1165 5359 1392 5430 populus
1419 5379 1626 5430 passure
1659 5362 1794 5442 ejus,
1823 5361 1875 5414 id
1906 5369 1985 5416 est
2013 5375 2109 5431 po-

529 5456 686 5525 pulus
713 5471 871 5525 quem
905 5455 1016 5526 ipse
1044 5453 1189 5524 pavit
1222 5453 1276 5509 in
1305 5452 1517 5509 deserto
1553 5469 1750 5507 manna
1783 5453 1835 5506 in
1868 5451 2111 5520 patribus

531 5549 731 5604 nostris
763 5566 776 5602 :
821 5557 876 5603 et
918 5562 1079 5616 quem
1110 5547 1274 5602 etiam
1307 5547 1475 5616 pascit
1510 5545 1647 5614 lege,
1695 5555 1740 5597 et
1773 5559 1960 5598 sumus
1995 5559 2109 5596 oves

527 5656 738 5704 manus,
786 5638 836 5691 id
876 5645 961 5693 est
1005 5635 1340 5706 operationis
1368 5636 1504 5705 ejus,
1549 5635 1600 5688 id
1632 5643 1715 5686 est
1739 5642 1993 5700 operatus
2030 5639 2111 5686 est

529 5743 624 5799 per
666 5727 894 5800 gratiam
931 5729 983 5782 in
1028 5728 1260 5794 deserto,
1294 5736 1352 5778 ut
1389 5725 1576 5781 ovibus
1616 5721 1817 5778 similes
1847 5737 2111 5788 essemus,

2185 1880 2402 1935 fuerunt
2441 1877 2689 1932 indurata
2719 1872 2882 1928 corda
2928 1878 3142 1939 patrum
3173 1872 3469 1920 vestrorum
3495 1857 3544 1912 in
3571 1855 3712 1910 irrita-

2187 1971 2354 2033 tione,
2385 1969 2436 2022 id
2458 1975 2543 2022 est
2574 1975 2702 2020 tunc
2732 1959 2949 2032 quando
2976 1957 3120 2013 Deus
3163 1955 3264 2008 fuit
3296 1952 3543 2006 irritatus.
3566 1945 3703 2002 llodie

2185 2061 2351 2116 etiam
2381 2057 2580 2113 dicitur
2629 2063 2781 2110 sexta
2821 2063 2975 2112 tetas,
3003 2048 3128 2120 quia
3173 2045 3317 2100 clara
3344 2052 3422 2096 est
3447 2056 3534 2110 per
3556 2038 3713 2092 doctri-

2187 2167 2312 2206 nam
2339 2147 2538 2204 Christi
2579 2155 2636 2201 et
2677 2142 2956 2215 splendida
3002 2139 3070 2193 ad
3101 2136 3322 2191 modqu
3358 2129 3478 2187 diei.
3501 2127 3713 2196 Quoniam

2186 2259 2316 2298 vero
2359 2244 2568 2298 dixerat
2605 2241 2738 2294 sicut
2784 2237 2840 2291 in
2871 2233 3195 2296 irritatioue,
3223 2242 3343 2283 cum
3381 2222 3546 2280 multa:
3561 2219 3716 2274 lucrint

2188 2351 2375 2391 eorum
2409 2331 2735 2388 irritationes
2765 2327 3026 2382 adversus
3045 2322 3241 2386 Deum,
3267 2318 3334 2375 de
3353 2329 3452 2385 qua
3473 2310 3718 2370 irritatiouc

2191 2429 2336 2482 dicat
2375 2423 2633 2489 ostendit,
2671 2436 2795 2477 cum
2843 2417 2993 2474 addit
3026 2433 3041 2470 :
3069 2413 3205 2471 Dico
3247 2412 3275 2466 :°
3309 2407 3479 2463 Nolite
3512 2402 3717 2459 obdurare

2192 2521 2350 2574 corda
2375 2527 2544 2573 vestra
2572 2516 2704 2570 sicut
2728 2514 2782 2568 in
2817 2508 3132 2573 irritatione,
3171 2503 3383 2561 scilicet
3414 2497 3564 2554 nolite
3586 2492 3716 2550 obdu-

2194 2625 2337 2676 rare,
2366 2607 2655 2664 secundum
2679 2605 2818 2658 diem
2847 2597 3172 2660 tentationis,
3205 2595 3260 2650 id
3285 2601 3368 2650 est
3387 2581 3718 2680 adrsimilituili-

2193 2675 2448 2754 nemdiei
2497 2693 2810 2752 tentationis
2836 2688 3074 2745 factasin
3099 2686 3330 2748 deserto,
3378 2679 3476 2742 ubi,
3508 2675 3553 2731 id
3587 2682 3655 2730 est
3673 2675 3714 2724 in

2193 2807 2300 2861 quo
2323 2790 2565 2851 deserto,
2594 2789 2920 2840 tentaverunt
2941 2795 3024 2833 me
3047 2786 3228 2848 patres
3250 2771 3421 2836 uestri,
3457 2766 3711 2866 dubitantes

2195 2855 2260 2938 an
2293 2883 2371 2938 eis
2395 2893 2609 2952 possem
2633 2879 2763 2931 dare
2792 2881 2980 2944 potum
3011 2878 3066 2925 et
3091 2875 3532 2934 escam,quorum
3553 2855 3630 2910 lilii
3648 2867 3718 2952 vos

2196 2977 2348 3042 estis,
2388 2943 2494 3028 non
2532 2943 2868 3026 solummodo
2916 2961 3219 3019 secundum
3247 2943 3720 3042 generationetn,‘setl

2197 3033 2360 3120 etiam
2391 3065 2687 3118 secundum
2728 3051 3128 3110 incredulitatis
3168 3045 3597 3105 conformitatem.
3619 3033 3720 3088 Pro-

2201 3159 2474 3219 baverunt,
2506 3154 2746 3222 inquam,
2801 3163 2910 3215 me,
2961 3145 3015 3200 id
3062 3153 3150 3199 est
3178 3146 3531 3204 tentaverunt,
3551 3129 3719 3187 etvide-

2202 3258 2322 3304 runt
2349 3245 2522 3302 oculis
2559 3240 2802 3311 corporis
2841 3235 3108 3292 mirabilia
3159 3249 3317 3302 opera
3343 3245 3474 3293 mea,
3496 3238 3598 3294 quae
3621 3232 3718 3311 ope

2203 3347 2355 3392 ratus
2384 3349 2503 3389 sum
2552 3333 2604 3386 in
2637 3308 2738 3394 eis,
2765 3325 3117 3400 quadraginta
3148 3325 3304 3377 armis
3327 3321 3379 3375 in
3407 3319 3612 3373 deserto.
3637 3308 3722 3363 lloc

2199 3439 2378 3484 autem
2437 3437 2608 3482 totmr.
2637 3433 2720 3480 est
2766 3438 2831 3478 ac
2869 3423 2914 3478 si
2963 3421 3042 3475 sic
3089 3417 3334 3474 breviter
3371 3418 3612 3484 poneret:
3643 3405 3726 3458 Vos

2202 3518 2463 3576 increduli
2490 3515 2682 3580 .ludzei,
2705 3528 2892 3578 vocent
2923 3511 3092 3581 ipsius
3112 3506 3320 3564 Christi
3347 3500 3584 3566 audituri,
3602 3495 3722 3551 nolite

2199 3609 2359 3662 corda
2385 3617 2555 3662 uestra
2582 3603 2866 3667 obdurare,
2897 3599 2964 3655 ad
2989 3599 3212 3655 modum
3236 3603 3447 3668 patrum
3459 3598 3723 3646 vestrorum.

2200 3715 2321 3756 eum
2375 3700 2428 3752 in
2456 3698 2671 3754 deserto
2693 3693 3014 3750 tentantium
3042 3699 3098 3747 et
3118 3704 3288 3760 opera
3311 3686 3443 3757 ejus,
3469 3681 3604 3739 annis
3619 3690 3722 3746 qua-

2199 3789 2468 3860 draginta,
2499 3786 2821 3848 videntium,
2853 3791 2910 3838 et
2958 3781 3027 3836 ad
3062 3781 3168 3835 hoc
3198 3789 3382 3834 tamen
3417 3773 3565 3831 corda
3589 3765 3722 3822 obdu-

2201 3882 2453 3937 rantium.
2481 3879 2612 3934 Dico
2636 3878 2780 3948 quod
2811 3891 2890 3929 me
2913 3882 3264 3936 tentaverunt,
3286 3870 3504 3938 ideoque
3521 3861 3724 3932 alicam.

2200 3977 2251 4030 id
2279 3984 2361 4030 est
2398 3975 2567 4028 iratus
2619 3969 2698 4041 {ui
2743 3967 3067 4040 generationi
3113 3964 3196 4018 illi
3233 3961 3492 4033 pessima.
3527 3951 3726 4046 Oll‘cnsus

2199 4084 2296 4140 pro
2353 4067 2491 4122 irato
2525 4064 2762 4136 ponitur,
2793 4065 2858 4116 eo
2907 4049 3050 4129 quod
3093 4055 3286 4112 οπεηεί
3330 4051 3527 4108 soleant
3579 4045 3722 4100 irasci.

2200 4163 2330 4218 Dico
2355 4161 2497 4230 quod
2530 4159 2608 4228 fui
2655 4156 2909 4225 o/fensus,
2943 4162 2998 4207 et
3032 4149 3273 4206 offensus
3295 4159 3468 4202 tamen
3487 4141 3548 4195 ad
3573 4147 3720 4193 eorum

2199 4252 2592 4309 correctionem
2643 4248 2754 4302 dixi
2803 4261 3024 4310 semper,
3085 4244 3135 4296 id
3195 4251 3281 4297 est
3329 4239 3612 4306 frequenter
3651 4237 3726 4296 per

2203 4344 2446 4416 Moysen,
2473 4351 2522 4395 et
2548 4350 2774 4394 czetcros
2802 4353 2988 4392 eorum
3021 4337 3304 4398 doctores;
3327 4332 3379 4384 lii
3401 4335 3561 4382 errant
3587 4318 3723 4376 corde.

2917 4426 3042 4480 licet
3095 4425 3197 4479 hoc
3250 4423 3317 4476 ad
3366 4420 3583 4489 ipsorum
3632 4420 3724 4462 cor-

2213 4524 2509 4579 rectionem
2537 4519 2699 4592 383
2737 4519 2995 4572 dixissem
3024 4532 3036 4566 :
3073 4516 3160 4569 isti
3197 4523 3375 4567 tamen
3403 4523 3498 4562 non
3532 4510 3724 4570 cognou-

2213 4629 2333 4670 ruut
2374 4616 2454 4670 sic
2483 4623 2540 4667 ιιι
2587 4611 2924 4679 complerent
2963 4608 3073 4662 eius
3113 4623 3294 4667 meas,
3328 4603 3376 4656 id
3404 4607 3480 4653 cst
3511 4595 3722 4665 precept!

2213 4722 2356 4771 mea,
2407 4721 2528 4777 qua:
2578 4702 2976 4772 complentibus
3026 4699 3128 4754 viae
3175 4704 3306 4751 sunt
3348 4694 3412 4746 ad
3455 4690 3724 4746 vitam.“0“

2213 4798 2610 4869 complentibus
2659 4803 2838 4848 autem
2869 4793 2937 4846 ad
2985 4798 3236 4846 mortem.
3289 4785 3355 4841 Et
3394 4782 3511 4853 quia
3546 4785 3726 4831 nonco-

2212 4897 2515 4962 gnoverunt
2559 4886 2603 4940 si
2643 4899 2874 4955 unquam
2924 4881 3192 4936 intrabunt
3243 4881 3299 4932 in
3346 4873 3555 4944 requiem
3587 4875 3724 4964 ἠιςαξκ

2211 4961 2508 5044 aeternam,
2538 4989 2596 5033 ut
2616 4977 2828 5048 juraoi,
2860 4975 2910 5030 id
2943 4985 3027 5028 est
3069 4989 3162 5028 seu
3193 4971 3418 5025 [innitar
3445 4961 3661 5020 constitui
3684 4967 3724 5003 ut

2213 5078 2294 5130 ira
2343 5091 2488 5136 mea,
2524 5072 2575 5126 id
2602 5079 2679 5125 est
2725 5069 2775 5122 in
2809 5069 2955 5138 justa
3002 5049 3236 5119 vitﬂlieta
3288 5076 3436 5122 mea,
3481 5051 3604 5125 quod
3643 5058 3723 5100 non

2216 5166 2529 5230 intrabunt,
2560 5173 2691 5217 tunc
2731 5175 2837 5215 non
2870 5176 2988 5214 sum
3015 5171 3116 5227 ego
3137 5156 3296 5224 judex
3324 5165 3478 5206 verus
3502 5155 3550 5200 et
3566 5142 3721 5230 justus:

2215 5258 2270 5313 Si
2320 5260 2420 5313 hoc
2470 5266 2651 5311 autem
2680 5253 2749 5306 ad
2787 5251 3011 5306 nimiam
3057 5241 3578 5302 communicationem
3609 5222 3724 5283 etai

2215 5350 2549 5407 audientium
2595 5345 3018 5404 correctionem,
3053 5356 3120 5396 ne
3149 5336 3396 5395 similiter
3422 5327 3568 5387 corda
3593 5317 3723 5375 obdu-

2214 5450 2334 5497 rent
2362 5450 2418 5495 et
2462 5437 2703 5509 requiem
2734 5435 3020 5498 amittant,
3050 5428 3364 5502 suspensive
3391 5420 3546 5494 ponit.
3585 5412 3639 5467 Ει
3660 5411 3722 5462 εει

2215 5552 2280 5590 ac
2303 5535 2349 5588 si
2375 5535 2580 5588 diceret
2608 5550 2620 5584 :
2654 5529 2788 5596 Quia
2832 5543 2934 5581 non
2967 5530 3312 5596 cognouerunt
3341 5518 3447 5572 aias
3469 5523 3620 5599 meat,
3641 5510 3721 5599 ηρὲ

2215 5627 2495 5683 intrabunt
2537 5624 2589 5677 in
2621 5622 2863 5691 requiem
2896 5632 3072 5674 meam
3115 5625 3390 5671 aeternam.
3415 5597 3720 5691 JurariActtilu

2214 5723 2319 5778 hoc
2347 5721 2399 5774 in
2423 5720 2502 5772 ira
2535 5733 2670 5772 mea.
2699 5687 2806 5770 —\'el
2839 5713 2916 5770 sic
2944 5703 3424 5777 secrmdnm_aliam
3463 5687 3716 5750 translatiu-
