3840 6338
236 277 385 333 1145

1213 276 1568 334 EXPOSITIO
1599 276 1663 332 IN
1703 275 2018 333 PSALMOS
2048 306 2117 317 -—
2144 273 2338 330 PSAL.
2382 273 2539 332 XCV.

3368 280 3507 334 “ili

228 406 363 444 nem
387 431 400 444 .
434 386 643 456 Qubus
669 396 846 456 ,ιιι-ιιιί
878 406 930 442 ιιι
954 404 1039 443 ira
1071 404 1190 445 mea
1227 392 1371 460 quod
1403 408 1505 445 non
1549 391 1819 446 intrabunt
1850 391 1895 448 Α
1923 405 2118 446 nomen
2158 388 2275 459 ejus
2295 432 2311 457 ,
2354 390 2497 462 quod
2528 399 2612 445 est
2653 390 2939 456 Dominus,
2984 390 3120 447 bene
3165 392 3420 457 vivendo,
3452 403 3509 448 et.

227 482 291 535 in
320 484 555 552 requiem
590 498 780 547 meum,
812 482 863 534 id
889 490 973 536 est
1000 482 1054 537 in
1081 490 1280 537 terram
1308 483 1704 551 promissionis,
1730 483 1823 537 ubi

226 573 341 626 erit
372 572 611 642 requies,
641 586 803 642 quam
834 571 958 627 ﬁliis
986 587 1078 628 eor
1091 589 1172 628 am
1199 574 1357 629 dabo.
1390 575 1458 629 Et
1488 574 1826 644 quandoqui-

226 667 357 720 dem
381 664 563 734 juravi
585 664 728 735 quod
772 680 879 720 non
921 667 1224 732 intral-uu,
1257 668 1302 723 si
1331 668 1430 737 ipsi
1460 668 1739 723 intrabunt
1768 667 1823 722 in

225 758 383 811 illam
412 756 655 826 requiem
694 771 898 818 meam,
939 766 1069 810 tunc
1092 772 1192 828 ego
1221 761 1451 814 mendax
1477 774 1617 813 sum.

699 846 766 900 IN
808 845 1142 903 PSALMUM
1192 847 1349 903 XCV.

298 936 525 993 Titulus
564 937 901 1008 nonagesimi
932 938 1128 1010 quinti.
1161 936 1387 1003 Quando
1424 940 1610 995 domus
1652 941 1821 1010 (ediﬁ-

223 1026 462 1079 cabatur
483 1036 596 1097 post
627 1027 977 1096 captivitatem
1000 1068 1015 1092 ,
1045 1029 1309 1081 canticum
1336 1028 1525 1083 David.
1558 1030 1709 1096 Quod
1742 1030 1822 1085 sic

223 1117 552 1184 exponitur.
609 1116 755 1172 Istud
819 1119 1120 1183 canticum,
1183 1119 1235 1172 id
1283 1128 1369 1174 est
1423 1119 1525 1174 iste
1583 1119 1820 1189 psalmus

221 1211 415 1267 dia-tus
442 1212 715 1267 canticum
738 1253 753 1277 ,
800 1212 921 1268 ideo
955 1213 1096 1282 quod
1120 1214 1444 1268 exhortetur
1482 1218 1550 1268 ad
1586 1225 1813 1270 cantan-

222 1304 362 1355 dum
414 1316 612 1356 novum
657 1303 958 1367 canticum,
1015 1292 1101 1358 vel
1149 1304 1273 1374 quia
1334 1305 1433 1359 l'uit
1476 1320 1598 1361 cum
1650 1305 1819 1362 nimia

220 1392 570 1461 iucunditate
588 1403 643 1451 et
664 1396 937 1451 hilaritate
959 1396 1182 1464 factum,
1206 1405 1287 1453 est
1312 1398 1477 1454 David
1496 1399 1773 1469 propheta:
1800 1417 1813 1453 :

222 1488 294 1540 fat
318 1495 438 1541 tum
469 1489 537 1542 ab
565 1487 683 1557 ipso
709 1487 978 1557 Propheta
1024 1489 1240 1558 quando
1276 1489 1468 1545 demus
1507 1490 1814 1546 aediﬁcaba-

224 1588 323 1632 tur
356 1579 411 1632 in
443 1579 882 1635 consideratione
910 1580 1079 1651 ipsius
1107 1580 1412 1651 Propheta},
1442 1589 1564 1652 post
1591 1583 1818 1652 captivi-

225 1680 426 1725 tatem.
450 1670 602 1738 Quod
626 1671 918 1726 estdicere
950 1691 963 1726 :
991 1672 1143 1728 Tunc
1170 1674 1473 1742 composuit
1510 1674 1613 1729 hoc
1635 1675 1811 1729 canti-

1926 480 2108 534 omnia
2145 480 2286 534 bona
2316 493 2480 550 Opera
2511 480 2740 550 agendo.
2774 479 2923 545 Quod
2952 491 3032 537 est
3075 483 3255 539 dicere
3286 501 3299 536 :
3342 483 3507 538 Bonis

1925 568 2181 638 Operibus
2213 569 2470 635 insistite,
2504 585 2624 640 qua:
2653 584 2818 624 causa
2849 570 2958 625 sint
2986 588 3154 640 quare
3181 589 3375 629 nomen
3408 574 3505 631 Dei

1924 678 1954 717 a
1979 662 2287 718 videntibus
2313 662 2685 717 benedicatur.
2727 660 2883 716 Sicut
2912 662 3055 716 enim
3082 679 3179 732 per
3214 666 3352 722 male
3375 682 3503 737 ope-

1923 760 2145 818 rantes,
2199 768 2218 801 ι
2276 765 2472 805 nomen
2524 751 2617 804 Dei
2676 751 2817 805 inter
2861 760 3048 818 gentes
3100 753 3504 823 blasphematur

1924 840 2101 911 (Rom.
2132 857 2194 908 ιι,
2218 841 2336 911 24),
2374 860 2394 895 ι
2426 842 2501 897 ita
2531 852 2587 897 et
2611 859 2708 913 per
2733 842 2869 898 bene
2892 852 3111 914 agentes
3139 848 3427 901 exaltatur.

1991 933 2143 988 Facit
2186 941 2367 988 autem
2403 935 2785 1005 apostropham
2827 934 2895 988 ad
2933 937 3182 1004 praelatos
3210 938 3287 993 sic
3335 957 3349 992 :
3392 942 3500 994 Ad-

1924 1024 2114 1081 hortor
2154 1040 2344 1083 omnes
2384 1026 2475 1095 qui
2526 1027 2581 1083 in
2631 1026 2791 1082 domo
2833 1027 2927 1083 Dei
2978 1028 3148 1083 futuri
3198 1038 3357 1095 seut,
3395 1039 3502 1084 tam

1919 1115 2134 1171 Judaeos
2183 1131 2346 1186 quam
2380 1116 2639 1188 gentiles,
2673 1117 2741 1172 ad
2789 1118 3113 1173 cantandum
3147 1134 3342 1174 novum
3375 1136 3504 1173 ean-

1922 1208 2085 1263 ticum
2100 1208 2359 1274 Domino,
2385 1220 2440 1264 et
2456 1209 2888 1287 benedicendum
2929 1211 3130 1265 nomini
3158 1211 3295 1282 ejus.
3327 1212 3502 1266 Caete-

1924 1316 2041 1353 rum
2065 1300 2193 1369 quia
2217 1300 2376 1355 aliter
2405 1315 2511 1356 non
2541 1311 2854 1359 cautaretur
2896 1318 2925 1356 a
2953 1302 3206 1371 gentibus
3234 1303 3339 1358 hac
3367 1319 3500 1359 cau-

1919 1393 2118 1457 ticum,
2169 1407 2344 1462 neque
2393 1407 2587 1448 nomen
2640 1393 2853 1449 Domini
2907 1394 3351 1457 benedicerctur,
3407 1411 3502 1451 res

1918 1483 2300 1553 praedicatores
2328 1485 2638 1538 aununtiate
2665 1484 2919 1551 salutare,
2949 1486 3000 1540 id
3029 1497 3113 1542 est
3143 1486 3499 1542 salvationem

1916 1578 2030 1646 ejus
2080 1576 2294 1632 Domini
2338 1577 2574 1641 Christi,
2631 1578 2902 1647 quomodo
2949 1578 3202 1633 videlicet
3240 1579 3500 1632 mundum

1919 1678 2094 1723 morte
2123 1685 2220 1725 sua
2249 1669 2499 1724 salvabit.
2536 1670 2668 1724 Dico
2694 1672 3004 1724 annuntiatc
3024 1712 3038 1736 ,
3083 1680 3137 1725 et
3182 1672 3285 1726 hoc
3326 1673 3387 1724 de
3417 1672 3501 1725 die

221 1776 392 1825 cum,
425 1734 642 1830 quando
670 1775 770 1831 per
804 1761 1053 1831 spiritum
1082 1734 1381 1834 prophetiae
1408 1763 1522 1834 jam
1561 1764 1812 1821 conside-
1845 1734 1889 1795 Β
1918 1761 2096 1819 eundo
2134 1761 2189 1814 in
2215 1762 2381 1823 diem,
2412 1761 2464 1816 id
2502 1770 2586 1816 est
2616 1761 2681 1817 de
2709 1760 2954 1818 claritate
2989 1762 3124 1818 Novi
3165 1762 3501 1818 Testamenti

220 1852 390 1906 rabat
417 1853 559 1922 quod
584 1854 877 1917 humanum
904 1868 1095 1925 genus,
1125 1854 1267 1924 quod
1292 1870 1389 1924 per
1410 1855 1584 1910 Adam
1610 1855 1817 1911 destru-

222 1952 378 1998 ctum
409 1954 551 2009 erat,
574 1953 631 1998 et
656 1944 709 1998 in
729 1944 1093 2014 captivitatem
1118 1946 1433 2013 adductum,
1459 1948 1673 2002 tandem
1695 1958 1815 2018 post

222 2035 568 2105 captivitatis
601 2043 813 2105 tempus
853 2052 950 2106 per
975 2036 1250 2093 Christum
1278 2048 1397 2095 erat
1438 2041 1494 2095 in
1523 2041 1815 2097 virtutibus

220 2126 637 2188 aediﬁcandum,
680 2126 882 2181 adhoc
918 2137 978 2181 ut
1027 2129 1119 2182 Dei
1168 2130 1359 2185 domus
1400 2139 1575 2197 esset,
1625 2132 1812 2202 inqua

222 2217 347 2286 ipse
390 2216 711 2285 spiritaliter
738 2218 1032 2274 habitaret.
1073 2218 1218 2275 Bene
1245 2237 1373 2276 vero
1401 2223 1551 2291 ponit
1574 2222 1812 2278 aediﬁca--

220 2305 407 2361 batur.
438 2303 555 2360 Jam
589 2308 731 2363 enim
760 2298 861 2378 ipsi
884 2324 981 2380 per
1008 2312 1498 2367 considerationem
1531 2312 1812 2384 Propheta:

221 2401 424 2456 domus
456 2399 858 2468 aediﬁcabatur,
888 2419 1009 2472 qua:
1044 2414 1167 2474 post
1205 2405 1422 2475 longum
1451 2415 1663 2477 tempus
1690 2423 1814 2463 rea-

220 2488 351 2543 li.er
377 2499 502 2542 erat
528 2489 865 2545 aediﬁcanda.
908 2492 1273 2550 Consideraus
1316 2506 1497 2551 autem
1539 2496 1808 2568 Pr0pheta

220 2579 422 2633 domus
448 2577 611 2645 hujus
636 2580 1046 2661 aediﬁcationem
1076 2582 1335 2649 futuram,
1358 2600 1549 2641 omnes
1575 2586 1695 2643 illos
1716 2588 1808 2658 qui

220 2672 276 2726 in
309 2671 474 2726 domo
503 2670 594 2725 illa
626 2668 792 2735 futuri
822 2682 970 2739 sunt,
996 2674 1062 2729 ad
1091 2676 1417 2731 cantandum
1452 2676 1564 2732 Deo
1609 2693 1807 2732 novum

220 2764 499 2818 canticum
533 2763 873 2821 exhortatur.
911 2766 980 2822 Ut
1014 2781 1144 2822 vero
1187 2769 1460 2823 canticum
1494 2770 1596 2824 hoc
1623 2779 1809 2824 cante—

221 2863 331 2917 tur,
379 2855 766 2924 praedicatores
811 2856 972 2925 hujus
1027 2857 1218 2913 domus
1265 2858 1544 2927 praelatos,
1603 2868 1661 2913 ut
1712 2859 1805 2913 Dei

221 2943 497 2997 mirabilia
548 2944 797 3014 gentibus
848 2946 1189 3011 annuntient,
1246 2946 1498 3016 ipsasque
1534 2956 1723 3016 gentes
1750 2956 1808 3000 ut

222 3036 303 3090 eis
327 3036 590 3091 obediant
609 3038 890 3102 admonet,
924 3036 1198 3093 allirntans
1223 3054 1415 3092 omnes
1442 3038 1804 3095 exsultaturos
1829 3077 1877 3139 c

222 3142 363 3193 esse,
398 3129 491 3199 qui
526 3130 578 3182 in
600 3144 662 3183 ea
692 3129 850 3184 domo
874 3130 1122 3183 aedificati
1143 3139 1323 3194 erunt,
1352 3146 1473 3186 cum
1502 3129 1644 3186 Deus
1662 3130 1807 3199 juste

223 3220 489 3273 mundum
517 3219 799 3287 judicabit.
834 3220 947 3275 lloc
989 3230 1169 3274 autem
1212 3236 1277 3275 ea
1326 3220 1620 3275 intentione
1655 3220 1805 3287 facit,

224 3322 283 3366 ιιι
325 3329 524 3369 omnes
572 3315 639 3369 ad
688 3315 1151 3384 participationem
1198 3314 1357 3383 hujus
1398 3314 1591 3369 domus
1639 3313 1807 3368 aediﬁ-

223 3405 432 3469 candae,
464 3420 521 3460 et
548 3407 614 3459 ad
643 3406 970 3460 cantandum
1003 3421 1202 3460 novum
1240 3407 1514 3461 canticum
1541 3404 1803 3461 attrahat.

296 3500 520 3553 Caritate
550 3499 769 3553 Domino
799 3502 1013 3555 Christo
1038 3502 1299 3555 canticum
1327 3517 1545 3565 novum,
1576 3510 1803 3565 cantate,

225 3590 475 3660 inquam,
520 3606 626 3644 non
660 3591 997 3646 soluunuodo
1016 3592 1206 3655 Judaei,
1238 3592 1329 3645 sed
1360 3592 1528 3645 omnis
1557 3603 1719 3657 terra,
1753 3592 1805 3646 id

224 3692 307 3735 est
330 3683 663 3738 omnismodi
692 3686 893 3739 terreni
933 3695 987 3738 et
1012 3684 1180 3739 .ludtei
1207 3695 1261 3739 et
1288 3692 1492 3752 gentes.
1529 3682 1805 3736 Canticum

226 3792 419 3828 novum
449 3776 580 3830 dicit
608 3776 693 3830 illa
733 3787 1030 3848 praecepta,
1064 3792 1183 3846 quae
1212 3792 1316 3831 non
1356 3776 1573 3830 fuerunt
1600 3776 1721 3830 data
1753 3776 1804 3829 in

224 3866 410 3922 Veteri
441 3867 807 3934 Testamento,
836 3870 930 3924 sed
957 3871 1007 3922 in
1044 3868 1194 3945 t‘lovo
1224 3877 1453 3930 tantum,
1492 3869 1543 3921 in
1576 3880 1804 3938 quarunt

224 3960 592 4028 completione
639 3960 779 4015 Deus
823 3962 969 4016 velut
1016 3961 1070 4015 in
1115 3960 1331 4015 cantico
1384 3958 1700 4024 delectatur,
1749 3968 1807 4013 ut

222 4051 481 4106 innnicos
508 4052 758 4122 diligere,
807 4063 1020 4108 terrena
1064 4068 1350 4122 spernere,
1385 4053 1519 4107 mori
1549 4068 1645 4122 pro
1683 4069 1806 4122 pro-

221 4146 392 4205 rium,
417 4152 471 4196 et
498 4152 690 4198 caetera
726 4145 1052 4215 hujusmodi.
1084 4146 1236 4202 Unde
1264 4146 1521 4201 Dominus
1551 4147 1602 4200 in
1627 4146 1804 4201 Evan-

222 4235 365 4306 gelio
395 4235 564 4289 dicit:
602 4254 623 4285 ι
662 4235 970 4290 Mandatum
1019 4253 1217 4292 novum
1256 4239 1324 4294 do
1360 4239 1544 4305 vobis,
1584 4248 1643 4293 ut
1680 4238 1804 4292 dili-

220 4328 365 4397 gatis
395 4328 630 4383 invicem
661 4330 802 4384 sicut
844 4331 1009 4384 dilexi
1035 4346 1129 4386 vos
1171 4331 1354 4402 (Jonu.
1391 4348 1508 4397 xm,
1537 4332 1652 4402 54).
1689 4352 1708 4384 ι
1740 4331 1808 4385 Et

1917 1853 1973 1907 in
1996 1853 2298 1908 claritatem
2327 1853 2576 1919 Veteris,
2606 1862 2661 1908 et
2704 1856 2769 1909 de
2794 1853 3041 1909 claritate
3067 1853 3279 1910 Veteris
3305 1854 3357 1909 in
3389 1854 3502 1909 cla.

1915 1943 2132 1999 ritatem
2180 1943 2348 2009 Novi;
2382 1944 2591 1999 scilicet
2644 1944 2723 2001 sic
2769 1947 3108 2012 annuutiate,
3150 1955 3209 2000 ut
3244 1946 3504 2016 praedici-

1917 2036 2118 2091 tionem
2176 2046 2434 2101 vestram,
2482 2037 2807 2093 auctoritate
2844 2038 3126 2109 utriusque
3170 2039 3503 2095 Testazuentt

1914 2126 2269 2191 conﬁrmetis,
2304 2125 2628 2197 proferendo
2666 2127 2732 2182 de
2777 2128 3031 2184 thesauro
3077 2128 3257 2185 cordis
3286 2144 3422 2183 nova
3448 2136 3505 2183 et

1912 2225 2094 2272 vetera
2118 2215 2333 2285 (Matth.
2368 2232 2489 2282 xm,
2519 2215 2633 2284 52).
2672 2216 2764 2272 Vel
2795 2217 2973 2273 eundo
3001 2218 3065 2271 de
3111 2218 3195 2272 die
3242 2219 3297 2272 in
3327 2218 3494 2280 diem,

1913 2308 1966 2363 id
2001 2316 2086 2363 est
2124 2308 2189 2363 de
2220 2322 2323 2362 una
2353 2308 2497 2362 clara
2546 2309 2748 2364 virtute
2782 2318 2837 2365 et
2876 2310 3193 2379 operatione
3233 2310 3287 2364 in
3337 2309 3498 2364 aliam

1912 2399 2200 2455 clariorem
2238 2401 2494 2455 virtutem
2538 2409 2595 2455 et
2639 2401 3045 2470 operationem,
3086 2416 3153 2456 ne
3201 2416 3325 2456 cum
3376 2402 3500 2457 aliis

1910 2490 2355 2561 praedicaveritis,
2384 2491 2485 2560 ipsi
2516 2491 2728 2561 reprobi
2754 2490 3080 2546 eﬂiciamini.
3104 2491 3199 2547 Vel
3226 2493 3403 2547 eundo
3432 2494 3497 2547 de

1910 2581 1994 2635 die
2036 2582 2092 2635 in
2134 2582 2294 2649 diem,
2327 2582 2379 2636 id
2406 2590 2487 2637 est
2527 2582 2595 2637 de
2640 2582 2887 2637 claritate
2937 2582 3115 2638 Patris
3158 2584 3210 2637 in
3251 2583 3502 2637 claritate

1910 2670 2056 2736 Filii,
2107 2683 2162 2726 et
2199 2671 2265 2725 de
2300 2671 2553 2726 claritate
2602 2671 2719 2726 Filii
2748 2672 2801 2726 in
2849 2672 3148 2727 claritatem
3201 2671 3406 2736 Patris,
3443 2681 3503 2727 ut

1910 2762 2117 2817 scilicet
2146 2777 2243 2831 per
2274 2778 2434 2817 unam
2456 2805 2471 2830 ,
2498 2762 2723 2817 alteram
2750 2762 3070 2817 ostendatis.
3111 2762 3204 2816 Vel
3234 2764 3408 2817 etnnlo
3435 2765 3500 2816 de

1908 2855 1994 2907 die
2022 2854 2076 2907 in
2103 2854 2239 2907 diem
2270 2855 2340 2908 ad
2380 2853 2639 2920 litteram,
2688 2854 2897 2909 scilicet
2924 2854 3238 2924 frequenter
3271 2871 3367 2925 per
3389 2856 3499 2912 sin-

1909 2948 2061 3018 gulos
2090 2948 2205 3002 dies
2230 2949 2541 3002 annuntiate
2563 2946 2795 3002 salutare
2814 2948 2951 3016 ejus.
2984 2948 3306 3002 Annuntiate
3334 2948 3497 3002 etiam

1910 3043 2045 3096 inter
2082 3050 2277 3111 gentes,
2308 3041 2360 3095 id
2399 3049 2483 3095 est
2524 3039 2578 3093 in
2608 3039 2943 3109 plenitudine
2969 3040 3244 3109 gentium,
3275 3040 3499 3109 gloriam

1908 3132 2044 3202 ejus,
2074 3130 2278 3185 scilicet
2312 3130 2519 3185 Domini
2556 3128 2788 3197 Christi,
2834 3130 2885 3183 id
2915 3142 2999 3184 est
3037 3131 3345 3184 annuntiate
3374 3124 3496 3185 eum

1909 3224 2201 3294 gloriosum
2224 3237 2365 3287 esse,
2382 3222 2591 3276 scilicet
2610 3222 2916 3276 annuntiate
2933 3238 3056 3277 eum
3072 3222 3355 3277 Dominum
3375 3238 3499 3278 esse

1908 3327 1961 3373 et
1986 3317 2151 3373 Deum
2184 3326 2239 3372 et
2256 3317 2700 3386 omnipotentem,
2722 3327 2777 3371 et
2793 3327 2988 3371 caetera
3011 3332 3130 3386 quin
3162 3320 3228 3372 ad
3250 3318 3366 3388 ejus
3384 3316 3499 3387 glo-

1910 3407 2046 3462 riam
2064 3407 2354 3478 pertinent,
2386 3416 2442 3461 et
2466 3408 2521 3461 in
2545 3407 2783 3462 omnibus
2806 3407 3034 3477 populis,
3059 3407 3110 3461 id
3135 3417 3219 3462 est
3244 3408 3295 3462 in
3327 3408 3496 3478 pleni-

1909 3501 2095 3556 tudine
2120 3502 2359 3556 omnium
2393 3499 2711 3571 populorum
2734 3500 3040 3554 annuntiate
3069 3501 3332 3555 mirabilia
3356 3502 3494 3571 ejus,

1908 3607 2027 3662 qua:
2055 3593 2107 3646 in
2158 3607 2356 3663 genere
2404 3593 2641 3647 humano
2682 3593 3017 3662 operabitur.
3050 3593 3283 3663 Exponit
3313 3603 3493 3648 autem

1909 3684 2179 3753 quomodo
2200 3682 2425 3752 gloriam
2448 3682 2563 3751 ejus
2588 3685 2931 3750 annuntient,
2965 3684 3082 3741 sic:
3114 3686 3264 3752 Dico,
3287 3702 3497 3740 annuu-

1908 3776 2036 3827 tiate
2070 3771 2290 3843 gloriam
2319 3773 2461 3842 ejus,
2500 3772 2708 3829 scilicet
2729 3775 3077 3839 annuntiate,
3106 3776 3354 3845 quoniam
3382 3776 3497 3845 ipse

1908 3867 1999 3935 qui
2025 3881 2224 3935 parvus
2249 3875 2304 3919 et
2337 3866 2492 3936 quasi
2534 3882 2723 3923 servus
2763 3869 2903 3939 apud
2950 3868 3163 3924 Judreos
3197 3869 3496 3937 videbitur,

1908 3968 1995 4014 est
2044 3959 2336 4025 Dominus;
2365 3968 2422 4014 et
2466 3975 2572 4014 non
2618 3960 3010 4031 qualiscunque
3059 3961 3343 4025 Dominus,
3397 3960 3493 4016 sed

1876 4068 2162 4122 ‘muguus,
2196 4052 2282 4105 cui
2314 4051 2494 4105 omnia
2542 4052 2857 4107 subdentur.
2900 4052 2968 4105 Et
3006 4051 3095 4123 qui
3148 4050 3497 4121 deSpicabilis

1911 4143 2194 4207 videbitur,
2226 4142 2509 4197 laudabilis
2537 4152 2641 4209 est,
2670 4143 2721 4197 id
2751 4152 2835 4198 est
2861 4142 3019 4197 laude
3058 4143 3271 4212 dignus,
3299 4150 3355 4196 et
3380 4156 3489 4195 non

1912 4252 2126 4305 parum,
2157 4234 2259 4290 sed.
2279 4236 2455 4299 ιιὶιιιὶδ,
2484 4235 2535 4289 id
2572 4243 2654 4290 est
2680 4234 2818 4289 ultra
2846 4249 3007 4302 quam
3037 4233 3214 4288 on‘tnis
3242 4241 3493 4288 creatura

1909 4339 2093 4401 posset
2116 4327 2358 4382 laudare.
2387 4325 2451 4379 Et
2476 4327 2567 4396 qui
2599 4327 2791 4381 timere
2818 4325 3088 4380 videbitur
3116 4326 3170 4380 in
3212 4325 3497 4394 passione,

224 4418 393 4472 alibi:
430 4437 449 4470 ι
496 4418 608 4474 Nisi
652 4420 1016 4476 abundaverit:
1042 4421 1252 4491 justitia
1296 4432 1476 4477 vestra
1519 4422 1802 4492 plusquam
1836 4429 1883 4486 ι)
1910 4420 2155 4475 terribilis
2197 4420 2323 4485 erit,
2365 4418 2417 4472 id
2452 4425 2535 4473 est
2560 4417 2880 4473 metuendus
2903 4417 2971 4471 ab
3004 4416 3269 4483 inimicis,
3302 4426 3495 4471 etnon

228 4511 421 4566 Scriba
432 4527 546 4565 rum
570 4520 624 4564 et
644 4511 1060 4579 Phariszenrmn,
1081 4529 1186 4568 non
1210 4514 1479 4569 inti-abitis
1498 4514 1550 4567 in
1580 4528 1803 4585 regnum

226 4602 488 4655 coriorum
524 4601 716 4663 (Matth
771 4618 823 4667 v,
866 4603 977 4673 20).
1011 4623 1031 4655 ι
1081 4602 1192 4658 Hoc
1237 4612 1417 4658 autem
1460 4604 1603 4673 quod
1643 4604 1803 4670 dicit,

227 4704 434 4745 ravtate
466 4692 689 4745 Domino
717 4696 977 4746 canticum
1001 4711 1209 4762 novum,
1237 4695 1375 4749 idem
1401 4705 1485 4751 est
1506 4711 1570 4751 ac
1597 4696 1640 4751 si
1662 4696 1807 4751 dice-

230 4794 308 4836 ret
349 4802 362 4837 :
417 4783 576 4853 Agite
624 4801 744 4837 cum
780 4785 1131 4841 delectatione
1174 4788 1240 4843 ad
1286 4789 1545 4844 honorem
1596 4790 1806 4845 Domini

228 4889 427 4927 novum
456 4874 761 4937 canticum,
809 4875 1017 4931 scilicet
1070 4877 1339 4948 complete
1377 4888 1643 4950 praecepta
1688 4895 1809 4950 quae

229 4967 339 5035 ipse
367 4967 421 5020 in
446 4966 595 5020 Novo
619 4965 966 5038 Testamento
991 4970 1137 5024 dabit
1161 4988 1173 5023 :
1199 4981 1255 5025 et
1280 4986 1385 5027 non
1414 4973 1603 5038 invite,
1632 4973 1712 5028 vel
1740 4975 1807 5029 ad

229 5056 465 5112 favorem
495 5058 792 5124 hominum,
820 5028 917 5115 ged
943 5072 1175 5129 cantate,
1226 5063 1277 5117 id
1310 5076 1393 5120 est
1427 5081 1549 5119 cum
1595 5066 1808 5121 cantico

231 5148 493 5218 complete
512 5190 525 5211 ,
553 5150 676 5202 cum
702 5150 1043 5219 iucunditate
1065 5154 1304 5221 scilicet,
1340 5164 1396 5210 et
1425 5157 1528 5210 hoc
1560 5156 1804 5217 Domino,

232 5238 279 5292 id
302 5248 388 5294 est
430 5239 499 5294 ad
536 5240 795 5296 honorem
848 5242 1076 5298 Domini.
1123 5243 1256 5311 Quia
1309 5256 1488 5302 autem
1540 5257 1622 5302 ter
1660 5248 1809 5317 ponit

233 5342 455 5398 cantate,
494 5335 561 5387 ad
592 5334 1007 5392 inculcationem
1040 5337 1188 5403 facit,
1216 5349 1272 5392 ut
1303 5340 1422 5409 plus
1456 5344 1805 5405 exhortetur,

233 5435 340 5475 sive
397 5432 479 5476 tcr
525 5426 718 5493 repetit
763 5426 830 5479 ad
883 5427 1248 5483 estensionem
1291 5429 1593 5485 Trinitatis.
1637 5431 1715 5485 Ac
1762 5432 1807 5486 si

233 5512 373 5568 dicat
399 5533 411 5569 :
446 5514 670 5570 Caritate
694 5519 923 5573 Domino
949 5519 1129 5585 Patri,
1157 5532 1361 5577 cantate
1384 5524 1612 5579 Domino
1642 5524 1805 5592 FJio,

233 5615 431 5660 mutate
462 5606 694 5664 Domino
724 5610 982 5679 Spiritui;
1017 5623 1070 5666 et
1094 5615 1363 5669 cantando
1402 5616 1685 5672 benedicite
1712 5636 1808 5672 no-

233 5695 354 5749 mini
387 5700 532 5768 ejus,
560 5699 611 5756 id
648 5710 730 5759 est
770 5702 1058 5759 sublimate
1089 5712 1141 5760 et
1170 5704 1466 5774 gloriﬁcate
1507 5707 1671 5780 384
1705 5710 1806 5766 hoc

1909 4528 2099 4584 parum
2121 4551 2136 4577 ,
2165 4511 2261 4565 sed
2291 4510 2549 4564 terribilis
2575 4525 2733 4579 super
2759 4525 2934 4564 omnes
2969 4508 3123 4573 deos,
3154 4508 3205 4562 id
3230 4518 3313 4563 est
3344 4498 3493 4579 plus?

1910 4619 2071 4674 quam
2102 4618 2293 4657 omnes
2321 4600 2548 4671 perfecti
2584 4600 2651 4655 ab
2687 4614 2751 4655 eo
2795 4600 3103 4667 deiﬁcandi,
3130 4599 3340 4657 scilicet
3366 4616 3493 4655 cum

1910 4696 2008 4765 ipsi
2035 4702 2281 4766 potentes
2310 4694 2418 4748 sint
2443 4693 2750 4748 orationum
2777 4708 2995 4748 suarum
3023 4694 3218 4750 merito
3244 4694 3495 4748 inimicos

1908 4788 2146 4857 punire:
2188 4788 2417 4856 ideoque
2468 4786 2766 4849 terribiles,
2816 4785 2933 4855 ipse
2980 4785 3150 4843 multo
3201 4786 3374 4857 magis
3423 4786 3491 4840 ad

1910 4879 2239 4948 puniendum
2268 4889 2461 4949 potens
2491 4877 2783 4932 terribilior
2810 4885 2914 4932 est.
2944 4877 3023 4931 Ne
3054 4893 3180 4933 vero
3221 4878 3494 4932 videretur

1909 4973 2092 5028 dicere
2132 4972 2198 5026 de
2227 4969 2332 5026 diis
2361 4970 2602 5040 gentium
2623 5010 2638 5034 ,
2682 4983 2804 5039 qua:
2832 4968 3019 5038 utique
3059 4968 3176 5023 laus
3202 4983 3308 5022 non
3347 4975 3492 5020 esset

1909 5066 2157 5137 egregia,
2184 5064 2538 5118 remotionem
2567 5064 2649 5118 sic
2683 5062 2833 5118 facit.
2883 5063 3014 5119 Dico
3038 5076 3162 5117 eum
3195 5059 3492 5115 terribilem

1909 5173 2065 5223 super
2084 5171 2261 5209 omnes
2290 5154 2445 5219 deos,
2478 5169 2585 5209 non
2616 5155 2720 5209 hoc
2748 5163 2928 5209 autem
2964 5153 3086 5207 dico
3117 5151 3186 5207 de
3224 5152 3330 5207 diis
3358 5166 3493 5222 gen-

1914 5249 2076 5314 tium;
2126 5249 2375 5318 quoniam
2425 5264 2602 5303 omnes
2647 5247 2722 5300 dii
2767 5246 2996 5315 gentium
3035 5245 3299 5300 dwmonia
3344 5254 3493 5311 sunt,

1914 5341 2144 5410 ideoque
2188 5341 2409 5412 indigna
2448 5351 2593 5398 esset
2642 5336 2947 5406 hujusmodi
2989 5337 3344 5407 comparatio.
3377 5338 3492 5392 Dac-

1913 5435 2093 5489 monia
2124 5437 2322 5506 quippe
2354 5435 2496 5490 idola
2531 5433 2770 5504 gentium
2810 5432 3166 5501 ingredientia
3188 5472 3201 5494 ,
3234 5447 3492 5502 responsa

1912 5527 2145 5590 dabant,
2194 5528 2423 5596 ideoque
2467 5542 2498 5580 a
2552 5521 2802 5594 gentibus
2846 5523 3004 5594 quasi
3041 5523 3115 5579 dii
3154 5522 3490 5578 colebantur.

1872 5654 1879 5661 ς
1910 5618 2073 5675 Addit
2099 5629 2275 5675 autem
2299 5622 2364 5676 ad
2392 5618 2793 5689 aggerationem
2818 5616 3013 5683 laudis,
3041 5616 3297 5670 Dominus
3320 5624 3493 5669 autem

1913 5712 2063 5767 caelos
2088 5712 2225 5780 fecit.
2261 5713 2401 5769 Istud
2448 5724 2619 5768 autem
2653 5730 2750 5785 pro
2777 5714 2866 5768 sed
2897 5712 3134 5783 ponitur,
3166 5719 3220 5765 ct
3257 5717 3339 5767 est
3366 5724 3491 5778 aug-
