3840 6338
480 287 616 341 ΗιΠ

477 403 852 467 mentativum,
888 409 1032 474 quod
1065 408 1145 463 sic
1186 410 1477 478 adaptatur
1510 426 1523 461 :
1565 406 1680 461 Non
1727 403 2063 460 solummodo

478 496 772 575 terribilior
808 506 894 550 est.
937 500 1073 566 diis,
1131 501 1224 553 sed
1261 510 1314 553 et
1362 501 1475 569 ipse
1519 498 1777 554 Dominus
1820 496 2060 550 omnium

474 591 744 655 existens,
775 590 903 646 fecit
933 593 1075 661 ipsos
1122 593 1251 647 deos
1279 592 1474 656 caelos,
1518 593 1648 652 hoc,
1687 589 1894 643 scilicet
1919 589 2062 658 quod

474 680 595 733 εαξιί
622 690 767 742 sunt,
802 680 857 736 id
886 693 967 735 est
998 684 1049 737 in
1095 683 1384 738 sanctitate
1428 680 1701 744 sublimes,
1733 694 1797 733 eo
1826 678 2062 733 faciente

473 786 569 840 per
596 770 829 842 gratiam
860 780 1003 827 sunt.

543 862 609 915 Et
636 863 863 934 exponit
889 863 1052 919 etiam
1076 864 1346 931 quomodo
1373 861 1693 915 adhortatur
1720 859 1970 928 prarlatos
1992 859 2059 913 ad

471 953 905 1007 annuntiandum
938 952 1201 1006 mirabilia
1234 950 1349 1018 ejus
1380 951 1431 1004 in
1460 950 1702 1021 populis,
1740 951 1816 1004 sic
1848 967 1862 1002 :
1906 948 2054 1013 Dico,

474 1051 533 1094 ut
559 1044 897 1097 annuntietis
924 1041 1187 1094 mirabilia
1212 1046 1324 1112 ejus
1362 1043 1414 1094 in
1439 1041 1677 1111 populis,
1717 1050 1773 1094 et
1799 1056 1925 1095 ecce
1959 1040 2059 1094 mi-

472 1128 689 1199 rabilia,
718 1132 859 1201 quod
890 1131 943 1185 in
979 1141 1274 1200 conspectu,
1310 1132 1361 1185 id
1391 1142 1475 1186 est
1507 1132 1560 1185 in
1585 1131 1892 1201 cognitione
1916 1131 2054 1200 ejus,

473 1234 556 1277 est
592 1222 847 1291 confessio
877 1230 925 1274 et
967 1220 1300 1290 pulchritudo
1338 1231 1384 1275 et
1416 1204 1836 1290 magniﬁcentia,
1883 1220 1934 1274 id
1975 1229 2059 1275 est

473 1315 796 1369 conﬁtentes
824 1328 920 1381 per
943 1312 1373 1377 confessionem,
1417 1312 1628 1383 pulchri
1660 1312 1712 1365 in
1748 1312 2055 1366 innocentia

471 1404 665 1471 cll'eCti,
698 1414 751 1460 et
776 1407 950 1460 sancti
977 1407 1029 1459 in
1055 1406 1199 1460 omni
1232 1407 1448 1469 virtute,
1483 1406 1571 1474 qui
1604 1404 1872 1475 magniﬁci
1897 1412 2057 1460 erunt

472 1502 522 1553 in
561 1499 761 1554 futuro.
813 1498 965 1563 Quod
998 1508 1081 1553 est
1125 1499 1308 1553 dicere
1345 1516 1357 1552 :
1411 1498 1523 1552 lloc
1556 1498 1874 1552 annuntiate
1913 1500 2055 1568 quod

468 1595 568 1661 ipsi
614 1594 706 1662 qui
755 1608 851 1663 per
891 1593 1048 1648 ﬁdem
1091 1608 1212 1647 eum
1257 1592 1616 1661 conspiciant,
1655 1591 2055 1646 conﬁtebuntur

467 1692 685 1753 peccata
723 1699 840 1737 sua.
874 1683 939 1737 Et
977 1698 1098 1736 cum
1130 1682 1182 1735 in
1213 1683 1313 1735 hoc
1340 1682 1622 1736 videantur
1647 1680 1800 1747 foedi,
1830 1697 1927 1753 per
1952 1684 2055 1738 hoc

464 1784 623 1829 erunt
659 1775 710 1828 in
740 1774 1045 1829 innocentia
1075 1773 1305 1842 pulchri,
1330 1773 1451 1827 etin
1469 1774 1829 1829 omnivirtute
1849 1775 2016 1829 sancti
2034 1815 2049 1841 ,

464 1878 519 1921 et
551 1865 764 1921 tandem
788 1866 840 1920 in
872 1864 1055 1919 futuro
1078 1874 1237 1919 erunt
1270 1865 1323 1917 in
1348 1872 1550 1918 aeterna
1584 1864 1916 1920 beatitudine
1942 1880 2043 1919 ma-

464 1960 666 2029 gniﬁci.
701 1959 768 2013 Et
790 1959 906 2013 lucc
934 1956 1336 2028 magnilicentia
1362 1966 1407 2010 et
1437 1957 1784 2011 sanctimonia
1815 1964 1973 2012 erunt
1996 1960 2051 2011 in

464 2028 879 2118 sanctiﬁcatione
903 2050 1037 2119 ejus,
1071 2049 1122 2103 id
1159 2058 1242 2103 est
1274 2050 1377 2104 hoc
1404 2051 1545 2118 quod
1583 2049 1670 2103 hic
1695 2049 1866 2103 sancti
1892 2057 2051 2103 erunt

464 2158 520 2198 et
563 2144 616 2197 in
659 2143 842 2199 futuro
887 2143 1181 2213 magniﬁci,
1217 2142 1323 2197 erit
1374 2158 1439 2197 eo
1488 2140 1887 2211 magniﬁcante,
1942 2156 2046 2194 non

462 2235 627 2306 385
656 2243 879 2305 propter
934 2235 1129 2289 merita
1169 2235 1427 2304 ipsorum.
1475 2234 1513 2288 F
1520 2248 1638 2289 aeta
1668 2234 2049 2288 exhortatione

467 2331 534 2383 ad
565 2329 839 2397 praelatos,
876 2328 1023 2398 ipsas
1058 2325 1476 2399 gentesquibus
1524 2326 1871 2394 praedicaturi
1896 2332 2043 2388 sunt,

471 2420 797 2476 adhortatur
823 2418 891 2473 ad
927 2418 1335 2488 altaequendum
1363 2418 1442 2472 sic
1472 2435 1484 2471 :
1520 2417 1639 2471 Dixi
1672 2416 2045 2470 adhortatorie

463 2512 726 2581 perlatis,
757 2520 817 2566 ιιι
857 2512 1182 2565 annuutient
1208 2511 1385 2575 vobis,
1416 2525 1448 2564 ο
1485 2518 1697 2579 gentes,
1734 2508 1962 2578 gloriam
1991 2516 2045 2561 et

466 2598 736 2655 mirabilia
775 2598 1002 2655 Chrisﬁ.
1048 2598 1326 2653 Adhortor
1367 2613 1584 2667 quoque
1621 2612 1738 2661 vos,
1776 2614 1805 2651 ο
1854 2600 2063 2671 patrita

461 2693 716 2762 gentium,
748 2691 797 2745 id
822 2698 905 2745 est
932 2690 1098 2744 multa
1130 2698 1187 2745 ct
1216 2690 1432 2745 diversa
1465 2704 1630 2758 regna
1656 2690 1917 2757 gentium,
1954 2688 2043 2757 af-

462 2785 592 2852 ferte
614 2784 839 2839 Domino
863 2783 1080 2839 Christo
1101 2799 1199 2854 per
1226 2784 1667 2854 praedicationem
1694 2781 2040 2852 praelatorum

358 2924 363 2929 .
458 2876 684 2946 gloriam
715 2876 860 2941 ﬁdei,
894 2876 1102 2931 scilicet
1132 2874 1433 2947 gloriﬁcate
1466 2890 1587 2929 eum
1621 2873 1756 2937 ﬁde,
1799 2883 1847 2926 et
1876 2873 2041 2950 Itono-

459 2983 567 3020 rem
592 2965 950 3021 conlessionis
976 2966 1089 3021 oris
1123 2967 1306 3036 a/j'erte
1340 2965 1562 3019 Domino
1584 3005 1598 3029 ,
1626 2964 1835 3027 scilicet
1866 2972 1923 3017 ut
1944 2979 2040 3019 ore

459 3056 674 3111 laudem
706 3057 753 3111 ei
798 3056 1189 3110 conﬁteamini.
1230 3075 1248 3107 ι
1283 3055 1460 3110 Corde
1516 3054 1660 3108 enim
1693 3054 1775 3124 (ut
1801 3054 2036 3124 Aposto-

458 3150 543 3205 lus
579 3150 796 3220 asserit)
848 3150 1092 3205 creditur
1123 3150 1189 3204 ad
1232 3147 1519 3218 justitiam,
1554 3162 1651 3203 ore
1697 3156 1875 3202 autem
1905 3162 2036 3202 con-

459 3240 626 3297 fessio
657 3242 716 3295 ﬁt
744 3241 809 3295 ad
839 3240 1068 3296 salutem
1103 3239 1278 3312 (Rom.
1312 3255 1369 3304 χ,
1402 3238 1513 3307 10).
1560 3258 1577 3289 ι
1616 3238 1681 3291 Ει
1706 3236 1927 3307 gloriam
1955 3237 2049 3306 ars

457 3334 587 3403 ferte
610 3333 810 3387 nomini
833 3333 971 3403 ejus,
1002 3332 1142 3386 bene
1167 3331 1399 3386 vivendo
1429 3347 1441 3382 :
1471 3338 1524 3384 et
1554 3330 1598 3383 si
1631 3342 1852 3384 necesse
1874 3328 2040 3383 fuerit

454 3442 552 3481 vos
587 3442 687 3496 pro
718 3440 782 3481 eo
817 3428 981 3491 mori,
1030 3423 1217 3491 tollite,
1256 3424 1316 3477 id
1366 3431 1469 3488 est,
1503 3420 1695 3479 aﬂ‘erte
1739 3436 1837 3476 vos
1892 3421 2038 3489 ipsos

454 3517 652 3571 hostias
680 3516 810 3579 Deo,
848 3515 1131 3569 moriendo
1177 3528 1276 3583 pro
1302 3528 1366 3569 eo
1393 3513 1535 3568 sicut
1579 3512 1693 3581 ipse
1722 3524 1823 3581 pro
1859 3509 2034 3565 vobis.

454 3608 615 3662 Juxta
631 3608 775 3678 quod
798 3607 964 3662 dicit:
994 3606 1122 3673 «Qui
1149 3606 1454 3660 vultvenite
1475 3613 1593 3675 post
1610 3618 1715 3669 me,
1741 3602 1892 3657 tollat
1912 3618 2037 3657 cru-

454 3712 574 3751 cem
601 3712 754 3751 suam
786 3704 841 3750 et
883 3704 1142 3765 Sequatur
1172 3704 1273 3751 'me
1303 3695 1518 3767 (Matth.
1549 3710 1639 3749 xvi
1660 3736 1673 3759 ,
1704 3694 1819 3765 2t).
1853 3712 1871 3746 ›
1908 3695 2035 3748 Dico

457 3787 627 3842 tollite
658 3788 888 3851 hostias,
919 3798 965 3841 et
995 3789 1077 3842 sic
1117 3788 1329 3842 iutroite
1369 3789 1424 3841 in
1450 3789 1588 3841 atria
1614 3789 1767 3857 ejus;
1798 3786 2030 3848 introite,

454 3879 662 3935 scilicet
704 3879 756 3932 in
802 3878 1244 3934 conformitatem
1298 3880 1561 3933 atriorum
1594 3876 1733 3945 ejus,
1773 3876 1824 3930 id
1864 3885 1948 3930 est
1977 3875 2031 3928 in

452 3970 891 4027 conformitatem
930 3969 1333 4039 apostolorum,
1363 3984 1596 4039 quorum
1643 3970 1894 4024 doctrina
1927 3971 2032 4023 itur

455 4063 521 4116 ad
556 4062 751 4123 Deum,
787 4060 929 4116 sicut
954 4075 1049 4131 per
1076 4059 1212 4113 atria
1243 4059 1294 4112 in
1327 4061 1543 4114 domum
1577 4060 1853 4125 introitur,
1887 4059 2032 4113 ideo-

451 4172 557 4227 que
586 4155 723 4210 atria
751 4155 1028 4210 dicuntur.
1063 4153 1217 4220 Quod
1247 4160 1331 4207 est
1376 4152 1558 4207 dicere
1594 4170 1607 4206 :
1641 4150 1786 4207 Vere
1824 4152 2032 4207 debetis

452 4267 547 4305 vos
583 4250 792 4304 bestias
813 4247 1028 4311 afferre,
1058 4248 1101 4301 si
1133 4244 1469 4317 oportuerit;
1502 4260 1625 4299 nam
1659 4244 1740 4300 sic
1765 4245 2029 4315 apostolis

450 4341 757 4396 conformes
806 4340 984 4404 eritis,
1028 4337 1269 4406 alioquin
1322 4338 1450 4392 vero
1489 4351 1855 4407 nequaquam.
1891 4335 2028 4402 Quia

448 4449 581 4487 vero
628 4431 782 4486 multi
814 4430 1111 4502 hypocrita:
1151 4438 1206 4484 et
1241 4428 1484 4483 luerctici
1521 4428 1777 4483 videntur
1805 4426 2028 4481 simula-

452 4524 597 4575 tione
640 4523 695 4575 in
746 4521 1186 4576 coniormitatcm
1228 4518 1517 4581 atriorum,
1569 4516 1664 4587 qui
1708 4518 1927 4587 penitus
1959 4517 2027 4572 ab

449 4604 731 4665 Ecclesia!
758 4611 956 4665 unione
988 4610 1309 4673 discedunt,
1342 4607 1489 4662 addit
1523 4624 1535 4659 :
1590 4606 1660 4660 Et
1703 4606 2028 4661 introeundo

450 4705 503 4756 in
536 4701 696 4766 atria,
720 4700 961 4766 adorate,
992 4701 1044 4755 id
1073 4708 1160 4755 est
1189 4707 1337 4755 recte
1367 4698 1704 4753 veneramini
1738 4697 2026 4751 Dominum

448 4790 632 4845 Jesum
678 4789 977 4855 Christum,
1022 4790 1362 4860 persistendo
1393 4790 1448 4843 in
1489 4789 1627 4843 atrio
1664 4798 1845 4843 sancto
1890 4790 2024 4858 ejus,

449 4883 502 4936 id
527 4891 610 4937 est
634 4882 688 4935 in
714 4880 955 4935 vanitate
978 4882 1264 4937 charitatis
1289 4882 1699 4955 Ecclesiaa,quzc
1724 4891 1807 4938 est
1826 4882 2026 4936 atrium

448 4985 701 5030 sanctum
730 4974 867 5045 ejus.
910 4991 927 5024 ι
965 4972 1027 5027 Si
1053 4976 1197 5029 enim
1229 4977 1498 5044 (testante
1524 4974 1825 5046 Apostolo)
1857 4975 2023 5029 tradi-

450 5068 583 5121 dero
613 5081 814 5135 corpus
861 5079 1064 5127 meum,
1094 5064 1166 5117 ita
1192 5074 1251 5117 ut
1276 5066 1519 5130 ardeam,
1552 5068 1881 5122 charitatem
1922 5082 2024 5119 au-

447 5171 553 5215 tem
578 5174 683 5213 non
714 5158 963 5221 habeam,
990 5155 1125 5210 nihil
1148 5155 1277 5210 mihi
1305 5158 1524 5224 prodest
1543 5157 1595 5229 (Ι
1612 5156 1734 5212 Cor.
1761 5175 1881 5224 xm,
1907 5158 2017 5226 5).»

444 5251 660 5305 Atrium
697 5264 829 5304 sane
874 5262 1121 5318 praesens
1153 5246 1399 5302 Ecclesia
1428 5248 1627 5303 dicitttr
1656 5264 1722 5304 eo
1752 5249 1895 5319 quod
1929 5264 2023 5318 per

443 5356 564 5395 eam
592 5340 658 5394 ad
688 5339 970 5394 caelestem
1000 5337 1129 5392 Sion
1149 5337 1406 5403 intratur,
1432 5338 1574 5391 sicut
1608 5353 1706 5408 per
1738 5341 1936 5394 atrium
1969 5340 2021 5392 in

443 5434 686 5487 domum.
729 5430 857 5485 Dico
902 5440 960 5483 ut
1008 5429 1197 5499 patria:
1225 5429 1465 5498 gentium
1499 5430 1609 5484 Deo
1644 5428 1873 5485 aﬁ'erant
1913 5430 2023 5501 gloe

442 5525 580 5580 riam
612 5534 669 5579 et
701 5524 987 5577 honorem.
1014 5530 1068 5577 et
1090 5535 1195 5576 non
1227 5536 1411 5590 pauca:
1439 5521 1650 5590 patriae,
1683 5523 1776 5576 sed
1805 5531 1862 5576 ιιι
1895 5523 2020 5576 uni-

436 5614 725 5672 versaliter
764 5612 959 5678 dicam,
1012 5621 1402 5664 commoveatur
1438 5612 1506 5666 ab
1535 5625 1725 5665 errore
1756 5612 1823 5666 ad
1856 5611 2023 5681 ﬁdem

442 5708 686 5761 universa
717 5716 879 5776 terra,
909 5707 961 5763 id
997 5715 1080 5761 est
1111 5704 1499 5785 universimodi
1537 5708 1763 5761 terreni.
1798 5704 1894 5761 Vel
1924 5720 2019 5775 po-

1040 288 1096 345 S.
1124 288 1471 347 BRUNONIS
1492 284 2130 345 CARTIIUSIANORUM
2183 286 2665 344 lNSTlTUTORIS
2705 288 2852 344 OPP.
2888 291 3063 347 PARS
3092 294 3131 349 Ι.

3575 301 3684 359 ιιιι

2091 410 2137 465 Α
2168 410 2272 458 test
2298 404 2536 473 optative
2564 404 2665 473 legi
2703 423 2716 457 :
2758 405 2873 459 Dixi
2920 416 2977 460 ut
3015 411 3200 476 patria:
3243 412 3466 482 gentium
3492 414 3686 474 aﬁerant

2166 491 2277 546 Deo
2306 493 2531 560 gloriam
2564 492 2710 558 ﬁdei,
2737 503 2792 547 et
2822 495 2893 547 ita
2924 497 2997 550 sit
3027 516 3039 550 :
3077 496 3479 566 Commoveatur,
3508 505 3686 561 scilicet

2164 585 2407 638 universa
2452 595 2617 649 terra,
2662 603 2783 656 qua:
2814 592 3107 645 commotio
3135 593 3456 663 contingata
3482 597 3618 665 facie,
3643 599 3685 654 id

2162 683 2245 730 est
2281 690 2310 729 a
2340 676 2651 748 cognitione
2678 677 2800 745 ejus
2832 679 3046 735 Domini
3074 680 3299 737 Christi.
3324 684 3386 739 Et
3414 698 3687 758 postquam,

2161 780 2195 820 ο
2215 775 2427 837 gentes,
2451 778 2736 824 commota
2760 771 2935 836 eritis,
2960 782 3019 827 ut
3046 782 3099 827 et
3122 783 3351 841 postera:
3370 787 3543 847 gentes
3561 797 3683 837 com-

2162 868 2504 925 moveantur,
2548 862 2706 915 dicite
2738 863 2791 915 in
2840 866 3095 939 gentibus,
3132 866 3184 921 id
3210 875 3294 921 est
3327 872 3609 927 annuntiate
3644 876 3684 928 in

2160 947 2503 1018 plenitudine
2528 952 2765 1020 ipsarum
2794 954 3059 1022 gentium,
3114 956 3240 1024 quia
3288 957 3527 1013 Dominus
3556 962 3683 1017 Chri.

2162 1048 2248 1095 tus
2279 1042 2533 1110 regnavit,
2565 1041 2617 1095 id
2640 1052 2724 1097 est
2750 1059 2976 1114 regnum
3006 1047 3173 1100 totius
3198 1049 3379 1102 mundi
3409 1050 3501 1105 sibi
3529 1056 3682 1121 aequi.

2160 1131 2310 1195 sivit,
2340 1131 2550 1203 calcata
2578 1141 2774 1189 morte.
2817 1135 2912 1190 Vel
2939 1136 3095 1190 dicite
3116 1139 3172 1189 in
3211 1140 3460 1207 gentibus,
3485 1141 3531 1195 id
3558 1145 3685 1198 estin

2158 1222 2486 1279 inﬁdelibus.
2520 1225 2650 1281 Dico
2684 1230 2830 1297 quod
2863 1228 2963 1284 hoc
2994 1230 3208 1283 debetis
3238 1231 3435 1294 dicere,
3465 1235 3575 1303 quia
3602 1235 3687 1287 Do-

2157 1313 2329 1367 minus
2378 1316 2628 1384 regnavit,
2663 1325 2716 1371 et
2761 1317 2888 1373 inde
2920 1320 3308 1389 comprobatur
3355 1338 3470 1376 eum
3505 1338 3686 1393 regnum

2158 1406 2257 1460 sibi
2291 1406 2670 1475 acquisivisse.

2143 1496 2151 1502 ’
2229 1498 2435 1552 Etenim
2470 1501 2694 1555 correxit
2724 1502 2902 1557 orbem
2949 1512 3126 1572 terrae,
3152 1505 3208 1559 id
3238 1514 3324 1561 est
3346 1506 3683 1575 perfectionem

2158 1598 2333 1655 terrae,
2363 1590 2573 1646 scilicet
2599 1592 2719 1648 illos
2748 1608 2885 1664 quos
2913 1609 2978 1649 ex
3008 1605 3153 1650 terra
3189 1596 3316 1651 fecit
3345 1598 3537 1663 orbem,
3558 1598 3600 1652 id
3619 1610 3685 1654 est

2155 1680 2458 1748 perfectos,
2491 1696 2615 1736 cum
2650 1683 2804 1752 prius
2854 1694 3039 1740 essent
3085 1687 3305 1741 distorti
3346 1687 3397 1742 in
3427 1688 3559 1743 vitiis
3592 1704 3686 1743 cor-

2086 1756 2128 1815 Β
2158 1773 2319 1838 rexit,
2355 1773 2408 1828 id
2437 1784 2521 1829 est
2545 1784 2724 1831 rectos
2750 1775 2879 1832 fecit
2909 1779 2962 1831 in
2990 1778 3304 1835 virtutibus.
3334 1778 3433 1845 Qui
3454 1780 3584 1834 orbis
3606 1797 3688 1834 non

2153 1864 2558 1918 commovebitur
2589 1867 2815 1922 omnino
2854 1884 2886 1924 a
2924 1869 3265 1938 perfectione
3312 1886 3435 1931 sua.
3466 1881 3515 1926 et
3552 1873 3589 1926 si
3618 1889 3686 1926 sc-

2152 1955 2388 2009 cundum
2442 1958 2689 2025 quat-dam
2737 1959 2939 2015 debilia
3000 1961 3250 2016 membra
3300 1972 3682 2019 commoveatur.

2151 2046 2266 2101 Non
2298 2048 2469 2103 solum
2499 2060 2680 2104 autem
2723 2052 2920 2106 dicatis
2959 2055 3106 2123 quod
3160 2056 3410 2124 regnavit,
3441 2056 3524 2108 sed
3551 2057 3682 2108 etiam

2151 2139 2215 2192 ad
2265 2138 2368 2193 hoc
2416 2149 2473 2194 ut
2520 2142 2694 2212 magis
2741 2142 2991 2199 inﬁdeles
3041 2156 3482 2201 commoveantur
3531 2147 3678 2205 dicite.

2149 2233 2402 2301 quoniam
2453 2234 2506 2288 in
2557 2236 2661 2291 ﬁde
2684 2237 2949 2307 judicabit
2984 2238 3210 2309 populos
3243 2238 3490 2301 ﬁdelium,
3514 2247 3559 2291 et
3586 2237 3682 2290 inﬁ-

2149 2324 2347 2378 delium
2396 2325 2449 2379 in
2494 2328 2777 2395 (equitate;
2813 2328 2985 2385 bonos
3034 2330 3319 2395 salvando,
3356 2331 3513 2385 malos
3535 2340 3680 2383 autem

2140 2414 2289 2483 juste
2318 2417 2646 2473 damnando.
2676 2420 2743 2474 Et
2779 2422 2883 2476 hac
2921 2422 3367 2478 consideratione
3402 2423 3515 2493 quia
3539 2421 3672 2490 iudex

2145 2505 2270 2570 erit,
2326 2506 2572 2561 [tutentur
2618 2510 2755 2575 caeli,
2794 2511 2845 2565 id
2878 2521 2963 2567 cst
3010 2513 3224 2583 przelati
3260 2514 3349 2582 qui
3389 2513 3514 2566 alios
3564 2526 3683 2565 com-

2143 2594 2357 2663 pluunt,
2389 2606 2446 2651 ut
2475 2598 2598 2652 eteli
2624 2603 2956 2671 terram,qui
2980 2602 3513 2671 injustojudicioillo
3535 2617 3681 2655 remu-

2145 2689 2484 2761 nerabuntur
2513 2708 2526 2744 :
2563 2702 2611 2745 et
2639 2692 2866 2747 exsultet
2901 2704 3067 2761 terra,
3120 2703 3254 2749 tunc
3280 2695 3440 2749 etiam
3471 2707 3680 2748 remune-

2145 2780 2335 2833 randa.
2370 2780 2472 2845 llli,
2506 2781 2719 2837 scilicet
2744 2784 3041 2851 exsultent,
3074 2786 3172 2855 qui
3219 2785 3471 2855 compluti
3501 2795 3611 2839 sunt
3639 2793 3682 2836 et

2142 2869 2559 2933 fructiﬁcantes.
2590 2890 2618 2927 a
2665 2875 3022 2931 similitudine
3060 2887 3244 2941 terrm,
3283 2893 3405 2947 qua:
3454 2875 3681 2946 completa

2142 2960 2452 3017 fructiﬁcat.
2483 2962 2561 3018 Ne
2593 2980 2721 3020 vero
2750 2983 2916 3035 mare,
2949 2968 3002 3021 id
3035 2978 3117 3022 est
3148 2968 3381 3039 populus
3406 2969 3672 3023 amaricans

2141 3065 2195 3109 et
2220 3054 2472 3123 inﬁdelis,
2503 3057 2556 3109 in
2586 3056 2678 3111 illo
2703 3056 2851 3127 justo
2871 3056 3078 3125 judicio
3104 3069 3333 3130 prOpter
3354 3059 3679 3114 inﬁdelitatem

2145 3145 2457 3213 damnetur,
2509 3158 2901 3203 commoveatur
2924 3165 3077 3205 mare
3118 3152 3190 3206 ab
3223 3151 3542 3207 inﬁdelitatis
3562 3164 3682 3203 ama-

2142 3238 2408 3293 ricatione
2458 3240 2527 3294 ad
2574 3239 2914 3296 dulcedinem
2952 3242 3099 3309 ﬁdei,
3132 3254 3192 3299 et
3235 3260 3340 3299 non
3389 3242 3680 3298 solummodo

2140 3329 2318 3399 aliqua
2345 3330 2615 3398 particula
2658 3331 2803 3386 illius
2853 3334 3043 3397 maris,
3084 3336 3183 3389 sed
3212 3346 3260 3389 et
3292 3334 3610 3405 plenitudine,
3639 3332 3679 3385 id

2139 3433 2222 3476 est
2247 3423 2481 3477 maxima
2510 3423 2803 3480 multitudo
2832 3426 2947 3495 ejus
2975 3427 3168 3482 maris.
3208 3428 3275 3483 Et
3298 3427 3398 3501 hac
3424 3427 3677 3481 securitate

2141 3514 2229 3567 hic
2258 3513 2509 3567 Ia’tantur
2538 3529 2726 3570 omnes
2752 3515 2867 3569 caeli
2898 3525 2945 3569 et
2974 3525 3136 3582 terra,
3162 3518 3421 3588 quoniam
3451 3517 3500 3571 in
3528 3517 3678 3569 futuro

2137 3604 2433 3674 gaudebunt
2462 3607 2666 3674 campi,
2710 3616 2757 3659 et
2802 3608 2979 3661 omnia
3024 3624 3142 3678 quae
3186 3611 3242 3662 in
3266 3611 3339 3662 eis
3389 3617 3523 3671 sunt,
3550 3607 3593 3659 id
3613 3613 3679 3658 cst

2139 3694 2450 3765 gaudebunt
2470 3695 2694 3764 perfecti
2728 3712 2790 3750 ex
2816 3696 3017 3752 Iudaeis
3040 3699 3107 3752 de
3139 3699 3244 3753 hoc
3272 3699 3411 3769 quod
3436 3697 3516 3752 hic
3536 3694 3678 3762 campi

2136 3794 2319 3850 erunt,
2344 3786 2396 3839 id
2418 3794 2502 3840 est
2536 3786 2666 3840 culti
2701 3786 2753 3839 in
2786 3785 2891 3842 fide
2936 3788 3001 3841 ad
3036 3789 3256 3843 modum
3286 3802 3601 3857 camporum,
3635 3791 3674 3835 ct

2137 3877 2313 3929 omnia
2339 3893 2456 3948 quae
2483 3877 2538 3929 in
2602 3878 2678 3931 eis
2726 3887 2847 3931 sunt
2900 3879 3222 3949 gaudebunt,
3279 3880 3332 3934 id
3392 3890 3472 3934 est
3520 3888 3676 3932 omnes

2134 3967 2301 4039 386
2336 3969 2565 4024 virtutes
2589 3984 2709 4038 quae
2752 3971 2805 4024 in
2858 3970 2940 4026 eis
2978 3980 3141 4026 erunt
3201 3972 3313 4032 hic.
3347 3986 3514 4027 causa:
3540 3975 3676 4023 erunt

2135 4074 2305 4129 quare
2336 4061 2389 4115 in
2424 4059 2606 4115 futuro
2638 4062 2971 4131 gaudebunt.

2204 4152 2320 4209 Non
2348 4153 2522 4209 solum
2550 4161 2730 4208 autem
2755 4154 2939 4209 ﬁdeles
2962 4170 3026 4209 ex
3050 4153 3252 4211 Judmis
3272 4155 3573 4226 gaudebunt,
3598 4150 3672 4219 qui

2133 4250 2277 4297 recte
2306 4244 2477 4313 campi
2502 4243 2784 4311 dicuntur;
2818 4245 2912 4300 sed
2934 4237 3129 4300 ettitnc
3157 4248 3375 4315 quando
3396 4246 3554 4315 campi
3571 4258 3675 4313 gata

2110 4335 2351 4400 “debunt,
2393 4337 2691 4405 gaudebunt
2733 4351 2948 4407 quoque
3007 4338 3207 4405 omnia,
3278 4338 3329 4392 id
3374 4347 3454 4393 est
3498 4335 3670 4390 omnis-

2058 4445 2104 4504 D
2134 4424 2277 4478 modi
2314 4425 2458 4495 ligna
2486 4424 2738 4480 silvarum
2762 4467 2776 4493 ,
2814 4427 2867 4481 id
2897 4437 2976 4482 est
3024 4429 3277 4499 gentiles,
3308 4429 3397 4498 qui
3429 4427 3566 4498 prius
3601 4424 3665 4477 ia-

2132 4519 2403 4575 cultibiles
2432 4521 2729 4577 existentes
2760 4530 2816 4578 et
2838 4533 3108 4591 agrestes,
3141 4527 3229 4579 ut’
3252 4524 3396 4595 ligna
3428 4522 3670 4581 silvarum,

2133 4611 2262 4665 ﬁent
2306 4611 2581 4668 cultibiles
2628 4612 2717 4668 hic
2746 4627 2844 4683 per
2876 4613 3059 4681 ﬁdem,
3117 4623 3172 4670 et
3212 4615 3447 4669 fructum
3494 4612 3670 4666 dulcem

2129 4703 2395 4758 bonorum
2446 4719 2672 4773 operum
2730 4705 3092 4775 proferentes.
3150 4708 3220 4764 Et
3264 4710 3380 4764 haec
3419 4703 3671 4761 exsultatio

2129 4795 2408 4866 continget
2429 4811 2461 4849 a
2483 4795 2639 4865 facie,
2666 4797 2720 4851 id
2745 4807 2831 4852 est
2853 4813 2882 4851 a
2910 4799 3218 4869 cognitione
3241 4799 3472 4864 Domini,
3497 4795 3670 4851 scilicet

2129 4886 2251 4940 ideo
2278 4887 2596 4957 gaudebunt,
2624 4888 2751 4958 quia
2795 4890 2883 4945 hic
2921 4891 3087 4945 Deum
3120 4907 3216 4963 per
3246 4892 3404 4947 ﬁdem
3431 4901 3482 4945 et
3502 4889 3667 4943 bonam

2127 4977 2498 5046 operationem
2530 4991 2877 5049 cognoscent.
2896 4981 2960 5036 Et
2976 4981 3096 5037 ideo
3117 4997 3332 5053 quoque
3350 4977 3665 5036 exsultabant.

2126 5071 2250 5139 quia
2276 5071 2450 5135 venit,
2492 5070 2546 5124 id
2600 5079 2684 5126 est
2710 5072 2929 5138 veniet;
2964 5056 3151 5139 veniel,
3186 5074 3424 5144 inquam,
3456 5069 3666 5141 judicare

2126 5171 2343 5228 terram,
2376 5162 2428 5216 id
2457 5172 2540 5218 est
2569 5171 2814 5219 terrenos
2838 5181 3050 5231 omnes,
3081 5175 3189 5221 tam
3215 5166 3399 5221 ﬁdeles
3426 5176 3571 5234 quam
3599 5160 3665 5211 in-

2126 5250 2331 5307 ﬁdeles.
2365 5252 2601 5321 Exponit
2642 5264 2823 5308 autem
2872 5255 2977 5310 hoc
3019 5269 3117 5325 per
3164 5263 3370 5325 partes,
3400 5253 3516 5305 sic:
3556 5246 3662 5302 Dico

2124 5346 2267 5413 quod
2294 5345 2480 5399 veniet
2515 5345 2762 5413 judicare
2801 5356 3018 5400 terram.
3062 5346 3327 5400 Judicabit
3355 5344 3490 5397 enim
3514 5339 3659 5391 orbem

2125 5446 2298 5499 τεῖναι,
2329 5436 2381 5491 id
2409 5446 2494 5492 est
2522 5437 2641 5494 illos
2666 5437 2755 5507 qui
2781 5454 2848 5491 ex
2878 5447 3023 5493 terra
3054 5437 3185 5492 ﬁent
3204 5434 3421 5507 perfecti
3449 5434 3495 5485 in
3520 5425 3657 5495 agni-

2124 5536 2247 5585 tate.
2286 5526 2339 5579 id
2371 5535 2453 5580 est
2500 5526 2646 5596 juste
2671 5528 3026 5584 retribuendo
3067 5529 3148 5584 eis
3173 5537 3428 5583 attentam
3456 5519 3657 5577 beatituo

2124 5618 2303 5672 dinem
2331 5632 2346 5671 :
2383 5628 2431 5672 et
2475 5619 2740 5689 judicavit
2776 5620 2997 5691 populos
3024 5620 3266 5676 inﬁdeles
3292 5620 3349 5672 in
3378 5615 3586 5671 veritate,
3615 5606 3656 5659 id

2124 5720 2207 5764 est
2242 5710 2293 5792 in
2328 5724 2457 5767 vero
2481 5711 2711 5783 judicio,
2741 5712 3052 5769 damnando
3079 5727 3173 5770 cos
3205 5711 3394 5768 merito
3438 5701 3635 5771 iniquita

2064 3103 2108 3164 C
