3840 6338
105 308 218 366 III)

102 427 160 479 tis
188 432 384 477 eorum.
425 416 531 472 Hoc
563 423 740 470 autem
776 413 898 468 ideo
936 413 1091 480 dicit,
1123 423 1181 469 ut
1229 431 1324 484 per
1364 418 1466 473 hoc
1496 418 1637 484 illos,
1673 428 1718 481 Α

104 516 176 587 qui
196 510 291 567 iam
319 511 438 565 boni
469 516 615 574 sunt,
646 506 711 561 ad
736 506 930 561 melius
957 517 1289 575 promoveat,
1321 509 1494 563 malos
1518 513 1648 564 vero

106 608 397 666 deterrendo
426 607 491 659 ad
518 604 702 667 fidem,
733 611 790 657 et
821 601 887 657 ad
916 604 1242 667 cantandum
1280 620 1476 659 novum
1513 621 1641 660 ean-

106 702 245 754 ticum
271 696 522 751 attrahat.
547 692 642 747 Vel
666 710 697 745 a
720 691 880 761 facie,
906 692 955 746 id
976 662 1066 747 e'st
1084 709 1114 747 a
1141 696 1427 763 prmsentia
1461 696 1642 749 Domi-

106 791 147 843 ni
185 802 330 857 quem
359 786 635 847 videbunt,
666 782 791 852 quia
820 783 974 845 venit,
1028 783 1081 837 id
1125 791 1212 838 est
1258 785 1439 839 veniet
1476 787 1653 839 mani-

107 884 265 946 festus,
287 878 424 933 etde
464 876 580 945 ejus
605 877 835 931 adventu
862 876 1203 946 gaudebunt.
1229 875 1385 931 Unde
1419 876 1647 948 legitur:

111 996 126 1026 ι
153 973 285 1028 Tunc
312 970 571 1024 videbunt
600 965 795 1022 Filium
821 968 1055 1023 hominis
1079 968 1383 1024 venientem
1409 970 1461 1022 in
1486 969 1649 1037 nube,

106 1079 203 1117 cum
241 1069 501 1131 potestate
555 1074 746 1128 magna
770 1066 825 1113 et
852 1058 1133 1127 majestate
1155 1056 1307 1127 (Luc.
1335 1074 1454 1123 XXI,
1498 1058 1647 1129 27).»

108 1156 158 1207 Et
186 1168 294 1207 eum
326 1153 389 1205 de
420 1151 589 1219 ipsius
616 1150 854 1204 adventu
889 1148 1206 1219 simpliciter
1236 1148 1391 1204 valde
1427 1158 1653 1220 possent

108 1243 327 1314 gaudere,
361 1242 535 1297 multo
565 1242 736 1313 magis
766 1241 833 1296 de
877 1241 983 1296 hoc
1020 1240 1345 1311 gaudebunt,
1405 1244 1654 1313 quoniam

108 1335 213 1389 eruit
251 1334 519 1404 judicare,
561 1332 615 1388 id
653 1340 738 1387 est
779 1333 1036 1402 quoniam
1090 1332 1159 1386 ad
1206 1331 1308 1386 hoc
1356 1332 1557 1396 veniet,
1597 1341 1658 1386 ut

108 1443 261 1482 omnes
286 1425 538 1481 homines
567 1424 796 1492 judicet.

435 1530 443 1537 ’
529 1514 594 1569 IN
634 1512 967 1569 PSALMUM
1011 1512 1190 1567 XCVI.

158 1608 349 1664 Titulus
382 1606 727 1678 nonagesimi
757 1606 918 1662 sexti.
951 1605 1201 1660 Psalmus
1222 1606 1419 1671 David,
1447 1606 1658 1676 quando

107 1712 216 1754 terra
243 1700 350 1771 ejus
381 1700 626 1753 restituta
649 1707 747 1752 est.
778 1696 932 1763 Quod
967 1698 1046 1752 sic
1070 1698 1380 1767 exponitur.
1410 1696 1659 1751 Psalmus

109 1794 190 1849 iste
209 1767 285 1848 est
314 1791 485 1847 David
520 1789 743 1857 Christi,
775 1789 1075 1859 completus
1121 1792 1333 1859 quando
1364 1800 1503 1844 terra
1544 1793 1658 1861 ejus
1693 1767 1733 1823 Β

108 1888 309 1939 restituta
332 1883 654 1949 est,scilicet
678 1882 961 1954 prophetia
986 1882 1145 1951 hujus
1168 1882 1363 1950 psalmi
1390 1882 1661 1952 completa

109 1976 186 2030 fuit
210 1978 257 2030 iu
279 1976 522 2042 Christo,
548 1990 678 2030 vero
709 1973 896 2039 David,
930 1974 1140 2042 quando
1183 1984 1323 2029 terra
1354 1973 1468 2043 ejus
1508 1974 1663 2027 resti-

110 2082 195 2122 tuta
213 2078 300 2134 est,
330 2069 382 2123 id
415 2077 503 2124 est
528 2067 748 2137 quando
784 2067 1083 2121 humanum
1114 2080 1305 2137 genus,
1335 2065 1478 2134 quod
1506 2066 1662 2134 prius

110 2163 309 2215 existens
337 2171 493 2213 terra
516 2160 655 2229 ejus,
690 2157 742 2213 id
779 2166 881 2223 est,
914 2173 1137 2228 regnum
1166 2166 1219 2211 et
1247 2156 1519 2226 possessio
1547 2154 1663 2224 ejus

110 2253 309 2306 ablatum
349 2251 458 2305 fuit
485 2265 516 2304 a
557 2250 820 2321 regimine
853 2249 991 2319 ejus,
1017 2264 1115 2319 per
1143 2248 1645 2318 praevaricationem

109 2344 243 2409 Adae,
274 2334 592 2399 restitutum
627 2342 728 2396 fuit
752 2342 830 2407 ei,
876 2350 935 2395 ut
967 2341 1161 2399 iterum
1191 2342 1415 2396 cederet
1438 2342 1490 2394 in
1522 2340 1663 2409 regi-

111 2457 207 2495 men
242 2440 352 2508 ejus
402 2456 503 2511 per
548 2440 748 2504 fidem;
798 2439 942 2508 quod
989 2438 1242 2508 equidem
1279 2437 1509 2507 contigit
1567 2450 1664 2506 per

112 2533 447 2587 obedientiam
466 2532 658 2586 mortis
673 2531 813 2600 ejus.
836 2529 967 2599 Qua:
992 2530 1266 2585 restitutio
1285 2530 1433 2601 regni
1456 2528 1660 2583 Christi

113 2623 422 2694 praeﬁgurata
455 2632 539 2677 est
570 2623 622 2676 in
650 2622 817 2676 David
846 2621 1131 2690 propheta,
1155 2620 1243 2674 cui
1270 2620 1411 2674 Deus
1440 2634 1662 2689 regnum

113 2717 165 2770 ab
190 2717 417 2772 inimicis
452 2713 687 2769 ablatum
716 2713 975 2776 restituit,
1011 2711 1245 2765 inimicis
1266 2709 1382 2779 ejus
1412 2710 1667 2765 omnibus

114 2810 325 2865 devictis.
361 2804 583 2863 Dicitur
618 2815 800 2860 autem
854 2804 1097 2875 psalmus
1147 2804 1249 2857 iste
1280 2818 1401 2857 esse
1436 2802 1664 2867 Christi,

117 2917 195 2953 non
222 2904 354 2971 quod
391 2901 485 2955 hic
517 2898 768 2954 Christus
796 2897 1068 2965 loquatur,
1100 2895 1195 2950 sed
1236 2894 1363 2964 quia
1393 2893 1666 2962 Propheta

116 2995 154 3047 in
182 2996 269 3050 hoc
298 2994 515 3064 psalmo
544 3006 709 3060 agens
740 2988 807 3043 de
844 2988 1087 3053 Christo,
1121 2987 1364 3041 ostendit
1395 2985 1668 3055 quomodo

115 3087 192 3140 sibi
215 3102 441 3158 regnum
489 3086 543 3139 in
584 3084 839 3154 gentibus
878 3081 1172 3150 acquisivit
1201 3095 1299 3151 per
1326 3078 1586 3154 miracula
1614 3087 1668 3133 et

116 3176 386 3232 doctrinam
419 3175 814 3245 apostolorum.
854 3172 924 3226 Et
958 3176 1060 3226 hoc
1088 3186 1149 3226 ea
1181 3170 1482 3225 intentione
1512 3169 1667 3235 facit,

115 3270 449 3324 utoccasione
474 3264 835 3335 benignitatis
856 3262 972 3331 ejus
998 3277 1162 3332 quatn
1186 3260 1445 3324 ostendit,
1471 3259 1669 3313 adhor-

119 3371 235 3416 tetur
266 3354 386 3429 eas,
446 3368 508 3414 ut
560 3357 761 3413 malum
810 3356 1018 3421 odiant,
1054 3363 1109 3409 et
1161 3354 1359 3409 bonum
1413 3351 1670 3421 diligant,

117 3455 525 3527 quandoquidem
550 3444 783 3525 regnum
811 3451 927 3521 ejus
949 3458 1094 3505 sunt.
1120 3449 1187 3503 Et
1212 3448 1504 3503 notandum
1531 3447 1674 3515 quod

116 3563 239 3602 more
286 3545 615 3618 prophetico
664 3545 807 3614 quod
852 3543 1030 3597 adhuc
1070 3540 1311 3593 futurum
1347 3547 1462 3605 est,
1516 3538 1671 3609 quasi

119 3644 425 3708 prcleritum
459 3639 734 3703 enuntiat,
764 3653 831 3692 ex
874 3636 1201 3692 certitudine
1234 3635 1422 3689 nimia.

170 3734 418 3809 Dominus
465 3732 718 3789 Christus
760 3732 1016 3801 regnavit,
1048 3730 1100 3783 id
1131 3739 1214 3783 est
1250 3744 1471 3798 regnum
1512 3728 1676 3782 totius

118 3827 273 3878 mundi
301 3825 407 3879 sibi
441 3824 714 3893 acquiret,
755 3822 971 3877 calcata
1008 3830 1203 3882 morte,
1236 3828 1289 3873 et
1320 3820 1534 3873 diabolo
1581 3819 1676 3871 de-

116 3916 254 3983 victo,
280 3919 514 3985 ideoque
577 3915 799 3969 exsultet
836 3926 996 3978 terra,
1044 3915 1098 3969 id
1137 3924 1219 3967 est
1268 3914 1516 3968 homines
1542 3929 1675 3982 gau-

116 4007 272 4076 deant,
297 4009 414 4079 jam
441 4007 571 4062 facti
600 4018 745 4061 terra
775 4007 893 4076 ejus
935 4004 1240 4060 fructifera.
1274 4004 1410 4070 Quia
1437 4020 1570 4059 vero
1597 4004 1677 4059 di-

117 4110 249 4154 xerat
274 4098 702 4157 indeterminate
732 4106 894 4162 terra,
928 4096 1255 4151 determinat
1280 4095 1401 4160 hoc,
1433 4110 1557 4150 cum
1584 4095 1678 4149 ad-

119 4189 179 4242 dit
205 4209 217 4244 :
246 4190 515 4245 Lretentur
546 4187 736 4243 insula:
768 4187 970 4256 multra,
1000 4187 1051 4241 id
1078 4195 1161 4242 est
1185 4187 1332 4241 illam
1363 4194 1567 4239 terram
1598 4186 1680 4240 di-

118 4296 170 4335 eo
189 4281 372 4345 laetari,
416 4296 539 4350 quae
568 4290 653 4334 est
677 4280 956 4349 ιιιιιΙιίρΙρν(
984 4280 1187 4334 insula.
1222 4280 1355 4333 Cum
1382 4280 1513 4334 dicit
1542 4276 1679 4331 ntul-

119 4385 189 4439 ta,
216 4376 390 4429 innuit
421 4389 480 4429 se
518 4375 621 4428 hoc
652 4372 785 4427 velle
819 4374 886 4426 de
916 4371 1100 4427 multis
1140 4372 1397 4428 Ecclesiis
1429 4371 1674 4443 gentium

1036 297 1401 357 EXPOSITIO
1438 300 1505 356 IN
1543 301 1883 360 PSALMOS.
1917 336 1987 344 —
2023 300 2225 360 I’SAIH~
2258 307 2438 363 XCVI.

3185 318 3327 375 “50

1751 420 1911 489 ligine
1940 422 2089 477 fuere
2112 424 2322 493 repleti,
2354 426 2577 479 multum
2610 429 2676 482 ad
2707 431 2853 498 regni
2882 432 3323 489 entistitutionem

1752 513 1985 566 attinuit.
2017 511 2074 568 Si
2107 515 2253 567 enim
2284 516 2501 585 penitus
2530 518 2745 572 arcanis
2779 520 3004 576 interius
3047 524 3329 593 sapientia:

1753 614 2024 669 carerent,
2062 605 2189 674 quid
2217 607 2619 676 praedicandum
2654 621 2816 673 esset,
2848 619 2898 664 et
2931 613 3058 681 quid
3090 630 3218 676 non,
3246 615 3330 670 di-

1753 711 2005 751 scernere
2032 698 2325 752 nescirent.
2358 699 2423 752 Et
2456 700 2562 754 illa:
2584 700 2744 753 nubes
2756 702 2969 769 justitia
2985 714 3028 756 et
3041 706 3327 773 judicium,

1754 787 1805 841 id
1842 787 2070 855 estjusti
2112 790 2163 843 in
2193 791 2325 851 vita,
2354 800 2409 846 et
2433 791 2646 861 judices
2683 791 2827 848 illius
2865 795 3038 864 regni,
3067 796 3331 852 habentes

1757 882 1971 936 scilicet
2010 881 2243 935 ollicium
2293 884 2594 938 instruendi
2639 885 2935 953 subjectos,
2988 895 3040 940 et
3080 891 3332 942 correctio

1754 976 1889 1030 sedis
1919 976 2054 1045 ejus,
2085 976 2135 1029 id
2164 984 2247 1030 est
2276 977 2617 1031 correctione
2640 993 2737 1031 sua
2768 978 3033 1034 facientes
3057 978 3198 1044 illos,
3240 980 3332 1048 qui

1754 1083 1852 1137 per
1885 1068 2258 1123 infidelitatem
2290 1076 2449 1123 erant
2482 1069 2721 1135 distorti,
2765 1070 2948 1124 sedem
2987 1070 3124 1139 ejus,
3164 1070 3217 1125 id
3252 1080 3335 1124 est

1758 1159 1893 1215 tales
1921 1159 1975 1213 in
2003 1159 2199 1228 quibus
2229 1159 2486 1214 Dominus
2517 1160 2835 1230 spiritaliter
2863 1162 3069 1216 sedeat.
3102 1163 3193 1217 Vel
3221 1180 3337 1217 cor-

1756 1250 1936 1311 rectio,
1968 1249 2020 1304 id
2045 1258 2127 1303 est
2147 1260 2508 1314 correctores,
2534 1250 2742 1304 scilicet
2764 1252 2807 1305 si
2842 1252 2893 1305 in
2928 1251 3107 1322 aliquo
3135 1254 3336 1308 distor-

1756 1351 1992 1411 quentur
2020 1341 2287 1405 subditos,
2327 1341 2417 1410 qui
2444 1338 2557 1408 jam
2598 1340 2753 1396 sedes
2787 1341 2995 1396 Domini
3026 1352 3171 1396 sunt.
3199 1342 3335 1397 Cum

1758 1447 1852 1487 eos
1885 1431 2055 1486 nubes
2091 1429 2426 1499 etjudicium
2466 1432 2620 1498 dicit,
2662 1432 2902 1487 oflicium
2938 1433 3338 1504 praedicationis

1760 1523 1963 1578 habere
1982 1524 2254 1589 ostendit;
2279 1538 2401 1577 cum
2425 1538 2555 1578 vero
2575 1522 2857 1593 caliginem
2881 1533 2937 1578 et
2955 1524 3222 1595 justitiam
3243 1538 3339 1577 vo-

1761 1625 1867 1679 cat,
1900 1614 1967 1668 ad
2014 1614 2254 1668 cilicium
2293 1614 2395 1667 hoc
2431 1628 2524 1668 ens
2572 1616 2794 1669 idoneos
2837 1630 2957 1669 esse
3002 1615 3338 1685 comprobat.

1761 1704 2027 1760 Caeterum
2046 1720 2167 1759 cum
2184 1703 2401 1758 eosdem
2422 1703 2617 1759 asserit
2634 1718 2755 1758 esse
2779 1707 3167 1760 correctionem
3183 1704 3342 1773 hujus

1765 1795 1986 1866 negotii,
2010 1797 2063 1849 in
2094 1796 2173 1850 eis
2203 1809 2324 1849 esse
2352 1794 2690 1849 demonstrat
2721 1795 3115 1865 operationem.
3149 1796 3217 1850 Et
3240 1797 3343 1850 hoc

1764 1888 1904 1955 quod
1933 1887 2272 1941 correctione
2298 1901 2395 1941 sua
2437 1884 2555 1954 ejus
2592 1886 2775 1940 sedem
2806 1887 3208 1955 praeparabunt,
3236 1901 3343 1941 non

1764 1994 1827 2033 ex
1858 1978 1988 2047 ipsis
2011 1977 2246 2033 nubibus
2279 1978 2403 2043 erit,
2438 1977 2533 2031 sed
2571 1977 2696 2031 inde
2738 1977 2839 2032 hoc
2866 1979 3160 2045 continget,
3200 1977 3344 2046 quod

1764 2070 1921 2139 ignis,
1964 2068 2019 2122 id
2059 2078 2142 2123 est
2182 2067 2363 2123 fervor
2407 2077 2462 2122 et
2519 2068 2845 2122 illuminatio
2885 2068 3344 2139 Spiritussancti

1764 2160 2031 2228 pra’cedit,
2060 2158 2111 2212 id
2133 2168 2216 2212 est
2238 2158 2503 2227 praecedet
2526 2159 2578 2211 in
2610 2159 2863 2228 gentibus
2885 2169 3005 2212 ante
3028 2161 3197 2229 ipsum
3220 2169 3348 2212 ante

1766 2250 2060 2303 sessionem
2104 2249 2220 2319 ejus
2261 2247 2473 2302 Domini
2516 2247 2739 2303 Christi.
2775 2247 2929 2314 Quod
2979 2259 3063 2304 est
3105 2250 3287 2304 dicere
3330 2267 3343 2302 :

1768 2340 1869 2394 Per
1912 2339 2013 2392 hoc
2045 2336 2161 2405 ejus
2195 2339 2351 2393 sedes
2378 2338 2704 2403 efficientur,
2738 2339 2865 2407 quia
2897 2339 3070 2392 sancti
3111 2338 3348 2407 Spiritus

1768 2430 1940 2501 gratia
1965 2430 2114 2498 prius
2140 2431 2191 2484 in
2225 2431 2305 2485 eis
2335 2432 2616 2495 adveniet;
2646 2440 2692 2483 et
2721 2431 2860 2501 ignis
2889 2430 2976 2485 ille
2998 2431 3347 2499 inﬂamntabit

1767 2522 2007 2575 inimicos
2028 2523 2163 2593 ejus,
2201 2522 2254 2575 id
2283 2531 2364 2577 est
2408 2522 2637 2576 interius
2665 2506 2923 2575 accendet
2953 2519 3171 2574 ﬂamma
3223 2520 3350 2575 ﬁdei

1771 2617 1917 2685 ipsas
1959 2624 2149 2685 gentes
2194 2614 2444 2669 inimicas
2489 2628 2586 2684 per
2635 2612 3034 2679 inﬁdelitatem,
3089 2621 3147 2667 ut
3189 2612 3355 2667 faciat

1769 2709 1974 2781 qutiens
2003 2724 2100 2777 per
2132 2706 2312 2761 fidem.

1841 2799 1946 2855 Per
1978 2800 2082 2853 hoc
2110 2810 2292 2852 autem
2328 2798 2378 2851 in
2402 2812 2496 2852 cas
2518 2798 2658 2867 ignis
2685 2798 2955 2860 adveniet,
2981 2798 3125 2865 quod
3150 2796 3355 2849 alluxe-

1772 2904 1891 2947 runt
1907 2894 2119 2963 fulgura
2136 2893 2251 2963 ejus
2276 2894 2387 2946 orbi
2413 2904 2589 2955 terrae.
2618 2893 2668 2947 id
2690 2900 2774 2947 est
2800 2892 3221 2962 resplendebunt
3239 2906 3355 2946 om-

1773 2986 1932 3040 nibus
1960 2985 2211 3055 gentibus
2259 2984 2631 3039 habitantibus
2660 2985 2848 3039 orbem
2894 2995 3052 3038 terra:
3089 2983 3375 3057 miracula,

1774 3079 1919 3148 ejus,
1948 3093 2068 3147 qua:
2111 3093 2208 3145 per
2244 3076 2520 3146 apostolos
2555 3078 2890 3148 operabitur,
2939 3079 3081 3132 dicta
3114 3076 3349 3146 fulgura,

1776 3189 1841 3228 co
1868 3172 2008 3241 quod
2035 3172 2280 3226 videntes
2304 3187 2363 3225 se
2392 3171 2652 3225 attonitos
2674 3181 2729 3225 et
2755 3170 2997 3241 stupidos
3036 3169 3255 3233 faciant,
3288 3170 3355 3223 ad

1778 3265 2186 3320 similitudinem
2230 3263 2524 3333 fulgurum,
2578 3261 2763 3317 oculos
2795 3262 3073 3316 hominum
3120 3276 3217 3314 suo
3248 3259 3353 3312 l'nl-

1778 3368 1908 3423 gore
1939 3353 2298 3422 tangentium.
2329 3352 2395 3405 Et
2426 3350 2513 3403 illa
2547 3350 2756 3421 fulgura
2785 3350 2910 3404 vidit
2948 3361 3111 3413 terra,
3139 3358 3184 3402 et
3216 3363 3356 3400 rom-

1778 3455 1919 3496 mota
1958 3452 2055 3505 est,
2100 3442 2150 3495 id
2194 3451 2278 3497 est
2311 3440 2400 3495 illa
2439 3441 2698 3494 miracula
2747 3440 3002 3494 videbunt
3033 3439 3250 3499 terreni,
3302 3446 3359 3491 et

1780 3535 2100 3589 adveniente
2126 3534 2178 3587 in
2201 3548 2293 3588 eos
2315 3532 2438 3603 igne
2460 3532 2645 3601 gratiae
2667 3530 2916 3600 specialis
2939 3530 3359 3584 commovebun-

1781 3640 1868 3683 tur
1907 3643 1935 3681 a
1978 3627 2297 3681 terrenitate
2345 3625 2412 3679 ad
2458 3622 2872 3694 Specialitatem.
2915 3620 3011 3677 Vel
3052 3620 3131 3675 sic
3161 3617 3193 3673 ε’
3231 3619 3361 3674 Dico

1779 3719 1921 3788 quod
1952 3718 2110 3772 nubes
2131 3725 2288 3771 erunt
2314 3715 2565 3769 correctio
2597 3714 2734 3767 sedis
2769 3713 3003 3777 Domini,
3036 3722 3157 3766 ante
3185 3712 3356 3782 ipsum

1781 3810 2066 3866 Dominum
2100 3817 2302 3870 tamen,
2344 3806 2396 3859 id
2427 3814 2511 3860 est
2545 3815 2672 3859 ante
2705 3804 3004 3858 sessionem
3034 3802 3152 3873 ejus
3178 3802 3367 3863 antea,

1781 3904 1990 3960 scilicet
2018 3916 2178 3970 quam
2209 3900 2261 3952 in
2296 3898 2377 3951 eis
2404 3897 2622 3952 sedibus
2655 3896 2813 3951 factis
2832 3895 3036 3961 sedeat,
3065 3896 3201 3965 ignis
3224 3908 3364 3963 prte-

1782 3997 1945 4061 cedet,
1976 3994 2026 4047 id
2053 4001 2136 4047 est
2163 3990 2348 4045 fervor
2383 3990 2476 4044 ira:
2497 3990 2677 4044 veniet
2702 3989 2756 4043 in
2790 3989 2936 4058 ipsas
2961 3997 3171 4055 gentes,
3203 3994 3250 4037 ct
3280 3985 3364 4036 in-

1782 4087 2099 4157 flammabit,
2152 4083 2205 4138 id
2256 4091 2340 4137 est.
2386 4082 2618 4135 interius
2654 4079 2914 4135 accendet
2958 4076 3207 4141 inimicos
3248 4071 3365 4138 ejus

1781 4178 2029 4248 gentiles.
2055 4174 2483 4244 Indignabuntur
2510 4173 2656 4227 enim
2684 4171 2750 4225 de
2782 4184 2971 4223 eorum
2995 4167 3361 4222 correctione.

1783 4271 1849 4324 Et
1874 4270 1964 4324 hic
1991 4270 2129 4339 ignis
2164 4285 2271 4323 non
2309 4266 2416 4320 erit
2456 4264 2507 4317 in
2548 4262 2733 4333 paucis
2760 4260 3017 4322 inimicis,
3048 4258 3141 4312 sed
3171 4259 3225 4309 in
3257 4256 3364 4309 cir-

1784 4363 1927 4414 cuitu
1959 4361 2097 4430 ejus,
2131 4358 2182 4411 id
2218 4366 2301 4411 est
2340 4357 2393 4410 in
2435 4353 2689 4409 omnibus
2727 4349 3138 4405 demorantibus
3174 4347 3229 4399 in
3265 4346 3369 4397 cir-

122 4466 301 4533 tliccre,
334 4483 459 4537 qua}
490 4466 673 4521 multa}
714 4474 860 4528 sunt,
910 4476 1175 4534 quantum
1216 4467 1285 4521 ad
1334 4440 1679 4521 djvérsitates
1712 4457 1758 4516 D
1786 4451 1928 4505 οιιὶιιι
1956 4452 2090 4519 ejus,
2121 4449 2173 4502 Μ
2203 4457 2287 4502 CSI.
2341 4446 2768 4512 circumquaque
2812 4440 3021 4537 ubique
3069 4447 3364 4537 terrarum.

122 4554 428 4630 linguarum,
457 4574 561 4612 una
588 4572 719 4613 vero
750 4567 1011 4626 quantum
1044 4558 1113 4612 ad
1149 4558 1334 4613 fidem.
1362 4558 1492 4624 Qua:
1516 4557 1681 4611 etiam

124 4650 290 4705 insula:
328 4665 570 4721 congrue
610 4650 884 4713 dicuntur,
915 4650 1040 4718 quia
1070 4667 1099 4704 a
1132 4650 1573 4705 tribulationibus
1604 4651 1686 4703 in-

126 4742 272 4797 terius
296 4751 351 4796 et
378 4744 620 4796 exterius
653 4741 1074 4809 insurgentibus,
1109 4743 1347 4812 demergi
1386 4748 1681 4811 nequeunt,

123 4833 178 4884 ad
221 4833 627 4888 similitudinem
655 4834 976 4896 insularum,
1025 4850 1145 4902 qua:
1197 4848 1226 4887 a
1265 4834 1687 4902 circumquaque

126 4920 437 4980 instantibus
467 4924 724 4980 ﬂuctibus
751 4941 856 4979 non
888 4925 1209 4979 obruuntur.
1259 4925 1390 4981 Dico
1414 4926 1557 4996 quod
1585 4925 1686 4981 sibi

127 5027 330 5084 regnum
382 5018 649 5096 acquiret,
697 5026 753 5071 et
816 5017 921 5071 hoc
961 5032 1060 5087 per
1103 5017 1269 5071 nubes
1309 5027 1363 5071 et
1407 5017 1685 5088 caligines.

131 5103 294 5163 Nubes
339 5111 483 5163 enim
525 5120 572 5163 et
614 5110 782 5180 caligo
830 5120 956 5165 sunt
1014 5111 1069 5163 in
1112 5111 1362 5176 circuitu,
1410 5110 1461 5164 id
1497 5120 1581 5166 est
1633 5112 1685 5165 in

130 5195 369 5255 famulatu
448 5202 607 5271 ejus,
676 5209 736 5254 ut
791 5202 892 5255 sibi
952 5217 1178 5271 regnum
1244 5202 1348 5255 hoc
1418 5216 1691 5270 praepara-

132 5298 277 5344 rent:
308 5292 532 5361 apostoli
585 5292 796 5348 scilicet
833 5293 960 5347 dicti
1026 5293 1195 5347 nubes
1230 5308 1295 5347 eo
1332 5295 1495 5363 quod,
1527 5292 1690 5365 387

131 5380 255 5436 alios
288 5386 661 5454 compluerunt
694 5403 707 5439 :
746 5394 799 5439 et
833 5384 1006 5454 caligo
1052 5399 1146 5453 per
1173 5385 1495 5455 emphasim,
1529 5384 1579 5438 id
1610 5394 1695 5439 est

133 5471 346 5544 caligine
379 5476 546 5547 pleni,
583 5491 648 5532 eo
683 5476 825 5545 quod
874 5476 1089 5530 areanis
1128 5476 1221 5529 Dei
1267 5474 1691 5539 obscurissimis,

135 5575 377 5629 Quantum
399 5570 465 5624 ad
485 5568 622 5623 alios
648 5583 754 5622 non
781 5567 1045 5629 videntes,
1070 5567 1260 5636 repleti
1282 5568 1515 5622 fuerunt.
1544 5566 1697 5622 Unde

136 5652 404 5720 Apostolus
430 5673 444 5712 :
481 5678 498 5710 ι
526 5659 721 5715 Audivi
746 5674 948 5715 arcana
972 5659 1159 5723 verba,
1182 5674 1302 5729 qua:
1320 5675 1424 5713 non
1455 5658 1579 5713 licet
1600 5658 1696 5713 ho-

136 5745 256 5801 mini
285 5748 419 5822 loqui
445 5752 539 5825 (ΙΙ
572 5752 696 5808 Cor.
724 5768 823 5820 xu,
850 5750 925 5823 ιῖ.
959 5772 977 5806 ι
1015 5751 1128 5809 Hoc
1158 5767 1285 5809 vero
1312 5752 1457 5823 quod
1481 5751 1572 5808 tali
1604 5767 1697 5808 ca-

1788 4545 2079 4599 Scicndum
2112 4552 2294 4594 autem
2330 4536 2472 4605 quod
2507 4536 2560 4589 in
2594 4533 2820 4587 circuitu
2864 4530 2977 4599 ejus
3010 4531 3062 4583 in
3102 4528 3351 4597 superior

1788 4634 2057 4692 sententia
2087 4635 2230 4687 sicut
2254 4632 2305 4685 in
2334 4631 2434 4685 hac
2456 4628 2670 4698 legitur.
2702 4625 2832 4679 Dico
2856 4623 2998 4697 quod
3030 4621 3166 4691 ignis
3194 4620 3370 4672 inimi-

1788 4745 1874 4781 cos
1904 4724 2272 4793 inﬂammabit,
2311 4720 2405 4775 sed
2434 4718 2568 4772 inde
2615 4731 2721 4770 nou
2766 4724 2852 4769 est
2878 4711 3201 4768 curandum.
3234 4707 3371 4763 Nam

1792 4820 2002 4889 fulgura
2033 4817 2145 4885 ejus
2171 4814 2479 4868 allucebunt
2510 4810 2763 4863 omnibus
2795 4806 3054 4870 inimicis,
3086 4803 3370 4859 existenti-

1792 4912 1891 4966 bus
1929 4910 1982 4963 in
2016 4909 2148 4963 orbe
2184 4916 2375 4969 teme;
2410 4912 2465 4958 et
2498 4901 2702 4955 videbit
2739 4910 2901 4967 terra,
2924 4898 2985 4951 id
3028 4906 3107 4951 est
3144 4894 3372 4965 pepulus

1793 5004 2134 5058 inimicorum
2165 5000 2279 5054 hare
2311 4994 2569 5051 miracula
2592 5000 2646 5047 ct
2666 4991 3115 5047 commovebitur.
3143 4986 3374 5040 Senten-

1795 5099 1865 5151 tia
1901 5094 2058 5161 hujus
2097 5108 2285 5147 versus
2326 5090 2501 5144 ultimi
2543 5104 2648 5142 non
2688 5085 3004 5139 mutabitur.
3045 5080 3160 5133 Non
3191 5077 3370 5131 solum

1794 5206 1924 5244 vero
1955 5188 2105 5258 plebs
2135 5184 2583 5246 commovebitur,
2619 5180 2711 5235 sed
2756 5188 2811 5233 et
2854 5186 3051 5230 montes
3085 5174 3371 5242 ﬂuxerunt,

1797 5283 1950 5337 idest
1977 5280 2172 5333 divites
2200 5278 2251 5330 in
2278 5275 2617 5346 possessione
2643 5269 2898 5325 sublimes
2922 5266 3086 5319 fluent
3113 5280 3140 5316 a
3172 5261 3373 5315 duritia

1797 5391 1917 5436 sua,
1947 5381 2002 5426 et
2029 5372 2337 5425 efticientur
2359 5368 2567 5429 molles,
2602 5366 2653 5419 id
2682 5374 2765 5418 est
2799 5362 2864 5415 ad
2890 5361 3025 5414 bene
3044 5354 3377 5425 operantium

1797 5462 2025 5519 habiles.
2056 5462 2118 5514 Et
2143 5461 2244 5515 hoc
2270 5458 2547 5526 continget
2571 5472 2601 5507 a
2624 5451 2758 5522 facie
2784 5449 3017 5509 Domini,
3046 5447 3097 5499 id
3125 5454 3207 5499 est
3233 5462 3261 5497 a
3286 5458 3375 5496 co-

1799 5557 2040 5626 gnitione
2074 5551 2315 5613 Domini;
2350 5558 2404 5601 et
2437 5561 2543 5599 non
2576 5542 2967 5611 qualiscunque
3006 5534 3239 5626 Domini,
3280 5531 3376 5585 sed

1799 5622 1831 5698 ἆ
1863 5644 1998 5714 facie
2042 5640 2255 5696 Domini
2286 5636 2450 5693 omnis
2480 5644 2652 5697 terrm,
2684 5629 2904 5686 scilicet
2928 5626 3051 5696 quia
3089 5622 3377 5677 Dominum

1802 5713 1968 5796 totius
1994 5748 2150 5795 terrai
2179 5750 2274 5805 per
2298 5730 2454 5785 tidem
2481 5731 2831 5799 cognoscent,
2858 5737 2887 5777 a
2915 5718 3111 5777 duritia
3141 5730 3236 5772 sua
3271 5713 3378 5770 dif-
