3872 6320
562 290 691 345 1131
1126 285 1184 340 S.
1220 285 1566 342 BllUNON’lS
1605 281 2245 342 CAIlTllUSlANOllUM
2296 280 2779 339 INSTITUTORIS
2810 283 2959 341 OPP.
3005 284 3184 341 PARS
3217 287 3256 341 I.
3645 299 3745 356 ηεξ

553 410 742 472 ﬁuent,
768 406 900 460 sicut
921 422 1064 471 σενα,
1093 406 1146 459 id
1172 415 1258 460 est
1283 407 1348 461 ad
1377 406 1838 477 comparationem
1865 420 2026 468 certe,
2059 403 2124 457 ad
2156 391 2201 459 Ᾱ
2225 401 2403 456 omnis
2446 402 2675 471 populus
2706 414 2883 468 teri-te,
2923 412 3031 458 tam
3075 404 3296 475 gentilis
3335 420 3493 474 quam
3521 406 3746 479 Iudaicus,

553 506 902 566 conspectum
928 498 1068 567 ignis
1093 496 1328 553 ﬂuentis.
1367 497 1437 553 Ut
1473 498 1633 567 igitur
1673 504 1880 551 montes
1905 494 2073 548 [luant
2098 512 2131 548 a
2235 502 2285 546 te
2311 501 2520 561 reputet
2555 492 2878 547 altissimum
2918 496 3228 561 Dominum,
3259 506 3317 551 et
3339 496 3537 552 exultet
3564 508 3609 555 te
3629 518 3748 573 super

557 600 829 659 conspectu
872 589 1103 655 Domini,
1144 592 1604 655 armuntiaveruut,
1640 589 1690 641 id
1729 597 1812 642 est
1845 587 2129 640 annuntia-
2232 599 2421 639 omnes
2446 585 2608 639 Deos.
2638 584 2771 640 Cum
2797 586 2925 664 dicit
2951 586 3166 642 Judznos
3191 587 3380 642 ﬁdeles
3402 586 3467 642 de
3485 590 3640 647 Salute
3657 609 3751 664 gen-

551 681 844 747 .Juntcwli,
877 681 926 734 id
953 689 1034 736 est
1057 682 1438 750 przedieatores
1449 681 1714 749 justitiam
1758 680 1871 749 ejus
1896 677 2127 744 Domini,
2236 678 2369 731 tium
2399 678 2696 747 exsultare,
2734 644 2917 733 innuﬁ
2945 694 3137 734 eorum
3180 680 3529 744 auctoritate,
3564 682 3622 736 de
3653 701 3752 754 geu-

554 774 607 827 id
638 774 854 829 esthoc
882 773 1301 839 annuntiabunt,
1339 772 1481 841 quod
1512 788 1541 826 a
1573 770 1799 825 Domino
1826 771 1931 826 erit
1955 771 2130 825 omnis
2236 766 2369 820 tium
2415 767 2592 823 salute
2635 783 2740 823 non
2784 783 2904 824 esse
2947 769 3332 825 dubitandum.
3381 768 3530 824 Unde
3571 775 3751 829 maxima

550 865 785 934 justitia,
819 864 872 919 id
900 874 985 918 est
1014 864 1191 920 omnis
1228 870 1573 933 peccatorum
1610 861 1859 916 remissio
1886 869 1941 915 et
1969 859 2133 928 justi-
2233 859 2461 927 qua‘stio
2489 860 2541 914 in
2569 861 2844 930 primitiva
2874 861 3115 916 Ecclesia
3154 861 3279 915 fuit:
3313 870 3371 916 et
3396 876 3494 930 per
3521 863 3611 916 hoc
3629 868 3757 935 magis

557 956 737 1011 ticatio
765 971 779 1010 :
808 968 855 1010 et
886 956 1018 1024 ipsis
1045 953 1491 1009 aimuntiantibus
1512 970 1713 1019 omnes,
1746 954 1797 1007 id
1822 963 1905 1008 est
1924 954 2129 1009 omnis-
2234 949 2376 1019 ipsas
2402 961 2590 1022 gentes
2620 951 2731 1007 Deo
2765 951 2896 1007 facit
2929 952 3220 1008 obnoxias.
3248 967 3374 1008 cum
3411 952 3477 1007 de
3505 967 3667 1008 earum
3694 972 3757 1010 sa-

555 1050 698 1103 ntodi
727 1049 906 1119 populi
946 1049 1203 1111 viderunt,
1245 1047 1297 1100 id
1329 1058 1412 1101 est
1448 1045 1709 1100 videbunt
1750 1046 1854 1100 lide
1908 1045 2130 1115 gloriam
2234 1042 2346 1099 lute
2370 1058 2550 1099 certas
2575 1059 2668 1101 eas
2693 1046 2875 1101 faciat.

556 1141 691 1208 ejus,
726 1140 778 1194 id
805 1148 887 1193 est
922 1153 1044 1193 eum
1077 1136 1369 1207 gloriosum
1398 1152 1539 1201 esse,
1573 1137 1779 1192 scilicet
1806 1153 1929 1193 eum
1964 1136 2130 1191 Deum
2306 1132 2460 1189 Nunc
2492 1136 2710 1191 tandem
2749 1137 2816 1190 ad
2852 1136 2956 1190 hoc
2983 1122 3257 1206 Propheta
3287 1121 3441 1191 venit
3471 1137 3533 1190 ad
3561 1142 3679 1207 qIIOt!
3700 1142 3753 1194 in.

555 1248 678 1287 esse
704 1231 946 1294 credent,
983 1240 1038 1284 et
1075 1245 1255 1299 regem
1295 1240 1350 1285 et
1375 1231 1825 1301 omnipotentem,
1851 1242 1906 1285 et
1936 1240 2131 1286 cartera
2237 1226 2511 1291 tendebat.
2538 1229 2928 1298 apostropham
2950 1230 3029 1283 sic
3054 1230 3121 1283 ad
3147 1239 3341 1299 gentes
3364 1228 3584 1294 iaciens,
3608 1230 3661 1283 de
3674 1235 3753 1299 qui-

557 1339 676 1391 quae
708 1322 772 1376 ad
806 1321 923 1389 ejus
956 1322 1182 1392 gloriam
1217 1324 1507 1392 pertinent.
1551 1324 1619 1378 lit
1651 1325 1778 1394 quia
1809 1325 2086 1380 omnismm

2236 1318 2335 1371 bus
2372 1318 2425 1371 in
2465 1322 2568 1374 hoc
2609 1322 2992 1391 psalmo,agit.
3028 1321 3161 1376 Dico
3189 1321 3336 1391 quod
3381 1322 3626 1376 Dominus
3645 1321 3754 1378 Jesus

554 1412 731 1482 populi
761 1413 864 1467 ﬁde
888 1414 1167 1479 videbunt,
1196 1424 1322 1485 opto
1348 1425 1403 1470 et
1425 1416 1628 1482 hortor,
1658 1425 1715 1469 ut
1744 1417 2134 1486 confundantur
2237 1406 2315 1460 Sic
2340 1414 2395 1461 Cl
2416 1421 2496 1462 SIC
2518 1407 2622 1462 Sibi
2656 1424 2883 1479 regnum
2914 1410 3129 1465 durabit
3149 1425 3246 1479 per
3271 1410 3471 1472 nubes,
3497 1419 3549 1463 et
3571 1412 3675 1478 quia
3693 1414 3755 1464 Al-

552 1502 690 1556 boua
719 1502 888 1573 388
917 1504 1257 1570 conlusione,
1283 1506 1530 1575 exemplo
1558 1506 1877 1576 populorum
1908 1513 2134 1561 crcden-
2239 1496 2479 1553 tissimus
2522 1507 2628 1553 est.
2670 1499 2813 1569 Ergo
2848 1501 3081 1570 gentiles
3116 1515 3346 1570 regnum
3376 1500 3490 1569 ejus
3524 1499 3752 1565 ellicieudi,

555 1594 685 1647 tium
722 1611 898 1648 omnes
921 1597 1007 1666 qui
1029 1597 1275 1662 adorant,
1303 1596 1356 1652 id
1401 1609 1485 1653 est
1518 1607 1576 1653 υι
1605 1599 1739 1654 Deos
1782 1608 2131 1664 venerantur,
2235 1593 2327 1661 qui
2347 1591 2586 1662 diligitis,
2622 1593 2675 1647 id
2701 1602 2784 1649 est
2814 1594 2907 1663 qui
2940 1593 3178 1664 diligetis
3209 1595 3494 1648 Dominum
3520 1594 3753 1660 Christum,

551 1685 839 1755 sculptilia,
871 1685 1044 1752 idola;
1079 1696 1135 1742 et
1166 1705 1273 1743 non
1318 1689 1491 1744 solum
1537 1690 1631 1760 qui
1673 1690 1923 1757 adorant,
1964 1692 2057 1746 sed
2083 1702 2131 1745 et
2168 1750 2204 1760 ,ι
2238 1682 2506 1737 νυιιίωιιιο
2547 1682 2616 1737 οι]
2665 1683 2847 1748 ﬁdem.
2896 1683 3035 1738 οάὲιε
3080 1683 3284 1737 malum
3338 1696 3520 1747 οιιιηον
3560 1693 3607 1737 ει
3644 1684 3754 1748 Vilia.

555 1777 645 1845 qui
668 1774 968 1846 gloriantur
992 1777 1045 1832 in
1077 1778 1376 1834 simulacris
1397 1781 1524 1842 suis,
1559 1781 1608 1834 id
1634 1791 1718 1835 est
1742 1787 1794 1835 tn
1823 1780 2133 1836 simulacris
2168 1750 2208 1808 Β
2238 1780 2449 1835 scilicet
2479 1788 2535 1835 et
2567 1780 2709 1835 mala
2749 1794 2937 1848 opera.
2982 1796 3001 1830 ι
3026 1778 3197 1834 Nemo
3227 1794 3468 1848 namque
3494 1788 3650 1847 potest
3670 1780 3756 1833 duo-

552 1882 581 1918 a
611 1882 670 1921 se
699 1866 875 1933 factis,
907 1883 1029 1937 qua:
1065 1870 1313 1925 adorant.
1344 1871 1420 1926 Αι
1452 1871 1497 1927 si
1535 1872 1680 1926 dicat
1723 1889 1735 1926 :
1783 1872 1838 1927 Si
1884 1873 2134 1928 homines
2236 1871 2335 1926 bus
2391 1869 2627 1925 dominis
2675 1870 2883 1925 servire
2929 1867 3082 1940 (Luc.
3134 1884 3250 1932 xvi,
3311 1868 3424 1938 13).
3459 1889 3477 1921 ι
3547 1868 3603 1922 Et
3645 1870 3680 1923 si
3722 1871 3756 1923 in

553 1958 638 2012 vel
674 1969 900 2015 cunctas
931 1962 1081 2015 vivas
1102 1971 1385 2015 creaturas
1411 1963 1723 2027 adorarent,
1754 1962 1933 2017 miuus
1966 1962 2134 2016 mise-
2236 1961 2471 2017 odieudo
2523 1960 2757 2027 malum,
2805 1960 2959 2015 vobis
3015 1961 3401 2016 tribulationes
3461 1964 3755 2025 occurrerunt,

556 2065 674 2102 rum
706 2060 871 2105 esset.
906 2051 1122 2118 Quanto
1160 2067 1290 2122 ergo
1336 2054 1586 2109 miserius
1628 2063 1732 2119 est,
1782 2055 2133 2110 simulacrum
2235 2061 2551 2109 constantes
2576 2062 2768 2107 estote.
2801 2052 3061 2106 Dominus
3107 2054 3256 2107 enim
3291 2052 3541 2108 Christus
3564 2056 3756 2116 custodit,

558 2143 795 2198 hominis
824 2145 1076 2209 adorare,
1107 2147 1409 2214 pnescrtim
1436 2161 1557 2202 eum
1587 2147 1833 2212 adorare,
1857 2149 1947 2218 qui
1971 2150 2137 2204 simu-
2239 2147 2291 2204 id
2340 2155 2425 2202 est
2472 2146 2744 2202 custodiet
2787 2146 2994 2199 animas
3036 2161 3308 2200 servorum
3344 2161 3576 2210 suorum,
3601 2148 3758 2200 animos

556 2232 764 2288 lacrutn
794 2234 922 2290 illud
949 2238 1285 2306 composuit?
2238 2248 2471 2303 vestras,
2522 2236 2732 2292 scilicet
2758 2250 2825 2291 ne
2859 2234 3015 2291 malis
3047 2236 3246 2290 timore
3275 2234 3693 2299 conlocmemini;
3721 2248 3758 2289 et

629 2324 782 2380 Facit
811 2337 991 2381 autem
1022 2330 1402 2399 apostropham
1443 2344 1512 2383 an
1556 2331 1795 2399 angelos,
1835 2334 2138 2386 concedms
2241 2344 2348 2383 non
2370 2327 2546 2384 solum
2570 2329 2909 2392 animas,sed
2935 2328 3099 2383 etiam
3123 2328 3189 2381 de
3211 2344 3375 2380 manu
3398 2328 3659 2396 peccatoris
3678 2341 3758 2396 pcr-

560 2428 620 2471 ut
648 2422 811 2474 Deum
840 2421 1088 2485 adorent,
1124 2439 1227 2477 non
1257 2433 1314 2478 ut
1343 2424 1518 2494 angeli
1542 2434 1739 2495 egeant
1761 2426 2139 2482 adhortatione
2239 2420 2518 2491 sequentis
2532 2420 2767 2474 liberavit
2795 2435 2882 2473 eos
2906 2432 3113 2484 servos,
3142 2417 3295 2473 idest
3317 2418 3759 2487 liberabitquaudo-

559 2524 689 2573 sua,
744 2511 839 2565 sed
894 2519 952 2565 ut
1006 2512 1203 2567 bonum
1262 2526 1446 2568 votum
1509 2531 1664 2570 suum
1726 2518 1996 2581 ostendat,
2061 2528 2136 2583 et,
2239 2526 2347 2582 que
2389 2525 2620 2581 corpora
2658 2525 2873 2577 eorum,
2923 2521 2981 2566 ct
3019 2510 3063 2566 si
3130 2509 3404 2580 imprimis
3436 2510 3757 2579 aliquantulum

557 2602 808 2672 exemplo
829 2604 1142 2673 angelorum
1166 2607 1561 2671 auctorizabili,
1590 2608 1895 2664 incredulos
1918 2611 1984 2662 ad
2012 2611 2143 2663 ado-
2241 2602 2406 2670 afﬂigi
2420 2601 2582 2657 sinat.
2608 2602 2674 2656 Et
2698 2602 2742 2657 si
2769 2611 3149 2672 persecutores
3174 2602 3343 2661 vitam
3360 2613 3654 2672 prurscntcm
3671 2603 3761 2656 alts-

566 2695 792 2747 randum
852 2694 1018 2749 Deum
1068 2698 1327 2761 attrahat,
1374 2698 1497 2752 sic:
1551 2699 1679 2755 Dico
1730 2701 1870 2769 quod
1924 2702 2138 2771 quidam
2245 2692 2484 2758 ιυΙθτίιιιν
2516 2708 2621 2747 ηοη
2667 2703 2754 2748 εει
2798 2693 2924 2748 inde
2980 2688 3308 2748 ευτθιὶιῖἶηιιο
3357 2693 3490 2747 Nam
3526 2709 3612 2763 1)το
3644 2692 3758 2760 huius

559 2791 724 2838 erunt
772 2785 1060 2857 adorantes
1107 2788 1398 2857 sculptilia,
1460 2790 1627 2844 Deum
1678 2792 1908 2846 adorare
1971 2793 2086 2863 negl

2245 2786 2369 2841 vitae
2402 2785 2694 2841 amissione
2722 2784 2816 2838 lux
2836 2795 3055 2840 acterna:
3076 2784 3201 2840 vitae
3221 2796 3337 2839 orta
3365 2796 3462 2851 est,
3485 2785 3532 2838 id
3554 2795 3639 2847 est,
3657 2787 3758 2839 orie-

560 2884 769 2945 gentcs.
799 2875 904 2933 Sed
928 2895 1049 2933 cum
1087 2880 1189 2935 hoc
1216 2881 1603 2937 homunciones
1631 2884 1813 2939 miseri
1843 2887 2140 2956 negligant,
2245 2887 2332 2933 ιιιΙ·
2351 2879 2499 2949 justo
2537 2878 2754 2948 cuique.
2800 2877 3012 2934 SCiliCCl
3065 2877 3116 2933 Ci
3148 2878 3372 2933 (Ιεὼίιιιτ
3402 2879 3453 2932 ill
3482 2887 3657 2933 mlcl‘lla
3683 2877 3758 2929 Vill

562 2982 659 3021 vos
688 2968 878 3024 saltem
907 2987 1085 3026 omnes
1117 2973 1292 3042 angeli
1323 2975 1436 3042 ejus
1475 2975 1567 3045 qui
1602 2975 1756 3030 valde
1795 2978 2144 3033 rationabiles
2245 2971 2334 3025 Ιιικ
2368 2971 2536 3025 nimia
2576 2971 2776 3026 ιὶἰνὶιιω
2816 2970 3313 3040 εοιὶιειιιιὶιίὶιίοηίε.
3360 2971 3426 3025 El
3467 2986 3558 3040 pro
3592 2970 3759 3025 ιῐίὸιίιίδ

562 3060 718 3125 estis,
755 3062 995 3129 αιιοιιαιε⁹
1115 3073 1199 3120 ρει
1227 3080 1438 3122 summo
1466 3076 1519 3121 cl
1545 3068 1767 3151 spccrali
1800 3071 1945 3127 cultu
1978 3088 2141 3127 vene-
2171 3095 2212 3151 Ο
2245 3079 2406 3134 quam
2438 3065 2523 3119 hic
2551 3064 2848 3135 liﬂllCﬂllll’,
2876 3064 3087 3119 orietur
3111 3065 3194 3120 eis
3220 3065 3274 3118 ill
3302 3065 3485 3121 fllllll‘O
3504 3064 3760 3118 latitiahca-

566 3153 759 3207 I‘amini
793 3154 1077 3209 Dominum
1104 3154 1401 3211 Christum.
1438 3158 1569 3215 Dico
1597 3140 1738 3228 quod
1778 3161 1960 3231 populi
1993 3163 2142 3216 vide-
2176 3140 2212 3151 ν
2249 3153 2491 3209 titudinis
2514 3164 2752 3209 azternzc.
2776 3153 3080 3209 .luxtaillud
3109 3154 3487 3210 Dominicum:
3514 3173 3530 3205 c
3553 3152 3674 3206 Beati
3698 3153 3758 3219 qui

563 3242 702 3297 lutnt
731 3243 957 3314 gloriam
989 3244 1133 3313 ejus;
1185 3247 1288 3303 hoc
1320 3256 1501 3304 autem
1533 3250 1755 3315 audivit,
1781 3251 1831 3305 id
1861 3260 1940 3306 est
1966 3253 2148 3307 audiet
2248 3259 2391 3300 IIUIIC
2438 3245 2603 3308 "0135.
2648 3245 2817 3316 389
2866 3248 2993 3315 quia
3038 3244 3289 3300 ridcbilis
3331 3244 3538 3313 (Mullll-
3586 3258 3630 3304 ν.
3658 3242 3758 3309 5)·³

568 3331 719 3397 Sion,
753 3344 799 3389 et
826 3337 1004 3389 la'tata
1040 3347 1131 3397 est.
1167 3336 1217 3391 id
1250 3346 1332 3392 est
1359 3337 1652 3392 Iretahitur.
1695 3339 1831 3405 Quia
1858 3356 1985 3395 vero
2015 3340 2144 3395 Sion
2250 3335 2388 3406 Ergo
2408 3336 2536 3405 quia
2562 3337 2658 3389 tua:
2687 3346 2743 3391 et
2771 3336 2958 3390 la'titia
2983 3335 3147 3406 justis
3182 3335 3417 3401 orietur,
3456 3335 3606 3389 nolite
3630 3334 3672 3386 in
3696 3333 3761 3385 tri-

573 3425 810 3493 ponitur,
852 3434 907 3478 et
947 3440 1044 3493 pro
1075 3426 1323 3480 ﬁdelibus
1359 3425 1560 3482 Iudicis
1601 3436 1656 3482 et
1689 3445 1785 3497 pro
1819 3429 2142 3497 inﬁdelibus,
2249 3429 2616 3485 bulationibus
2638 3429 2839 3484 cedere
2871 3438 2928 3483 ct
2952 3429 3295 3492 contristari,
3336 3429 3431 3483 sed
3471 3427 3630 3496 potius
3646 3426 3761 3477 lata-

568 3516 897 3570 determinat
919 3517 986 3571 de
1010 3532 1116 3586 qua
1145 3519 1274 3573 Sion
1300 3519 1462 3584 dicat,
1488 3521 1595 3574 sic:
1625 3520 1753 3576 Dico
1779 3523 1921 3591 quod
1947 3523 2144 3578 lzetabi-
2249 3520 2377 3574 mini
2402 3520 2539 3589 justi
2569 3520 2623 3572 in
2646 3518 2896 3579 Dommo,
2926 3518 3082 3574 idest
3113 3534 3221 3573 non
3252 3520 3305 3572 in
3334 3517 3510 3582 inalis,
3533 3516 3611 3570 sed
3638 3515 3680 3567 in
3705 3514 3762 3565 lus

573 3620 662 3661 tur
690 3608 843 3673 Sion,
876 3622 946 3674 et,
972 3611 1023 3665 id
1056 3621 1139 3665 cst
1168 3612 1377 3666 scilicet
1405 3613 1795 3669 exsultarerunt
1818 3615 1946 3683 ﬁlia:
1967 3616 2145 3682 Juda',
2248 3627 2368 3681 qua:
2389 3621 2515 3667 sunt
2540 3610 2775 3676 Domini,
2801 3610 3012 3665 scilicet
3038 3610 3092 3664 in
3120 3610 3420 3665 virtutibus
3446 3619 3499 3663 et
3520 3607 3652 3662 bouis
3672 3620 3764 3673 opr-

572 3700 625 3752 id
664 3710 748 3754 est
779 3702 1124 3758 exsultabant
1164 3706 1230 3758 de
1271 3706 1373 3761 ﬁde
1410 3707 1727 3778 populorum
1777 3708 1899 3763 ﬁlia:
1932 3709 2147 3764 eonl'es-
2251 3705 2420 3760 ribus.
2455 3702 2522 3757 Et
2564 3702 2884 3771 conﬁtemini
2910 3701 3124 3757 laudem
3156 3701 3424 3756 memoria:
3462 3698 3764 3765 SﬂuﬂlﬁfﬂliO'
3820 3736 3833 3753 .

571 3788 760 3854 sionis,
793 3791 999 3847 scilicet
1026 3792 1210 3851 ﬁdeles
1237 3796 1494 3865 primitivi
1520 3798 1586 3853 de
1611 3796 1832 3864 Iudicis,
1862 3798 2149 3855 confesso:
2251 3797 2331 3850 nis
2360 3794 2497 3865 ejus,
2547 3794 2601 3849 id
2634 3804 2718 3849 est
2751 3793 2966 3849 laudate
2989 3808 3114 3847 eum
3148 3792 3339 3857 corde,
3372 3805 3520 3855 voce,
3543 3799 3591 3844 et
3624 3802 3761 3856 opere.

568 3895 662 3935 res
688 3884 921 3939 nominis
952 3884 1044 3939 Dei
1073 3885 1123 3939 in
1158 3886 1469 3954 manifesto,
1500 3905 1606 3944 non
1636 3890 1952 3947 deﬁcientes
1977 3894 2029 3947 in
2054 3895 2149 3948 tri-
2250 3885 2318 3941 de
2365 3885 2471 3943 hoc
2505 3884 2651 3955 quod
2692 3899 2904 3940 mollior
2931 3883 3039 3939 erit
3067 3897 3162 3938 VOS
3199 3882 3558 3946 sanctiﬁcarc.
3592 3880 3667 3949 qui
3700 3878 3762 3929 di"

572 3971 1087 4045 bulationibus;qui
1124 3988 1369 4047 congrue
1403 3978 1675 4035 feminina:
1710 3980 1835 4036 ﬁlizc
1868 3982 2149 4049 dicuntur,
2252 3977 2405 4033 visus
2431 3985 2515 4032 est
2543 3985 2786 4031 vestrum
2817 3974 2870 4028 in
2902 3971 3286 4029 incredulitate
3336 3972 3633 4042 positorum.
3655 3978 3697 4022 ct
3726 3968 3762 4018 iu

577 4079 644 4117 eo
670 4068 813 4134 quod
842 4067 893 4121 in
919 4067 1064 4121 cultu
1098 4068 1355 4122 virtutum
1388 4070 1497 4124 sint
1522 4071 1894 4141 pulcherrimi.
1926 4074 2106 4142 Specie

1638 4073 1894 4127 :herritni.
1926 4074 2150 4142 Specio-
2254 4077 2478 4135 peccato
2496 4066 2745 4136 originali
2773 4065 2977 4120 oblitus
3001 4063 3167 4119 fuisse

576 4157 687 4210 sior
710 4157 855 4211 enim
890 4160 1068 4215 cultus
1099 4170 1177 4215 est
1218 4159 1450 4215 ﬁliarum
1477 4178 1638 4232 quam
1671 4164 1926 4220 ﬁliorum.
1951 4165 2153 4221 Dicun-
2712 4157 2777 4213 ΙΝ
2806 4156 3136 4213 PSALMUM
3166 4146 3376 4212 XCV"-

578 4259 667 4302 tur
704 4264 919 4319 quoque
965 4252 1108 4317 Ιίιιω,
1140 4267 1205 4307 eo
1240 4254 1385 4322 quod
1421 4253 1626 4310 habiles
1667 4256 1778 4309 sint
1830 4256 1897 4310 ad
1928 4257 2064 4312 alios
2098 4259 2151 4311 in
2326 4251 2539 4307 Titulus
2564 4249 2898 4321 nonagesimi
2929 4248 3167 4319 septimi.
3206 4244 3458 4301 Psalmus
3489 4240 3763 4305 Darirl,l'ro-

578 4343 684 4398 ﬁde
725 4347 1113 4413 gener-nudum.
1156 4347 1300 4402 sicut
1347 4346 1470 4403 ﬁlia:
1513 4349 1581 4404 ad
1625 4348 1767 4405 ﬁlios
1815 4350 2151 4419 pariendum.
2258 4347 2453 4415 phctze,
2495 4343 2833 4399 adhortantis
2858 4356 3048 4397 onmes
3088 4338 3274 4394 ﬁdeles
3312 4339 3367 4394 in
3398 4328 3616 4407 tempore
3639 4330 3764 4402 [llCltl‘

579 4434 961 4502 Exsultabunt,
992 4437 1229 4505 inquam,
1255 4447 1309 4493 et
1337 4438 1437 4494 hoc
1461 4450 1670 4510 prapter
1680 4440 1887 4510 judicia
1910 4451 2023 4508 tua,
2056 4442 2155 4496 Do-
2186 4436 2231 4495 D
2261 4436 2462 4492 tudinis
2484 4435 2714 4499 futuros,
2755 4434 2822 4489 ad
2849 4434 3178 4490 cantandum
3206 4432 3437 4487 Domino
3468 4429 3598 4485 Patri
3622 4439 3763 4480 uorum

579 4525 739 4589 mine,
767 4525 917 4593 quia,
948 4527 1159 4581 scilicet
1182 4528 1449 4597 judicabis
1470 4544 1574 4584 non
1603 4530 1776 4585 solum
1803 4528 2040 4595 Judaeos,
2062 4533 2155 4586 sed
2258 4527 2553 4594 canticum,
2605 4535 2853 4596 respectu
2898 4524 3226 4579 mirabilium
3261 4520 3644 4581 beneﬁciorum,
3677 4530 3762 4582 qul‘

582 4624 638 4667 et
671 4625 863 4684 gentes
896 4617 1127 4673 salvare.
1160 4638 1179 4671 ι
1210 4618 1326 4674 Non
1350 4629 1433 4675 est
1459 4622 1602 4676 enim
1634 4621 1878 4690 acceptio
1902 4637 2157 4690 persona-
2260 4630 2355 4687 per
2382 4616 2578 4671 Filium
2602 4614 2655 4670 in
2686 4614 2923 4670 humano
2949 4628 3146 4685 genere
3177 4612 3318 4667 facta
3352 4621 3504 4677 sunt;
3533 4625 3632 4678 quze
3646 4604 3764 4660 etiam

585 4722 705 4761 rum
735 4711 876 4775 apud
909 4708 1078 4764 Deum
1101 4710 1273 4780 (Rom.
1301 4727 1362 4775 ιι,
1397 4713 1509 4781 ll).
1545 4732 1563 4765 ι
1600 4713 1665 4767 Et
1694 4714 1890 4768 merito
1918 4714 2157 4770 exsul”-
2262 4715 2470 4772 narrat,
2501 4716 2561 4760 ut
2584 4705 2759 4776 magis
2791 4705 3065 4760 auditores
3094 4704 3162 4757 ad
3191 4702 3285 4757 Dei
3324 4703 3536 4757 laudem
3569 4696 3761 4753 attrahat.

586 4798 719 4851 bunt
757 4798 822 4852 de
859 4798 1077 4867 iudiciis
1118 4802 1244 4866 tuis,
1275 4803 1523 4872 quoniam
1559 4814 1614 4857 tu
1651 4806 1742 4874 qui
1779 4805 1937 4874 quasi
1970 4821 2162 4862 servus
2263 4798 2330 4853 Et
2359 4798 2462 4853 hoc
2485 4797 2672 4863 etiam,
2727 4796 2828 4852 etsi
2861 4796 3100 4850 futurum
3132 4806 3297 4863 esset,
3327 4796 3484 4865 quasi
3511 4790 3766 4864 prmeriqu

584 4887 857 4943 videberis
880 4907 933 4945 es
965 4892 1286 4957 Altissimus,
1317 4894 1367 4947 id
1394 4904 1479 4948 est
1502 4893 1857 4964 Omnipotens
1877 4898 2163 4953 dominans
2264 4892 2534 4956 enuntiat,
2562 4903 2713 4944 more
2741 4887 3076 4958 PI‘OPhCIiCO-

586 4999 746 5051 super
767 5001 967 5039 onmem
997 4996 1212 5050 terram,
1243 4995 1349 5039 tam
1383 5002 1544 5056 super
1570 4986 1783 5045 Iudaeos
1808 5006 1969 5059 quam
2003 5007 2165 5061 super
2337 4979 2581 5045 (ἱαῖιιαιε,
2631 4980 2683 5035 id
2726 4987 2813 5034 (εει
2847 4994 2970 5034 CUI“
3010 4977 3296 5034 ἀίιοεῐῖοιιῢ
3331 4980 3573 5033 οΧΙιὶιιυιε
3608 4970 3767 5027 Domi”

590 5083 798 5141 gentes,
835 5086 889 5130 et
920 5078 1075 5130 nimis
1111 5076 1372 5131 cxaltatus
1407 5095 1481 5142 es,
1516 5078 1568 5133 id
1606 5088 1689 5134 est
1716 5080 1871 5134 valde
1895 5080 2115 5137 exaltatt

2268 5072 2437 5136 Patri,
2471 5087 2505 5126 ο
2540 5086 2637 5126 vos
2673 5085 2864 5125 onmes
2910 5070 3111 5133 ﬁdeles,
3143 5072 3407 5124 canticum
3439 5084 3622 5127 norum,
3647 5063 3687 5117 id
3710 5066 3767 5112 ρει

592 5166 701 5221 eris
732 5166 800 5221 ab
821 5168 966 5221 omni
1009 5176 1169 5235 gente
1208 5185 1365 5237 super
1395 5186 1570 5223 omnes
1612 5170 1735 5225 deos
1774 5187 1983 5226 earum.
2013 5172 2167 5239 Quod
2270 5164 2682 5234 complctionem
2715 5178 2977 5218 novorum
3009 5172 3430 5232 praeceptorum,
3460 5162 3509 5216 in
3542 5172 3627 5229 qua
3658 5152 3768 5207 delc-

593 5265 676 5310 est
714 5256 938 5312 dicere:
975 5256 1109 5313 Cum
1139 5257 1313 5312 adhuc
1363 5258 1605 5314 inﬁdeles
1649 5260 1804 5316 valde
1861 5262 1992 5317 deos
2043 5276 2169 5317 suos
2271 5266 2451 5310 ctatur
2475 5257 2618 5311 sicut
2645 5256 2697 5310 in
2724 5256 2961 5311 cantico.
3007 5254 3100 5309 Vel
3132 5265 3344 5310 cantate
3382 5256 3429 5309 ei
3461 5254 3675 5307 canticum
3705 5260 3769 5295 uo-

594 5348 855 5415 exaltent,
891 5350 1058 5404 inulto
1107 5348 1276 5419 magis
1309 5360 1593 5421 postquam
1635 5352 1701 5407 ad
1741 5352 1903 5408 ﬁdem
1949 5352 2172 5408 venient
2275 5366 2412 5415 cum,
2445 5349 2499 5404 id
2527 5356 2611 5404 est
2636 5347 3121 5419 cumjucunditatc
3155 5346 3376 5403 laudate
3402 5345 3648 5401 Dominum
3669 5350 3769 5390 non

598 5439 915 5494 cxaltabunt
943 5450 1015 5505 te,
1055 5451 1110 5495 et
1135 5441 1322 5503 corde,
1355 5451 1410 5496 et
1444 5457 1591 5505 voce,
1634 5451 1690 5498 et
1730 5458 1916 5514 opere.
1950 5443 2046 5498 Vel
2093 5443 2173 5499 sic
2276 5440 2453 5506 laude,
2494 5440 2702 5496 scilicet
2729 5440 2797 5495 de
2836 5439 2930 5495 ﬁlii
2966 5439 3081 5510 ejus
3115 5449 3313 5506 morte,
3360 5440 3425 5496 de
3464 5437 3604 5498 totius
3632 5425 3769 5485 mundi

599 5529 887 5585 coiitinet:
932 5530 1157 5600 Propter
1186 5533 1394 5601 judicia
1433 5544 1523 5587 tua
1554 5534 1899 5589 exsultabant
1923 5533 2049 5601 filia:
2075 5534 2175 5588 .Iu-
2278 5531 2639 5599 reparatione,
2685 5530 2829 5599 quod
2878 5530 3094 5601 quidem
3129 5546 3328 5596 novum
3375 5539 3476 5585 est.
3506 5527 3560 5581 Et
3585 5523 3680 5577 ideo
3708 5532 3769 5568 ιωο

604 5619 725 5685 dw;
758 5629 813 5674 et
842 5636 969 5677 ecce
998 5621 1194 5693 judicia
1231 5641 1242 5676 :
1287 5622 1549 5688 Quoniam
1579 5634 1633 5677 tu
1659 5641 1711 5679 es
1748 5625 2033 5679 altissimus
2068 5625 2175 5679 Do—
2280 5641 2399 5681 eum
2426 5625 2686 5680 canticum
2707 5634 2935 5689 cantate,
2957 5624 3078 5695 quia
3101 5623 3368 5678 mirabilia
3393 5618 3505 5691 fecit
3531 5619 3576 5673 in
3595 5616 3771 5669 Ιιιιωιιει

606 5712 778 5767 motus
799 5728 954 5783 super
980 5730 1181 5769 omnem
1227 5725 1441 5784 terram,
1475 5715 1525 5771 id
1555 5725 1657 5784 est,
1691 5717 1793 5774 hoc
1825 5713 2090 5786 iudicabis
2121 5728 2174 5772 ut
2283 5734 2501 5790 genere.
2547 5717 2611 5774 Et
2642 5732 2769 5776 cccc
2798 5732 2964 5775 unum
3011 5714 3261 5773 mirabile
3289 5716 3429 5788 quod
3462 5709 3588 5795 fecit.
3616 5702 3773 5790 δςξιξεέί
