3872 6320
133 366 249 419 1155

1008 328 1380 411 ἘΧΡΟΞΙΤΙΟ
1417 353 1484 409 IN
1523 353 1857 411 PSALMOS.
1901 385 1969 395 -—
1999 352 2192 409 PSAL.
2231 340 2449 409 XCVII.

3202 369 3356 423 ’1154

131 478 316 529 dextera
347 480 391 525 et
433 470 694 524 brachium
726 477 961 521 sanctum
984 466 1097 536 ejus
1127 465 1343 520 saluauit
1372 479 1543 535 genus
1573 464 1669 530 bu-
1699 468 1743 522 Α
1772 472 2105 517 mortuorum
2138 462 2449 517 animalium
2484 467 2881 533 supervehitur.
2913 472 3003 528 Bis
3038 484 3219 529 autem
3253 492 3351 546 po-

130 579 325 620 manum
390 562 491 614 sibi
525 575 617 629 per
659 558 1393 629 adoptionem.associatum.
1441 554 1671 611 Dextera

130 657 278 711 Filius
310 622 616 713 dicitttr,-eo
644 622 784 720 quod
829 664 924 719 per
967 622 1091 703 (θυι
1131 649 1311 703 omnia
1344 648 1485 701 Deus
1512 646 1674 701 Pater

130 755 386 815 operatur;
430 743 707 798 brachium
744 742 959 813 quidem
1001 757 1067 797 eo
1106 742 1248 813 quod
1298 742 1370 797 sit
1417 739 1673 797 fortitudo

130 838 303 892 Patris.
333 836 433 890 Per
459 850 579 889 eum
624 834 765 887 enim
801 834 1013 889 fortiter
1046 843 1099 889 et
1150 850 1255 889 non
1286 834 1511 889 remisse
1541 833 1669 904 agit.

130 927 383 981 llracliium
413 926 556 979 enim
586 924 940 980 fortissimum
968 927 1268 981 membrum
1297 926 1540 996 corporis
1568 937 1670 981 est.

130 1017 226 1071 lloc
246 1024 412 1069 autem
442 1023 524 1070 est
551 1030 614 1069 ac
643 1016 687 1069 si
714 1016 917 1071 diceret
946 1034 959 1072 :
1004 1017 1114 1073 lloc
1148 1017 1395 1071 mirabile
1416 1018 1673 1073 Dominus

130 1109 267 1162 Pater
293 1104 431 1168 iecit,
461 1106 604 1174 quod
632 1122 727 1176 per
752 1106 870 1161 Filii
898 1117 1151 1170 mortem,
1175 1124 1344 1180 genus
1372 1108 1668 1163 humanum

126 1200 183 1252 ab
207 1196 436 1267 originali
466 1197 694 1252 crimine
722 1197 968 1266 salvavit,
999 1209 1053 1255 et
1079 1200 1177 1254 sibi
1201 1215 1300 1270 per
1327 1199 1670 1268 adoptionem

124 1286 361 1358 adiunxit.
388 1286 694 1341 Notandum
725 1289 866 1358 quod
898 1305 1019 1344 cum
1047 1289 1178 1344 dicit
1206 1305 1370 1358 opera
1401 1289 1519 1344 Filii
1552 1305 1671 1346 esse

126 1381 298 1445 Patris,
324 1381 373 1433 in
406 1381 506 1433 hoc
533 1389 741 1434 naturae
780 1380 1117 1437 identitatem
1148 1383 1404 1437 ostendit.
1451 1382 1518 1436 Et
1541 1398 1671 1438 ecce

126 1474 249 1527 aliud
289 1472 527 1528 mirabile
554 1481 613 1527 ut
648 1487 817 1544 genus
843 1474 1135 1529 humanum
1170 1475 1478 1546 salvaretur;
1507 1493 1520 1529 :
1554 1476 1669 1529 Νο-

124 1574 216 1615 tum
239 1564 348 1631 fecit
390 1562 642 1618 Dominus
671 1564 904 1620 salutare
940 1582 1115 1631 suum,
1145 1566 1197 1620 id
1223 1575 1306 1621 est
1345 1566 1667 1622 salvatorem

125 1670 257 1707 suum
286 1654 574 1708 Christum.
607 1655 759 1722 Quod
803 1664 891 1711 est
921 1656 1104 1712 dicere
1155 1674 1168 1711 :
1206 1656 1477 1712 Christum
1509 1673 1667 1728 quem

124 1747 327 1799 obscure
361 1746 633 1815 propheta;
668 1747 1139 1817 prophetaverant,
1181 1754 1363 1804 notum
1409 1748 1536 1804 fecit
1577 1748 1669 1803 Ju-

1776 553 1855 605 nit
1898 555 1953 606 in
2000 554 2221 619 cithara,
2274 553 2341 606 ad
2408 554 2821 611 inculcationetn
2891 564 3289 622 exhortationis
3339 588 3352 622 :

1777 644 2012 700 Psallere
2040 630 2255 715 quidem
2288 647 2397 701 Deo
2428 647 2480 700 iu
2512 647 2687 703 ollicio
2715 651 3100 722 membrorum,
3125 671 3209 714 est
3241 678 3357 714 ma-

1776 750 1902 788 num
1935 735 2002 788 ad
2030 735 2428 806 eleemosynam
2456 739 2772 804 extendere,
2803 744 2993 809 pedem
3031 747 3098 800 ad
3133 748 3355 819 aliquod

1774 839 1908 893 opus
1940 825 2135 878 bonmn
2167 840 2404 890 movere,
2436 838 2490 881 et
2517 842 2713 885 caetera
2748 832 2893 899 talia,
2922 843 2971 887 et
3000 836 3205 901 psallite
3228 842 3275 894 ei
3300 844 3356 894 in

1773 933 1893 970 uoce
1923 917 2132 987 psalmi,
2167 918 2218 972 id
2244 928 2328 972 est
2356 920 2509 976 bona:
2531 924 2884 992 operationis,
2912 927 3122 982 scilicet
3147 930 3199 983 in
3227 947 3357 986 voce

1773 1010 2026 1061 exteriori
2057 1011 2406 1064 concordanti
2435 1012 2588 1067 honre
2616 1016 2941 1083 operatioui.
2983 1018 3137 1085 Quod
3162 1031 3247 1075 est
3277 1023 3358 1076 di-

1774 1112 1938 1154 cere:
1979 1099 2120 1155 Bene
2150 1105 2379 1172 agendo,
2412 1120 2542 1160 voce
2577 1106 2689 1161 oris
2731 1107 2864 1163 alios
2905 1112 2972 1166 ab
3016 1113 3155 1167 bene
3195 1128 3361 1184 agen-

1773 1190 1899 1244 dum
1940 1193 2317 1248 exhortentiui.
2355 1194 2420 1249 Et
2447 1197 2656 1266 psallite
2698 1199 2915 1255 intubis
2950 1204 3253 1269 ducti/ilius,
3307 1207 3359 1260 id

1772 1290 1854 1335 est
1884 1282 1935 1334 in
1959 1282 2135 1337 ollicio
2168 1285 2415 1339 tubarum
2450 1289 2751 1355 ductilium,
2790 1293 2888 1357 sic,
2915 1294 3122 1348 scilicet
3154 1306 3211 1349 ut
3238 1298 3359 1351 sitis

1776 1372 1913 1426 tuba:
1950 1373 2236 1429 manifeste
2262 1377 2638 1445 prredicautes,
2670 1381 2738 1435 ad
2772 1384 2987 1437 modum
3018 1388 3157 1439 tubm
3188 1388 3360 1440 mani-

1773 1460 1910 1518 feste
1935 1466 2200 1520 sonantis.
2240 1467 2305 1521 Et
2333 1484 2436 1522 non
2468 1469 2589 1524 sitis
2614 1472 3017 1544 qualescunque
3063 1476 3222 1540 tubze,
3264 1479 3358 1531 sed

1774 1554 2023 1621 ductiles,
2060 1557 2111 1610 id
2134 1567 2216 1611 est
2248 1574 2352 1613 non
2385 1563 2652 1617 contracti
2688 1565 2881 1620 ictibus
2915 1566 3355 1630 tribulationum,

1773 1646 1868 1699 sed
1891 1647 2099 1701 extensi
2132 1649 2301 1719 magis
2323 1659 2375 1703 et
2400 1652 2568 1721 magis
2595 1653 2646 1707 iu
2673 1654 3081 1723 amplitudinem
3107 1656 3358 1712 dilectio-

1773 1737 1856 1791 nis
1883 1755 1895 1790 :
1926 1739 1990 1792 ad
2027 1740 2242 1793 modum
2278 1742 2420 1796 tubm
2448 1741 2687 1811 ductilis,
2716 1761 2836 1815 qua:
2861 1762 2983 1801 cum
3010 1747 3097 1801 liat
3129 1762 3193 1802 ex
3225 1765 3360 1803 auro

123 1840 332 1894 timorum
358 1839 494 1909 parti
520 1840 807 1907 salvandte,
833 1849 888 1896 et
918 1841 1020 1896 ﬁde
1048 1850 1103 1895 et
1131 1842 1245 1911 ipsa
1273 1841 1348 1897 rei
1376 1841 1668 1898 evidentia.

1776 1828 1858 1882 vel
1879 1841 2102 1900 argento
2125 1833 2473 1902 percuticndo
2494 1811 2821 1891 extenditur.
2849 1836 3000 1893 Tuba
3026 1855 3157 1894 vero
3185 1840 3360 1895 ducti-

124 1932 314 2001 llepetit
347 1941 523 1987 autem
562 1932 923 2002 azquipollenti
954 1948 1083 1988 voce
1126 1935 1268 2003 quod
1313 1934 1449 1989 dixit
1490 1944 1670 1988 nulum

123 2023 243 2091 fecit,
267 2031 322 2076 ut
349 2023 506 2079 addat
532 2025 612 2080 sic
646 2043 659 2078 :
696 2024 974 2090 Reuelauit,
1004 2026 1244 2094 inquam,
1282 2027 1332 2081 id
1372 2037 1455 2082 est
1483 2038 1669 2082 notum

122 2112 225 2166 fecit
249 2111 441 2169 Iudaeis
462 2116 516 2168 in
541 2125 816 2184 conspectu
838 2115 1001 2169 etiam
1029 2115 1147 2170 fidei
1172 2117 1402 2186 gentium
1422 2118 1668 2173 eumdem

123 2202 431 2259 Salvatorem
456 2208 721 2275 ponendo.
756 2206 909 2275 Quod
935 2215 1017 2262 est
1049 2208 1229 2262 dicere
1257 2226 1269 2261 :
1305 2208 1395 2264 Sic
1424 2224 1546 2264 eum
1576 2208 1670 2263 Ju-

122 2296 233 2350 d:cis
267 2296 519 2352 revelavit
562 2299 816 2353 utetiam
857 2309 1046 2371 gentes
1087 2315 1183 2371 per
1226 2301 1382 2354 iidem
1421 2300 1668 2355 eumdem

120 2387 406 2457 conspicere
442 2387 663 2444 laeeret.
699 2390 829 2446 Dico
855 2392 997 2460 quod
1044 2391 1302 2446 revelavit
1332 2391 1667 2448 Salvatorem

120 2490 163 2535 et
184 2481 368 2537 Judteis
389 2492 446 2538 et
469 2485 739 2553 gentibus,
764 2493 819 2539 et
841 2484 919 2539 sic
942 2484 1247 2538 recordatus
1277 2493 1352 2539 est
1374 2486 1665 2539 misericor-

119 2573 205 2625 dia
222 2590 323 2627 sua:
347 2584 604 2644 quantum
642 2576 709 2631 ad
736 2585 944 2647 gentes,
972 2586 1020 2631 et
1048 2579 1296 2645 veritatis,
1333 2578 1384 2633 id
1412 2586 1494 2635 est
1529 2594 1670 2633 verre

120 2663 460 2730 promissionis
482 2681 592 2719 sure
630 2665 809 2719 domui
839 2665 1009 2720 Israel
1034 2664 1212 2731 facta},
1243 2668 1295 2721 id
1326 2676 1408 2723 est
1454 2668 1669 2722 familim

122 2753 278 2819 Israel,
311 2756 513 2812 scilicet
539 2755 757 2813 Judaais.
783 2757 935 2825 Quod
961 2767 1045 2813 est
1079 2759 1259 2815 dicere
1287 2778 1299 2813 :
1326 2759 1447 2814 Ideo
1483 2759 1667 2814 notiti-

120 2845 241 2899 cavit
265 2844 617 2913 Salvatorem,
661 2857 717 2902 ut
741 2863 836 2917 per
866 2864 989 2904 eum
1021 2850 1271 2920 gentibus
1297 2850 1666 2915 misereretur,

120 2950 234 3004 quas
251 2936 337 2992 diu
367 2939 516 2994 visus
541 2949 625 2996 est
644 2940 898 2997 oblivioni
927 2943 1158 3007 dedisse,
1186 2952 1239 2997 ct
1264 2952 1320 2997 ut
1343 2958 1526 2998 veram
1552 2960 1668 3014 pro-

123 3030 403 3093 missionem
438 3046 590 3086 suam
634 3030 835 3088 Judaais
871 3032 1067 3088 factam
1103 3035 1422 3105 compleret.
1457 3035 1660 3090 Promi-

120 3130 243 3175 serat
267 3123 407 3176 enim
436 3138 533 3193 per
561 3123 776 3195 Moysen
808 3124 889 3180 sic
918 3144 930 3179 :
971 3143 989 3176 ι
1027 3123 1355 3195 Pr0phetam
1387 3143 1453 3182 cx
1485 3125 1663 3180 fratri-
1697 3156 1742 3217 Ο

120 3212 203 3267 bus
240 3216 432 3271 vestris
483 3216 769 3271 suscitabit
809 3217 959 3272 vobis
997 3218 1254 3274 Dominus
1303 3219 1444 3274 Deus
1490 3229 1670 3274 vester

120 3303 275 3369 (Deut.
301 3322 455 3371 svnt,
483 3306 593 3375 15),
624 3326 643 3357 ι
671 3317 777 3364 etc.
806 3307 939 3374 Quia
971 3318 1366 3378 veroposuerat
1394 3309 1669 3364 indeliuite

119 3393 329 3448 reuelauit
356 3398 412 3450 in
452 3408 727 3466 conspectu
754 3400 1008 3467 gentium,
1051 3400 1433 3455 universaliter
1463 3402 1565 3456 hoc
1590 3401 1669 3457 sic

119 3483 266 3537 dicit:
307 3486 423 3539 Dixi
464 3488 607 3555 quod
650 3488 885 3557 gentibus
924 3490 1183 3554 reuelauit,
1227 3498 1284 3545 et
1328 3506 1433 3547 non
1481 3493 1670 3561 paucis

117 3575 326 3642 quidem,
358 3578 453 3633 sed
475 3580 713 3633 uiderunt
742 3579 845 3634 lide
871 3598 1044 3635 omnes
1071 3583 1281 3636 termini
1305 3591 1478 3649 terrm,
1505 3584 1554 3637 id
1587 3593 1671 3640 est

117 3668 412 3723 omnismodi
452 3679 660 3736 αδηερε,
706 3670 1013 3726 habitantes
1046 3673 1305 3728 terminos
1336 3682 1493 3728 terrae
1525 3674 1670 3728 salu-

118 3763 228 3821 tare,
257 3760 307 3812 id
330 3768 413 3814 est
444 3755 781 3816 Salvatorem
831 3762 1038 3817 Domini
1072 3762 1168 3816 Dei
1198 3766 1380 3818 nostri.
1426 3765 1491 3818 Et
1533 3766 1669 3820 bene

118 3848 247 3915 ponit
274 3852 459 3915 nostri,
492 3856 558 3906 ad
584 3854 982 3909 auctoritatem.
1013 3854 1088 3909 Ac
1122 3855 1166 3909 si
1195 3855 1339 3909 dicat
1368 3874 1381 3909 :
1415 3854 1518 3922 Qui
1562 3871 1666 3909 non

117 3947 186 3992 est
216 3955 420 4008 recens,
445 3945 537 3998 sed
566 3943 734 3999 Filius
771 3955 854 4000 est
881 3944 979 3999 Dei
1004 3947 1186 4010 nostri,
1216 3945 1268 4001 id
1292 3956 1376 4002 est
1406 3947 1547 4003 illius
1573 3946 1669 4003 Dci

117 4042 254 4096 quem
282 4046 381 4086 nos
411 4034 685 4103 prophetae
711 4035 959 4090 colimus.

179 4123 259 4177 Vel
288 4132 462 4193 potest
495 4127 599 4180 hoc
635 4126 921 4197 allegorice
949 4126 1074 4197 legi.
1116 4125 1249 4183 Dico
1293 4127 1436 4197 quod
1467 4127 1668 4184 Iuda-is

114 4220 159 4265 et
185 4215 424 4282 gentibus
454 4214 712 4280 reuelauit,
741 4224 796 4270 et
821 4231 925 4269 non
953 4215 1204 4271 omnibus
1229 4230 1419 4272 revera
1461 4217 1669 4272 revela-

117 4312 188 4358 tus
209 4314 309 4369 est,
333 4307 429 4361 sed
456 4323 631 4361 omnes
662 4308 868 4361 termini
892 4317 1067 4372 terrm,
1091 4307 1142 4362 id
1164 4315 1249 4363 est
1272 4322 1461 4363 omnes
1485 4309 1669 4363 termi-

116 4406 288 4452 nantes
317 4398 367 4452 in
395 4414 453 4454 se
495 4400 865 4454 terrenitatem
914 4408 1022 4452 tam
1057 4397 1225 4454 Judazi
1256 4415 1417 4469 quam
1455 4410 1665 4472 gentes,

1774 1918 1840 1974 lis
1866 1936 1985 1976 esse
2010 1923 2296 1990 Apostolus
2323 1926 2635 1996 apparebat,
2664 1928 3008 1983 cumdiceret
3038 1947 3052 1983 :
3081 1948 3099 1980 ι
3130 1930 3358 1996 Quando

1776 2012 2037 2079 inlirmOr,
2087 2025 2211 2071 tunc
2259 2017 2453 2072 fortior
2494 2035 2611 2073 sum
2646 2028 2700 2075 et
2736 2031 2926 2090 potens
2962 2021 3048 2093 (II
3087 2020 3211 2077 Cor.
3256 2040 3355 2089 xu,

1775 2102 1883 2172 10).
1933 2124 1951 2156 ι
1989 2103 2054 2159 Et
2083 2107 2293 2177 psallite
2323 2109 2377 2163 in
2407 2126 2528 2163 voce
2555 2111 2693 2165 tust
2722 2128 2946 2178 cornere,
2980 2113 3031 2167 in
3062 2128 3194 2168 voce
3224 2130 3359 2184 przc-

1772 2196 2059 2253 dicatiouis
2091 2200 2400 2269 procedenti
2429 2204 2508 2258 sic
2547 2219 2612 2258 ex
2649 2204 2825 2271 vobis,
2861 2214 2919 2260 ut
2958 2206 3081 2261 sitis
3119 2207 3266 2272 tuba,
3302 2210 3356 2263 id

1771 2297 1854 2341 est
1877 2290 2160 2345 manifeste
2185 2282 2567 2361 prmdicautes,
2593 2304 2647 2349 ct
2677 2311 2899 2360 cornea,
2928 2297 2981 2351 id
3003 2306 3085 2352 est
3115 2299 3164 2352 in
3193 2315 3360 2354 Carne

1772 2381 2040 2435 manendo
2086 2396 2190 2435 non
2231 2385 2526 2437 secundum
2563 2400 2784 2440 carnem
2818 2388 3138 2454 militantes,
3173 2399 3231 2443 ut
3261 2406 3359 2458 pro

1773 2476 1987 2523 terreno
2017 2473 2300 2525 commodo
2330 2473 2602 2538 militetis;
2637 2476 2729 2530 sed
2765 2477 3004 2531 carnalia
3033 2493 3361 2548 superexcc-

1772 2559 1902 2626 dite,
1931 2571 1984 2616 et
2006 2565 2071 2618 ad
2103 2563 2343 2618 cmlestia
2376 2575 2638 2635 spectate,
2680 2575 2734 2621 et
2775 2568 2933 2639 rigidi
2967 2570 3017 2623 in
3050 2571 3358 2625 constantia

1770 2659 1965 2716 estote,
2007 2651 2071 2704 ad
2118 2654 2526 2709 similitudinem
2570 2672 2763 2722 cornu,
2796 2660 2938 2728 quod
2968 2662 3018 2713 in
3050 2676 3216 2715 carne
3246 2678 3360 2714 ma-

1773 2756 1927 2806 nens,
1954 2744 2197 2799 eamdem
2238 2760 2458 2800 carnem
2484 2749 2718 2814 excedit,
2748 2758 2805 2804 et
2843 2766 2963 2805 cum
3002 2751 3230 2822 rigidum
3266 2754 3358 2819 sit,

1773 2834 1837 2887 ad
1867 2836 2037 2889 altum
2073 2839 2263 2893 tendit.

1845 2925 1959 2980 lloc
1988 2936 2167 2983 autem
2201 2940 2678 2998 praemonstratum
2725 2943 2809 2989 est
2854 2935 2907 2989 in
2948 2936 3118 3005 priori
3161 2938 3363 3007 popqu

1770 3014 2102 3084 Judmorum,
2129 3018 2219 3088 qui
2243 3020 2295 3073 in
2328 3020 2515 3075 diebus
2529 3021 2684 3077 festis
2707 3022 2990 3095 clangebat
3014 3025 3155 3080 tubis
3182 3027 3361 3081 ducti-

1774 3109 1912 3164 libus
1943 3119 1997 3165 et
2024 3111 2255 3167 corneis.
2280 3110 2536 3179 Jubilate,
2562 3114 2802 3185 inquam,
2831 3116 2999 3186 jubilo
3026 3115 3359 3183 devotionis,

1772 3209 1827 3279 et
1864 3202 2045 3257 hocin
2076 3214 2351 3273 conspectu
2395 3206 2526 3275 regis
2573 3206 2803 3272 Domini,
2852 3207 2904 3262 id
2941 3216 3025 3263 est
3069 3210 3190 3264 ideo
3229 3211 3358 3279 quia

1772 3294 2045 3349 meruistis
2069 3309 2190 3349 esse
2214 3296 2266 3349 in
2296 3307 2589 3366 conspectu
2626 3298 2745 3351 lidei
2777 3298 2917 3354 illius
2944 3301 3035 3369 qui
3069 3316 3165 3356 rex
3197 3311 3361 3357 estet

1772 3386 2050 3453 Dominus,
2077 3387 2142 3441 de
2170 3387 2323 3455 cujus
2352 3398 2643 3458 conspectu
2676 3389 2832 3445 valde
2869 3390 3209 3460 jubilandum
3248 3403 3355 3448 est.

1771 3476 1907 3544 Quia
1957 3493 2086 3532 vero
2129 3487 2313 3548 posset
2349 3478 2532 3548 objici,
2566 3495 2693 3534 vere
2726 3497 2831 3535 non
2856 3479 3188 3549 jubilabunt,
3231 3484 3358 3553 quia

1772 3584 1876 3622 non
1909 3578 2180 3638 poterunt.
2211 3578 2431 3641 propter
2457 3572 2622 3626 maris
2649 3573 2964 3637 motionem,
2998 3573 3150 3628 addit
3180 3592 3193 3627 :
3227 3574 3360 3629 Dico

1763 3658 2008 3728 jnbilate,
2048 3669 2101 3715 et
2139 3662 2182 3716 si
2229 3677 2380 3717 mare
2417 3672 2621 3717 motum
2654 3663 2816 3719 fuerit
2856 3676 3043 3720 contra
3087 3680 3205 3731 vos,
3238 3681 3361 3737 qua:

1771 3750 1950 3804 curae?
1979 3762 2247 3806 moveatur
2286 3755 2419 3809 satis
2450 3770 2547 3825 per
2578 3754 2953 3811 tribulationes
2984 3774 3150 3824 mare,
3180 3757 3233 3813 id
3273 3767 3360 3814 est

1770 3840 1999 3909 populus
2026 3841 2331 3897 amarieans
2354 3853 2401 3896 et
2432 3859 2536 3898 non
2566 3858 2731 3914 parva
2762 3862 2890 3916 pars
2919 3848 3107 3915 maris,
3132 3849 3223 3903 sed
3249 3848 3360 3917 ple-

1772 3933 1976 4001 nitudo,
2000 3933 2051 3987 id
2090 3944 2170 3987 est
2202 3936 2632 4011 multitudoﬁus
2662 3939 2849 3993 maris.
2893 3938 2969 3994 Ne
3000 3956 3128 3995 vero
3161 3940 3362 3995 intelli-

1770 4038 2021 4093 geremus
2046 4041 2193 4081 mare
2217 4027 2282 4080 ad
2316 4026 2574 4093 litteram,
2598 4029 2753 4107 addit
2776 4039 2833 4083 ut
2874 4030 3218 4093 determinet,
3251 4031 3357 4084 sci-

1771 4113 1898 4170 licet
1923 4116 2062 4170 orbis
2091 4127 2349 4171 terrarum
2379 4128 2680 4173 moveatur.
2708 4118 2785 4173 Ne
2814 4134 2942 4173 vero
2972 4120 3143 4197 ipsum
3165 4122 3354 4175 orbem

1772 4206 2100 4263 immobilem
2126 4210 2474 4278 accipiamus,
2500 4212 2676 4265 adhuc
2704 4212 3047 4265 determinat.
3075 4210 3167 4278 Et,
3191 4212 3242 4266 id
3272 4224 3358 4269 est

1768 4299 1979 4355 scilicet
2022 4300 2097 4355 illi
2141 4311 2463 4355 moveantur
2507 4301 2756 4355 infideles
2797 4305 2888 4372 qui
2930 4303 3165 4357 habitant
3199 4305 3254 4357 in
3290 4319 3358 4358 co

1770 4389 1921 4444 orbe.
1953 4389 2064 4444 lloc
2092 4400 2271 4445 autem
2304 4406 2479 4461 neque
2504 4392 2712 4461 optatio
2734 4401 2814 4446 est
2844 4408 3019 4463 neque
3046 4394 3354 4458 concessio,

114 4489 331 4544 uiderunt
362 4506 487 4546 vera
515 4493 720 4547 visione
747 4493 864 4547 lidei
894 4492 1127 4546 salutare
1158 4492 1254 4546 Dei
1284 4482 1467 4548 nostri.
1494 4494 1668 4548 Ca-te-

1774 4483 1870 4537 sed
1897 4498 2224 4549 sarcasmos,
2251 4485 2301 4537 id
2340 4494 2422 4540 est
2450 4486 2662 4541 hostilis
2693 4487 2893 4543 irrisio.
2933 4488 3061 4543 Dico
3089 4503 3351 4543 movean-

115 4594 216 4633 rum
236 4582 398 4651 priori
420 4585 699 4637 sententia:
721 4582 884 4654 390
908 4583 975 4637 ad
1003 4583 1236 4638 litteram
1268 4583 1458 4638 melius
1480 4584 1666 4637 viden-

116 4678 189 4722 ιιι·
217 4673 490 4742 sequentia
519 4675 868 4729 concordare.
912 4673 1042 4729 Dico
1076 4674 1218 4744 quod
1256 4672 1503 4728 Christus
1541 4677 1670 4727 dea:-

114 4771 212 4819 lera
244 4766 335 4820 Dei
359 4769 572 4822 saluauit
600 4783 768 4839 genus
797 4767 1112 4833 lmmanttm,
1137 4776 1191 4823 et
1214 4769 1483 4823 revelatus
1505 4778 1587 4822 est
1617 4777 1672 4823 et

114 4852 295 4912 ludaais
323 4868 378 4912 et
404 4860 654 4929 gentibus
682 4873 697 4912 :
724 4867 780 4914 et
806 4859 906 4913 hac
932 4859 1217 4914 occasione
1234 4857 1463 4927 jubilate
1492 4856 1671 4911 Domi-

115 4964 191 5012 no,
220 4951 434 5008 Christo
460 4954 667 5008 intensa
698 4950 982 5007 aﬂ‘ectione
1012 4952 1317 5008 dilectionis
1344 4964 1399 5007 et
1426 4953 1670 5010 devotio-

115 5040 187 5092 nis
227 5043 391 5095 omnis
437 5052 598 5104 terra,
648 5042 699 5096 id
746 5051 830 5097 est
873 5058 1065 5097 omnes
1104 5043 1438 5100 habitatores
1482 5054 1665 5110 terrre;

114 5142 323 5198 cantate,
357 5134 408 5188 id
436 5147 518 5190 est
545 5135 680 5190 bene
706 5136 773 5190 de
797 5150 863 5190 eo
890 5136 1144 5207 cogitate,
1176 5138 1319 5207 quod
1362 5138 1464 5207 ipsi
1493 5139 1667 5193 cauti-

113 5236 220 5276 cum
242 5226 364 5288 erit,
394 5236 438 5279 et
467 5226 726 5280 exsultale
752 5227 977 5282 interius
1006 5228 1140 5283 bene
1168 5228 1455 5299 cogitando
1489 5229 1555 5282 dc
1582 5243 1667 5297 eo,

114 5326 153 5366 et
177 5317 394 5383 psallite.
426 5318 492 5374 Et
514 5320 732 5389 exponit
760 5320 1029 5391 quomodo
1050 5320 1235 5391 jubeat
1264 5320 1516 5391 psallere,
1544 5336 1667 5376 cum

115 5408 283 5463 addit:
319 5409 558 5477 Psallite,
585 5413 826 5482 inquam,
853 5412 1073 5467 Domino
1094 5413 1328 5477 Christo,
1355 5413 1407 5467 id
1432 5421 1513 5467 est
1542 5427 1671 5465 ean-

116 5505 233 5563 tate,
263 5511 315 5555 et
361 5501 459 5557 hoc
509 5504 562 5556 in
607 5503 839 5569 cithara,
868 5505 922 5557 in
970 5505 1195 5567 cithara,
1241 5503 1294 5558 id
1325 5512 1408 5559 cst
1445 5502 1497 5556 iu
1529 5503 1669 5557 bona

114 5592 410 5658 operatione
455 5594 823 5649 membrorum
869 5609 1205 5661 vestrorum,
1255 5611 1374 5666 quae
1421 5595 1668 5650 mortalia

116 5694 229 5737 sunt
252 5685 517 5742 inferioris
547 5698 753 5742 natura:
774 5702 932 5757 quam
963 5688 1162 5751 anima,
1199 5690 1422 5758 ideoque
1458 5703 1556 5758 per
1593 5688 1671 5741 ci-

119 5772 315 5832 tharam
348 5779 696 5850 accipiuntur,
732 5795 849 5851 quae
878 5794 941 5835 ex
970 5778 1208 5835 infcriori
1238 5790 1414 5847 sonat,
1442 5789 1495 5834 ct
1522 5780 1670 5836 corio

1773 4585 1881 4643 tur,
1928 4576 2069 4646 quod
2106 4578 2356 4648 equidem
2397 4579 2693 4634 curandum
2742 4595 2846 4634 non
2890 4589 2996 4635 est.
3024 4578 3176 4636 Licet
3207 4582 3354 4636 enim

1772 4679 2113 4737 moveantur,
2143 4672 2360 4741 [lumina
2387 4680 2585 4734 tamen,
2617 4672 2667 4726 id
2697 4681 2782 4727 est
2805 4672 2991 4729 ﬁdeles
3020 4674 3110 4744 qui
3145 4689 3172 4728 a
3208 4673 3357 4729 fonte

1770 4763 1968 4819 Christi
2017 4765 2346 4832 prodeuntes
2388 4780 2493 4819 non
2544 4765 2802 4823 deficiunt
2844 4767 2985 4822 sicut
3026 4766 3275 4830 ﬂumina,
3323 4781 3355 4821 τι

1772 4857 1918 4912 fonte
1951 4858 2188 4928 quolibet
2209 4869 2326 4912 orta
2358 4858 2725 4915 indesinenter
2752 4860 2943 4927 (luunt,
2965 4860 3211 4931 plaudcnt
3243 4876 3356 4912 ina-

1774 4964 1862 5012 nu,
1894 4949 1943 5002 id
1968 4958 2052 5004 est
2072 4948 2399 5021 conjungent
2421 4951 2507 5006 hic
2529 4967 2650 5007 cum
2676 4952 2859 5007 lzetitia
2888 4954 3024 5008 bona
3041 4968 3203 5021 opera
3227 4966 3355 5014 sua,

1772 5040 1950 5094 ethoc
1971 5039 2149 5104 simul,
2181 5041 2231 5095 id
2257 5051 2339 5095 est
2365 5056 2485 5096 cum
2504 5044 2814 5098 concordia.
2848 5041 3000 5109 Quod
3031 5050 3114 5095 est
3135 5041 3347 5094 dicere:

1774 5132 2165 5187 concordanter
2195 5140 2248 5187 et
2285 5133 2621 5190 exsultanter
2667 5134 2805 5189 bene
2847 5132 3232 5203 operabnntur.
3287 5131 3353 5186 Et

1772 5239 1869 5293 per
1896 5224 1999 5280 hoc
2023 5224 2199 5281 innuit
2224 5227 2367 5296 quod
2398 5238 2617 5298 prapter
2646 5226 3063 5283 commotionem
3094 5238 3198 5278 non
3231 5238 3353 5279 ces-

1772 5318 1970 5372 sabunt
2005 5318 2235 5375 interius
2264 5335 2292 5373 a
2317 5320 2658 5390 jubilatione,
2692 5320 2782 5390 qui
2814 5318 3053 5374 exterius
3098 5317 3351 5387 impediri

1772 5423 1878 5463 non
1908 5419 2159 5479 poterunt
2181 5412 2250 5467 ab
2274 5412 2611 5481 operatione.
2640 5410 2903 5466 Plaudere
2930 5409 3146 5479 quidem
3174 5416 3256 5463 est
3284 5423 3348 5462 ex

1773 5502 1953 5558 laetitia
1978 5519 2101 5559 cum
2146 5504 2349 5575 impetu
2397 5519 2590 5559 manus
2635 5503 2984 5573 conjungere.
3032 5500 3163 5554 Dico
3207 5498 3351 5570 quod

1772 5598 1992 5666 ﬂumina
2027 5596 2275 5667 plaudent
2298 5609 2353 5651 et
2376 5597 2491 5665 ipsa
2520 5597 2704 5652 eadem
2736 5594 3021 5651 cxistentia
3052 5602 3271 5655 montes,
3300 5590 3351 5644 id

1772 5702 1848 5746 est
1876 5691 2124 5746 sublimia
2155 5693 2204 5746 in
2230 5692 2540 5757 virtutibus,
2563 5690 2897 5746 exsultabant
2923 5688 2975 5742 itt
3003 5684 3204 5747 futuro,
3230 5698 3363 5753 qua:-

1775 5782 2060 5839 cxsnltatio
2111 5783 2384 5853 continget
2436 5802 2466 5838 a
2514 5792 2785 5852 conspectu
2829 5778 3059 5843 Domini,
3104 5775 3154 5831 id
3200 5783 3281 5829 est
3321 5790 3351 5825 ιι
