3872 6320
498 300 638 355 1ιέᾁὸ

1055 292 1111 347 S.
1156 291 1504 348 BRUNONIS
1540 282 2187 345 CAR'I‘HUSiANOliUM
2229 280 2710 338 lNSTlTUTORlS
2748 280 2897 337 OPP.
2937 280 3128 352 PARS
3168 280 3204 335 l.

3572 292 3678 345 “56

488 412 771 484 przesentis
811 410 1019 465 visione
1046 407 1272 463 Christi.
1306 407 1371 460 Et
1402 421 1527 460 vere
1562 419 1683 458 eum
1729 399 2067 469 conspiciant
2096 405 2140 459 Α
2173 397 2336 449 Deum
2356 396 2704 453 honorarent.
2737 396 2809 450 De
2834 397 2934 451 hoc
2951 410 3080 450 vero
3098 395 3303 464 judicio
3323 406 3440 452 sunt
3458 399 3542 470 ipsi
3564 405 3678 461 inex.

490 502 864 572 corporaliter,
893 500 1017 569 quia
1050 497 1162 566 ipse
1182 495 1339 566 391
1368 497 1521 553 venit.
1557 495 1609 547 id
1634 500 1715 547 est
1740 491 1917 544 veniet
1946 505 2067 543 eor-

487 592 748 663 poraliter
768 590 1015 659 judicare
1034 597 1249 649 terram,
1282 586 1333 637 id
1362 593 1447 636 est
1483 595 1671 636 onmes
1700 579 1965 633 homines.
2005 577 2071 632 Et

492 698 617 740 tunc
642 684 858 753 quidem
880 680 1143 751 judicavit
1172 677 1344 730 orbem
1368 684 1541 737 terra),
1579 673 1630 725 id
1668 682 1747 727 est
1780 670 2066 741 perfectos,

491 775 795 845 injustitia,
824 768 1220 825 remunerando
1243 781 1355 830 eos,
1381 774 1429 818 et
1449 762 1687 833 populos,
1721 762 1983 827 inlideles,
2013 763 2068 814 in

492 868 737 937 a'quitate
762 862 907 932 juste
936 857 1253 915 damnando.

922 951 989 1006 ΙΝ
1027 946 1355 1004 PSALMUM
1392 945 1619 1001 XCVIII.

561 1047 760 1103 Psalmi
787 1039 1115 1110 nonagesimi
1155 1039 1330 1092 octavi
1361 1038 1568 1092 titulus.
1602 1037 1846 1091 Psalmus
1896 1036 2068 1090 David

493 1141 794 1210 propheta},
823 1133 1030 1203 agentis
1058 1140 1244 1186 contra
1270 1130 1511 1185 inﬁdeles
1534 1128 1749 1183 Judaeos
1770 1129 2068 1183 irascentes

488 1233 555 1284 de
588 1244 748 1298 regno
774 1224 994 1288 Christi,
1033 1224 1327 1276 ostendens
1358 1221 1494 1274 iram
1521 1235 1707 1274 eorum
1736 1220 1979 1274 inutilem
2014 1228 2069 1273 et

496 1322 771 1391 injustam.
824 1317 1071 1372 lnutilem
1126 1316 1363 1385 quidem,
1414 1315 1668 1384 quoniam
1724 1314 1857 1367 nihil
1905 1328 2067 1383 regno

482 1413 600 1482 ejus
630 1411 704 1463 ira
730 1396 920 1464 eorum
949 1406 1181 1472 nocebit,
1208 1421 1331 1461 eum
1357 1410 1543 1461 sedeat
1576 1421 1737 1475 super
1774 1405 2066 1459 Cheruhitn

486 1513 540 1556 et
570 1498 881 1571 regnctjam
922 1500 975 1553 in
1010 1498 1163 1562 Sion,
1194 1508 1247 1552 et
1286 1498 1339 1551 in
1368 1497 1573 1568 populis
1610 1497 1869 1567 gentium.
1928 1494 2066 1563 lnju-

476 1588 623 1646 'stam
650 1607 802 1657 vero,
830 1606 951 1645 cum
974 1592 1232 1645 adversus
1257 1606 1380 1643 eum
1410 1600 1724 1643 moveantur
1745 1589 1834 1657 qui
1856 1604 1957 1641 non
1983 1596 2065 1642 est

486 1697 678 1737 recens
709 1683 870 1748 Deus,
903 1681 995 1737 sed
1027 1697 1186 1751 quem
1218 1682 1502 1735 coluerunt
1528 1679 1757 1751 Moyses,
1787 1688 1839 1733 et
1884 1680 2062 1733 Aaron

2172 479 2461 541 cusaliiles.
2518 486 2595 539 Tu
2644 486 2813 550 enim,
2865 486 2967 542 nisi
3002 486 3101 556 ipsi
3135 486 3333 541 duritia
3366 489 3685 554 incredulitatis

2170 577 2499 643 obstiterint,
2535 579 2760 646 parasti,
2790 578 2951 631 best
2988 577 3222 647 parabis,
3270 594 3364 646 per
3387 583 3599 651 gratiam,
3623 590 3687 641 di-

2174 672 2451 736 rectiones,
2497 672 2708 726 scilicet
2754 680 2807 725 ta
2852 688 2946 727 eos
2975 672 3066 741 qui
3107 686 3205 741 per
3228 672 3566 731 inﬁdelitatem
3588 692 3687 737 sunt

2172 760 2408 826 distorti,
2442 761 2679 815 directos
2705 760 2893 815 facies.

2242 849 2473 919 Exponit
2503 866 2631 918 ergo
2668 866 2804 919 quas
2834 851 3146 905 directiones
3183 868 3238 905 tn
3270 852 3348 906 eis
3372 855 3571 922 parabit,
3592 873 3686 912 cum

2171 941 2357 993 addit:
2396 941 2614 995 Scilicet
2655 952 2713 995 tu
2758 942 2948 1011 fecisti,
3004 943 3170 999 idest
3211 943 3377 998 facies
3406 948 3452 999 in
3478 947 3688 1006 cislactis

2170 1029 2357 1097 Jucob,
2393 1031 2442 1085 id
2473 1040 2555 1086 est
2586 1031 2943 1088 luctatoribus
2975 1050 3071 1102 per
3104 1035 3465 1103 imperantem
3490 1042 3686 1107 gratiam,

2161 1120 2450 1189 judicium,
2481 1132 2538 1175 ut
2560 1138 2617 1178 se
2642 1139 2762 1179 reos
2787 1125 2838 1178 in
2861 1125 3192 1179 conscientia
3212 1126 3464 1193 judicent,
3489 1138 3534 1181 et
3546 1143 3688 1199 postea

2168 1210 2450 1278 iustitiam,
2486 1223 2543 1267 ut
2579 1216 2631 1270 in
2664 1216 2955 1271 virtutibus
2994 1227 3048 1271 et
3078 1218 3333 1285 operibus
3366 1217 3687 1286 justitieentur.

2172 1305 2266 1360 Vel
2296 1308 2536 1361 ostensio
2565 1322 2594 1360 a
2623 1308 2787 1362 simili
2824 1310 2903 1362 sic
2929 1324 3050 1365 esse
3079 1320 3257 1379 potest
3287 1328 3300 1363 :
3334 1311 3453 1365 Dico
3477 1315 3594 1382 quod
3616 1314 3688 1368 Ito-

2171 1413 2267 1449 nor
2299 1399 2433 1467 regis
2483 1400 2672 1470 diliget
2708 1401 3001 1470 judicium,
3052 1403 3196 1471 quod
3234 1404 3443 1471 quidem
3480 1406 3689 1475 judicium

2170 1488 2270 1542 nisi
2302 1490 2401 1557 ipsi
2436 1492 2880 1561 repugnaverint,
2913 1493 2965 1546 in
2992 1493 3071 1547 eis
3110 1508 3210 1562 per
3239 1495 3461 1562 gratiam
3504 1500 3688 1566 paratis.

2167 1579 2233 1633 Et
2262 1580 2386 1636 inde
2410 1582 2513 1636 hoc
2538 1585 2944 1651 comprobatur,
2971 1586 3097 1654 quia
3125 1595 3178 1638 tu
3198 1586 3310 1653 jam
3341 1587 3393 1640 in
3422 1588 3581 1643 multis
3601 1591 3693 1646 aliis

2168 1668 2324 1725 factis
2364 1671 2497 1727 Sion
2549 1676 2752 1742 parasti
2801 1676 3113 1731 directiones
3157 1678 3321 1748 392
3370 1695 3483 1735 cum
3526 1682 3695 1738 distorti

482 1782 539 1827 et
589 1772 829 1835 Samuel,
880 1780 934 1825 et
975 1774 1156 1825 cuncti
1208 1772 1299 1840 qui
1352 1771 1491 1839 apud
1534 1769 1748 1824 Judmos
1797 1770 2063 1823 habentur
2098 1778 2139 1832 Β
2165 1774 2370 1830 essent,
2405 1766 2613 1820 scilicet
2644 1776 2698 1820 tu
2723 1768 2891 1837 fecisti
2924 1770 2975 1822 in
3000 1770 3078 1824 eis
3096 1770 3359 1838 judicium
3387 1784 3431 1825 et
3456 1774 3693 1842 justitiam.

481 1864 848 1918 auctorizabil.
868 1879 913 1918 s.
944 1862 1052 1917 lloc
1081 1872 1259 1917 autem
1302 1878 1366 1916 ea
1395 1862 1689 1916 intentione
1719 1860 1867 1925 facit,
1896 1871 1955 1915 ut
1975 1877 2067 1916 eos

484 1954 553 2009 ab
584 1954 683 2008 hac
713 1955 791 2007 ira
829 1962 1062 2018 revocet,
1114 1962 1223 2006 tum
1270 1953 1393 2022 quia
1431 1952 1627 2019 iujusta
1658 1961 1769 2017 est,
1801 1961 1912 2005 tum
1941 1953 2066 2022 quia

485 2045 714 2112 inutilis,
754 2055 809 2100 et
838 2047 917 2100 sic
958 2047 1023 2099 ad
1060 2045 1424 2100 confitendum
1470 2046 1577 2099 Deo
1615 2044 1830 2100 Christo
1854 2046 2063 2099 invitet.

482 2136 607 2205 Agit
636 2146 814 2190 autem
861 2151 1010 2190 more
1041 2135 1356 2205 prophetico
1388 2136 1453 2189 de
1488 2137 1691 2202 futuro,
1718 2152 1816 2206 per
1857 2147 2065 2206 tempus

481 2229 833 2298 praeteritum.

558 2321 809 2375 Dominus
853 2322 1102 2376 Christus
1159 2321 1409 2390 regnavit,
1462 2320 1511 2375 id
1564 2332 1648 2376 est
1696 2337 1915 2390 regnum
1962 2320 2062 2375 sibi

482 2414 735 2478 obtinuit,
763 2414 967 2467 calcata
1002 2424 1193 2478 morte,
1231 2425 1284 2468 et
1314 2413 1437 2468 inde
1466 2414 1764 2467 irascantur
1796 2423 2056 2482 quantum

481 2505 649 2558 velint
695 2506 869 2575 populi
900 2504 1206 2561 Judeeorum
1260 2505 1542 2559 increduli.
1590 2504 1700 2559 Hoc
1745 2515 2064 2559 autemnon

484 2597 614 2653 dicit
642 2599 708 2652 ad
739 2599 1087 2668 Optationem,
1134 2600 1225 2653 sed
1257 2598 1322 2651 ad
1366 2598 1601 2668 ipsorum
1631 2598 1956 2652 irrisionem.
1988 2598 2065 2652 Ac

485 2690 529 2744 si
578 2690 829 2745 diceret:
876 2690 1060 2759 Populi
1119 2691 1335 2759 quidem
1400 2690 1710 2746 irascuntur
1779 2692 1845 2746 de
1899 2691 2066 2761 ipsius

486 2795 674 2848 regno,
731 2782 825 2835 sed
870 2796 989 2850 quae
1021 2782 1189 2835 cura?
1233 2781 1537 2835 irascantur
1574 2793 1837 2851 quantutn
1880 2783 2062 2849 velint,

485 2873 597 2942 ipse
626 2884 801 2927 tamen
848 2884 1052 2944 regnat,
1101 2882 1156 2928 et
1198 2875 1314 2927 sine
1344 2874 1450 2928 fine
1484 2875 1748 2944 regnabit.
1784 2876 2062 2939 Dominus,

484 2967 725 3035 inquam,
758 2970 845 3035 qui
869 2968 1007 3019 sedet
1047 2982 1200 3033 super
1239 2964 1536 3031 Clterubim,
1578 2967 1629 3020 id
1656 2979 1738 3021 est
1764 2968 1854 3036 qui
1877 2968 2064 3036 domi-

484 3064 642 3109 natur
669 3056 990 3110 sublimibus
1031 3056 1308 3124 spiritibus
1353 3056 1678 3122 Cherubim,
1733 3074 1959 3113 manens
2011 3059 2063 3113 in

2169 1856 2334 1911 Facta
2360 1859 2634 1928 optatione
2664 1861 2731 1914 ad
2764 1862 2983 1916 eosdem
3015 1863 3080 1917 de
3117 1864 3314 1933 quibus
3341 1868 3547 1935 optavit.
3579 1868 3693 1937 Apo-

2169 1951 2444 2018 strdpham
2492 1953 2887 2009 exhortationis
2942 1957 3022 2011 sic
3076 1957 3225 2011 facit.
3271 1957 3406 2028 Opto
3449 1960 3699 2030 quidcm,o

2167 2038 2336 2097 Judaei
2367 2044 2650 2109 increduli,
2680 2056 2738 2100 ut
2770 2048 2937 2102 Deum
2982 2050 3121 2104 bona
3160 2050 3493 2107 confessione
3539 2058 3702 2112 exalte.

2174 2132 2263 2198 tis,
2297 2142 2348 2187 et
2386 2134 2566 2189 videte
2597 2136 2759 2191 utsic
2788 2137 3020 2194 faciatis.
3070 2138 3343 2207 Exaftate,
3379 2142 3564 2198 scilicet
3602 2149 3699 2212 title,

2168 2233 2224 2278 et
2269 2224 2579 2292 devotione,
2616 2237 2671 2282 et
2713 2244 2875 2299 opere
2910 2229 3191 2285 Dominum
3218 2231 3481 2288 Christmn
3503 2251 3591 2290 non
3634 2255 3703 2293 re-

2168 2323 2381 2370 centem
2420 2316 2611 2383 Deum,
2665 2320 2758 2374 sed
2802 2321 3123 2374 existentem
3156 2324 3326 2378 Deum
3375 2337 3601 2393 nostrum,
3629 2334 3701 2398 qui

2166 2409 2443 2477 propheta:
2471 2426 2679 2466 sumus.
2725 2412 2860 2479 Quia
2890 2429 3019 2467 vero
3051 2414 3265 2469 dixerat
3296 2416 3477 2483 Deum,
3506 2437 3563 2474 ne
3579 2422 3701 2476 vide-

2168 2505 2321 2551 retur
2358 2498 2494 2554 velle
2543 2510 2602 2554 ut
2675 2509 2879 2557 tantum
2926 2502 3040 2571 ejus
3095 2506 3352 2560 divinitas
3400 2510 3703 2579 exaltaretur,

2169 2588 2318 2643 addit
2348 2608 2361 2643 :
2394 2590 2462 2644 Et
2489 2593 2730 2660 adorale,
2774 2596 2825 2650 id
2853 2608 2935 2652 est
2979 2614 3191 2654 summo
3223 2602 3371 2657 cultu
3395 2610 3701 2674 veneraiuini,

2166 2682 2454 2736 scabellum
2481 2690 2673 2753 pedum
2716 2687 2851 2757 ejus,
2902 2690 2953 2744 id
2995 2701 3078 2745 est
3103 2708 3303 2762 corpus
3344 2696 3471 2765 ejus,
3500 2702 3704 2767 quoniam

2166 2784 2407 2826 sanctum
2430 2787 2504 2828 est
2530 2776 2583 2830 in
2622 2776 2770 2832 omni
2794 2779 3148 2848 perfectione.
3178 2784 3350 2840 Sedes
3377 2790 3571 2855 quidem
3593 2792 3707 2844 divi-

2167 2863 2376 2930 nitatis,
2421 2867 2600 2922 anima
2630 2870 2855 2937 dicitur;
2890 2874 3185 2928 scabellum
3220 2892 3351 2932 vero
3393 2881 3584 2949 pedum,
3615 2880 3707 2949 ejus

2166 2970 2384 3026 corpus,
2434 2960 2559 3029 quia
2600 2978 2723 3017 cum
2776 2966 2827 3017 in
2890 2972 3121 3035 utroque
3168 2968 3345 3024 deitas
3397 2973 3706 3040 spiritualiter

2169 3046 2457 3117 inhabitet,
2493 3054 2743 3122 superior
2795 3065 2971 3109 tamen
3022 3059 3074 3110 in
3122 3060 3385 3128 dignitate
3428 3072 3505 3117 est
3535 3066 3705 3131 animo,

483 3149 562 3202 eis
597 3147 892 3203 secundum
938 3147 1290 3203 subtilitatem
1342 3150 1537 3203 divinae
1569 3150 2059 3222 contemplationis.

2170 3155 2366 3210 corpus
2388 3153 2567 3197 autem
2606 3144 2849 3200 inferius.
2888 3145 3040 3202 Sicut
3070 3149 3230 3205 sedes
3260 3150 3707 3226 alicuj:ssupericr

484 3240 759 3295 Moventur
800 3240 963 3309 igitur
989 3251 1148 3307 terra,
1198 3241 1249 3295 id
1277 3251 1360 3296 est
1410 3242 1508 3313 ipsi
1550 3244 1727 3313 populi
1756 3244 2063 3299 Judmorum

485 3332 704 3398 terreni,
731 3334 1023 3388 secundum
1060 3334 1431 3389 terrenitatem
1472 3334 1837 3404 inquietentur
1866 3337 2037 3391 adver-

431 3407 443 3417 ’
480 3442 572 3481 sus
601 3442 757 3492 eum;
788 3441 893 3479 non
923 3438 1100 3482 tamen
1129 3424 1245 3495 ejus
1268 3443 1512 3498 regnum,
1539 3444 1724 3483 eorum
1753 3430 2063 3488 adversan

482 3518 680 3588 poterit
710 3517 947 3581 abolere,
1001 3534 1121 3573 cum
1157 3520 1292 3575 adeo
1340 3530 1531 3589 potens
1574 3522 1665 3587 sit,
1706 3522 1847 3589 quod
1877 3523 2064 3579 sedeat

480 3622 643 3675 super
675 3607 987 3662 Cbernbim.
1032 3607 1280 3664 Ostendit
1330 3611 1493 3679 igitur
1540 3612 1591 3665 in
1637 3612 1832 3681 quibus
1876 3623 2063 3683 regnet

482 3700 561 3754 sic
592 3714 607 3752 :
640 3698 768 3752 Dico
797 3708 933 3752 terra
958 3710 1242 3754 moveatur.
1273 3700 1392 3771 Ipse
1416 3711 1593 3756 tamen
1633 3703 1883 3757 Dominus
1906 3705 2063 3759 Chri-

484 3800 602 3846 stus
629 3806 850 3860 magnus
886 3800 1162 3861 reputatur
1186 3793 1240 3846 in
1275 3793 1425 3859 Sion,
1465 3795 1619 3850 idest
1651 3796 1833 3851 fideles
1868 3814 1931 3852 ex
1968 3798 2065 3853 Ju-

483 3882 633 3946 dveis,
660 3883 749 3952 qui
775 3882 884 3950 jam
914 3893 1039 3938 sunt
1084 3884 1236 3948 Sion,
1274 3900 1525 3972 mpgnum
1567 3902 1746 3958 regem
1786 3904 1908 3943 eum
1941 3906 2062 3944 esse

480 3984 834 4045 cognoscunt,
860 3986 906 4030 et
931 3976 1166 4031 excelsus
1197 3987 1301 4042 est,
1333 3980 1384 4033 id
1427 3990 1509 4034 cst
1540 3981 1883 4050 omnipotens
1908 4000 2064 4053 super

480 4084 655 4123 omnes
684 4068 927 4138 populos,
955 4069 1136 4125 ﬁdeles
1164 4086 1225 4125 ex
1253 4071 1523 4142 gentibus,
1555 4073 1605 4127 id
1626 4084 1707 4128 est
1732 4085 1917 4142 gentes
1939 4091 2060 4131 cum

481 4169 812 4227 cognoscunt
844 4161 1268 4229 omnipotentem
1309 4171 1363 4217 et
1406 4178 1569 4233 super
1603 4178 1693 4219 eas
1726 4175 2057 4232 regnantem.

480 4251 614 4317 Quia
640 4251 853 4306 dixerat
883 4252 1201 4318 irascantur,
1250 4268 1316 4309 ne
1363 4254 1637 4311 videretur
1684 4258 1784 4312 hoc
1825 4260 2061 4328 optative

478 4343 699 4406 dixisse,
738 4343 891 4397 addit
921 4361 933 4396 :
965 4344 1221 4411 Quamvis
1248 4346 1476 4401 dixerim
1526 4348 1826 4403 irascantur
1857 4351 2058 4419 pepuli,

478 4444 657 4488 tamen
686 4434 864 4504 potius
891 4444 1038 4504 opto,
1075 4435 1319 4504 Domine,
1364 4439 1712 4507 conﬁteantur
1748 4443 1942 4494 numini
1973 4453 2059 4493 tuo

476 4542 689 4597 magno,
720 4528 862 4597 quod
888 4537 973 4584 est
1010 4528 1287 4595 Dominus,
1323 4531 1531 4589 scilicet
1562 4532 1827 4586 desistant
1864 4534 1931 4587 ab
1963 4533 2062 4587 hac

484 4617 591 4681 ira,
622 4627 679 4672 et
706 4618 862 4674 fidem
901 4620 1159 4677 habentes
1200 4612 1470 4677 honorent
1517 4631 1567 4677 lc
1595 4621 1770 4685 laude,
1808 4624 1933 4694 quia
1969 4641 2065 4677 vc-

477 4709 619 4765 caris
653 4724 841 4765 eorum
887 4712 1172 4776 Dominus;
1208 4722 1261 4767 et
1288 4714 1651 4769 necessarium
1686 4724 1786 4781 est,
1813 4718 2059 4788 quoniam

478 4801 583 4855 hoc
611 4816 805 4856 nomen
836 4804 1063 4858 terribile
1084 4811 1189 4869 est,
1221 4803 1273 4857 id
1304 4812 1386 4859 est
1414 4807 1758 4861 metuendum
1783 4809 1982 4879 impiis,
2008 4819 2063 4864 et

478 4901 738 4955 sanctum,
770 4894 822 4948 id
845 4904 926 4949 est
958 4895 1209 4959 amabile,
1242 4895 1539 4967 jucundum
1571 4899 1747 4955 bonis.
1782 4900 2060 4957 Andieudo

478 4985 621 5039 enim
649 5001 773 5041 eum
803 5002 926 5042 esse
956 4988 1244 5042 Dominum
1280 4991 1545 5056 omnium,
1581 4994 1646 5047 de
1686 4994 1925 5063 nequitia
1964 5011 2059 5049 sua

477 5087 725 5132 metuunt
764 5080 916 5149 impii
962 5080 1391 5148 damnationem;
1444 5082 1575 5151 justi
1603 5099 1731 5139 vero
1758 5086 1824 5139 de
1847 5085 2059 5153 justitia

479 5185 575 5224 sua
608 5173 1100 5227 remunerationem
1125 5184 1461 5244 exspectant.
1493 5175 1751 5230 Sanctum
1791 5194 1887 5247 pro
1918 5194 2061 5233 ama-

476 5259 567 5315 bili
600 5263 835 5332 ponitur,
866 5280 930 5319 eo
975 5266 1115 5335 quod
1155 5266 1281 5321 illud
1310 5283 1471 5322 omne
1501 5268 1645 5336 quod
1691 5282 1935 5324 sanctum
1975 5281 2057 5327 est

478 5354 699 5425 dignum
732 5366 815 5411 est
846 5358 1037 5413 amari.
1073 5359 1203 5415 Dico
1233 5361 1605 5429 conﬁteantur,
1646 5360 1697 5414 id
1727 5371 1809 5416 est
1842 5362 2060 5419 laudent

475 5457 531 5502 et
557 5448 821 5502 honorent
865 5466 1058 5505 nomen
1108 5461 1280 5518 tuum,
1327 5464 1378 5507 et
1414 5453 1538 5523 quia
1568 5453 1738 5506 Itonor
1782 5455 1879 5519 tui,
1926 5457 2057 5525 regis

474 5537 674 5607 diligit,
711 5537 765 5592 id
809 5549 893 5594 est
945 5542 1109 5610 exigit
1131 5541 1415 5610 judicium,
1466 5542 1520 5596 id
1557 5552 1638 5597 est
1664 5543 2058 5601 confessionem

475 5641 841 5697 peccatorum,
870 5632 1075 5687 scilicet
1104 5641 1163 5686 ιιι
1189 5647 1246 5688 se
1278 5633 1422 5701 ipsos
1444 5632 1687 5701 judicent
1724 5626 2056 5706 peCcatores,

475 5732 531 5778 ct
566 5725 631 5779 dc
685 5726 925 5793 peccatis
975 5726 1705 5811 poeniteant.‘HAlitcrﬁcnitn
1756 5746 1860 5788 non
1912 5740 2059 5788 recte

2165 3243 2270 3298 est,
2302 3241 2355 3288 et
2405 3236 2697 3291 scabellum
2747 3238 2993 3307 inferius,
3045 3258 3167 3295 tum
3214 3244 3267 3297 in
3304 3257 3523 3316 unoque
3560 3265 3708 3303 sessor

2165 3326 2451 3382 inhabitet.
2488 3329 2552 3383 Et
2581 3330 2718 3386 bene
2743 3333 3027 3387 scabellum
3057 3337 3248 3404 pedum
3272 3339 3423 3405 dicit,
3460 3350 3514 3395 ut
3548 3342 3707 3397 innuat

2166 3415 2237 3470 ibi
2267 3418 2566 3476 divinitatis
2590 3436 2710 3477 esse
2749 3419 3169 3493 habitationem,
3220 3443 3252 3483 a
3283 3430 3613 3487 similitudine
3637 3446 3707 3488 se-

2164 3504 2345 3561 dentis
2388 3509 2479 3578 qui
2519 3526 2681 3579 super
2712 3513 3006 3569 scabellum
3047 3515 3180 3572 illud
3225 3519 3412 3574 existit
3452 3521 3532 3576 ubi
3570 3522 3705 3591 pedes

2166 3606 2331 3655 tenet.
2366 3601 2517 3658 Unde
2546 3606 2800 3662 Dominus
2831 3608 2880 3661 in
2912 3608 3222 3681 Evangelia.
3255 3632 3275 3665 c
3318 3613 3507 3681 Nolite,
3534 3618 3703 3687 inquit,

2158 3689 2344 3759 jurare
2377 3710 2471 3763 per
2506 3696 2721 3760 ccelum,
2773 3700 2901 3768 quia
2956 3701 3047 3755 Dei
3088 3705 3249 3758 sedes
3278 3714 3389 3770 est;
3438 3724 3590 3777 neque
3630 3724 3706 3778 per

2167 3792 2388 3850 terram,
2404 3786 2526 3855 quia
2543 3790 2834 3844 scabellum
2854 3793 3046 3861 pedum
3061 3793 3176 3862 ejus
3196 3807 3280 3851 est
3294 3798 3505 3867 (Matth.
3518 3800 3698 3871 “5.3).;

2165 3876 2302 3943 Quid
2336 3895 2464 3950 ergo
2510 3896 2606 3950 per
2651 3884 2846 3939 cmlum
2895 3892 3315 3958 competentius,
3363 3908 3516 3963 quam
3556 3895 3704 3949 anima

2172 3972 2385 4027 Domini
2457 3974 2608 4041 Jesn,
2681 3992 2896 4033 omnem
2954 3985 3395 4051 superemlestem
3443 3999 3607 4042 crtatu
3635 4002 3705 4040 am

2164 4064 2426 4133 dignitate
2447 4070 2903 4138 superexcellens,
2942 4075 3251 4144 accipitur?
3279 4094 3377 4148 per
3400 4090 3577 4133 terrain
3601 4094 3706 4131 vero

2164 4170 2290 4209 caro
2307 4157 2423 4225 ejus
2447 4167 2660 4214 terrena
2686 4172 2829 4217 recte
2852 4163 3182 4234 designatur.
3203 4168 3534 4239 Quam-0pm
3549 4172 3703 4236 etiam,

2164 4245 2288 4300 dum
2323 4259 2775 4314 oramus,terram
2806 4255 3115 4311 osculantur
3138 4258 3189 4312 in
3214 4260 3371 4331 signo
3395 4262 3561 4317 carnis
3578 4261 3706 4317 Chri-

2165 4337 2256 4400 sti,
2293 4354 2413 4407 quae
2442 4340 2506 4395 de
2537 4350 2680 4395 terra
2705 4352 2887 4397 creata
2913 4344 3033 4400 fuit.

2236 4428 2502 4496 Quoniam
2530 4442 2706 4487 autem
2738 4433 3023 4492 Dominum
3080 4450 3352 4505 ~.nrtgtum
3400 4442 3553 4496 Deum
3584 4455 3707 4495 asse-

2168 4532 2370 4589 ruerat,
2406 4524 2508 4579 hoe
2538 4527 2862 4582 auctoritate
2897 4528 3064 4600 Moysi
3105 4539 3161 4585 et
3197 4546 3516 4588 caeterorum
3541 4532 3707 4587 confrre

2164 4623 2293 4677 mat,
2328 4615 2405 4669 sic
2437 4631 2450 4669 :
2489 4617 2763 4672 Adhortor
2789 4635 2885 4674 vos
2910 4630 2968 4673 nt
2997 4620 3162 4677 Deutn
3193 4624 3443 4680 exaltetis
3474 4624 3597 4694 quod
3622 4624 3708 4676 uti—

2164 4722 2267 4776 que
2298 4704 2606 4762 faciendum
2660 4719 2763 4765 est.
2812 4711 3013 4781 Dignus
3061 4714 3206 4769 enim
3260 4725 3348 4771 est
3393 4716 3706 4775 exaltatione,

2165 4814 2285 4853 cmn
2315 4816 2503 4856 recens
2545 4802 2686 4857 Deus
2734 4818 2840 4859 non
2887 4806 2976 4860 sit.
3028 4806 3163 4862 Nam
3212 4808 3420 4879 Moyses
3465 4820 3508 4864 et
3537 4811 3706 4867 Aaron.

2163 4905 2298 4961 quos
2336 4895 2748 4952 auctorizabiles
2782 4898 3013 4964 habetis,
3040 4899 3256 4956 fuerunt
3279 4904 3336 4956 in
3364 4900 3706 4963 sacerdotibus,

2164 4984 2218 5039 id
2242 4994 2324 5040 est
2355 4986 2407 5040 in
2445 5003 2670 5043 numero
2704 4990 3043 5044 sacerdotum
3070 4991 3203 5060 ejus.
3235 4992 3371 5049 Cum
3399 4993 3521 5048 dicit
3552 4994 3597 5045 in
3632 5007 3707 5043 sa-

2163 5081 2481 5145 cerdotibus,
2516 5083 2714 5139 multos
2756 5098 2879 5137 eum
2918 5086 3172 5142 habuisse
3211 5089 3517 5143 sacerdotes
3541 5084 3705 5139 innnil.

2163 5170 2466 5227 Notandum
2489 5184 2670 5229 autem
2698 5176 2915 5247 Moysen
2933 5192 3039 5231 non
3068 5176 3235 5233 fuisse
3268 5180 3607 5243 sacerdOtem,
3628 5175 3706 5228 sed

2164 5264 2284 5319 ideo
2318 5266 2369 5318 in
2420 5267 2762 5322 sacerdotum
2802 5284 3025 5323 nmnero
3056 5269 3295 5339 ponitur,
3346 5272 3469 5340 quia
3515 5284 3601 5341 pro
3630 5282 3707 5336 po-

2162 5354 2287 5423 pulo
2331 5357 2669 5412 sacriﬁcasse
2717 5358 2916 5427 legitur
2944 5368 2997 5412 et
3027 5374 3237 5420 orasse,
3286 5361 3428 5429 quod
3455 5360 3517 5413 ad
3548 5370 3704 5411 sacer-

2162 5449 2315 5502 dotes
2350 5449 2565 5519 quidem
2598 5449 2882 5503 attinebat.
2932 5448 3001 5502 Ει
3036 5451 3275 5515 Samuel,
3328 5452 3569 5521 propheta
3594 5463 3700 5502 cen-

2166 5551 2543 5611 temporancus
2568 5556 2740 5607 meus,
2774 5558 2878 5597 non
2908 5558 3087 5612 parvae
3114 5544 3453 5598 auctoritatis
3474 5538 3597 5611 apud
3624 5551 3703 5589 vos

2161 5636 2417 5701 existens,
2447 5645 2530 5691 est
2565 5637 2701 5690 inter
2726 5653 2838 5702 eos,
2872 5638 2926 5691 id
2956 5646 3038 5693 est
3064 5638 3116 5691 in
3152 5653 3379 5692 numero
3405 5649 3593 5695 eorum,
3624 5631 3703 5699 qui

2162 5730 2401 5783 invocant
2434 5745 2617 5784 nomen
2666 5729 2800 5797 ejus,
2829 5731 2971 5799 quod
3006 5738 3085 5785 est
3118 5728 3399 5797 Dominus,
3444 5727 3492 5782 id
3517 5734 3586 5781 est
3626 5718 3702 5790 ‘lui
