3840 6338
161 311 280 367 “57

1055 293 1419 357 Εχροειτιο
1459 296 1523 354 ΙΝ
1561 295 1902 353 PSALMOS.
1944 329 2008 338 -
2050 297 2243 354 PSAL.
2289 296 2466 354 XCX.

3248 295 3386 360 tisi!

157 426 205 478 in
231 419 456 491 puritate
486 417 606 473 lidei
661 431 781 470 eum
852 414 1134 470 Dominum
1189 421 1398 467 vocant.
1445 411 1522 467 Ne
1573 425 1704 466 vero
1735 409 1976 468 ADavid
2032 411 2308 480 propheta:
2364 409 2541 465 factus
2583 411 2635 464 in
2687 413 3042 483 confessione,
3093 415 3152 469 id
3189 425 3273 471 est
3333 418 3384 473 in

156 515 469 584 objiceretur
508 523 629 578 quae
674 521 825 570 cura,
873 506 914 558 si
967 521 1087 558 eum
1137 505 1540 566 invocaverunt,
1583 501 1708 569 quia

157 601 366 657 forsitan
413 598 622 668 decepti
677 595 913 659 fuerunt,
965 594 1157 648 addit:
1192 592 1509 646 [avocabant
1555 590 1712 644 Chri-

156 705 306 754 stum,
333 690 576 758 inquam,
602 687 906 752 Dominum,
939 697 986 740 et
1011 687 1139 756 ipse,
1179 685 1268 754 qui
1297 683 1522 752 simplex
1552 682 1711 736 homo

155 781 355 834 videtur
382 778 536 832 vobis
563 785 619 831 et
647 777 936 846 impotens,
965 773 1276 830 exaudiebat
1301 789 1388 826 eos
1416 771 1630 841 Moysen
1657 779 1713 823 et

153 871 340 934 Aaron,
373 877 428 921 ut
453 869 825 938 impetrarent,
863 874 915 920 et
945 863 1248 936 loquebatur
1269 865 1342 917 eis
1367 865 1420 916 in
1465 861 1710 916 columna

153 961 312 1025 nubis,
345 959 398 1014 id
444 968 528 1014 est.
558 959 610 1012 in
641 957 815 1014 ofﬁcio
844 957 1106 1011 columnae
1147 955 1324 1020 nubis,
1354 953 1439 1008 vel
1468 952 1706 1007 existens

152 1051 198 1103 in
225 1049 472 1103 columna
499 1047 680 1111 nubis,
709 1047 800 1116 qui
828 1055 1005 1099 tamen
1035 1054 1152 1098 erat
1186 1043 1382 1110 ubique
1401 1081 1416 1106 ,
1443 1056 1548 1095 non
1576 1040 1713 1094 loca-

150 1139 277 1191 liter.
311 1137 536 1206 Legitur
565 1137 708 1190 enim
738 1135 997 1190 Dominus
1028 1133 1110 1188 eis
1137 1133 1203 1187 ad
1234 1133 1430 1187 ostium
1461 1133 1712 1186 taberna-

149 1226 322 1281 calide
345 1227 592 1280 columna
616 1224 774 1279 nubis
798 1223 1006 1279 locutus
1022 1220 1395 1293 fuisse(E.rod.
1423 1236 1615 1286 χχχιιι,
1631 1220 1710 1289 9),

149 1332 256 1385 quae
301 1331 400 1371 eos
443 1318 510 1372 ab
554 1325 685 1370 aestu
727 1315 833 1369 diei
881 1313 1251 1386 refrigerabat.
1293 1312 1482 1368 Utrum
1531 1320 1709 1366 autem

149 1421 232 1474 per
257 1407 501 1477 angelos,
551 1421 620 1459 an
662 1404 900 1474 quolibet
931 1404 1038 1459 alio
1065 1404 1224 1458 modo
1251 1403 1464 1459 locutus
1491 1403 1570 1458 eis
1599 1401 1714 1456 fue-

149 1497 229 1558 rit,
252 1505 464 1551 certum
490 1511 595 1550 non
623 1495 878 1550 habetur.
919 1494 1022 1548 Per
1047 1493 1352 1550 columnam
1389 1493 1547 1548 nubis
1579 1507 1710 1547 con-

148 1604 267 1660 grue
291 1567 500 1644 Christi
543 1589 849 1642 humanitas
895 1586 1344 1657 prmsignabatur,
1399 1599 1517 1654 quae
1558 1583 1713 1638 nobis

148 1681 208 1733 ab
262 1679 553 1734 incentivis
613 1679 866 1732 vitiorum
922 1676 1254 1747 refrigerium
1313 1676 1556 1740 contulit,
1619 1690 1714 1746 per

1813 499 2186 554 exhortatione
2237 499 2594 554 confessionis
2638 501 2830 556 divina:
2883 505 3076 558 laudis.
3131 505 3198 561 Et
3250 507 3387 562 bene

1811 591 2026 660 quidem
2063 593 2260 646 dicitur
2288 589 2520 660 psalmus
2557 593 2612 644 in
2641 593 2980 661 confessione.
3019 597 3072 650 lu
3105 599 3204 652 hoc
3240 592 3384 653 cn'tn

1813 681 2018 750 psalmo
2063 681 2325 752 Propheta
2356 698 2544 738 omnes
2575 683 2818 737 homines
2845 687 2908 737 ad
2939 687 3142 742 Domini
3176 688 3385 744 laudem

1813 775 2170 831 confitcn’am
2211 777 2401 829 invitat
2456 777 2912 845 quandoquidem,
2937 788 2996 831 ut
3033 781 3082 832 in
3123 784 3384 851 superiori

1810 861 2018 932 psalmo
2039 872 2312 917 ostensum
2339 863 2562 932 est,jam
2591 865 2694 919 sibi
2742 881 2966 936 regnum
2997 868 3245 923 obtinuit.

1881 953 2111 1008 Jubilate
2141 954 2386 1022 Domino,
2419 957 2584 1009 omnis
2605 967 2759 1010 terra.
2795 957 2957 1024 Quasi
2999 961 3134 1014 dicat
3167 978 3179 1015 :
3213 960 3390 1028 Quan-

1814 1045 2096 1116 doquidem
2149 1047 2406 1102 Dominus
2454 1047 2701 1103 Christus
2749 1052 3014 1120 regnarit,
3071 1068 3164 1107 χοε
3205 1070 3390 1109 onmcs

1813 1138 1990 1208 populi
2022 1149 2200 1202 terra},
2231 1148 2336 1192 tam
2383 1139 2555 1195 Judaei
2613 1155 2773 1209 quam
2818 1152 3020 1210 gentes,
3069 1143 3292 1212 jubilatc
3317 1145 3387 1198 illi

1815 1229 2036 1284 Domino
2063 1232 2304 1286 interiori
2353 1232 2524 1302 jubilo
2552 1233 2775 1287 intonsa:
2809 1234 3127 1290 devotionis.
3160 1236 3224 1290 Et
3264 1238 3389 1307 quia

1813 1321 2235 1391 sohnnjubilare
2291 1339 2396 1378 non
2451 1323 2666 1388 sufﬁcit,
2709 1327 2894 1379 servile
2937 1326 3112 1381 eidem
3165 1327 3388 1382 Domino

1813 1413 2130 1482 complendo
2159 1414 2300 1483 quod
2327 1415 2569 1485 prtecipit
2591 1430 2605 1481 ;
2630 1422 2686 1469 et
2715 1417 2816 1470 hoc
2845 1431 2950 1470 non
2981 1417 3130 1471 inriti
3163 1429 3218 1472 ut
3244 1419 3392 1486 prior

1813 1503 2038 1572 populus
2063 1503 2368 1559 Iudaeorum
2418 1505 2640 1570 fecit,et
2675 1507 2813 1560 sicut
2877 1507 3055 1561 adhuc
3103 1494 3391 1562 murdanis

1816 1593 2046 1649 dominis
2101 1597 2335 1650 servitur
2363 1612 2483 1650 cum
2536 1598 2772 1661 tristitia,
2825 1598 2918 1652 sed
2961 1599 3013 1651 in
3063 1598 3266 1653 .’ae.'i:ia.
3313 1598 3389 1652 Illi

1814 1683 2014 1738 ctenim
2063 1685 2300 1747 servire;
2338 1695 2421 1739 est
2457 1701 2702 1756 regnare.
2747 1686 2862 1741 Non
2911 1688 2990 1742 sic
3037 1698 3216 1742 autem
3266 1689 3386 1768 dico

146 1784 292 1838 quam
327 1769 484 1824 nobis
511 1769 766 1824 divinitas
791 1769 969 1823 locuta
1008 1783 1128 1823 esse
1177 1768 1436 1830 creditur,
1461 1767 1715 1836 Apostolo
1750 1754 1787 1810 Β
1817 1774 1872 1826 in
1921 1773 2106 1828 ltetitia
2150 1777 2352 1839 servire,
2404 1754 2714 1832 utexterius
2737 1777 2921 1833 laetitia
2951 1779 3252 1843 simuletur,
3309 1758 3392 1834 in:-

144 1860 351 1916 dicente
379 1861 496 1914 sic:
530 1879 548 1912 ς
581 1858 867 1914 Multifarie
895 1858 1186 1928 multisque
1213 1858 1388 1913 modis
1416 1858 1544 1911 olim
1577 1859 1717 1912 Deus

145 1952 364 2023 loquens
385 1955 630 2025 patrihus
661 1954 714 2008 in
745 1954 1023 2024 prophetis
1076 1955 1370 2010 novissime
1395 1953 1607 2010 locutus
1633 1963 1718 2008 est

145 2046 286 2101 nobis
329 2047 385 2100 in
421 2046 529 2101 lilio
555 2045 741 2117 (Hebr.
774 2063 811 2111 ι,
843 2049 914 2116 l).
951 2067 970 2100 ι

204 2137 608 2192 Convenienter
650 2137 814 2192 etiam
866 2137 1177 2194 humanitas
1207 2138 1452 2193 columna
1497 2137 1712 2198 dicitur,

143 2244 199 2283 eo
239 2231 386 2299 quod
441 2229 728 2284 admodum
772 2229 1036 2284 columine
1080 2229 1449 2285 firmissimum
1479 2230 1548 2285 sit
1594 2229 1715 2283 ﬁdei

144 2329 337 2374 nostrae
368 2320 818 2375 sustentaculum.
850 2320 978 2375 Dico
1000 2323 1139 2391 qttod
1166 2322 1474 2392 loquebatur
1497 2321 1566 2374 ad
1606 2339 1712 2388 eos.

143 2413 234 2482 lpsi
267 2427 405 2467 vero
457 2413 817 2466 custodiebant
863 2413 1184 2467 credulitate
1231 2413 1525 2467 testimonia
1579 2412 1714 2480 ejus,

144 2502 190 2555 id
218 2513 298 2557 est
335 2505 520 2558 firmas
544 2503 932 2572 promissiones
961 2502 1096 2572 ejus,
1147 2512 1269 2573 post
1315 2503 1529 2573 longum
1577 2511 1715 2557 tem-

142 2611 232 2665 pus
261 2594 498 2662 futuras,
527 2610 663 2665 quas
697 2595 776 2650 eis
801 2609 924 2651 cum
960 2594 1268 2666 iuramento
1301 2597 1619 2660 testabatur,
1663 2606 1717 2652 et

141 2686 496 2740 custodiebant
563 2701 661 2756 per
717 2687 1133 2758 completionem
1192 2692 1507 2758 prwceptuni
1557 2703 1716 2744 omne

141 2775 246 2844 ejus
307 2777 622 2832 testimonio
675 2778 818 2846 quod
872 2778 1118 2847 superius
1185 2778 1342 2833 dixit.
1401 2777 1528 2832 Dico
1579 2777 1714 2831 Dens

140 2868 446 2922 exaudiebat
475 2884 581 2933 eos,
609 2875 663 2923 et
693 2868 857 2923 etiam
883 2867 1006 2922 inde
1031 2869 1162 2922 mihi
1199 2868 1352 2923 teSIis
1375 2883 1434 2921 es
1460 2868 1585 2937 quia
1617 2883 1710 2922 ve-

141 2973 248 3010 rttm
277 2959 428 3013 dico.
463 2957 541 3012 Tu
567 2958 731 3022 enim,
763 2957 982 3013 Domine
996 2957 1209 3014 Christe
1230 2958 1368 3012 Deus
1391 2969 1584 3020 noster,
1610 2975 1713 3012 non

1821 1863 1988 1918 terius
2013 1873 2192 1920 autem
2237 1866 2458 1920 tristitia
2507 1867 2789 1932 habeatur,
2842 1867 2936 1922 sed
2985 1869 3276 1923 existentes
3337 1870 3392 1923 in

1817 1957 2182 2019 exsultatione,
2211 1957 2262 2010 id
2288 1967 2374 2012 est
2406 1957 2459 2010 iu
2485 1957 2694 2024 lzetitia,
2722 1960 2932 2013 introite
2956 1969 3225 2014 secretum
3258 1976 3390 2014 cou-

1817 2047 2059 2101 scientise
2089 2055 2299 2101 vestrm.
2318 2045 2470 2113 Quod
2497 2057 2580 2103 est
2623 2051 2802 2104 dicere
2831 2067 2846 2106 :
2874 2050 3106 2106 Interius
3147 2052 3390 2108 lectit‘am

1819 2135 1964 2192 illam
2019 2139 2232 2193 habete.
2269 2135 2422 2193 Unde
2452 2141 2712 2195 Dominus
2760 2142 2812 2195 in
2857 2143 3168 2213 Evangelio.
3203 2165 3220 2195 ‹
3255 2144 3390 2200 Cum

1816 2229 2078 2294 oraveris,
2117 2231 2256 2284 intra
2291 2231 2345 2285 in
2381 2232 2684 2287 cubiculum
2721 2243 2869 2288 tuum
2901 2235 3114 2306 (Matth.
3145 2251 3220 2301 Vt,
3249 2236 3324 2304 6),
3365 2257 3384 2289 ι

1816 2319 2023 2374 scilicet
2051 2322 2105 2393 in
2137 2321 2545 2376 conscientiam.
2570 2321 2626 2376 ln
2653 2323 3016 2379 exsultatione
3041 2326 3163 2379 dico
3205 2325 3388 2379 habita

1816 2410 1870 2464 in
1895 2421 2168 2479 conspectu
2191 2411 2328 2481 ejus,
2361 2412 2411 2466 id
2429 2421 2512 2466 est
2544 2413 2594 2466 in
2623 2413 3026 2484 beneplacentia
3079 2413 3212 2482 ejus.
3239 2415 3390 2482 Quod

1815 2509 1899 2556 est
1925 2497 2134 2557 dicere:
2161 2501 2292 2570 Qure
2325 2502 2514 2558 laetitia
2565 2504 2792 2560 interior
2821 2505 2959 2560 bene
3007 2505 3239 2577 placebit
3264 2509 3388 2571 Deo,

1815 2593 1975 2648 aliter
1997 2595 2141 2650 enim
2194 2611 2297 2650 non
2330 2595 2583 2664 placeret.
2635 2596 2701 2650 Et
2749 2598 3033 2652 serviendo
3080 2599 3129 2652 in
3185 2599 3390 2667 laetitia,

1815 2683 1997 2736 scitote
2021 2685 2268 2752 quoniam
2295 2684 2548 2739 Dominus
2599 2685 2754 2740 Jcsus
2813 2689 2922 2756 ipse
2971 2698 3044 2742 est
3092 2688 3253 2754 Deus,
3300 2691 3391 2760 qui

1816 2775 2128 2844 simpliciter
2167 2777 2326 2831 homo
2356 2778 2500 2832 visus
2529 2787 2610 2832 est
2649 2777 2956 2834 incredulis.
2992 2781 3054 2834 Et
3082 2781 3204 2835 inde
3247 2783 3392 2836 Deus

1815 2869 2272 2937 comprobabitur,
2320 2870 2564 2938 quoniam
2623 2877 2730 2939 ipse
2763 2871 2902 2938 fecit,
2947 2871 2997 2924 id
3049 2881 3130 2926 est
3187 2873 3394 2927 creavit.

1814 2975 1926 3021 uos,
1953 2969 1999 3013 et
2031 2960 2109 3013 sic
2130 2959 2272 3028 quod
2296 2960 2395 3028 ipsi
2420 2976 2520 3012 non
2574 2963 2860 3014 creavimus
2891 2976 3002 3014 nos.
3057 2961 3209 3027 Quod
3239 2962 3389 3025 dicit,

138 3063 322 3103 recens
341 3048 662 3102 exaudiebas
689 3064 798 3113 eos,
819 3060 867 3102 et
887 3057 942 3102 tu
966 3049 1222 3119 propitius
1237 3049 1386 3118 fuisti
1411 3051 1505 3108 eis,
1527 3050 1707 3102 remit-
1741 3091 1782 3146 Ο
1817 3066 1919 3104 non
1949 3051 2049 3122 ipsi
2073 3067 2184 3114 nos,
2216 3051 2281 3104 ad
2321 3051 2825 3104 determinationem
2865 3052 3055 3120 primm
3099 3053 3390 3108 creationis

139 3141 288 3195 tendo
321 3149 566 3209 peccata.
600 3139 678 3194 Ne
718 3155 847 3196 vero
883 3140 1214 3211 objiceretur
1243 3159 1254 3193 :
1287 3139 1408 3194 Ideo
1452 3142 1716 3210 propitius

137 3230 247 3294 fuit,
278 3231 447 3302 393
477 3231 602 3301 quia
627 3230 811 3286 ulcisci
835 3245 940 3286 non
966 3231 1156 3300 potuit,
1191 3230 1337 3286 addit
1365 3249 1378 3284 :
1415 3231 1480 3284 Et
1506 3231 1631 3286 licet
1662 3232 1714 3285 in

136 3325 382 3378 omnibus
413 3322 655 3392 peccatis
678 3322 1016 3378 remittenttis
1041 3335 1190 3377 esses
1212 3323 1499 3393 prOpitius,
1532 3332 1712 3376 tamen

137 3413 271 3468 fuisti
311 3413 569 3469 ulciscens
600 3416 654 3468 in
691 3429 867 3467 omnes
891 3413 1284 3467 adinventiones
1313 3428 1516 3478 eorum,
1549 3413 1600 3466 id
1629 3421 1711 3466 cst

136 3507 304 3560 omnia
339 3513 559 3576 peccata
591 3519 777 3560 eorum
809 3519 927 3573 qua:
953 3519 1058 3558 non
1093 3517 1161 3558 ex
1200 3512 1252 3559 te
1271 3502 1594 3569 habuerunt,
1623 3504 1714 3559 sed

135 3595 226 3664 ipsi
253 3595 600 3660 invenerunt,
642 3593 786 3650 ultus
805 3608 864 3649 es
889 3608 986 3662 per
1006 3593 1107 3649 hoc
1135 3592 1275 3663 quod
1297 3607 1391 3648 eos
1425 3593 1479 3647 in
1514 3602 1714 3648 terram

133 3687 514 3755 promissionis
539 3701 647 3741 non
672 3684 966 3756 permisisti
990 3684 1236 3740 introire.
1269 3684 1373 3739 Per
1403 3685 1506 3741 hoc
1535 3694 1714 3738 autem

135 3779 324 3847 innuit,
356 3777 538 3834 omnia
565 3785 782 3848 peccata
804 3775 885 3830 vel
912 3774 1001 3830 hic
1026 3775 1111 3830 vel
1139 3775 1194 3830 in
1227 3774 1406 3830 futuro
1459 3789 1580 3830 esse
1613 3789 1716 3844 pu-

135 3867 345 3921 nienda.
392 3866 491 3921 llic
519 3865 763 3935 quidem,
792 3879 889 3935 per
939 3863 1408 3932 compunctionem
1431 3873 1486 3917 et
1531 3863 1711 3918 carnis

135 3958 504 4013 multimodam
526 3957 869 4012 al'llictionem
899 3972 913 4022 ;
947 3955 1000 4010 in
1033 3953 1212 4010 futuro
1249 3968 1399 4021 vero,
1431 3969 1527 4024 per
1555 3961 1714 4009 reter-

137 4065 255 4104 nam
293 4049 722 4106 damnationem.
775 4047 842 4103 Et
884 4061 979 4118 per
1006 4048 1108 4103 hoc
1151 4044 1458 4102 incredulos
1499 4045 1712 4116 quidem

135 4141 391 4196 deterret.
425 4139 763 4196 Auctoritate
807 4137 976 4209 Moysi
1006 4145 1062 4192 et
1083 4147 1406 4193 cteterorum
1445 4137 1711 4207 apposita,

134 4229 564 4285 exhortationem
604 4229 797 4299 repetit
851 4230 950 4284 sic.
999 4227 1044 4284 0
1084 4227 1252 4284 Judaei
1285 4227 1568 4292 increduli,
1604 4227 1712 4283 dixi

132 4323 270 4391 quod
298 4321 512 4391 Moyses
539 4329 597 4377 et
631 4321 812 4376 Aaron
867 4319 1153 4376 Dominum
1200 4319 1476 4375 Christum
1535 4319 1714 4374 colue-

1821 3143 1987 3211 ponit,
2017 3145 2068 3194 in
2102 3157 2204 3211 qua
2230 3142 2360 3195 nihil
2393 3157 2701 3211 operantur.
2727 3143 2780 3196 ln
2809 3145 3042 3198 secunda
3075 3146 3216 3199 enim
3242 3160 3393 3200 crea-

1820 3234 1986 3298 tione,
2016 3249 2138 3288 cum
2187 3249 2216 3287 a
2273 3233 2366 3287 Dei
2419 3235 2588 3297 gratia
2650 3236 2700 3286 in
2756 3234 3045 3288 sanctitate
3118 3249 3388 3300 creamur,

1819 3325 2179 3394 nosmetipsos
2229 3339 2324 3394 per
2381 3324 2610 3379 liberum
2653 3325 2936 3379 arbitrium
2967 3325 3022 3380 in
3048 3327 3233 3379 eadem
3271 3340 3394 3380 san-

1818 3415 2002 3470 clitate
2023 3429 2292 3470 crcamus.
2323 3415 2386 3468 Et
2413 3416 2574 3470 etiam
2603 3416 2782 3468 scitote
2809 3415 3054 3484 quoniam
3088 3429 3274 3469 sumus
3295 3429 3392 3483 po-

1817 3505 1970 3576 pulus
1993 3508 2192 3577 ejus,et
2213 3524 2328 3562 oves
2349 3523 2556 3579 pascua:
2598 3507 2730 3577 ejus.
2767 3506 2919 3572 Quod
2950 3517 3032 3560 cst
3055 3507 3256 3562 dicere.
3282 3505 3396 3562 llcc

1817 3596 1958 3663 quod
1979 3611 2162 3650 sumus
2183 3596 2438 3664 papulas,
2503 3597 2554 3651 id
2617 3604 2701 3652 est
2751 3596 3101 3652 rationabiles
3129 3612 3225 3664 per
3269 3613 3392 3652 eum

1817 3699 2022 3740 sumus.
2059 3684 2319 3755 Populum
2370 3687 2516 3741 enim
2546 3686 2805 3751 dicimus,
2867 3703 2971 3742 non
3021 3687 3392 3743 collectionem

1817 3773 2266 3829 irrationabilium
2313 3773 2653 3840 animalium,
2707 3775 2800 3830 sed
2851 3776 3272 3832 rat'onahilium.
3326 3777 3396 3832 Et

1817 3863 1916 3916 hoc
1931 3862 2071 3932 quod
2102 3878 2286 3918 sumus
2313 3880 2447 3930 oves,
2475 3865 2525 3919 id
2552 3875 2634 3919 est
2681 3865 2958 3935 simplices
3003 3882 3032 3920 a
3061 3866 3202 3921 malo
3247 3867 3394 3922 sicut

1815 3966 2080 4022 oves,per
2106 3968 2229 4010 eum
2253 3963 2353 4019 est,
2381 3963 2435 4009 et
2464 3971 2650 4010 sumus
2677 3972 2791 4013 oves
2841 3974 3053 4026 pascua:
3078 3958 3216 4026 ejus,
3253 3974 3395 4028 quas

1815 4043 2022 4100 scilicet
2051 4046 2163 4116 ipsc
2195 4047 2366 4115 pascit
2404 4055 2459 4101 et
2485 4055 2701 4102 terreno
2737 4048 2856 4102 cibo
2879 4057 2933 4102 et
2959 4047 3244 4116 Spirituali.

1885 4137 1949 4190 Et
1978 4137 2099 4191 ideo
2125 4152 2217 4191 vos
2253 4151 2444 4192 omnes
2473 4138 2720 4192 homines
2771 4137 3067 4192 existentes
3093 4138 3146 4191 in
3189 4138 3392 4207 confes-

1814 4227 1958 4280 sione
1993 4227 2165 4282 laudis
2193 4226 2360 4298 394
2381 4226 2520 4296 ejus,
2552 4227 2769 4280 introire
2797 4237 2976 4295 portas
3015 4225 3148 4296 ejus,
3213 4227 3266 4282 id
3311 4237 3394 4282 est

1814 4317 2244 4372 conforn‘titatem
2301 4317 2660 4386 apostolorum
2728 4326 2782 4371 et
2823 4316 3202 4388 prophetarum
3231 4359 3248 4384 ,
3299 4319 3392 4382 qtti

133 4421 253 4466 runt
277 4452 294 4478 ,
336 4411 568 4481 idquue
612 4425 799 4466 eorum
837 4409 1159 4466 auctoritate
1205 4409 1461 4477 convicti,
1489 4407 1713 4463 exaltate
1744 4429 1787 4486 ι)
1815 4417 1980 4477 [ιοιιτιε
2011 4417 2136 4463 sunt
2160 4422 2258 4476 per
2283 4406 2582 4462 doctrinam
2636 4422 2732 4476 per
2782 4421 2915 4475 quas
2961 4408 3026 4459 ad
3055 4423 3176 4460 cum
3204 4408 3394 4464 introi-

134 4500 257 4566 fide,
283 4510 468 4566 ore,et
489 4515 650 4571 opere
675 4500 956 4554 Dominum
978 4499 1251 4554 Christum
1273 4499 1434 4552 Deum
1463 4506 1708 4561 vestrum,

134 4607 236 4646 non
270 4603 566 4650 recentem.
607 4592 684 4647 Ne
704 4607 836 4646 vero
865 4591 1138 4647 videretur
1189 4590 1576 4646 humanitatem
1620 4601 1708 4642 re-

134 4697 376 4748 movere,
401 4684 546 4739 addit
576 4700 590 4738 :
623 4682 692 4737 Et
721 4683 956 4748 adorate,
981 4683 1032 4738 id
1059 4691 1142 4738 est
1171 4696 1424 4752 supremo
1455 4680 1599 4736 cultu
1627 4695 1712 4732 vc-

135 4774 402 4828 neremini
428 4789 550 4829 eum
580 4775 638 4827 in
667 4783 1026 4828 montesancto
1064 4773 1198 4842 ejus,
1229 4773 1282 4826 id
1320 4782 1402 4826 est
1431 4772 1482 4825 in
1519 4771 1710 4826 adora-

137 4863 282 4919 Iione
311 4864 832 4934 bumanitatis,qu;e
885 4872 970 4919 est
1017 4879 1171 4920 mons
1217 4873 1436 4920 sanctus
1480 4865 1532 4919 in
1567 4866 1711 4919 omni

135 4953 398 5010 bonitate.
426 4955 577 5023 Quod
595 4957 882 5011 estdicere
913 4973 928 5009 :
956 4953 1274 5011 Venerando
1297 4955 1710 5018 humanitatem,

135 5048 467 5101 reueremini
506 5049 782 5103 deitatem.
827 5048 999 5103 Aliter
1047 5049 1189 5103 enim
1220 5064 1325 5104 non
1377 5051 1712 5118 procederet.

133 5133 369 5193 Necesse
389 5149 468 5194 est
501 5147 680 5194 autem
706 5147 1015 5193 utmontem
1052 5140 1168 5210 ejus
1188 5140 1440 5204 adoretis,
1468 5142 1713 5212 quoniam

135 5237 350 5280 sanctus
377 5227 461 5283 ille
491 5242 645 5283 mons
689 5238 794 5292 est,
840 5227 1092 5282 Dominus
1140 5227 1282 5282 Deus
1326 5239 1519 5283 noster.
1564 5229 1715 5296 Quod

134 5326 221 5370 est
268 5317 451 5374 dicere
483 5337 496 5372 :
528 5319 655 5374 ideo
681 5328 765 5374 est
795 5319 1102 5374 humanitas
1143 5320 1416 5375 adoranda
1462 5322 1713 5390 qucttiatn

137 5406 318 5462 deitas
343 5419 392 5463 et
415 5409 721 5464 humanitas
737 5418 864 5464 sunt
889 5425 993 5464 una
1019 5411 1315 5480 eademque
1342 5425 1592 5481 persona.

592 5500 661 5557 IN
698 5500 1028 5558 PSALMUM
1069 5500 1256 5557 XCIX.

203 5589 408 5646 Psalmi
458 5592 786 5664 nonagesimi
834 5591 960 5646 noni
1010 5591 1218 5648 titulus.
1285 5591 1354 5646 In
1399 5593 1716 5662 confessione

135 5679 389 5738 Psalmus
415 5683 599 5740 David.
630 5683 780 5752 Quod
807 5681 886 5738 sic
911 5682 1218 5752 exponitur.
1244 5681 1484 5738 Psalmus
1511 5683 1611 5740 iste
1636 5693 1717 5739 est

1813 4514 1953 4552 mus.
2007 4498 2157 4566 Quod
2215 4507 2294 4553 est
2349 4497 2528 4552 dicere
2566 4517 2580 4550 :
2615 4497 2851 4551 Laudato
2886 4510 3008 4552 eum
3033 4511 3147 4561 ore,
3180 4497 3284 4553 lide
3339 4507 3395 4558 et

1812 4605 1994 4658 opere,
2043 4590 2108 4642 ad
2158 4588 2589 4644 conformitatem
2657 4589 3043 4659 prophetarum
3065 4596 3122 4644 et
3177 4600 3396 4658 aposto-

1814 4679 2006 4734 lorum.
2037 4679 2103 4734 Et
2125 4679 2335 4734 iutroite
2375 4680 2512 4734 atria
2566 4681 2702 4750 ejus,
2761 4680 2812 4734 id
2865 4688 2952 4736 est
2987 4679 3396 4750 amplitudinem

1813 4773 2114 4836 charitatis,
2153 4787 2271 4836 quae
2315 4787 2408 4842 per
2435 4773 2571 4826 atria
2595 4772 2932 4844 designatur,
2960 4787 3026 4828 eo
3052 4774 3192 4844 quod
3220 4774 3394 4846 ampla

1814 4865 1940 4920 sint.
1978 4865 2040 4920 Et
2090 4873 2368 4934 postquam
2403 4864 2454 4918 in
2483 4865 2638 4919 atriis
2674 4864 2901 4931 fueritis,
2943 4866 3106 4922 nolite
3140 4865 3392 4928 deﬂe-re,

1814 4959 1905 5014 sed
1931 4958 2245 5028 confitemini
2279 4957 2358 5011 illi
2385 4958 2438 5011 in
2459 4957 2685 5026 hymnis,
2719 4957 2770 5011 id
2801 4968 2886 5012 est
2927 4957 3142 5012 laudate
3165 4957 3310 5010 illum
3340 4959 3394 5012 in

1815 5049 2108 5119 gratiarum
2163 5049 2488 5111 actionibus,
2544 5049 2675 5103 nihil
2697 5049 2850 5104 vobis
2894 5049 3245 5111 ascrihentes,
3298 5051 3390 5104 sed

1815 5139 2071 5210 quidquid
2105 5138 2228 5192 boni
2296 5139 2348 5193 in
2412 5139 2562 5195 vobis
2603 5149 2708 5206 est,
2757 5140 2806 5194 ei
2863 5139 3236 5194 attriluct.tes.
3302 5138 3392 5196 ναι

1815 5229 1930 5284 sic:
1964 5227 2019 5282 ln
2059 5227 2396 5284 confessione
2433 5239 2776 5298 peccatorum
2827 5229 3124 5284 existentes
3183 5231 3394 5284 intro're

1814 5327 1990 5388 portas
2008 5318 2141 5386 ejus,
2173 5319 2224 5373 id
2246 5328 2328 5373 est
2354 5319 2504 5373 initia
2535 5334 2782 5374 accessus
2811 5317 2946 5385 ejus.
2972 5318 3124 5386 Quod
3169 5327 3251 5372 cst
3314 5321 3394 5374 di-

1816 5424 1977 5464 cere:
2012 5409 2116 5464 Per
2187 5419 2528 5479 peccatorum
2596 5410 2987 5464 confessionem
3036 5411 3274 5466 accedite
3325 5413 3393 5466 ad

1816 5515 1972 5565 cunt;
2002 5515 2031 5554 a
2067 5501 2419 5555 similitudine
2445 5500 2604 5568 illius,
2637 5501 2724 5567 qui
2750 5515 2781 5554 a
2805 5503 2814 5553 l
2839 5503 3052 5554 domum
3106 5507 3393 5564 accedens,

1817 5593 1964 5661 prius
1983 5599 2163 5662 portas
2195 5591 2509 5661 ingreditur.
2556 5609 2574 5642 ι
2611 5591 2822 5646 lnitium
2853 5591 2994 5646 enim
3027 5591 3306 5660 sapientia:
3335 5591 3395 5642 ti-

1821 5699 1934 5738 mor
1961 5683 2169 5738 Domini
2205 5681 2374 5752 (Psal.
2405 5697 2492 5750 cx,
2525 5680 2625 5752 l0).
2650 5701 2667 5733 ι
2699 5680 2803 5738 Per
2833 5683 3080 5738 timorem
3107 5685 3274 5748 enim,
3304 5693 3396 5733 ve-
