3872 6320
500 312 635 370 1159

1052 306 1107 361 S.
1150 305 1497 363 BRUNONIS
1524 298 2166 360 CARTIlUSlANORUil
2197 292 2679 355 lNSTITUTORlS
2717 297 2870 353 OPP.
2911 298 3089 352 PARS
3126 300 3163 352 l.

3578 304 3707 358 illiti

497 430 642 481 nitur
665 426 731 480 ad
754 421 1251 480 couieSsioucm.Et
1276 432 1560 491 postquam
1586 428 1763 488 partas
1808 414 2078 469 introieri-
2112 420 2150 475 Α
2185 413 2358 480 Quam
2385 414 2749 467 innocentiam
2774 412 3048 482 propalari
3083 412 3150 464 ad
3183 411 3285 466 hoc
3321 420 3375 466 ut
3398 411 3593 471 familia:
3611 435 3711 478 mea;

500 521 589 582 tis.
616 518 740 574 lacti
770 518 908 572 atria
938 517 1073 587 ejus,
1108 516 1159 569 in
1192 515 1389 584 quibus
1412 511 1764 583 spiritualitcr
1793 508 2075 573 inhabitet,

498 611 550 663 id
590 618 671 663 est
695 607 856 677 ampli
884 607 938 660 in
967 606 1232 661 charitate
1274 604 1493 659 ctomni
1529 602 1743 665 virtute,
1773 599 1839 653 ad
1889 597 2081 653 simili-

500 700 738 754 tudinem
768 698 1049 760 atriorum,
1093 696 1412 765 conﬁtemini
1450 692 1527 744 illi
1550 691 1603 744 in
1631 690 1870 759 hymnis,
1912 687 1963 741 id
1998 695 2082 741 est

498 791 713 845 laudate
738 791 885 845 illum
936 790 989 843 in
1043 788 1337 859 gratiarum
1389 781 1711 837 actionibus.
1759 779 1825 833 Et
1869 778 2081 832 laudate

500 900 687 936 nomen
713 884 849 952 ejus,
906 880 1046 952 quod
1090 888 1170 933 cst
1194 875 1475 929 Dominus.
1525 870 1677 938 Quod
1733 870 2075 925 estdicere:

502 972 617 1027 Non
646 973 715 1027 sit
739 973 889 1027 vobis
909 971 1173 1032 odiosum,
1206 966 1300 1020 sed
1324 962 1624 1026 laudabile,
1647 962 1791 1032 quod
1822 962 2079 1015 Dominus

498 1077 747 1129 vocatur,
782 1064 1051 1132 quoniam,
1081 1060 1203 1113 licet
1247 1058 1318 1111 sit
1350 1058 1631 1118 Dominus,
1678 1064 1733 1109 et
1755 1061 2079 1125 potestatem

498 1157 694 1213 halzeat
721 1154 1071 1225 opprimendi,
1104 1160 1278 1206 tamen
1311 1150 1485 1204 suaris
1522 1158 1614 1202 est.
1646 1148 1709 1201 Et
1742 1148 1795 1200 in
1849 1147 1950 1201 hoc
1974 1145 2081 1201 sci-

500 1251 623 1305 licet
646 1248 845 1311 suavis,
887 1246 1135 1314 quoniam
1163 1242 1523 1296 misericordia
1560 1241 1698 1309 ejus,
1729 1254 1890 1308 quam
1916 1253 2077 1306 gene-

500 1341 544 1393 ri
566 1342 799 1393 luunano
824 1335 1042 1389 exhibet
1074 1332 1417 1403 indulgendo,
1451 1331 1706 1384 dumtura
1737 1337 1819 1383 est
1848 1329 1901 1382 in
1925 1340 2077 1383 aeter-

498 1446 645 1492 num,
682 1436 728 1481 et
752 1426 939 1480 veritas
977 1426 1113 1495 ejus,
1156 1426 1208 1479 id
1237 1434 1321 1479 est
1344 1439 1471 1478 vera
1530 1422 1819 1493 promissio
1858 1421 2083 1489 iustitia:

499 1518 633 1585 ejus,
666 1532 769 1586 qua
802 1516 1045 1585 promisit
1092 1530 1216 1569 cum
1262 1515 1353 1585 qui
1375 1514 1555 1581 justus
1607 1522 1690 1570 est
1737 1514 1916 1568 adhuc
1961 1527 2081 1567 esse

498 1611 586 1665 hic
618 1608 1050 1678 justiticandnm,
1076 1616 1130 1661 et
1158 1608 1209 1661 in
1236 1606 1415 1661 futuro
1446 1622 1567 1661 esse
1600 1605 2076 1671 remunerandum,

497 1702 756 1755 duratura
782 1709 865 1754 est
920 1716 1083 1769 usque
1122 1699 1176 1752 in
1211 1700 1595 1767 generationem
1636 1698 1878 1751 ultimam
1922 1696 2083 1765 hujus

2179 507 2365 559 darem
2391 503 2697 573 exemplum
2727 503 3075 558 innocentiae.

2252 595 2480 652 Ostensa
2511 594 2816 649 innocentia
2859 603 3120 662 quantum
3158 609 3213 647 in
3254 608 3333 657 se,
3367 597 3585 650 ostendit
3606 614 3711 668 quo-

2180 704 2285 759 que
2314 688 2536 743 alterius
2581 687 2855 756 injustitim
2902 703 2961 741 se
2998 701 3103 740 non
3141 688 3476 744 consensisse
3502 691 3592 744 sic.
3624 694 3711 750 Non

2181 781 2356 835 solum
2384 781 2438 833 in
2464 778 2759 833 innocentia
2784 777 3167 845 perambulam,
3197 779 3291 832 sed
3320 778 3477 832 etiam
3506 797 3597 835 non
3621 802 3714 853 pro.

2180 872 2433 942 ponebant
2468 880 2589 925 ante
2618 868 2796 924 oculos
2830 886 2970 923 meos
3016 869 3321 931 interiores,
3357 886 3459 923 rem
3485 871 3713 941 injustam,

2184 966 2235 1020 id
2262 973 2349 1021 est
2390 964 2646 1033 injustam
2689 963 3059 1032 operationem
3088 963 3335 1017 alterius.
3383 963 3528 1030 Quod
3560 976 3631 1021 est
3655 971 3717 1023 di-

2181 1068 2307 1109 cere
2338 1068 2356 1106 :
2390 1068 2497 1108 non
2541 1052 2792 1122 placebat
2826 1051 2958 1105 mihi
2990 1052 3215 1107 alterius
3256 1053 3457 1123 injusta
3499 1061 3716 1124 operatio.

2183 1145 2290 1199 imo
2316 1144 2481 1200 etiam
2511 1144 2649 1197 adiri
2676 1144 2953 1213 facientem
2982 1144 3463 1213 prwvaricationes,
3493 1145 3539 1198 id
3565 1158 3636 1201 est
3658 1151 3720 1203 in-

2176 1237 2352 1307 justas
2390 1235 2753 1305 operationes.
2801 1232 2936 1289 Nam
2976 1235 3175 1303 injusta
3211 1234 3476 1303 operatio,
3523 1240 3718 1295 mandati

2184 1328 2279 1382 Dei
2324 1325 2700 1396 praevaricatio
2744 1333 2852 1390 est,
2903 1325 3131 1394 ideoque
3174 1325 3301 1380 odio
3339 1326 3593 1383 habenda.
3630 1329 3718 1384 Non

2182 1420 2354 1475 solum
2385 1436 2516 1475 vero
2546 1434 2652 1473 non
2687 1419 2938 1474 consensi
2980 1433 3163 1487 prave
3192 1418 3423 1473 alterius
3446 1420 3719 1489 Operatioui,

2182 1516 2276 1570 sed
2302 1516 2466 1569 etiam
2493 1514 2637 1582 quod
2670 1511 2842 1581 majus
2868 1521 2952 1567 est
2985 1530 3088 1566 non
3118 1513 3344 1567 adhaesit
3372 1513 3498 1593 mihi
3520 1528 3606 1583 per
3627 1530 3724 1569 con~

2182 1620 2400 1661 sensum
2442 1622 2530 1659 cor
2568 1621 2811 1675 prosum,
2857 1604 2907 1658 id
2940 1612 3023 1658 est
3051 1618 3214 1673 prava
3250 1603 3502 1658 voluntas
3527 1604 3722 1661 alterius.

2184 1696 2339 1763 Quod
2378 1704 2463 1749 cst
2505 1696 2688 1749 dicere
2721 1713 2734 1747 :
2768 1693 2825 1748 Si
2870 1692 3098 1761 alicujus
3140 1694 3383 1761 comperi
3429 1708 3627 1762 pravam
3652 1710 3725 1745 vo-

496 1792 642 1852 vitm,
670 1802 839 1856 usque
878 1788 1125 1858 adquam
1159 1786 1570 1857 scmperjnslos
1617 1787 1788 1857 magis
1812 1785 2082 1855 justitica-
2118 1765 2159 1818 Β
2188 1788 2475 1849 luntatcm,
2512 1801 2615 1838 non
2659 1785 2881 1838 adluesit
2928 1784 3074 1847 mihi,
3108 1791 3165 1836 ut
3193 1783 3243 1836 ei
3290 1783 3653 1838 consentirem.
3681 1785 3729 1839 Et

496 1882 574 1933 hit
597 1891 641 1932 et
666 1895 836 1948 usque
864 1881 917 1933 in
944 1879 1348 1948 generationem,
1377 1878 1427 1931 id
1456 1885 1542 1931 est
1567 1892 1736 1947 usque
1768 1878 1819 1931 in
1853 1892 2081 1948 genera-

498 1971 695 2025 tionem
732 1971 781 2023 in
814 1971 900 2024 die.
932 1969 1123 2039 judicii
1153 1968 1432 2033 futuram,
1466 1968 1518 2023 in
1551 1984 1655 2038 qua
1676 1968 2085 2038 cosdemjustos

497 2064 657 2134 digne
688 2061 1077 2118 remunerabit.

1030 2194 1095 2249 IN
1124 2194 1455 2250 PSALMUM
1487 2194 1543 2251 C.

563 2332 1063 2390 Psahnicentcsimi
1115 2331 1319 2386 titulus.
1370 2327 1615 2384 Psalmus
1650 2329 1819 2383 David
1865 2335 2085 2399 prophe-

498 2435 584 2488 tae,
618 2426 949 2479 ostendentis
972 2440 1132 2494 quam
1164 2424 1483 2477 innocenter
1508 2420 1719 2490 etjuste
1747 2436 1803 2475 se
1834 2421 2087 2475 habuerit

498 2518 664 2572 insna
697 2516 1030 2587 pr:elatioue.
1060 2516 1243 2570 Ethoc
1268 2529 1374 2570 non
1409 2512 2085 2579 dicitintentiouejactan-

498 2611 609 2675 tia},
633 2611 725 2663 sed
770 2608 835 2663 ad
860 2609 1271 2663 instructionem
1329 2606 1695 2677 przelatorum,
1740 2614 1797 2659 nt
1838 2606 2086 2674 exemplo

498 2699 635 2768 ejus,
677 2708 731 2752 et
761 2699 859 2768 ipsi
894 2713 951 2753 sc
976 2699 1291 2752 innocenter
1349 2697 1608 2761 habeant,
1641 2704 1695 2751 et
1731 2694 1876 2764 juste
1899 2696 1951 2750 in
1987 2711 2084 2751 sua

496 2790 806 2861 praelatione
837 2792 1039 2844 vitiant.
1490 2858 1505 2869 Ἰ

570 2886 989 2940 Misericordiam
1012 2897 1056 2940 et
1089 2886 1353 2956 judicium
1394 2886 1487 2940 tibi
1508 2885 1812 2941 attribuens
1838 2888 2082 2951 cantabo,

498 2978 549 3032 id
575 2986 657 3031 est
687 2992 809 3031 cum
835 2976 1214 3040 delectatione,
1242 2977 1343 3030 hoc
1372 2975 1494 3029 aliis
1517 2962 1870 3041 annuntiabo,
1904 2976 2086 3031 Domi-

499 3085 560 3121 ne
588 3066 714 3122 Jesu
742 3067 976 3121 Christe.
1008 3067 1084 3120 Ac
1106 3066 1148 3119 si
1178 3066 1360 3119 dicat:
1387 3064 1538 3119 Multi
1570 3064 1773 3134 praelati
1806 3074 1859 3119 te
1886 3064 2084 3120 solum-

501 3160 659 3214 modo
705 3160 1106 3214 misericordem
1138 3158 1583 3222 considerantes,
1621 3174 1726 3212 non
1746 3156 1954 3227 justum
1998 3158 2085 3225 jn-

498 3252 693 3316 dicctn,
720 3261 776 3305 ct
797 3259 1013 3321 peccata
1042 3250 1348 3320 punientem
1382 3293 1396 3317 ,
1437 3266 1543 3303 non
1584 3250 1858 3318 puniendo
1902 3249 2087 3305 subdi-

500 3352 601 3407 tos,
624 3359 809 3397 eorum
862 3342 1098 3412 peccatis
1148 3344 1509 3407 consentiunt,
1548 3358 1668 3412 quae
1712 3344 1823 3413 jam
1871 3344 2087 3412 ipsimet

498 3449 809 3507 operantur.
840 3438 909 3491 At
933 3452 1033 3508 ego
1062 3438 1140 3492 sic
1171 3446 1222 3492 te
1264 3447 1523 3508 reputans
1573 3439 2004 3502 misericordem,
2029 3448 2088 3492 ut

500 3529 662 3584 etiam
691 3544 1013 3599 cognoscam
1040 3544 1157 3583 esse
1187 3540 1397 3583 castum
1449 3530 1711 3597 judicem,
1741 3533 1841 3585 hoc
1871 3531 1990 3585 aliis
2018 3532 2085 3585 ad

502 3618 915 3672 instructionem
949 3622 1201 3683 cantabo,
1247 3619 1299 3673 id
1325 3628 1406 3673 est
1453 3635 1575 3673 cum
1602 3620 1813 3675 cantico
1843 3621 1962 3675 aliis
1986 3637 2086 3675 an-

504 3711 779 3765 nuntiaho.
823 3710 888 3764 Et
914 3726 1018 3764 non
1050 3711 1220 3764 solum
1247 3711 1348 3767 hoc
1374 3713 1615 3779 cantabo,
1636 3714 1731 3768 sed
1761 3713 1924 3769 etiam
1947 3715 2086 3783 psal-

503 3802 633 3865 lam,
671 3801 723 3855 id
762 3810 845 3855 est
875 3802 1012 3856 bene
1030 3804 1316 3872 operabor.
1345 3803 1408 3856 Et
1440 3804 1679 3859 existens
1709 3805 1763 3859 in
1794 3807 1875 3859 via
1900 3808 2087 3860 imma-

503 3892 703 3956 cnlala,
736 3893 786 3946 id
816 3901 898 3947 est
938 3893 990 3946 in
1025 3893 1351 3958 innocentia,
1407 3909 1526 3964 qua:
1556 3897 1640 3949 via
1671 3896 1776 3950 erit
1799 3898 1864 3950 ad
1897 3899 2083 3963 vitam,

500 4002 597 4056 per
624 3989 727 4043 hoc
748 3988 1055 4058 intelligant,
1096 3989 1307 4057 quando
1342 3989 1508 4043 venies
1550 3989 1620 4042 ad
1650 4006 1760 4055 me,
1812 3989 1866 4043 in
1907 3989 2086 4042 futuro

502 4095 601 4148 per
638 4081 1148 4134 remunerationem.
1184 4078 1261 4132 Ac
1306 4078 1349 4133 si
1374 4078 1575 4133 diceret
1605 4097 1619 4132 :
1645 4078 1757 4133 Non
1791 4079 1879 4133 hic
1909 4094 2085 4132 remu-

503 4173 683 4226 nerari
713 4172 1060 4242 exspectabo,
1086 4171 1179 4225 sed
1209 4171 1260 4224 in
1281 4168 1459 4224 futuro
1488 4180 1707 4241 propter
1733 4172 1926 4225 bonam
1951 4187 2082 4241 ope-

505 4266 788 4320 rationem.
847 4263 1008 4319 Juxta
1056 4264 1182 4318 illud
1210 4281 1224 4321 :
1250 4283 1268 4315 ι
1304 4263 1371 4317 Ει
1421 4264 1487 4318 ad
1537 4279 1659 4319 cum
1698 4265 2003 4328 veniemus,
2031 4273 2085 4319 ct

504 4359 839 4413 mansionem
882 4358 1021 4427 apud
1069 4373 1193 4412 eum
1244 4356 1504 4412 faciemus
1558 4356 1741 4425 (Joan.
1774 4358 2023 4429 xw,25).
2062 4376 2078 4407 ι

504 4451 597 4505 Vel
623 4452 700 4505 sic
721 4449 968 4521 psallunt,
991 4448 1042 4502 id
1069 4459 1151 4503 est
1176 4449 1313 4504 bene
1340 4449 1620 4519 operabor,
1646 4449 1771 4503 etin
1796 4449 1873 4501 ria
1900 4449 2088 4502 imma-

504 4540 703 4604 calata,
728 4541 778 4593 id
808 4547 892 4593 est
938 4538 988 4591 in
1037 4538 1345 4593 innocentia
1385 4539 1627 4593 existens
1667 4538 1974 4608 intelligam,
2035 4540 2085 4593 id

504 4640 585 4683 est
621 4630 947 4684 intellectum
979 4630 1355 4685 rationabilem
1381 4631 1593 4685 habebo
1618 4672 1632 4695 ,
1669 4632 1795 4699 quid
1825 4632 1894 4687 sit
1921 4646 2086 4700 agen-

505 4720 631 4772 dum
664 4730 717 4773 ct
743 4721 871 4788 quid
913 4719 1243 4788 fugiendum,
1276 4729 1331 4774 et
1355 4720 1456 4774 hoc
1499 4720 1641 4783 erit,
1666 4722 1878 4790 quando
1921 4723 2086 4777 renies

505 4813 573 4863 ad
605 4827 703 4877 me,
738 4828 843 4865 non
874 4812 1136 4878 localiter,
1171 4812 1266 4867 sed
1302 4826 1397 4880 per
1443 4812 1811 4881 iuoperantem
1833 4815 2085 4884 gratiam.

506 4904 662 4971 Quod
702 4914 786 4960 est
823 4905 1004 4959 dicere
1044 4922 1056 4956 :
1098 4920 1193 4974 per
1257 4904 1359 4957 hoc
1403 4904 1625 4973 psallam
1677 4915 1726 4958 et
1776 4905 2086 4975 intelligant,

506 4996 646 5065 quod
678 4997 731 5049 in
758 5012 838 5049 me
868 4997 1059 5048 venies.
1114 4993 1365 5049 Ostendit
1423 5002 1602 5050 autem
1659 5010 1716 5049 se
1751 4994 1901 5063 prius
1932 4996 2087 5051 inno-

508 5089 741 5142 centiam
775 5087 1028 5142 habuisse
1077 5087 1155 5140 sic
1186 5105 1197 5139 :
1233 5086 1348 5140 Dixi
1375 5104 1388 5138 :
1416 5087 1648 5141 Cantabo
1676 5089 2086 5142 misericordium

507 5192 551 5233 et
569 5180 858 5249 judicium,
888 5178 1171 5248 ctquando
1198 5178 1311 5232 hzec
1331 5187 1553 5234 cantare
1573 5179 1832 5249 disposui,
1862 5179 2086 5251 egojam

508 5273 747 5327 existens
771 5272 826 5325 in
854 5271 1147 5324 innocentia
1176 5269 1347 5323 cordis
1374 5271 1495 5335 mei,
1550 5271 1601 5326 id
1646 5272 1799 5327 estin
1833 5271 2089 5327 innocen-

511 5363 581 5416 tia
610 5363 762 5417 bonze
812 5359 1175 5432 cogitationis,
1231 5376 1337 5415 non
1389 5361 1725 5417 solummodo
1785 5364 2089 5418 innocentia

508 5455 663 5511 bonae
689 5452 851 5524 395
874 5450 1207 5522 operationis
1228 5452 1677 5522 perambulabam,
1730 5453 1782 5507 id
1829 5462 1913 5509 est
1938 5454 2091 5508 valde

510 5546 873 5618 promovebar
896 5544 949 5598 in
997 5544 1112 5613 ipsa
1161 5543 1485 5600 innocentia.
1534 5543 1847 5599 innocentia
1883 5543 2002 5600 dico
2025 5545 2092 5600 ad

512 5638 919 5692 instructionem
953 5636 1242 5705 proposita,
1304 5638 1356 5690 in
1410 5636 1581 5690 medio
1613 5637 1798 5689 domus
1826 5652 1954 5690 mea:
1979 5678 1991 5700 ,
2038 5637 2092 5692 id

514 5740 594 5784 est
623 5726 678 5780 in
723 5725 1006 5782 manifesto
1058 5725 1271 5780 inmiti-.e
1335 5741 1485 5782 mem.
1534 5725 1685 5793 Quod
1736 5735 1817 5781 est
1868 5726 2087 5782 dicn'e:

2188 1897 2293 1933 non
2320 1880 2491 1933 solum
2524 1879 2627 1933 hoc
2648 1887 2769 1932 erat
2795 1878 2861 1931 de
2887 1877 3184 1940 extraneis,
3216 1878 3311 1930 sed
3340 1887 3395 1931 et
3427 1877 3471 1931 si
3497 1878 3605 1946 quis
3628 1878 3729 1932 mihi

2188 1970 2469 2026 familiaris
2501 1988 2531 2025 a
2560 1971 2698 2025 bona
2734 1969 3007 2023 voluntate
3055 1984 3194 2034 mea,
3224 1985 3324 2039 per
3370 1968 3559 2023 malam
3584 1971 3730 2023 volun-

2189 2072 2351 2117 tatem
2394 2061 2709 2124 declinaret,
2762 2076 2868 2114 non
2913 2059 3252 2114 solummodo
3282 2075 3409 2113 cum
3460 2060 3576 2112 odio
3603 2061 3732 2114 habe-

2186 2153 2331 2218 bam,
2364 2154 2457 2208 sed
2496 2160 2552 2207 et
2583 2167 2687 2205 non
2724 2150 3118 2221 cognoscebam,
3155 2151 3206 2203 id
3236 2162 3321 2205 est
3348 2152 3441 2211 isic
3474 2165 3555 2205 me
3579 2151 3731 2204 adver-

2187 2261 2279 2299 sus
2306 2261 2428 2299 eum
2463 2245 2646 2308 habui,
2677 2258 2869 2313 aspere
2900 2243 3297 2314 redarguendo,
3331 2243 3491 2313 quasi
3524 2259 3629 2298 eum
3654 2258 3733 2297 non

2188 2352 2597 2408 cognoscerem.
2630 2336 2748 2391 Non
2783 2337 3319 2403 tantummodovero
3364 2336 3492 2391 odio
3520 2336 3733 2391 habebam

2188 2445 2416 2500 magnas
2442 2429 2896 2499 prwvaricationes
2938 2427 3207 2496 facientes,
3245 2429 3343 2482 sed
3383 2429 3526 2499 quod
3554 2443 3734 2497 parvum

2186 2522 2420 2587 videtur,
2456 2522 2581 2576 licet
2613 2535 2866 2591 magnum
2894 2522 2987 2584 sit,
3018 2519 3379 2574 detrahentem
3401 2522 3627 2589 proximo
3646 2537 3734 2581 suo,

2186 2624 2241 2670 et
2268 2630 2371 2669 non
2406 2614 2639 2685 publice,
2669 2614 2763 2669 sed
2792 2622 3010 2677 secreto,
3041 2614 3187 2681 quod
3216 2612 3411 2679 levius,
3445 2628 3546 2667 non
3575 2613 3735 2667 solum-

2189 2709 2347 2763 modo
2380 2709 2505 2761 odio
2538 2707 2825 2774 habebam,
2856 2707 2949 2761 sed
2978 2706 3117 2775 quod
3148 2704 3326 2775 majus
3362 2714 3468 2769 est,
3501 2721 3736 2776 persegne

2188 2800 2302 2867 bar,
2333 2800 2623 2869 aliquando
2648 2800 2940 2870 puniendo,
2973 2799 3265 2867 aliquando
3291 2797 3668 2867 redarguendo.
3689 2797 3736 2849 Et

2186 2889 2349 2946 etiam
2376 2895 2527 2944 oculo
2554 2894 2877 2945 cxistentem
2909 2889 3129 2958 superbo
3164 2888 3441 2953 odiebam,
3474 2904 3576 2942 non
3601 2889 3737 2941 solum

2187 2981 2421 3050 superbo
2448 2982 2681 3049 actione,
2721 2982 2931 3036 scilicet
2963 2980 3112 3034 illum
3142 2980 3236 3049 qui
3268 2979 3373 3034 etsi
3414 2981 3635 3048 superbe
3658 2995 3738 3032 non

2186 3082 2525 3143 Operaretur,
2575 3082 2753 3128 tamen
2802 3074 3066 3143 superbus
3114 3073 3167 3125 in
3203 3072 3487 3127 oculorum
3534 3082 3739 3141 respectu

2190 3165 2501 3218 notaLatur.
2542 3163 2598 3217 In
2646 3164 2817 3219 oculis
2854 3163 2997 3217 enim
3048 3161 3341 3231 aliquando
3390 3162 3633 3231 superbia
3672 3176 3741 3215 ei»

2189 3255 2483 3325 gnoseitur.
2519 3254 2585 3308 Et
2621 3255 2784 3310 etiam
2817 3255 2940 3309 odio
2970 3253 3236 3308 habebam
3276 3255 3596 3308 exis1entezn
3625 3254 3739 3305 insa-

2189 3351 2358 3404 tiabili
2404 3351 2580 3418 corde,
2632 3350 2683 3404 id
2730 3359 2815 3405 est
2859 3364 3083 3403 avarum
3120 3349 3214 3418 qui
3265 3363 3542 3418 nunquam
3586 3362 3743 3401 ecasfrs

2189 3443 2343 3511 copia
2373 3451 2668 3506 saturatur,
2699 3443 2783 3497 vel
2830 3442 3068 3496 invidum
3103 3441 3193 3511 qui
3240 3457 3520 3511 nunquam
3556 3439 3744 3493 alterius

2190 3535 2345 3589 malis
2371 3536 2623 3589 satiatur.
2652 3536 2717 3589 Et
2741 3550 2844 3589 non
2873 3533 3044 3588 solum
3072 3549 3196 3587 eum
3224 3532 3353 3587 odio
3379 3532 3652 3595 habebam,
3671 3530 3743 3583 sel

2187 3634 2243 3679 et
2284 3642 2402 3679 cum
2449 3626 2546 3680 hoc
2588 3643 2691 3680 non
2732 3626 2944 3679 edebam
2992 3624 3369 3694 corporaliter.
3424 3624 3490 3677 Et
3536 3638 3627 3693 per
3666 3622 3745 3675 hoc

2191 3716 2366 3769 itmuit
2395 3719 2520 3785 quia
2550 3717 2749 3770 nullam
2777 3732 2897 3769 cum
2925 3730 2990 3769 eo
3021 3715 3253 3770 habebat
3284 3716 3742 3770 conversationem.

2192 3804 2344 3860 Unde
2391 3806 2646 3861 Dominus
2689 3808 2740 3860 in
2779 3805 3070 3874 Evangelio
3113 3823 3126 3858 :
3179 3823 3197 3856 ι
3237 3805 3342 3873 Qui
3389 3816 3533 3859 amat
3573 3813 3744 3874 patrem

2189 3910 2345 3950 suum
2375 3904 2431 3949 ct
2469 3904 2696 3949 matrem
2730 3895 3013 3966 plusquam
3051 3910 3157 3961 me,
3205 3910 3312 3949 non
3349 3905 3433 3950 est
3464 3909 3551 3950 me
3587 3895 3745 3966 dignus

2190 3987 2407 4059 (.ilutth.
2434 4003 2490 4052 Χ,
2517 3987 2630 4058 57).
2664 4007 2682 4040 ι

2263 4078 2389 4132 Dico
2424 4079 2566 4147 quod
2603 4077 2824 4143 superbo
2855 4093 3009 4132 oculo
3037 4092 3083 4131 et
3116 4078 3417 4132 insatiabili
3455 4079 3624 4141 corde,
3652 4092 3745 4129 eum

2188 4170 2286 4222 hoc
2334 4186 2437 4223 non
2476 4168 2709 4224 edebam.
2739 4170 3039 4235 Caeterum,
3082 4169 3208 4238 quia
3245 4184 3353 4223 non
3384 4167 3583 4224 saliicit
3609 4167 3746 4222 malos

2186 4260 2312 4314 odio
2344 4260 2565 4325 habere,
2608 4260 2713 4315 nisi
2753 4261 2914 4315 etiam
2958 4262 3084 4315 boni
3132 4261 3450 4330 diligantur,
3496 4264 3631 4317 eruti
3671 4264 3745 4313 mi

2191 4353 2497 4415 interiores,
2524 4353 2575 4407 id
2601 4362 2685 4408 est
2711 4363 2988 4423 respectus
3018 4354 3446 4422 beneplacentite
3474 4370 3626 4419 mea',
3646 4360 3747 4411 st'nt

2121 4456 2162 4510 υ
2188 4444 2256 4497 ad
2288 4444 2468 4513 ﬁdeles
2496 4455 2672 4510 terrw,
2710 4443 2764 4498 id
2800 4454 2885 4500 cst
2918 4446 3067 4513 regni
3098 4447 3223 4500 mei.
3250 4445 3407 4513 Quod
3439 4458 3523 4502 est
3553 4447 3744 4501 dicere:

2188 4534 2397 4589 Fideles
2451 4544 2505 4590 et
2540 4536 2666 4590 boni
2696 4536 2844 4606 regni
2875 4537 2979 4590 mei
3011 4537 3139 4590 mihi
3175 4537 3413 4608 placent,
3449 4548 3508 4592 ut
3534 4555 3631 4593 non
3661 4540 3746 4607 pri-

2188 4639 2309 4679 vem
2352 4639 2447 4681 eos
2483 4625 2691 4680 honore
2736 4626 3085 4695 praelationis,
3132 4628 3226 4681 sed
3266 4638 3320 4680 ut
3351 4630 3587 4693 sedeant,
3618 4628 3662 4681 id
3683 4634 3748 4679 est

2190 4725 2447 4771 maneant
2475 4732 2683 4771 mecum
2718 4717 2769 4771 in
2802 4732 2988 4787 regno.
3022 4716 3174 4784 Quod
3199 4726 3283 4772 est
3311 4719 3497 4773 dicere
3528 4738 3541 4771 :
3571 4715 3747 4772 Fideles

2190 4808 2394 4879 prielati
2439 4808 2570 4863 mihi
2616 4809 2850 4878 placent,
2898 4818 2957 4863 ut
3002 4808 3309 4864 nullatenus
3345 4811 3551 4866 honore
3580 4808 3745 4880 prira‘i

2192 4886 2399 4955 mecum
2438 4912 2681 4973 regnent.
2716 4904 2847 4957 Dico
2886 4901 3029 4969 quod
3068 4903 3203 4956 oculi
3230 4904 3331 4956 mei
3357 4913 3484 4959 sunt
3509 4906 3577 4957 ad
3596 4904 3746 4972 ﬁde'es

2191 5005 2366 5059 torrat,
2392 4996 2573 5049 ethoc
2602 4996 2788 5065 jandiu
2824 4996 2921 5050 fuit
2957 4996 3098 5065 quod
3124 4997 3425 5063 ambulans,
3458 4998 3510 5052 id
3542 5008 3621 5051 est
3645 5010 3746 5065 per.

2190 5100 2447 5141 severans
2488 5088 2542 5140 in
2587 5089 2670 5140 via
2708 5087 3076 5153 immaculata,
3118 5089 3169 5141 id
3210 5098 3295 5143 est
3342 5090 3395 5144 in
3443 5089 3745 5150 innocentia,

2190 5179 2273 5232 hic
2315 5179 2440 5231 mihi
2476 5180 2809 5234 ministrabat
2842 5180 2894 5235 in
2932 5180 3405 5236 administratione
3447 5182 3745 5253 reipublier.

2191 5286 2234 5324 St
2253 5269 2397 5324 ilicet
2426 5270 2572 5324 illum
2598 5275 2689 5340 qui
2715 5278 2837 5326 erat
2865 5272 3146 5336 innocens,
3175 5274 3433 5329 constitui
3465 5275 3745 5328 ministrum

2193 5374 2390 5422 meum,
2421 5370 2479 5413 ut
2503 5362 2602 5414 sub
2629 5374 2715 5413 me
2737 5360 3021 5415 existcndo
3053 5361 3355 5416 minoribus
3384 5362 3611 5417 lidel'br
3631 5377 3747 5431 prm-

2191 5451 2413 5506 sideret.
2451 5453 2579 5506 Dico
2619 5452 2761 5521 quod
2807 5452 3129 5507 cxisteutem
3177 5452 3412 5522 superbo
3456 5455 3610 5508 oculo
3647 5454 3749 5506 odio

2194 5542 2482 5609 habebam,
2514 5551 2569 5598 et
2605 5545 2780 5599 adhuc
2805 5544 2929 5600 odio
2957 5544 3194 5609 habebo;
3242 5546 3331 5601 ille
3361 5548 3501 5601 enim
3530 5547 3617 5616 qui
3643 5545 3748 5614 [at-it

2192 5636 2508 5706 superbiam,
2548 5636 2599 5690 id
2637 5645 2721 5692 est
2758 5637 3045 5705 superbam
3074 5638 3345 5693 actionem
3380 5653 3633 5708 unquam,
3666 5654 3750 5689 non

2197 5729 2448 5783 habitabit
2482 5732 2533 5782 in
2569 5728 2733 5783 medio
2762 5729 2945 5784 domus
2977 5746 3125 5797 mew,
3151 5730 3202 5786 id
3227 5740 3309 5787 est
3339 5746 3444 5787 non
3468 5728 3748 5786 dominabi-
