3872 6320
124 376 251 432 Ηϐι

120 580 298 633 domus
324 579 692 637 existentium.
736 582 849 649 Vel,
893 602 993 639 nou
1029 588 1280 643 habitabit
1319 592 1372 647 in
1404 594 1571 647 medio
1592 594 1687 648 do-

119 685 223 721 mus
251 676 394 731 mete,
436 669 488 723 id
530 679 634 737 εει,
677 688 782 727 non
821 675 1256 733 manifestabitur
1294 682 1346 735 in
1386 687 1687 755 communia

122 768 221 815 tate
251 757 466 816 familiae
497 778 650 819 mete.
680 763 832 830 Quod
856 777 936 822 est
963 768 1143 825 dicere
1171 788 1184 824 :
1216 764 1401 829 Nullus
1424 778 1686 845 superbus

117 849 211 905 erit
234 864 463 918 unquam
491 853 623 908 mibi
646 852 951 911 familiaris.
975 857 1045 913 Et
1067 859 1174 926 ille,
1198 863 1289 931 qui
1324 864 1557 935 loquitur
1581 868 1683 922 ini-

118 955 231 1008 qua,
278 940 329 994 id
368 948 453 995 est
482 943 841 1013 adulationes,
899 966 1003 1004 non
1031 950 1223 1007 direxit
1252 969 1484 1024 unquam
1515 972 1595 1024 se,
1630 958 1683 1011 id

113 1036 188 1080 est
214 1044 319 1082 non
350 1028 477 1083 fecit
506 1032 773 1089 adulando
808 1050 867 1090 se
897 1038 1294 1107 beneplacitum
1326 1044 1379 1097 in
1407 1057 1681 1115 conspectu

111 1116 367 1169 oculorum
416 1134 649 1175 meorum
701 1124 1043 1181 interiorum.
1101 1128 1254 1197 Quod
1305 1142 1388 1188 est
1434 1136 1613 1192 dicere
1660 1156 1674 1192 :

111 1202 282 1258 Nullus
333 1208 735 1267 adulationibus
798 1216 912 1270 suis
969 1221 1392 1279 consideratioui
1450 1229 1678 1287 rationis

110 1309 229 1351 mete
265 1295 485 1366 placuit,
524 1302 663 1358 sicut
692 1303 759 1359 de
796 1322 947 1364 more
976 1313 1265 1390 mundanis
1295 1316 1528 1375 dominis
1559 1319 1676 1390 pla-

105 1395 221 1440 cent
257 1387 588 1447 adulatores.
633 1391 852 1465 Lingua:
896 1384 1043 1455 enim
1083 1402 1417 1462 adulantium
1457 1409 1676 1483 alligant

106 1477 302 1532 animas
330 1479 382 1533 in
414 1484 673 1551 peccatis.
708 1486 873 1563 396
910 1490 1027 1546 Dixi
1059 1496 1201 1563 quod
1235 1477 1587 1557 ἀειταιιεηιειῖι
1619 1514 1677 1560 ει

103 1566 410 1623 existentem
450 1574 671 1643 superbo
703 1578 877 1645 oculo,
910 1590 958 1634 et
996 1581 1285 1640 insatiabili
1313 1591 1468 1645 corde
1498 1610 1675 1663 perse-

100 1655 397 1724 quebar,et,
434 1669 498 1714 ut
538 1664 918 1724 universaliter
956 1671 1160 1742 dicam,
1201 1678 1302 1746 ego
1340 1679 1579 1737 existens
1616 1683 1697 1739 in.

100 1750 362 1817 matutino,
409 1752 463 1807 id
507 1764 592 1809 est
634 1758 697 1811 in'
734 1758 981 1818 claritate
1024 1763 1345 1825 innocentiae
1391 1781 1444 1826 et
1489 1777 1667 1845 perfe-

1096 385 1458 444 EXPOSlTlO
1491 390 1554 445 IN
1597 391 2234 455 PSALMOS.—-PSAI..
2273 402 2353 457 Cl.

119 496 198 540 tur
241 485 487 554 familia},
522 504 553 542 ιι
595 488 939 548 similitudine
986 496 1356 565 praebitorum,
1405 501 1458 555 lu
1505 503 1681 558 medio
1710 506 1754 560 A
1784 504 2027 561 intensus

2061 521 2205 565 recta
2242 523 2295 568 et
2341 515 2550 574 intensa
2597 521 2877 586 devotione
2921 534 3115 596 factus.
3164 540 3235 598 Et
3269 548 3371 606 iste

1787 595 1987 651 clamor
2012 617 2155 657 meus
2196 606 2266 657 ad
2290 616 2338 660 te
2363 612 2551 677 veniat,
2590 614 2644 668 id
2681 627 2763 672 est
2790 638 2894 677 non
2928 633 3164 696 patiatur
3192 642 3370 709 repul-

1788 698 1898 709 n-.--.
1959 704 2011 709 ,Α
2034 690 2050 709 Ι
2091 706 2106 709 Α
2136 693 2151 709 ‘
2232 695 2271 709 Μ
2603 705 2613 709 ⁵

2929 690 2943 696 -
3194 690 3206 691 ί
3228 690 3281 709 *ι-
3295 690 3344 695 “-

1786 698 1922 749 sam,
1956 690 2050 743 sed
2085 693 2151 746 ad
2193 695 2445 755 effectum
2484 705 2833 776 perducatur,
2880 718 3111 779 admissa
3154 743 3184 781 a
3226 741 3296 794 te,
3337 751 3367 787 a

1788 773 1969 794 -:_._!|-.
2033 779 2064 794 ιο
2188 784 2199 794 ·

2818 773 2827 776 _
3037 773 3111 779 η
3155 773 3184 781 _
3226 773 3296 794 ω,
3337 773 3367 787 ς.

1786 773 2140 833 similitudine
2185 784 2515 860 legatorum,
2564 797 2655 864 qui
2707 799 2758 853 in
2810 804 3104 867 thalamum
3153 817 3368 879 Domiin

1785 864 2162 927 admittuntur.
2216 876 2450 951 Exponit
2499 898 2627 956 ergo
2658 891 2788 957 quid
2833 905 2975 961 oret,
3022 915 3143 956 cum
3174 909 3366 965 addit:

1784 952 1909 1009 Non
1943 971 2164 1027 avertas,
2197 975 2304 1021 etc.
2350 969 2502 1038 Quod
2535 978 2614 1032 sic
2653 985 2962 1049 ex;:onitur.
3007 990 3137 1047 Dico
3177 1005 3369 1056 επαυαὶ

1781 1046 2075 1106 clamorem
2112 1059 2378 1117 orationis
2408 1080 2556 1133 metu,
2593 1085 2713 1139 quae
2750 1078 2925 1133 oratio
2958 1082 3079 1137 talis
3111 1096 3214 1141 est.
3248 1089 3366 1145 Sci-

1782 1136 1903 1231 licet
1946 1156 2042 1199 oro
2086 1162 2148 1201 ne
2192 1164 2398 1207 avertas
2435 1157 2486 1210 in
2534 1159 2717 1218 futuro
2762 1166 2951 1235 [aciem
2990 1184 3157 1243 tuam,
3190 1180 3241 1235 id
3287 1196 3369 1238 est

2566 1212 2569 1213 ,
2601 1212 2712 1218 -.ην
2762 1212 2951 1235 ,κν-νυ...
2990 1212 3157 1243 nouus,
3190 1212 3241 1235 lu
3287 1212 3364 1238 υδι

1780 1212 2119 1297 ρῖαιεειιιίιιιη
2151 1246 2475 1311 cognitionis
2502 1254 2575 1306 tui
2614 1273 2646 1309 a
2682 1274 2778 1324 me,
2812 1262 2864 1317 id
2897 1274 2980 1320 est
3010 1283 3038 1321 a
3069 1273 3223 1338 meis,
3255 1278 3364 1333 sci-

1780 1318 1812 1338 l!
1830 1336 1836 1338 .
1863 1333 1896 1338 Α-
2090 1329 2100 1338 ³
2357 1337 2360 1338 ⁷

2766 1318 2776 1324 _
3012 1318 3037 1321 ,τ
3069 1318 3223 1338 ----...,
3255 1318 3359 1333 ..π

1778 1318 1901 1395 licet
1922 1329 2182 1394 permitte
2208 1349 2303 1390 eos
2350 1337 2403 1392 in
2440 1339 2622 1398 futuro
2651 1349 2718 1401 ad
2763 1349 3151 1415 beatitudinem
3180 1369 3366 1434 (-Ogni-

1778 1411 1939 1470 tionis
1973 1419 2047 1472 tui
2093 1427 2397 1490 pervenire.
2447 1431 2514 1487 Et
2562 1448 2620 1491 ut
2663 1438 2829 1498 facies
2862 1454 2949 1501 tua
2983 1449 3034 1505 in
3068 1411 3277 1510 futuro"
3295 1462 3362 1513 ab

1774 1505 1855 1559 eis
1896 1523 2004 1563 non
2032 1508 2312 1573 avertatur
2354 1521 2407 1576 in
2454 1524 2557 1580 hoc
2586 1532 2807 1598 mundo,
2852 1537 2907 1592 in
2936 1557 3243 1616 quacunque
3276 1550 3362 1606 die

1773 1597 1997 1654 trtbulor
2024 1603 2221 1662 inclina
2269 1614 2339 1665 ad
2387 1632 2469 1670 me
2510 1635 2692 1676 aurem
2733 1634 2899 1696 luant,
2933 1597 2985 1687 id
3014 1643 3098 1689 est
3142 1597 3194 1692 i'n
3225 1655 3360 1709 quo-

1772 1698 1985 1757 cunque
2018 1699 2262 1764 tempore
2292 1702 2394 1758 mei
2427 1704 2656 1765 interius
2683 1714 3083 1777 tribulabuntur
3108 1740 3137 1777 a
3167 1698 3357 1795 pecca~

2980 1774 2985 1775 ,
3110 1774 3137 1777 _
3167 1774 3330 1795 In-.-

1772 1774 1842 1829 tis
1887 1779 2020 1846 suis,
2055 1782 2253 1841 inclina
2278 1790 2358 1863 eis
2386 1810 2565 1852 aurem
2599 1810 2763 1869 luant,
2799 1804 2849 1860 id
2878 1818 2962 1862 est
3000 1809 3083 1867 fac
3116 1815 3197 1868 eis
3227 1832 3357 1873 con-

1489 1836 1504 1845 '
2006 1836 2018 1846 '
2100 1836 2127 1837 "
2168 1836 2251 1841 "'"
2282 1836 2358 1863 .""
2386 1836 2565 1852 ἠ’-νη*
2599 1836 2763 1869 ὐιιυηι
2799 1836 2848 1860 lu
2878 1836 2962 1862 cal
3000 1836 3083 1867 litt:
3116 1836 3197 1868 ets
3227 1836 3355 1873 con-

99 1836 281 1893 ctionis
323 1842 648 1900 omnimodzn
685 1847 1089 1921 interﬁt-ictam,
1138 1857 1191 1913 id
1232 1868 1317 1914 est
1361 1860 1665 1923 interﬁcere
1698 1847 1741 1904 Β
1769 1865 2096 1930 descendere
2128 1876 2554 1941 misericordiam
2591 1898 2771 1957 tuam,
2808 1906 2865 1951 ut
2909 1914 3002 1956 eos
3031 1904 3097 1958 de
3125 1905 3228 1962 hac
3260 1902 3355 1963 tri-

99 1928 453 1963 dﬂ:alnlln'\nn\
503 1946 677 1963 nn...’.-
728 1953 1013 1963 _--‘-_.A,,ss
1066 1956 1078 1963 .
1288 1952 1301 1963 ο
1327 1952 1340 1963 ι
1652 1961 1662 1963 μ

99 1928 455 1988 desiderabam
500 1946 677 1993 omnes
721 1953 1019 2012 peccatores
1060 1956 1234 2016 term,
1287 1952 1340 2008 id
1386 1965 1470 2011 est
1517 1961 1666 2031 regni

98 2019 190 2073 mei
225 2024 520 2081 secundum
553 2018 698 2098 quad
728 2044 1042 2102 peccatores
1077 2052 1252 2098 erant.
1291 2046 1359 2102 Et
1389 2050 1488 2105 hoc
1521 2052 1661 2121 ideo,

96 2119 147 2161 ut
172 2110 517 2180 disperderem
548 2120 613 2173 de
644 2121 875 2191 civitate,
916 2128 967 2183 id
1004 2140 1086 2186 est
1126 2133 1194 2189 de
1231 2138 1426 2207 populo
1451 2141 1665 2201 Domini

94 2201 170 2254 cui
213 2217 309 2273 ego
350 2208 736 2280 prtesidebam,
777 2232 953 2273 omnes
1004 2236 1272 2292 operantes
1316 2229 1658 2301 iniquitatem.

97 2290 233 2357 Quod
271 2305 358 2350 est
397 2298 578 2356 dicere
618 2320 631 2356 :
674 2302 898 2363 Sic'eos
940 2290 1248 2372 interficere
1287 2320 1658 2381 desiderabam

97 2391 146 2435 ut
182 2384 358 2441 nullus
385 2401 572 2445 eorum
608 2393 660 2448 in
694 2398 889 2467 populo
932 2401 1141 2459 Domini
1188 2423 1413 2466 manens
1468 2429 1654 2484 Opera-

93 2481 227 2528 retur
259 2475 626 2549 iniquitatem,
666 2487 759 2541 sed
789 2491 964 2557 omnis
996 2493 1253 2564 iniquitas
1293 2511 1438 2557 esset
1480 2502 1534 2558 in
1580 2506 1658 2563 eis

91 2563 368 2634 destructa,
390 2579 446 2625 et
466 2571 677 2629 bonitas
708 2578 994 2636 aediﬁcata.
1028 2563 1333 2644 Notandum
1356 2607 1509 2659 sane,
1532 2611 1655 2652 cum

91 2654 204 2710 dicit
228 2670 243 2711 :
275 2654 637 2733 Persequebar
662 2667 1034 2741 detrahentem,
1067 2686 1113 2730 et
1139 2694 1257 2733 cum
1287 2681 1383 2735 Itoc
1409 2701 1509 2740 non
1536 2688 1656 2741 ede-

91 2743 213 2811 bant,
254 2756 303 2801 et
329 2760 631 2819 peccatores
674 2756 1066 2829 iuterﬁeiebam,
1114 2772 1524 2829 convenientius
1554 2776 1654 2830 im-

87 2836 364 2903 perfectum
392 2848 554 2911 quam
586 2850 915 2915 praeteritum
948 2855 1211 2923 posuisse.
1245 2858 1348 2914 Per
1378 2860 1479 2919 hoc
1505 2867 1650 2924 enim

86 2925 238 2981 innuit
260 2942 317 2984 se
360 2931 474 3001 jam
505 2934 596 2989 diu
628 2937 936 3009 incmpisse,
969 2954 1026 2999 et
1055 2950 1287 3004 nondum
1315 2951 1520 3022 ﬁnisse,
1555 2960 1648 3013 sed

86 3015 241 3073 adhuc
266 3018 319 3075 in
350 3020 455 3077 hoc
480 3026 670 3081 eodem
697 3031 1010 3097 persistere.
1620 3048 1623 3051 λ

576 3117 646 3173 ιΝ
682 3112 1011 3181 PSALMUM
1050 3126 1133 3183 Cl.

110 3192 328 3258 'Psall'ni
369 3207 653 3263 centesimi
702 3212 859 3281 primi
910 3214 1136 3272 Titulus.
1178 3220 1362 3278 Oratio
1396 3231 1640 3299 pauperis

81 3307 182 3344 cum
226 3297 417 3350 anxius
447 3297 623 3366 fuerit,
657 3312 704 3355 et
748 3320 925 3359 coram
966 3308 1189 3365 Domino
1217 3315 1496 3383 e/funderit
1523 3338 1641 3389 pre-

80 3394 172 3433 tem
204 3400 371 3438 suam.
425 3386 578 3454 Quod
621 3391 703 3446 sic
745 3392 1075 3475 exponitur}
1118 3401 1360 3461 l’sahnus
1413 3408 1513 3464 iste
1557 3421 1640 3466 est

80 3471 226 3525 oratio
260 3479 530 3546 pauperis,
562 3479 613 3533 id
640 3492 722 3535 est
756 3484 809 3539 in
853 3487 955 3541 hoc
982 3471 1189 3560 psalmo
1216 3505 1336 3549 orat
1364 3496 1636 3569 Christus,

78 3572 259 3628 pauper
300 3578 400 3632 pro
449 3567 603 3623 nobis
635 3570 830 3640 factus,
863 3591 983 3631 cum
1026 3582 1175 3638 dives
1222 3597 1388 3655 esset,
1434 3600 1492 3645 ut
1538 3609 1637 3662 per

76 3645 176 3712 ejus
197 3663 569 3723 paupertatem
593 3661 785 3718 divites
805 3664 1140 3725 eﬂieeremur
1163 3673 1246 3743 (II
1266 3645 1387 3732 Cor:
1413 3645 1629 3750 vm,r9').

76 3737 296 3798 Ostendit
338 3756 522 3803 autem
567 3750 621 3806 in
667 3755 873 3823 psalmo
917 3737 1289 3832 paupertatem
1338 3785 1511 3839 suam,
1541 3776 1633 3832 ubi

74 3828 225 3887 dicit:
256 3832 377 3890 Dies
418 3841 519 3894 mei
554 3845 686 3897 sicut
722 3828 929 3916 umbra,
969 3861 1076 3909 etc.
1121 3854 1250 3913 Dico
1292 3862 1432 3929 quod
1464 3868 1631 3922 oratio

74 3917 171 3976 haec
202 3934 281 3979 est
313 3932 562 3999 pauperis
586 3931 808 3999 Christi,
843 3937 981 3996 facta
1010 3960 1126 3999 cum
1169 3947 1269 4003 hoc
1297 3917 1461 4019 esset,
1486 3956 1629 4024 quod

72 4008 207 4075 fuerit
232 4018 447 4083 anxius,
474 4020 526 4074 id
562 4032 645 4077 est
689 4025 950 4086 sollicitus
990 4033 1056 4088 de
1086 4039 1386 4106 perditione
1415 4047 1629 4114 generis

71 4097 299 4173 humani,
346 4118 396 4162 et
444 4125 567 4166 cum
619 4113 721 4169 hoc
764 4128 907 4173 esset
950 4126 1090 4191 quod
1125 4128 1396 4195 effuderit,
1448 4133 1499 4187 id
1544 4146 1631 4193 est

68 4194 192 4259 quod
218 4203 534 4268 cognoverit
558 4220 615 4259 se
645 4206 938 4267 ell‘usurum
969 4214 1108 4272 hanc
1131 4235 1333 4287 prerem
1359 4242 1507 4281 suam
1536 4246 1624 4284 co-

66 4295 164 4335 ram
194 4284 419 4344 Domino
448 4290 632 4359 Patre,
666 4296 717 4352 id
747 4309 830 4354 est
876 4303 927 4357 in
960 4284 1364 4377 beneplacentia
1414 4317 1622 4378 Domini

64 4366 237 4432 Patris.
266 4377 423 4447 Quod
452 4392 533 4438 est
563 4386 784 4445 dicere:
815 4390 939 4449 Ideo
965 4396 1106 4454 hanc
1133 4404 1432 4463 orationem
1471 4410 1621 4480 fecit,

63 4464 171 4529 quia
199 4468 461 4528 sollicitus
500 4485 620 4531 erat
661 4478 728 4534 de
760 4480 971 4540 deiectu
1000 4498 1054 4543 et
1080 4493 1380 4561 perditione
1407 4464 1621 4569 generis
1651 4521 1697 4575 ι)

64 4550 223 4575 LM”,
249 4558 262 4569 .
368 4570 380 4575 ,
501 4564 513 4575 .
788 4571 800 4575 -
896 4573 904 4575 -

64 4550 285 4624 humani,
327 4570 387 4615 et
422 4564 547 4633 quia
577 4571 825 4637 cognovit
855 4550 1330 4642 placereuDomino
1359 4550 1527 4657 Pzitri,
1562 4600 1621 4648 ut

63 4641 181 4701 hanc
214 4664 433 4719 precem
480 4670 577 4724 pro
611 4659 785 4716 salute
825 4641 1100 4723 hominum
1145 4669 1463 4732 eﬂ‘nnderet.
1512 4679 1618 4736 No-

62 4735 259 4793 tandum
289 4744 434 4812 quod
468 4746 538 4799 ibi
578 4762 637 4802 se
677 4749 852 4808 innuit
888 4757 1108 4814 anxium
1139 4762 1205 4817 de
1235 4764 1409 4823 salute
1443 4770 1617 4828 homi-

58 4833 170 4877 num
196 4837 506 4896 esse,1cum
533 4835 612 4890 sic
649 4851 750 4906 pro
783 4841 864 4897 eis
897 4854 1040 4911 orat,
1082 4853 1237 4919 quasi
1280 4869 1381 4925 pro
1413 4873 1490 4915 se.
1536 4861 1613 4917 lbi

57 4921 168 4967 vero
199 4915 341 4973 hanc
375 4920 673 4979 orationem
704 4927 930 4989 Domino
958 4915 1171 5005 placere
1212 4943 1405 5013 innuit,
1438 4951 1526 5006 ubi
1558 4952 1609 5007 in

55 5005 388 5068 mittentibus
408 5014 654 5070 enuntiat
680 5015 912 5077 futuram
940 5026 1062 5083 esSe
1088 5030 1365 5092 hominum
1392 5054 1611 5111 repara-

54 5087 251 5158 tionem,
303 5113 403 5168 pro
445 5117 550 5171 qua
596 5107 649 5161 in
681 5111 947 5184 principio
982 5122 1174 5189 psalmi
1204 5136 1343 5182 orat.
1376 5087 1608 5191 Earvero

55 5175 333 5242 intentione
375 5204 473 5259 pro
501 5194 580 5249 eis
619 5207 761 5264 orat,
790 5211 846 5257 et
890 5206 1208 5267 beneficium
1248 5223 1607 5289 reparatiouis

55 5264 203 5289 LM,
509 5284 521 5289 -

51 5264 308 5329 hominum
333 5284 604 5351 enuntiat,
635 5296 693 5340 ut
724 5289 825 5345 hac
848 5299 1134 5354 occasione
1174 5264 1394 5365 devoios
1423 5321 1476 5367 et
1505 5315 1602 5370 be-

48 5361 246 5420 nevolos
283 5382 384 5424 eos
416 5374 507 5441 qui
554 5391 652 5445 per
689 5393 812 5435 eum
859 5392 1093 5455 reparati
1133 5407 1260 5451 sunt
1321 5398 1503 5469 faciat,
1549 5417 1601 5462 et

1767 1956 2043 2019 bulatnone
2095 1966 2328 2039 eripias,
2386 1990 2417 2027 a
2471 1976 2825 2040 similitudine
2882 1991 3110 2061 medici,
3164 2013 3350 2053 aurem

2179 2032 2195 2039 _
2314 2032 2324 2037 γ
2882 2032 3110 2061 ...ν-ην,
3164 2032 3350 2053 "me...

1756 2032 1971 2119 htegroto
2019 2053 2352 2116 inclinantis.
2384 2063 2449 2118 Et
2479 2067 2616 2126 bene
2655 2075 2807 2141 ponit
2850 2079 2905 2133 in
2935 2098 3241 2153 quacunque
3268 2090 3351 2143 die

1765 2149 1991 2207 propter
2022 2144 2283 2215 temporis
2315 2152 2708 2227 diversitatem,
2751 2180 2815 2219 ac
2840 2169 2884 2221 si
2916 2170 3059 2226 dicat
3087 2192 3099 2227 :
3129 2176 3262 2232 Cum
3294 2180 3349 2233 in

1764 2228 1979 2289 diverso
2012 2244 2253 2308 tempore
2282 2244 2391 2299 sint
2427 2250 2737 2324 tribulandi,
2780 2259 2831 2313 in
2864 2276 3187 2336 quocunque
3215 2280 3350 2327 tem-

1762 2333 1894 2388 Ροτθ
1940 2325 2362 2401 ῑτίδυίίιιὶυηῑυτν
2393 2353 2579 2396 aurem
2605 2345 2683 2400 eis
2714 2350 2800 2418 pic
2837 2351 3057 2410 inclina.
3106 2360 3235 2437 Dico
3266 2366 3350 2419 iu-

1766 2410 1899 2437 -I:.._
1928 2417 1992 2437 --Ι
2021 2433 2125 2437 _-__,
2432 2429 2477 2437 --
2521 2434 2531 2437 -

1760 2410 1900 2466 clina
1926 2417 1992 2470 ad
2019 2433 2167 2475 meos
2194 2438 2402 2483 aurem.
2431 2429 2531 2486 Mei
2559 2437 2703 2514 enim
2732 2449 2785 2496 te
2817 2442 2871 2497 in
2906 2436 3348 2513 tribulationibus

1760 2504 1874 2559 suis
1904 2505 2248 2581 invocabant,
2276 2517 2328 2571 id
2355 2531 2438 2576 est
2464 2504 2696 2583 orabunt
2721 2542 2775 2586 et
2802 2549 2932 2591 voce
2957 2548 3012 2593 ct
3039 2543 3343 2607 devotione.

1760 2593 1827 2648 Et
1856 2597 1907 2650 in
1942 2616 2252 2674 quacunque
2278 2609 2362 2664 die
2388 2615 2691 2674 invocavero
2721 2632 2789 2689 te,
2819 2629 2870 2680 id
2901 2640 2986 2685 est
3013 2634 3063 2688 in
3102 2652 3345 2706 quocun-

1756 2699 1861 2755 que
1909 2698 2151 2762 tempore
2193 2698 2578 2776 tribulationis,
2616 2714 2720 2767 mei
2766 2720 2998 2777 orabunt
3039 2698 3345 2791 [οξεῖαααί

1756 2795 1855 2843 me.
1887 2782 1939 2837 id
1968 2796 2052 2840 est
2081 2804 2232 2847 meos
2259 2804 2316 2849 ut
2339 2790 2649 2867 impetrent,
2678 2816 2732 2860 et
2762 2808 2862 2865 hoc
2892 2814 3150 2883 velociter,
3184 2821 3233 2875 id
3258 2836 3342 2879 est

1754 2869 1999 2942 indilate,
2035 2878 2084 2932 in
2119 2881 2221 2937 hac
2248 2886 2381 2952 vita,
2413 2892 2623 2948 scilicet
2652 2898 2739 2950 ubi
2773 2910 2982 2971 tempus
3009 2919 3093 2962 est
3120 2916 3342 2970 exaudi-

1754 2959 1934 3018 tionis.
1962 2964 2019 3020 ln
2046 2967 2226 3025 futuro
2262 2977 2406 3031 enim
2439 2982 2615 3038 nullus
2650 2991 2987 3049 exaudietur.
3021 2997 3333 3059 Hoc-antem

1751 3050 1891 3107 idem
1930 3067 2016 3111 est
2050 3059 2103 3113 in
2135 3068 2401 3121 sententia
2434 3074 2576 3140 quod
2610 3076 2804 3134 inclina
2835 3100 3035 3153 aurem,
3071 3092 3173 3146 nisi
3208 3096 3333 3164 quia

1753 3157 1775 3164 -
1804 3143 1816 3164 l
1840 3144 1892 3164 Is.
1990 3146 2002 3164 ι
2074 3150 2103 3164 ⁸-
2233 3155 2390 3164 ⁸⁸·-

3022 3143 3034 3153 ,
3094 3143 3098 3144 ν
3132 3143 3173 3146 ἡ-
3211 3143 3333 3164 Γ...

1671 3183 1711 3240 C
1750 3143 1896 3198 addit
1927 3146 2184 3221 velociter,
2226 3155 2390 3228 397
2432 3171 2486 3215 ει
2518 3165 2570 3219 in
2595 3182 2903 3243 quacunque
2925 3177 3007 3231 die
3030 3180 3333 3242 inroravere

1744 3241 1811 3284 te.
1862 3233 1926 3287 Et
1969 3250 2052 3292 est
2099 3258 2164 3295 ex
2218 3247 2502 3306 all'ectione
2542 3233 2707 3312 nimia
2760 3267 3068 3332 repetitum.
3115 3275 3222 3329 Oro
3267 3295 3332 3334 ne

1741 3336 1946 3380 avertas
1978 3329 2046 3384 ab
2075 3332 2153 3387 eis
2186 3335 2236 3388 in
2275 3338 2455 3397 futuro
2482 3344 2693 3413 faciem,
2725 3362 2778 3406 et
2824 3364 2882 3409 ut
2914 3357 2994 3414 eis
3024 3376 3204 3419 aurem
3240 3368 3326 3429 ins-

1740 3411 1931 3481 clincs,
1965 3428 2021 3471 ut
2048 3421 2112 3475 de
2141 3426 2486 3486 tribulatione
2511 3449 2794 3495 eruantur.

1739 3594 1942 3652 talitem
1972 3603 2297 3662 reducantur
2319 3650 2333 3675 ,
2361 3616 2483 3682 quia
2511 3617 2806 3687 defecerunt
2834 3630 2965 3683 sicut
3011 3634 3187 3702 {nutus
3212 3642 3324 3698 dies

1736 3687 1866 3753 mei,
1905 3689 1957 3744 id
1998 3704 2080 3749 est
2109 3686 2224 3753 dies
2253 3702 2371 3758 \ita:
2405 3686 2647 3766 meorum
2686 3716 2791 3771 cito
2823 3720 3157 3783 defectibiles
3194 3730 3320 3788 facti

2825 3766 3157 3783 --.πη-,ηπ
3194 3766 3317 3788 mw

1735 3766 1976 3849 stintper
2004 3785 2213 3857 Adam,
2264 3794 2330 3847 ad
2388 3800 2602 3855 modum
2646 3804 2811 3874 fumi,
2865 3813 2972 3867 cito
3000 3816 3317 3877 deficientis.

1733 3870 1802 3925 Et
1831 3876 1994 3931 etiam
2055 3896 2151 3935 oro
2188 3894 2245 3939 ut
2272 3902 2396 3944 ossa
2426 3908 2666 3951 meorum
2698 3905 3133 3965 corroborentur.
3183 3911 3317 3987 Nam

1733 3979 1850 4018 ossa
1880 3982 2022 4036 mea,
2054 3972 2104 4028 id
2125 3985 2208 4031 est
2237 3978 2674 4043 intellectualitas
2696 4001 2751 4046 et
2780 3994 3006 4053 liberum
3030 4001 3310 4060 arbitrium

1730 4073 1851 4127 qua:
1879 4072 2004 4117 sunt
2025 4055 2144 4121 ussa
2168 4106 2185 4137 ,
2216 4070 2266 4124 id
2308 4083 2392 4129 est
2422 4075 2672 4137 for.io:cs
2696 4097 2878 4152 partes
2904 4091 3125 4159 animm,
3166 4110 3313 4150 meo-

1730 4161 1848 4203 rum
1888 4167 2141 4211 arueruut
2168 4199 2181 4223 ,
2208 4162 2341 4215 sicut
2362 4169 2609 4222 cremium
2638 4210 2652 4236 ,
2698 4173 2751 4228 id
2785 4185 2868 4230 est
2900 4180 3002 4233 vim
3034 4197 3185 4236 suam
3212 4200 3309 4253 per

1727 4238 1987 4311 oringalc
2015 4259 2294 4315 peccatum
2322 4256 2646 4326 amiserunt,
2676 4264 2742 4316 ad
2765 4266 3167 4327 similitudinem
3191 4290 3309 4342 erce

1726 4329 1857 4395 mii,
1907 4331 1959 4386 in
1996 4336 2218 4395 frixorio
2243 4344 2436 4411 positi,
2481 4356 2534 4402 et
2573 4354 2775 4407 arendo
2827 4358 2929 4411 vim
2967 4360 3307 4432 pinguedinis

1724 4432 1835 4474 suae
1856 4424 2168 4483 amittentis.
2207 4428 2272 4485 Et
2303 4448 2425 4489 vere
2457 4437 2787 4499 defectibiles
2821 4446 2934 4502 dies
2967 4424 3184 4508 diabeut
3206 4496 3221 4520 ,
3250 4467 3304 4510 et

1722 4522 1844 4563 ossa
1874 4514 2100 4568 arentia.
2129 4515 2260 4572 Nam
2287 4538 2563 4591 percussus
2603 4546 2718 4584 sum
2758 4546 2814 4587 ut
2865 4539 3079 4608 fenum,
3122 4543 3174 4598 id
3220 4559 3303 4600 est

1721 4600 1827 4656 mei
1856 4616 1886 4656 a
1910 4611 1962 4658 te
1985 4612 2224 4674 percussi
2254 4622 2308 4668 et
2333 4616 2579 4687 multati,
2606 4636 2762 4691 pmna
2784 4631 2991 4696 peccati
3021 4646 3147 4691 sunt
3169 4635 3299 4695 facti

1718 4688 2052 4751 defectibiles
2074 4708 2133 4754 ut
2151 4699 2372 4771 fenum,
2424 4711 2567 4779 quod
2597 4688 2703 4768 εῑιο
2728 4730 2759 4770 a
2784 4688 2971 4777 ’νιιιοτο
2993 4724 3211 4796 deficit,
3248 4743 3298 4785 et

1717 4797 1807 4837 cor
1825 4802 1996 4843 meum
2023 4793 2186 4860 aruit,
2215 4796 2266 4851 id
2294 4808 2379 4854 est
2399 4816 2521 4858 ossa
2551 4806 2731 4863 cordis
2753 4825 2993 4870 meorum
3012 4833 3294 4879 aluerunt.

1714 4871 1867 4942 Quod
1895 4881 2181 4941 estdicere
2208 4905 2221 4941 :
2253 4887 2359 4946 Per
2384 4892 2488 4949 hoc
2520 4895 2844 4959 defectibilis
2882 4917 2963 4962 est
3010 4907 3149 4966 facta
3182 4916 3289 4968 vita

1712 4977 1987 5039 meorum,
2043 4982 2098 5028 et
2139 4990 2263 5033 ossa
2292 4995 2479 5037 eorum
2530 4985 2786 5047 interiora
2818 4995 3090 5054 debilitata
3119 5006 3290 5077 ,quia

1709 5066 1804 5109 eos
1827 5061 2137 5125 percussisti
2179 5070 2505 5129 mortalitate
2538 5086 2589 5131 et
2638 5087 3015 5141 excwcatione.
3069 5076 3286 5149 Etuun

1709 5144 1979 5205 immerito
2000 5164 2125 5209 sunt
2151 5163 2391 5228 percussi
2417 5205 2431 5229 ,
2474 5169 2566 5221 sed
2607 5169 2727 5227 ideo
2771 5176 2893 5244 quia
2943 5179 3132 5235 oblitus
3168 5201 3285 5240 sum

1707 5239 1971 5295 comedere
1997 5261 2183 5312 panem
2221 5266 2390 5307 meum
2409 5296 2423 5320 ,
2464 5257 2516 5313 id
2546 5268 2627 5314 est
2656 5262 2757 5316 mei
2784 5265 2931 5319 obliti
2970 5282 3097 5325 sunt
3137 5288 3282 5329 com—

1705 5328 1864 5383 edere
1893 5345 2084 5399 ponent
2110 5352 2288 5406 suum,
2313 5344 2518 5402 scilicet
2552 5338 2708 5404 robliti
2756 5351 2972 5412 fuerunt
3010 5360 3060 5413 in
3108 5363 3279 5421 Adam

1704 5416 1851 5471 reﬁci
1879 5436 2017 5490 pane
2039 5438 2171 5493 suo;
2223 5430 2276 5501 id
2322 5443 2402 5487 est
2454 5437 2753 5494 obedientia
2784 5444 2946 5501 divini
2994 5457 3273 5525 praecepti,

1701 5518 1819 5572 quze
1843 5508 1919 5561 eis
1943 5522 2086 5566 esset
2113 5518 2266 5584 panis
2286 5520 2555 5578 salutaris.
2582 5525 2732 5593 Quod
2753 5533 3058 5591 estdicere:
3088 5539 3276 5599 Merito

1699 5597 2071 5661 inobedientiae
2099 5624 2283 5664 eorum
2308 5654 2322 5678 ,
2355 5624 2479 5668 sunt
2506 5632 2533 5669 a
2559 5627 2611 5671 te
2636 5625 2895 5689 percussi.
2928 5627 2993 5682 Et
3025 5629 3111 5687 illa
3139 5635 3295 5689 obli-i

47 5461 129 5515 per
154 5454 295 5513 illam
326 5462 662 5523 devotionem
701 5479 1017 5543 perveniant
1044 5486 1110 5540 ad
1139 5498 1397 5550 aeternam
1429 5498 1595 5555 salva-
