3872 6320
524 314 660 381 “65

1078 306 1137 363 S.
1179 304 1533 364 BRUNONIS
1571 299 2114 361 CARTllUSlANOR‘

2247 296 2734 360 ιΝετιτυτοιιιε
2768 297 2919 360 OPP.
2953 298 3134 361 PARS
3170 300 3213 361 1.

3629 316 3729 375 illii

526 456 553 489 ι.
580 435 640 491 ει
668 429 1037 496 comederitis,
1074 427 1231 485 eritis
1252 427 1394 482 sicut
1421 421 1659 497 dii(Gen.
1693 438 1781 486 ιιι,
1808 422 1884 489 5).
1914 440 1931 475 ι
1951 420 2103 487 Quod
2130 425 2182 483 Α
2277 420 2581 478 Notandum
2607 424 2772 493 quod,
2800 439 2923 479 cum
2954 440 3049 495 per
3073 423 3380 480 Judaeomm
3400 426 3672 495 superbiam
3690 448 3735 488 se

523 537 606 583 cst
629 526 809 581 dicere
838 540 851 577 :
880 521 1006 577 Ideo
1037 534 1230 592 panem
1269 519 1550 574 comedere
1575 523 1701 571 sunt
1743 512 1893 568 obliti
1918 552 1933 579 ,
1980 512 2104 582 quia

523 617 834 689 deceptoria
887 630 992 670 vox
1035 611 1231 669 diaboli
1256 626 1351 667 eos
1381 609 1625 678 decepit,
1669 620 1766 676 per
1822 618 1985 675 quam
2041 603 2107 659 ad

524 710 794 777 defectum
817 708 1147 763 devenerunt
1167 706 1305 759 unde
1327 699 1619 771 saepissime
1638 706 1876 768 gemunt.
1905 692 2107 750 Notan-

525 806 651 858 dum
678 801 842 872 quod,
874 814 994 854 cum
1016 813 1111 853 eos
1126 796 1317 851 merito
1346 791 1680 863 negligentiae
1699 805 1809 845 sua:
1834 788 1960 843 dicit
1989 803 2108 845 esse

524 908 842 965 percussos,
881 905 947 946 ex
974 891 1074 944 hoc
1115 887 1284 957 magis
1318 883 1419 939 sibi
1449 882 1623 937 reddit
1647 880 1909 935 obnoxios
1939 919 1955 945 ,
1985 895 2107 934 cum

525 998 625 1054 pro
647 983 726 1038 eis
755 988 873 1035 oret
902 986 1178 1045 tantopere
1201 1014 1215 1039 ,
1244 972 1335 1042 qui
1366 969 1605 1041 percussi
1634 979 1759 1023 sunt
1785 968 1977 1022 merito
1997 981 2109 1022 suae

526 1067 920 1127 inobedienlire.
960 1064 1098 1119 Cum
1125 1070 1307 1115 autem
1334 1075 1434 1130 per
1459 1073 1646 1114 vocem
1676 1056 1952 1112 diabolica:
1978 1071 2106 1125 sug-

527 1160 784 1233 gestionis
833 1170 925 1211 eos
976 1165 1230 1223 peccasse
1274 1149 1545 1214 ostendit,
1595 1147 1770 1202 locum
1812 1146 1891 1200 eis
1940 1144 2110 1199 venire

528 1252 676 1307 facit.
711 1248 767 1303 Si
803 1246 944 1301 enim
995 1243 1113 1298 sine
1163 1239 1506 1313 suggestione
1544 1238 1722 1307 aliqua
1757 1242 2108 1305 peccassent,

526 1340 731 1410 indigni
756 1336 925 1391 venia:
950 1334 1161 1404 penitus
1192 1338 1405 1396 essent,
1444 1327 1895 1399 quemadmodmu
1919 1325 2110 1379 diabo-

525 1434 609 1488 lus
643 1430 812 1485 venite
841 1427 1016 1483 locum
1043 1425 1249 1489 amisit,
1304 1422 1560 1493 quoniam
1590 1434 1655 1475 ex
1704 1417 1816 1474 sola
1858 1415 2110 1486 superbia

525 1521 788 1594 peccavit.
824 1519 956 1575 Dico
983 1516 1127 1588 quod
1156 1515 1355 1571 oblivio
1384 1511 1611 1583 contigit
1640 1526 1670 1565 a
1699 1523 1830 1564 voce
1871 1508 2068 1563 diaboli
2093 1546 2109 1571 ,

524 1629 623 1685 per
660 1627 822 1683 quam
878 1623 1065 1665 vocem
1126 1607 1381 1678 quoniam
1443 1604 1493 1659 ei
1541 1601 1827 1656 obedivere
1877 1598 2014 1662 mei,
2053 1613 2111 1651 os

524 1720 730 1769 meum,
784 1701 838 1756 id
871 1710 958 1757 est
983 1696 1380 1754 rationabilitas
1426 1707 1703 1756 meorum,
1764 1705 1885 1760 quae
1924 1698 2009 1744 eet
2050 1703 2113 1743 os

2208 512 2637 569 interﬁciendum
2666 514 2867 582 innuit,
2927 516 2981 570 in
3028 514 3131 571 hoc
3172 515 3347 585 magis
3387 515 3484 571 sibi
3521 518 3735 577 obnoxios

2209 601 2422 667 reddit,
2479 612 2604 657 cum
2642 618 2829 659 eorum
2870 614 3077 673 partem
3113 604 3366 660 ostendat
3401 613 3570 675 postea
3597 624 3736 678 perse

2209 687 2546 759 salvandam,
2602 694 2851 763 quamvis
2888 708 3011 749 eum
3064 693 3266 763 injuste
3313 697 3473 751 morti
3521 696 3735 755 dederim.

2209 783 2305 839 Vel
2334 798 2430 839 ero
2452 787 2587 839 sicut
2624 786 2930 856 nycticoraa:
2954 787 3009 841 in
3049 787 3318 861 domicilio
3341 789 3599 854 habitans,
3632 792 3739 849 sicut

2209 872 2353 927 enim
2379 875 2691 945 nycticorax
2721 875 2839 931 avis
2866 887 3134 931 noeturna
3186 893 3240 932 ιιι
3265 878 3529 933 domicilio
3552 878 3741 945 habitat,

2209 966 2288 1022 sic
2316 976 2370 1022 et
2394 982 2494 1039 ego
2523 983 2621 1039 per
2650 978 2761 1024 tres
2791 968 2906 1025 dies
2935 969 3203 1040 passionis
3231 986 3395 1035 mem,
3446 971 3499 1025 in
3522 971 3742 1028 domicilio

2210 1061 2576 1115 conversabor
2600 1101 2616 1126 ,
2648 1061 2701 1115 id
2726 1072 2811 1117 est
2836 1062 2887 1116 in
2920 1063 3149 1133 superba
3176 1071 3444 1133 potestate
3463 1062 3741 1133 Judaeorum,

2209 1163 2330 1219 qua:
2348 1158 2569 1219 propter
2592 1149 2980 1205 sublimitatem
3002 1151 3326 1222 arrogantia:
3345 1166 3441 1221 per
3465 1152 3741 1211 domicilium

2212 1238 2530 1310 intelligitur
2553 1282 2568 1306 ,
2597 1240 2740 1310 quod
2770 1240 3019 1311 superius
3050 1251 3135 1297 est
3164 1241 3220 1297 in
3263 1242 3444 1296 domo.
3486 1241 3621 1300 Uade
3662 1245 3743 1302 Do-

2211 1329 2390 1385 minus
2427 1331 2480 1385 iu
2511 1330 2823 1401 Evangelio.
2888 1349 2909 1382 ι
2967 1330 3121 1387 Sicut
3162 1330 3265 1387 fuit
3304 1331 3467 1388 Jonas
3514 1335 3561 1389 in
3593 1348 3744 1395 ventre

2211 1422 2314 1476 ceti
2346 1420 2520 1477 tribus
2546 1422 2735 1477 diebus
2762 1431 2817 1478 et
2838 1423 3009 1478 tribus
3035 1423 3321 1489 noctibus,
3371 1425 3450 1481 sic
3482 1427 3576 1481 erit
3609 1427 3747 1485 Filius

2212 1512 2449 1568 hominis
2483 1513 2658 1569 tribus
2684 1514 2872 1569 diebus
2918 1523 2973 1570 et
3020 1516 3193 1571 tribus
3240 1517 3489 1573 noctibus
3524 1518 3572 1572 in
3613 1525 3746 1576 corde

2216 1612 2375 1655 terrm
2426 1600 2642 1670 (Matth.
2699 1618 2807 1667 xu,
2850 1602 2966 1673 40),
2998 1622 3017 1657 ι
3090 1605 3144 1658 in
3192 1615 3460 1675 potestate
3506 1608 3748 1663 voluntatis

2217 1702 2555 1748 terrenarum
2578 1691 2886 1748 Judmorum
2912 1735 2929 1761 ,
2959 1694 3184 1751 scilicet.
3229 1694 3288 1750 In
3317 1696 3423 1750 alia
3448 1697 3752 1754 translatione

525 1796 722 1852 animm
748 1833 764 1859 ,
806 1792 1029 1846 adluesit
1075 1803 1170 1860 per
1190 1800 1511 1843 consensum
1538 1783 1688 1837 carni
1714 1797 1841 1835 mete
1866 1819 1881 1847 ,
1931 1778 1985 1833 id
2031 1786 2116 1833 est
2150 1780 2194 1840 Β
2221 1782 2452 1837 habetur
2474 1784 2529 1837 in
2555 1783 2850 1854 parietinis.
2887 1783 3162 1839 Parietina
3193 1800 3323 1842 vero
3349 1786 3532 1843 domus
3554 1789 3752 1859 parietes

525 1882 836 1942 carnalitati
868 1894 1132 1936 meorum.
1162 1876 1316 1945 Quod
1347 1884 1429 1931 est
1461 1875 1641 1929 dicere
1667 1887 1683 1925 :
1722 1870 1836 1925 Hoc
1880 1869 1969 1923 illa
2010 1884 2115 1924 vox

526 1976 725 2041 ellecit,
752 1983 809 2029 ut
824 1988 1066 2028 meorum
1092 1966 1523 2025 iutellectualitas
1539 1981 1569 2020 a
1592 1963 1935 2020 sensualitate
1956 1978 2116 2033 supe-

525 2078 644 2124 rata
676 2069 767 2123 sit.
802 2064 916 2121 lloc
947 2073 1125 2119 autem
1156 2061 1296 2116 idem
1331 2068 1415 2114 est
1442 2056 1583 2129 quod
1607 2055 1854 2126 superius
1882 2054 2113 2120 dixerat,

526 2160 667 2212 aruit
695 2173 787 2211 cor
807 2170 1001 2218 meum,
1029 2152 1124 2208 sed
1147 2167 1211 2206 ex
1243 2149 1431 2215 nimia,
1466 2160 1628 2218 quam
1651 2159 1751 2215 pro
1785 2143 1897 2199 suis
1929 2142 2113 2209 habet,

526 2250 800 2303 anxietate
828 2257 915 2301 εει
939 2244 1222 2315 repetitum
1249 2282 1267 2309 ,
1319 2250 1379 2295 ut
1398 2240 1558 2295 citius
1586 2235 1811 2307 hujusce
1837 2235 1914 2290 rei
1942 2234 2118 2290 salva-

526 2342 733 2396 tioncm
760 2340 1033 2409 impetret.

596 2430 825 2487 Ostensa
839 2427 1207 2499 percussione,
1226 2434 1281 2480 et
1303 2423 1499 2479 merito
1511 2419 1875 2493 percussionis
1894 2432 2116 2474 suorum

523 2530 586 2581 ut
622 2523 835 2579 veniam
856 2519 936 2576 eis
954 2519 1115 2575 citius
1137 2517 1421 2587 impetret,
1454 2513 1704 2570 enuntiat
1730 2520 1995 2581 quatenus
2019 2523 2118 2579 pro

525 2630 712 2671 eorum
740 2610 1077 2684 reparatione
1105 2608 1175 2665 sit
1203 2621 1492 2680 passurus,
1519 2613 1575 2660 et
1601 2612 2030 2666 resurrecturus,
2062 2607 2120 2655 et

525 2711 580 2765 in
625 2706 823 2763 ctelum
865 2716 1228 2767 ascensurus,
1280 2699 1382 2755 sic.
1419 2697 1529 2755 Oro
1572 2706 1630 2751 ut
1672 2696 1976 2750 orationem
2020 2708 2119 2764 pro

524 2799 745 2856 miseria
768 2810 1009 2853 meorum
1038 2794 1234 2849 factam
1262 2790 1541 2857 exandias,
1572 2803 1692 2860 quae
1714 2787 1930 2858 quidem
1953 2800 2119 2841 exau-

539 2891 732 2947 tlienda
763 2896 873 2955 est,
920 2896 978 2941 ut
1018 2885 1120 2956 ipsi
1162 2891 1499 2953 reparentur.
1538 2876 1672 2933 Nam
1711 2886 1772 2931 ut
1819 2877 1920 2946 ipsi
1960 2890 2118 2946 repa-

525 2989 737 3047 rentur,
767 2977 953 3034 similis
977 2976 1149 3046 [actus
1183 2991 1298 3029 sum
1324 2972 1556 3043 pclicano
1586 2968 1911 3033 solitudinis,
1953 2968 2006 3023 id
2037 2975 2121 3023 est

523 3074 773 3146 pclicano
805 3068 1072 3126 habitanti
1104 3068 1157 3121 in
1183 3065 1492 3121 solitudine.
1518 3061 1652 3118 Nam
1681 3060 1820 3116 sicut
1844 3057 2120 3129 pelicanus

526 3164 645 3222 avis
670 3170 752 3218 est
783 3159 1023 3216 solitaria
1045 3198 1060 3223 ,
1101 3157 1180 3213 sic
1210 3164 1265 3210 et
1290 3169 1389 3225 ego
1419 3151 1694 3207 solitarius
1723 3148 1929 3212 existo,
1989 3146 2117 3200 dum

524 3255 675 3311 solus
701 3253 755 3308 in
794 3249 1131 3307 immunitate
1157 3244 1361 3316 peccati
1401 3241 1650 3314 persisto.
1704 3239 1801 3295 Vel
1847 3236 2119 3293 solitarius

523 3361 680 3411 sum,
713 3341 954 3400 solitarie
980 3340 1048 3395 de
1073 3336 1294 3407 Virgine
1321 3344 1499 3389 natus.
1533 3330 1674 3386 Nulli
1697 3329 1841 3386 enim
1876 3327 1968 3382 alii
1988 3344 2119 3383 con-

529 3438 651 3508 tigit
677 3437 745 3501 de
768 3434 976 3506 virgine
1005 3429 1176 3486 nasci.
1217 3427 1343 3484 Sive
1391 3426 1555 3481 etiam
1603 3423 1915 3487 solitarius,
1970 3420 2118 3476 solus

523 3528 737 3585 scilicet
770 3540 866 3595 per
893 3539 981 3580 me
999 3529 1420 3577 resurrecturus.
1454 3515 1645 3571 Nullus
1684 3515 1830 3570 enim
1860 3513 1996 3568 alius
2021 3527 2118 3582 per

529 3632 592 3671 se
640 3613 976 3678 resurrexit,
1028 3610 1111 3665 vel
1167 3615 1574 3664 resurrecturus
1625 3613 1729 3660 est.
1787 3602 1941 3658 Unde
1988 3602 2116 3657 alibi

528 3706 851 3762 Psalmista:
880 3721 899 3755 ι
933 3704 1075 3758 Inter
1097 3709 1339 3756 mortuos
1362 3698 1497 3753 liber
1521 3695 1695 3769 (Psal.
1715 3710 1955 3760 Lxxxvu,
1980 3693 2056 3765 6).
2090 3712 2109 3747 ι

528 3796 741 3852 Similis
769 3808 981 3864 quoque
1010 3792 1134 3845 [iam
1159 3791 1429 3861 pclicano,
1450 3787 1504 3842 in
1526 3786 1805 3857 sanguinis
1830 3783 2113 3848 effusione,

531 3900 585 3944 et
624 3888 678 3943 in
718 3887 952 3941 ﬁliorum
982 3881 1367 3937 viviﬁcatione.
1425 3877 1711 3933 Pelicanus
1754 3876 1898 3931 enim
1942 3874 2115 3944 pullos

531 3994 689 4043 suos,
726 3991 790 4032 eo
814 3975 956 4047 quod
981 3988 1105 4028 eum
1144 3973 1198 4025 iu
1224 3970 1421 4025 faciem
1448 3967 1795 4039 percutiunt,
1830 3981 1859 4019 a
1896 3964 2116 4035 physio-

529 4068 668 4139 logis
700 4067 897 4122 dicitur
927 4061 1251 4118 interficere.
1282 4060 1486 4114 Deinde
1513 4067 1693 4113 autem
1730 4071 1917 4112 eorum
1944 4065 2115 4111 morte

532 4161 727 4215 anxius
748 4200 763 4224 ,
789 4156 1107 4227 sanguinem
1139 4152 1220 4208 sui
1259 4151 1445 4206 lateris
1472 4164 1633 4220 super
1674 4163 1769 4204 eos
1794 4146 2114 4203 elluudende

533 4251 859 4307 reviviscere
887 4246 1035 4301 facit.
1070 4245 1161 4299 Sic
1183 4251 1239 4299 et
1269 4241 1520 4298 Christus
1547 4240 1686 4296 filios
1708 4254 1868 4306 suos,
1909 4239 2116 4294 scilicet

524 4357 693 4398 «omne
717 4354 889 4413 genus
912 4338 1206 4393 humanum
1229 4333 1553 4390 mortalitate
1565 4331 1859 4396 damnavit,
1885 4346 1949 4386 eo
1971 4332 2113 4401 quod

2217 1874 2568 1929 mtliﬁciorutn
2600 1876 2829 1931 dicimus
2853 1876 3166 1940 semirutos,
3195 1886 3254 1933 et
3284 1878 3592 1933 destructos.
3629 1880 3755 1937 Unde

2217 1965 2382 2020 etiam
2422 1981 2519 2035 per
2565 1965 2830 2036 parietina
2894 1964 3065 2022 Judaei
3096 1966 3297 2023 Christi
3343 1968 3598 2025 occisores
3631 1972 3754 2026 acci-

2216 2056 2440 2127 piuntur
2464 2095 2481 2122 ,
2534 2056 2653 2127 qui,
2682 2071 2804 2111 cum
2857 2056 2948 2111 Dei
2987 2057 3276 2113 aedilicium
3305 2073 3425 2115 esse
3452 2059 3755 2127 debuissent,

2216 2166 2316 2222 per
2339 2151 2647 2221 superbiam
2671 2162 2728 2208 et
2752 2161 2948 2209 caetera
2976 2164 3197 2226 peccata
3231 2170 3330 2211 sua
3367 2171 3485 2212 sese
3510 2158 3757 2213 destruxe-

2216 2252 2366 2297 runt.
2416 2244 2537 2298 Dixi
2586 2244 2729 2314 quod
2783 2260 2882 2316 pro
2933 2248 3276 2318 reparatione
3326 2264 3560 2305 meorum
3596 2250 3758 2307 similis

2219 2330 2343 2386 (iam
2368 2332 2611 2404 pclicano
2627 2374 2642 2402 ,
2663 2344 2719 2394 et
2745 2335 2908 2389 etiam
2937 2351 3035 2404 pro
3065 2336 3167 2393 hac
3188 2338 3377 2394 eadem
3390 2354 3544 2394 causa
3560 2340 3758 2407 υἱςὶιαεὶ,

2219 2423 2274 2478 id
2310 2434 2394 2479 est
2435 2439 2466 2479 a
2504 2435 2678 2481 morte
2724 2426 2812 2482 die
2865 2428 3025 2483 tertia
3055 2430 3355 2500 evigilabo,
3401 2443 3589 2503 etpost
3616 2434 3761 2503 {actus

2217 2533 2336 2571 sum
2363 2557 2376 2581 ,
2409 2517 2464 2572 id
2492 2527 2577 2573 est
2602 2517 2726 2571 liam
2742 2518 2883 2573 sicut
2903 2536 3085 2588 passer
3109 2521 3383 2576 solitarius
3412 2524 3465 2577 in
3491 2534 3610 2578 tecto
3653 2526 3764 2579 nidi-

2221 2605 2424 2673 licans,
2455 2606 2664 2662 scilicet
2689 2622 2784 2664 ero
2818 2609 3012 2665 similis
3037 2613 3247 2679 passeri
3292 2614 3531 2668 solitario
3568 2616 3617 2669 in
3644 2626 3762 2671 tecto

2221 2699 2542 2755 nidilicanti.
2588 2700 2744 2757 Sicut
2794 2702 2942 2756 enim
2978 2717 3191 2773 passer,
3248 2705 3439 2762 relicto
3480 2684 3762 2763 caeteraruu:

2220 2789 2401 2844 avium
2469 2792 2778 2857 consortio,
2842 2792 3086 2848 solitarie
3130 2795 3185 2849 in
3239 2804 3380 2849 tecto
3424 2808 3764 2862 conversatur,

2220 2880 2299 2934 sic
2312 2891 2366 2935 et
2390 2894 2511 2952 ego,
2532 2881 2719 2939 relicto
2737 2882 3095 2954 corporaliter
3116 2885 3482 2956 apostolorum
3507 2890 3765 2950 consortio,

2221 2970 2392 3027 cmlos
2415 2971 2713 3028 ascendens
2734 2988 2858 3029 cum
2878 2973 3063 3043 Patre,
3091 2990 3317 3046 regnum
3348 2976 3639 3033 solitarium
3658 2980 3767 3033 obti-

2222 3064 2381 3119 nebo.
2409 3063 2527 3121 Non
2550 3064 2726 3121 solum
2750 3074 2931 3123 autem
2955 3067 3174 3138 paravi,
3202 3084 3301 3138 pro
3327 3083 3561 3124 meorum
3581 3085 3767 3139 repara-

2222 3155 2366 3210 tione
2394 3169 2480 3210 me
2504 3154 2807 3213 assimilare
2840 3156 3086 3228 pclicano
3110 3170 3166 3215 et
3188 3161 3512 3231 nycticoraci
3535 3200 3552 3229 ,
3591 3171 3646 3217 et
3663 3177 3765 3233 pas-

2219 3245 2326 3301 seri
2348 3286 2364 3312 ,
2389 3246 2484 3301 sed
2507 3248 2670 3302 etiam
2693 3248 2951 3318 quoniam
2980 3264 3067 3305 me
3095 3250 3165 3305 ad
3194 3250 3300 3305 hoc
3324 3252 3539 3320 paravi,
3561 3252 3669 3319 jam
3692 3268 3772 3322 pro

2219 3342 2413 3390 eorum
2443 3339 2785 3408 reparatione
2830 3341 3115 3410 patiebar,
3147 3342 3291 3411 quod
3341 3352 3451 3396 tota
3477 3342 3559 3397 die
3579 3384 3593 3406 ,
3629 3345 3677 3397 id
3708 3355 3773 3398 est

2213 3426 2414 3498 jugiter
2439 3420 2819 3499 exprobrabant
2840 3431 2968 3485 mihi
2991 3432 3192 3486 inimici
3215 3434 3315 3487 mei
3335 3433 3521 3490 Judazi.
3550 3432 3617 3487 Et
3632 3436 3772 3490 etiam

2218 3518 2321 3572 hoc
2349 3517 2609 3588 patiebar,
2640 3519 2782 3589 quod
2810 3519 2885 3574 illi
2910 3520 3251 3576 inimicorum
3278 3524 3369 3593 qui
3392 3523 3667 3577 laudabant
3687 3540 3769 3587 me,

2217 3609 2551 3665 simulatorie
2590 3610 2853 3667 dicendo:
2890 3631 2909 3665 ι
2949 3611 3227 3684 Magister,
3249 3615 3453 3671 scimus
3493 3616 3613 3686 quia
3637 3630 3773 3671 verax

2216 3714 2278 3755 es
2305 3698 2518 3770 (Matth.
2544 3716 2657 3756 uti
2680 3741 2696 3767 ,
2737 3701 2846 3772 16),
2886 3721 2904 3755 ι
2934 3712 3062 3769 etc.,
3085 3703 3347 3773 jurabant
3386 3706 3650 3759 aduersum
3682 3722 3772 3767 me,

2218 3791 2272 3846 id
2299 3803 2386 3848 est
2417 3793 2846 3865 conjurationem
2875 3794 3147 3851 faciebant
3176 3796 3467 3852 adversum
3507 3811 3625 3861 me,
3664 3810 3776 3866 quo-

2217 3883 2378 3938 modo
2407 3894 2630 3954 possent
2658 3900 2745 3941 me
2767 3885 2927 3943 laude
2963 3901 3062 3943 sua
3093 3887 3367 3959 decipere.
3412 3888 3637 3959 Exponit
3669 3902 3775 3958 ergo

2216 3990 2385 4045 quare
2421 3976 2525 4031 sibi
2573 3977 3006 4048 exprobrabant,
3076 3995 3202 4034 cum
3253 3980 3444 4035 addit:
3501 3980 3623 4035 inde
3671 3980 3775 4032 nitu

2216 4066 2635 4137 exprobrabant,
2683 4069 2825 4123 unde
2865 4068 3166 4125 laudandus
3203 4084 3388 4136 cram,
3440 4071 3565 4141 quia
3596 4069 3773 4125 scilich

2217 4157 2601 4211 manducabam
2624 4197 2640 4224 ,
2667 4158 2719 4213 id
2742 4168 2825 4215 est
2850 4159 2980 4214 mihi
3013 4158 3430 4230 incorporabam
3470 4175 3567 4231 per
3603 4159 3768 4215 docui-

2216 4262 2341 4302 nam
2369 4246 2614 4312 cinerem,
2653 4248 2706 4304 id
2728 4258 2811 4304 est
2834 4257 3150 4320 peccatores
3176 4250 3529 4320 pmnitcntes,
3554 4262 3773 4320 tauquam

2216 4354 2441 4407 panem,
2475 4336 2529 4393 id
2560 4347 2645 4394 est
2663 4338 3117 4409 sicutdiscipulos
3163 4355 3332 4394 meos.
3370 4338 3461 4396 Vel
3501 4341 3617 4396 sic:
3662 4340 3774 4405 Qui:

532 4452 656 4491 eum
685 4435 737 4490 in
762 4433 953 4488 faciem
978 4434 1392 4500 percusserunt,
1442 4426 1495 4481 id
1524 4433 1608 4480 est
1655 4438 1750 4495 per
1801 4424 2114 4516 inobedicn—
2146 4458 2193 4516 υ
2215 4427 2330 4497 jam
2355 4429 2486 4484 mihi
2517 4440 2673 4486 erant
2700 4431 2882 4502 panis,
2913 4432 2964 4486 id
2993 4443 3076 4488 cst
3093 4433 3333 4503 jucunda
3366 4433 3603 4488 refectio.
3648 4431 3775 4499 Quod

535 4531 667 4583 tiam
698 4527 826 4582 Adm
862 4524 1022 4578 nimis
1047 4520 1417 4583 ollendcrunt,
1450 4531 1599 4571 more
1623 4530 1809 4570 eorum
1838 4514 1928 4584 qui
1954 4529 2117 4592 ques-

534 4621 664 4675 libet
684 4619 741 4674 in
760 4616 901 4672 facie
926 4612 1249 4685 percutiunt.
1279 4610 1471 4665 Postea
1497 4607 1710 4677 quidem
1741 4622 1928 4661 eorum
1956 4605 2118 4660 morti

534 4709 890 4779 compatiens,
920 4719 1013 4760 cos
1041 4704 1236 4759 iterum
1267 4701 1348 4755 sui
1372 4697 1649 4769 sanguinis
1671 4694 1929 4752 eﬂ‘usione
1952 4695 2119 4766 398

532 4800 848 4857 vivilicavit.
876 4797 990 4851 Non
1013 4794 1185 4851 solum
1209 4801 1387 4846 autem
1417 4804 1512 4845 cro
1552 4788 1795 4859 pclicano
1836 4787 2029 4842 similis
2064 4787 2117 4840 iu

533 4892 811 4964 sanguinis
839 4888 1122 4951 ell'usione,
1169 4884 1261 4940 sed
1288 4893 1343 4938 et
1368 4898 1462 4937 ero
1506 4884 1642 4936 sicut
1679 4880 2014 4951 nycticorax,
2066 4878 2117 4934 id

533 4992 616 5038 cst
668 4981 863 5036 similis
911 4992 1005 5032 ero
1035 4973 1361 5047 nycticoraci
1423 4975 1477 5028 in
1528 4982 1721 5029 morte.
1770 4971 1924 5027 Sicut
1973 4971 2117 5025 enim

532 5076 843 5147 nycticorax
893 5069 1026 5133 avis,
1053 5082 1173 5137 quae
1220 5066 1378 5135 vulgo
1420 5066 1616 5122 dicitur
1664 5065 1837 5120 noctis
1892 5078 2117 5130 corvus,

534 5173 694 5219 nocte
717 5162 888 5226 volat,
926 5159 999 5212 ita
1027 5172 1126 5227 ego
1161 5156 1213 5211 in
1246 5165 1419 5212 morte
1450 5156 1680 5211 ruancbo
1701 5196 1717 5222 ,
1771 5164 1824 5210 et
1851 5155 1951 5209 hoc
1975 5153 2118 5223 quod

534 5270 628 5309 cro
652 5249 977 5324 nycticoraci
1005 5248 1197 5304 similis
1222 5249 1494 5318 continget
1518 5249 1569 5301 in
1602 5246 1896 5311 domicilio,
1937 5255 1992 5299 et
2022 5261 2120 5316 per

532 5345 864 5403 domicilium
889 5384 903 5407 ,
936 5341 1139 5397 scilicet
1160 5357 1256 5412 per
1283 5340 1591 5410 superbiam
1623 5337 1927 5393 Judacorum
1956 5380 1971 5404 ,
2000 5354 2119 5407 qum

530 5449 771 5507 congrue
791 5449 887 5505 per
911 5432 1243 5489 domicilium
1295 5432 1560 5502 accipitur
1618 5440 1839 5500 propter
1875 5429 2121 5485 sublimi-

533 5539 719 5583 tatem.
745 5524 1082 5582 Domicilium
1107 5529 1251 5584 enim
1282 5536 1508 5582 vocatur
1542 5523 1761 5597 preprie
1793 5532 1992 5579 tectum
2022 5522 2120 5578 do-

526 5616 682 5685 mus,
708 5617 853 5688 quod
879 5617 1127 5688 superius
1157 5628 1240 5674 est
1271 5618 1324 5672 in
1358 5617 1535 5673 domo.
1573 5614 1642 5671 Et
1668 5613 1866 5670 dicitur
1894 5613 2120 5673 domici-

522 5707 697 5775 lium,-
722 5708 876 5779 quasi
901 5709 1090 5764 domus
1120 5696 1485 5778 supercilium.

2218 4528 2302 4574 εει
2321 4519 2500 4575 dicere
2524 4535 2539 4573 :
2569 4520 2693 4576 Ideo
2721 4536 2807 4576 me
2837 4523 3165 4593 improperio
3194 4522 3417 4592 dignum
3441 4538 3559 4578 esse
3588 4533 3773 4593 reputa-

2218 4609 2350 4664 bant
2379 4650 2395 4675 ,
2419 4611 2543 4680 quia
2572 4611 2712 4666 sicut
2736 4609 2914 4680 justus
2943 4613 3015 4666 ita
3055 4622 3110 4667 ct
3134 4622 3453 4683 peccatores
3480 4614 3775 4683 ρωιιίιειιιεε

2219 4702 2351 4757 mibi
2381 4704 2750 4769 attrahebam;
2781 4704 2873 4774 qui
2895 4720 2992 4775 per
3024 4705 3263 4760 cinerem
3297 4706 3663 4773 intelliguntur
3683 4746 3697 4769 ,
3723 4720 3775 4757 eo

2219 4792 2361 4862 quod
2374 4793 2697 4863 pmnitentes
2710 4793 2954 4849 solebant
2975 4793 3213 4849 cinerem
3233 4810 3398 4864 super
3410 4805 3568 4865 caput
3580 4809 3775 4865 ponere,

2220 4882 2364 4951 quod
2390 4883 2602 4953 signum
2631 4891 2749 4937 erat
2778 4883 3034 4938 tristitiae.
3083 4884 3152 4937 Et
3180 4884 3455 4939 miscebam
3486 4884 3539 4939 in
3563 4883 3775 4937 familia-

2222 4972 2383 5027 ritate
2432 4988 2551 5029 mea
2598 4985 2780 5043 potum
2818 4991 3025 5040 meum,
3076 4975 3127 5029 id
3164 4984 3250 5030 est
3291 4976 3469 5046 jnstos
3517 4975 3606 5044 qui
3645 4980 3777 5028 erant

2215 5065 2483 5137 jucundus
2508 5066 2646 5121 calix
2671 5081 2850 5133 meus,
2881 5083 2999 5121 cum
3025 5069 3182 5137 ﬂetu,
3233 5067 3286 5121 id
3324 5077 3409 5123 est
3443 5082 3564 5122 cum
3613 5079 3777 5137 pecca-

2223 5156 2431 5213 toribus
2470 5156 2780 5227 paanitendo
2820 5157 3094 5212 flentibus.
3150 5158 3309 5224 Quod
3354 5167 3438 5213 est
3478 5158 3689 5213 dicere:
3725 5152 3777 5207 Et

2214 5248 2393 5320 justus
2412 5257 2467 5303 et
2495 5257 2817 5319 peccatores
2839 5247 3196 5302 farniliaritati
3226 5261 3364 5303 mea:
3383 5247 3581 5302 mistim
3608 5246 3776 5311 adjun-

2220 5339 2431 5412 gebam.
2469 5338 2583 5395 Hoc
2603 5349 2785 5397 autem
2815 5350 2899 5397 est
2924 5340 3067 5411 quod
3094 5350 3149 5397 et
3178 5342 3408 5396 cinerem
3432 5351 3676 5409 tanquam
3700 5355 3777 5406 ρα-

2220 5447 2334 5486 nem
2358 5432 2763 5501 manducabam,
2789 5435 2894 5490 alia
2915 5434 3269 5491 similitudine
3291 5433 3362 5490 ad
3388 5432 3776 5489 inculcationem

2221 5514 2446 5579 dictum.

2289 5611 2481 5668 Posset
2502 5613 2669 5681 quaeri
2704 5630 2719 5668 :
2756 5612 2912 5672 Unde
2938 5614 3017 5670 eis
3033 5622 3180 5670 tanta
3210 5615 3499 5673 exczecatio
3517 5624 3577 5670 ut
3604 5612 3683 5668 sic
3700 5609 3776 5665 tibi

2222 5705 2611 5777 exprobrarent
2633 5706 2657 5759 ?
2682 5706 2763 5763 Ad
2796 5707 2939 5778 quod
2966 5706 3045 5763 sic
3070 5716 3358 5779 respondet
3390 5726 3405 5761 :
3438 5707 3550 5763 [loc
3576 5701 3777 5771 contigit
