3840 6338
179 323 327 385 H65

1147 330 1509 395 EXPOSITIO
1539 336 1605 392 IN
1644 337 1982 397 PSALMOS.
2013 371 2081 381 --
2119 341 2311 399 PSAL.
2348 342 2430 401 Cl.

3306 357 3443 418 1166

160 463 199 498 a
229 445 389 513 facie,
428 442 483 499 id
510 452 595 500 est
624 458 656 534 a
682 442 999 534 prtesentia.
1028 462 1157 510 πω,
1190 448 1243 501 id
1271 457 1353 503 est
1385 464 1562 519 parva:
1582 465 1755 519 paenae
1785 461 1829 513 Α
1860 451 1914 507 in
1955 456 2289 522 generatione
2332 468 2383 511 et
2430 459 2842 530 generationem,
2876 464 2928 522 id
2953 476 3040 525 est
3066 467 3120 525 in
3153 480 3440 534 aeternum.

161 540 423 601 peccati,
473 543 575 597 et,
639 532 1018 603 indignationis
1086 544 1227 600 tuae,
1291 536 1343 591 id
1411 545 1495 591 est
1551 553 1763 607 magnae

158 639 343 693 poena:
394 640 427 680 a
457 624 665 680 temihi
690 625 847 679 datae.
886 625 970 679 lra
1014 635 1071 681 et
1113 626 1412 698 indignatio
1445 644 1543 696 pro
1601 644 1761 700 ptena

159 724 491 786 ponuntur,
554 730 620 771 eo
677 716 819 785 quod
887 730 1063 786 ptume
1126 732 1292 772 causa
1356 719 1565 773 soleant
1618 733 1759 775 esse.

160 808 323 877 Quod
376 819 465 865 est
515 810 694 866 dicere
742 826 757 863 :
834 809 971 878 Quia
1037 825 1125 865 me
1192 811 1450 867 videbant
1502 811 1762 881 majorem

158 906 220 955 et
288 898 558 954 minorem
640 913 857 968 ptenam
931 900 1138 970 peccati
1216 900 1346 955 Adze
1403 901 1459 956 in
1534 917 1763 971 corpore

159 993 354 1055 ferre,
422 989 594 1046 solum
660 990 935 1046 hominem
999 991 1408 1059 existimantes,
1475 993 1609 1048 mihi
1661 994 1762 1049 int-

154 1081 644 1153 399properare
675 1097 781 1137 non
817 1082 1156 1139 dubitabant.
1186 1103 1204 1136 ι
1248 1082 1306 1139 Si
1355 1085 1503 1139 enim
1551 1101 1759 1157 cogno-

154 1176 398 1241 vissent,
451 1190 722 1245 nunquam
778 1174 1066 1230 Dominum
1127 1175 1313 1246 gloriae
1364 1176 1762 1234 cruciﬁxissent

155 1266 210 1339 (ι
248 1266 382 1333 Cor,
417 1283 478 1332 ιι,
504 1267 582 1337 8).
615 1287 634 1319 ι
672 1267 741 1321 Ει
767 1281 897 1321 vere
917 1275 972 1322 et
999 1266 1297 1337 indignatio
1322 1276 1377 1323 et
1408 1268 1480 1323 ita
1509 1278 1600 1323 tua
1633 1279 1762 1325 sunt

154 1360 213 1414 in
244 1375 359 1415 me.
392 1359 533 1425 Quia
556 1358 683 1414 licet
711 1357 879 1413 lueris
910 1373 996 1412 me
1025 1356 1254 1422 elevans,
1298 1358 1351 1412 id
1402 1369 1486 1414 est
1512 1359 1758 1417 exaltans

153 1453 211 1507 in
237 1451 576 1513 innocentia,
611 1460 790 1506 tamen
823 1449 1033 1504 allisisti
1062 1467 1163 1516 me,
1194 1450 1246 1505 id
1271 1461 1355 1507 est
1376 1451 1589 1507 lmsisti.
1617 1453 1759 1510 Ecce

152 1542 444 1612 quomodo
472 1541 686 1596 allisisti
714 1557 730 1597 :
764 1541 878 1596 lloc
912 1541 1094 1608 modo,
1124 1543 1331 1598 scilicet
1358 1545 1613 1614 quoniam
1642 1546 1753 1599 dies

151 1637 257 1688 mei
288 1635 427 1689 sicut
456 1635 642 1689 umbra
664 1632 1077 1696 declinaverunt,
1108 1633 1160 1689 id
1213 1644 1297 1688 est
1344 1634 1462 1690 dies
1510 1635 1634 1690 vita:
1663 1636 1757 1691 de-

150 1728 433 1783 lectihiles
484 1727 610 1781 lacti
658 1736 780 1780 sunt
805 1728 873 1780 ad
923 1727 1139 1781 modum
1174 1729 1377 1782 umbra:
1428 1728 1535 1783 cito
1584 1736 1757 1783 trans-

1864 544 2000 612 Quia
2024 562 2152 602 vero
2178 548 2409 605 obscure
2439 548 2665 615 dixerat,
2699 558 3022 624 memoriale,
3070 565 3294 634 exponit
3337 568 3441 624 hoc

1864 637 2107 694 addendo
2134 640 2215 696 sic
2246 658 2259 695 :
2298 641 2434 699 Vere
2468 645 2768 701 memoriale
2798 657 2946 704 tuum
2974 653 3075 709 crit
3103 653 3159 710 in
3187 660 3443 715 omnibus

1862 732 2324 799 generationibus.

1935 820 2015 875 Tu
2043 823 2186 878 enim
2213 824 2302 894 qui
2327 825 2415 880 diu
2446 828 2597 883 visus
2620 843 2679 884 es
2710 829 2920 901 jacens,
2966 842 3021 887 et
3061 834 3287 893 salutem
3344 840 3443 893 ho-

1862 912 2067 968 minum
2092 915 2389 986 negligens,
2417 934 2701 990 exsurgens
2730 922 2798 975 ad
2830 922 3183 980 salvationem
3222 925 3441 981 Misere-

1863 1002 1998 1058 beris
2023 1002 2169 1067 Sion,
2206 1007 2259 1061 io
2280 1018 2365 1062 est
2394 1009 2534 1078 parti
2560 1008 2866 1066 Judarorum
2916 1014 3213 1082 salvandze,
3259 1018 3443 1073 remit-

1864 1096 2023 1151 tendo
2051 1095 2098 1151 ei
2142 1106 2362 1166 peccata
2420 1114 2518 1169 per
2569 1101 2946 1170 paenitentiam
2980 1113 3038 1159 et
3081 1104 3264 1171 lidem,
3318 1106 3444 1176 quia

1853 1186 1967 1257 jam
1998 1189 2127 1243 venit
2153 1202 2355 1261 tempus
2385 1193 2663 1247 miserandi
2688 1194 2829 1265 ejus,
2860 1195 3066 1251 scilicet
3100 1206 3311 1268 tempus
3331 1200 3445 1268 ple-

1860 1280 2142 1347 nitudinis,
2181 1284 2322 1352 quod
2349 1284 2417 1339 ab
2438 1293 2641 1340 interno
2662 1285 2996 1356 disposuisti,
3046 1297 3104 1343 ut
3135 1290 3188 1343 in
3215 1305 3281 1345 eo
3328 1290 3445 1361 eius

1860 1372 1989 1428 Sion
2019 1373 2329 1430 miserearis
2362 1389 2378 1428 :
2420 1375 2559 1441 Quia
2587 1377 2745 1441 venit,
2777 1377 3017 1447 inquam,
3055 1388 3258 1448 tempus
3288 1380 3444 1435 misc-

1858 1464 2029 1518 rendi.
2068 1464 2182 1520 lloc
2202 1474 2385 1521 autem
2413 1467 2605 1535 repetit
2633 1482 2702 1522 ex
2730 1468 2895 1522 nimia
2941 1466 3228 1524 allectione
3262 1471 3442 1527 salva-

1862 1557 2025 1612 tionis
2056 1572 2299 1612 suorum.
2331 1559 2398 1614 Et
2437 1575 2532 1630 per
2556 1560 2660 1615 hoc
2682 1560 3027 1626 misereberis,
3055 1562 3304 1631 quoniam
3328 1579 3441 1616 ser-

1856 1648 1931 1701 vis
1954 1648 2080 1714 tuis,
2116 1648 2394 1718 discipulis
2416 1650 2551 1705 meis
2578 1651 2911 1717 placuerunt,
2948 1648 3000 1703 id
3023 1659 3106 1705 est
3155 1648 3443 1720 placebunt

1857 1739 2058 1807 lapides
2078 1740 2216 1810 ejus,
2255 1741 2409 1807 Sion,
2452 1742 2505 1797 id
2548 1752 2632 1797 est
2684 1742 2982 1812 Scriptura:
3034 1744 3439 1814 prephetarum,

149 1818 367 1883 euntis,
397 1826 453 1871 ut
480 1819 590 1871 cito
613 1824 882 1870 transeam
900 1815 966 1870 de
984 1824 1144 1869 aetate
1169 1815 1220 1869 in
1238 1824 1472 1881 mtatem,
1494 1831 1613 1884 quae.
1638 1830 1737 1885 p03-

1857 1831 1949 1900 qui
2001 1830 2221 1886 fuerunt
2249 1830 2475 1902 lapides,
2518 1833 2573 1887 id
2614 1843 2698 1888 est
2734 1848 2831 1903 per
2878 1795 3179 1889 doctrinam
3223 1834 3443 1891 fuerunt

148 1924 219 1962 na
256 1919 446 1962 tamen
488 1907 664 1961 minor
690 1915 775 1960 est
799 1921 962 1975 quam
1024 1905 1207 1974 passio
1264 1905 1656 1975 angustiarum.
1692 1906 1757 1959 Et

149 2000 265 2054 hoc
299 1999 464 2052 modo
497 2011 709 2067 quoque
738 2014 818 2052 me
853 1996 1087 2061 allisisti,
1116 1995 1259 2067 quod
1304 2012 1397 2066 ego
1449 1997 1567 2050 arui
1618 1998 1752 2051 sicut

148 2091 365 2159 fenum,
405 2090 611 2144 scilicet
630 2103 733 2144 non
778 2088 1118 2144 solummodo
1161 2087 1402 2143 membra
1440 2104 1558 2142 mea
1596 2104 1753 2143 arue-

150 2192 309 2246 runt,
342 2180 439 2236 sed
464 2180 639 2251 egoin
672 2180 888 2251 propria
937 2195 1166 2250 persona
1229 2180 1531 2235 arescibilis
1579 2178 1753 2235 lactus

147 2288 279 2326 sum
315 2272 384 2326 ad
413 2270 820 2326 similitudinem
870 2270 999 2336 leni,
1052 2284 1195 2340 quas
1227 2285 1387 2340 poena
1441 2270 1615 2341 major
1668 2280 1753 2325 est

147 2380 321 2436 quam
345 2364 553 2417 diermu
586 2361 988 2417 defectibilitas.
1046 2361 1199 2416 Sicut
1236 2361 1378 2435 enim
1411 2361 1592 2416 lenum
1643 2362 1752 2416 cito

146 2454 361 2509 arescit
383 2469 480 2525 per
506 2451 867 2507 secessionem
897 2467 928 2505 a
954 2450 1155 2515 virore,
1201 2448 1281 2503 sic
1307 2464 1406 2519 ego
1454 2450 1749 2504 secundum

147 2546 553 2600 humanitatem
583 2560 679 2615 per
707 2542 956 2598 assiduas
997 2541 1278 2609 passiones
1321 2540 1623 2594 arescibilis
1671 2539 1751 2593 fa-

145 2648 279 2692 ctus
303 2653 425 2692 smn
452 2653 483 2690 a
510 2636 691 2691 virore
714 2634 1180 2705 impassibilitatis,
1203 2647 1365 2702 quam
1390 2632 1635 2688 homines
1655 2647 1751 2702 per

146 2730 331 2784 Adam
369 2728 691 2785 amiserunt.
731 2728 837 2783 Per
880 2726 1300 2782 declinationem
1342 2726 1550 2780 dierum
1599 2741 1746 2780 mor-

104 2846 116 2855 ο
147 2822 445 2884 taiitatem,
471 2837 569 2890 per
588 2822 890 2876 ariditatem
918 2829 1096 2874 autem
1116 2818 1291 2872 innuit
1316 2816 1743 2889 passibilitatem.

150 2914 255 2969 Vel
284 2916 367 2969 sic
403 2914 597 2983 legitur
625 2929 657 2967 α
680 2914 837 2983 facie,
863 2922 970 2967 etc.
1023 2911 1142 2966 Dixi
1181 2912 1324 2980 quod
1372 2910 1501 2963 milii
1547 2906 1748 2965 inimici

146 3005 262 3058 mei
292 3004 704 3074 exprobrabant,
739 3002 859 3057 ideo
903 3000 1046 3072 quod
1088 3002 1312 3054 cinerem
1352 3010 1601 3069 tanquam
1652 3016 1747 3068 pa-

148 3108 276 3145 uent
299 3091 712 3156 manducabam,
735 3101 791 3147 et
826 3092 941 3146 haec
984 3091 1235 3160 impietas
1282 3091 1362 3145 eis
1400 3088 1747 3160 contingebat

145 3202 178 3236 a
204 3184 358 3253 facie
390 3185 507 3248 ine,
541 3185 592 3237 id
618 3193 701 3238 est
730 3200 758 3236 a
790 3183 1075 3253 praesentia
1102 3183 1195 3237 ira:
1224 3190 1348 3247 tua},
1381 3196 1500 3250 quae
1534 3196 1629 3237 eos
1653 3198 1749 3237 ex-

145 3282 479 3328 caecaverat.
512 3273 580 3326 Et
613 3289 718 3327 non
748 3289 928 3343 parvze
966 3274 1080 3338 irae,
1133 3273 1225 3327 sed
1254 3272 1649 3343 indignationis,
1693 3271 1748 3326 id

146 3373 242 3420 est
270 3363 455 3418 nimia:
484 3364 598 3419 ira).
628 3363 687 3417 ln
733 3363 959 3419 Hebraeo
991 3364 1220 3418 habetur
1245 3361 1462 3431 furoris.
1505 3362 1574 3416 Et
1625 3361 1747 3416 ideo

145 3458 336 3513 adhuc
364 3457 496 3512 mihi
521 3458 874 3527 exprobrant,
903 3458 1028 3528 quia
1055 3455 1303 3511 videbant
1352 3455 1494 3525 quod
1546 3465 1601 3510 tu
1638 3454 1745 3510 ele-

144 3564 283 3601 vans
309 3546 527 3601 allisisti
554 3563 656 3603 me.
681 3545 806 3601 llaec
831 3554 887 3601 et
913 3555 1108 3601 caetera
1135 3558 1239 3598 non
1271 3552 1567 3597 mutantur.

223 3641 395 3696 Facta
426 3640 672 3696 oratione
697 3625 763 3695 de
787 3637 1129 3709 reparatione
1181 3651 1422 3699 suorum,
1462 3634 1633 3703 ipsam
1658 3646 1747 3687 co-

148 3747 278 3787 rum
323 3732 725 3801 reparationem
749 3730 829 3786 sic
855 3714 1100 3785 enuntiat
1122 3743 1219 3798 per
1241 3741 1366 3781 eum
1398 3725 1653 3788 futuram,
1685 3730 1745 3776 ut

147 3840 246 3881 eos
274 3825 455 3896 magis
492 3823 681 3879 reddat
704 3822 988 3877 obnoxios.
1017 3818 1119 3875 Mei
1151 3818 1276 3873 laeti
1308 3824 1435 3873 sunt
1461 3814 1744 3871 delectihi-

148 3917 228 3974 les
262 3918 415 3972 sicut
444 3915 646 3981 fumus,
677 3923 732 3970 et
758 3929 882 3969 ossa
911 3928 1098 3969 eorum
1135 3918 1415 3974 aruerunt,
1442 3917 1497 3963 et
1518 3922 1617 3978 ego
1644 3921 1742 3977 pro

146 4025 343 4065 eorum
385 4007 732 4077 reparatione
760 4003 1107 4061 declinabiles
1145 4001 1261 4056 dies
1309 3999 1503 4062 habeo,
1554 4007 1610 4053 et
1636 3998 1743 4053 sic-

152 4110 212 4153 ut
236 4098 429 4154 l'enum
452 4112 582 4151 areo
619 4113 634 4150 :
680 4095 759 4149 Tu
788 4104 985 4147 autem.
1018 4091 1236 4145 Domine
1286 4088 1467 4153 Pater,
1496 4089 1549 4141 in
1593 4098 1743 4142 teter-

146 4208 275 4245 uam
310 4205 612 4261 permanes,
640 4187 693 4241 id
715 4193 798 4241 est
822 4193 878 4239 et
921 4182 1180 4238 Dominus
1213 4195 1292 4245 cs,
1321 4189 1378 4234 et
1402 4179 1743 4247 omnipotens

146 4292 204 4339 et
229 4293 497 4339 aeternus.
527 4279 761 4348 Ideoque
789 4285 942 4347 potes
971 4273 1127 4338 mihi,
1159 4282 1213 4327 et
1244 4271 1379 4326 meis
1424 4269 1744 4326 immortali-

146 4384 319 4429 tatem
346 4384 407 4427 et
444 4366 932 4441 impassibilitatem
962 4363 1265 4418 restituere.
1297 4360 1411 4417 Nisi
1440 4361 1584 4416 enim
1636 4358 1743 4413 Do-

147 4465 331 4520 minus
361 4472 421 4518 et
447 4473 680 4516 mternus
705 4472 874 4521 esses,
908 4470 1251 4526 nequaquam
1307 4451 1467 4521 hujus
1520 4450 1596 4505 rei
1639 4465 1737 4520 po-
1768 4468 1818 4527 ι)

147 4558 380 4612 tentiam
412 4556 659 4609 haberes.
696 4550 1005 4606 Notandum
1034 4548 1235 4617 quippe
1265 4546 1433 4616 quod,
1459 4558 1582 4597 cum
1613 4556 1737 4597 eum

147 4647 443 4702 Dominum
468 4652 523 4699 et
558 4653 820 4698 aiteruum
843 4655 962 4696 esse
984 4637 1134 4703 dicit,
1168 4634 1416 4691 eumdem
1465 4639 1737 4701 potentem

146 4755 269 4794 esse
289 4739 358 4793 ad
382 4736 618 4791 dandam
656 4731 1115 4788 immortalitatem
1149 4738 1205 4782 et
1250 4723 1738 4794 impassihilitatem

148 4830 347 4893 innuit,
380 4836 437 4880 et
466 4841 563 4897 per
591 4826 693 4881 hoc
730 4820 1191 4879 immortalitatem
1249 4828 1304 4873 et
1342 4813 1739 4885 impossibilita-

148 4931 261 4975 tem
285 4920 391 4975 sibi
422 4927 477 4973 et
505 4918 619 4972 suis
647 4924 1009 4987 promeretur.
1024 4912 1155 4967 Dico
1172 4908 1312 4979 quod
1328 4906 1585 4962 Dominus
1606 4918 1665 4959 es
1686 4912 1741 4958 et

147 5021 415 5075 azternus,
467 5009 697 5079 ideoque
728 5015 919 5077 potens
943 5004 1303 5061 aeternitatem
1332 4998 1486 5053 nobis
1513 4998 1735 5052 donare.

149 5102 267 5159 Non
311 5103 489 5158 solum
542 5112 722 5155 autem
773 5096 931 5167 hujus
970 5096 1047 5151 rei
1090 5092 1499 5166 possibilitatem
1547 5089 1733 5153 habes,

150 5199 245 5253 sed
283 5206 339 5250 et
367 5192 669 5249 memoriale
692 5202 861 5257 tuum,
884 5190 937 5243 id
969 5195 1055 5244 est
1093 5182 1465 5240 misericordia
1498 5190 1588 5235 tua
1617 5193 1737 5249 quae

150 5286 472 5343 memoriale
494 5285 710 5349 dicitur,
739 5298 804 5338 eo
830 5282 973 5349 quod
1002 5278 1161 5348 digna
1197 5283 1282 5330 est
1330 5272 1593 5329 memoria
1648 5271 1739 5325 ho-

152 5383 386 5444 minum,
419 5378 506 5433 vel
536 5393 634 5447 per
655 5389 814 5445 quam
840 5384 1047 5426 memor
1076 5367 1183 5424 eris
1205 5364 1395 5420 salutis
1431 5361 1734 5425 hotiiinutn,

150 5473 257 5525 erit
278 5474 331 5525 in
359 5470 691 5541 generatione
714 5467 837 5527 hac,
865 5472 912 5517 et
954 5473 1125 5531 usque
1156 5458 1207 5513 in
1238 5455 1622 5527 generationem
1656 5450 1737 5503 ul-

156 5563 369 5627 timam,
408 5562 462 5615 id
514 5569 600 5614 est
650 5555 901 5613 omnibus
934 5549 1375 5623 generationibus
1430 5542 1731 5602 hominum.

154 5652 305 5717 Quod
334 5662 419 5707 est
451 5652 630 5705 dicere
668 5667 680 5703 :
724 5648 778 5702 In
807 5646 1058 5701 omnibus
1089 5641 1248 5711 hujus
1283 5640 1466 5694 mundi
1512 5650 1736 5709 genera-

153 5743 390 5801 tionibus
410 5740 781 5799 n:isericordia
804 5747 893 5794 tua
928 5735 1237 5794 hominibus
1262 5731 1624 5800 exhibebitur,
1650 5726 1735 5784 vel

1857 1923 2063 1994 lapides
2117 1924 2474 1991 fundamenti,
2527 1925 2579 1979 in
2624 1940 2853 1995 quorum
2904 1926 3149 1981 doctrina
3196 1927 3441 1983 Ecclesia

1854 2015 2130 2086 primitiva
2154 2015 2499 2081 fundaretur,
2525 2025 2572 2070 et
2603 2016 2706 2085 ipsi
2749 2016 2893 2070 servi
2924 2016 3149 2085 apostoli
3192 2018 3439 2073 doctrina

1856 2107 2094 2178 lapidum
2121 2105 2254 2163 Sion
2299 2108 2513 2174 imbuti,
2541 2106 2926 2162 miserebantur
2957 2119 3112 2163 terra:
3138 2108 3251 2177 ejus
3284 2109 3436 2175 Sion,

1855 2205 1909 2260 id
1928 2212 2011 2260 est
2043 2203 2255 2258 illorum
2305 2202 2711 2258 miscrebuntur
2734 2203 2827 2273 qui
2856 2203 3032 2258 adhuc
3057 2213 3203 2258 terra
3230 2214 3355 2257 sunt
3383 2203 3439 2257 in

1851 2295 2076 2352 Judaieo
2099 2294 2317 2367 populo,
2347 2294 2398 2348 id
2422 2302 2503 2349 est
2526 2294 2760 2362 terreni;
2786 2293 2869 2351 vel
2909 2304 3079 2358 terra,
3102 2295 3153 2349 id
3176 2303 3259 2350 est
3282 2296 3441 2349 culti-
3484 2278 3490 2287 ’

1853 2385 2008 2447 biles.
2034 2397 2090 2441 ut
2115 2394 2259 2441 terra
2283 2385 2544 2442 doctrina:
2567 2399 2750 2442 semen
2782 2387 2835 2441 in
2887 2386 3052 2441 corde
3093 2385 3438 2456 recipientes,

1852 2479 2251 2543 miserebantur,
2279 2480 2487 2534 scilicet
2537 2489 2695 2533 terra:
2734 2478 2785 2533 ei
2834 2477 3137 2533 doctrinam
3166 2476 3440 2532 obscuris-

1850 2572 2045 2625 simam
2073 2570 2461 2640 prophetarum
2488 2568 2653 2641 400
2679 2568 2995 2638 aperiendo,
3024 2575 3080 2622 et
3120 2582 3218 2639 per
3246 2566 3350 2622 hoc
3371 2567 3439 2621 ad

1852 2664 2036 2728 lidem,
2064 2672 2118 2719 et
2145 2666 2212 2718 ad
2248 2662 2501 2733 baptismi
2540 2662 2770 2731 gratiam
2821 2675 2942 2715 eam
2983 2659 3330 2725 addueendo;
3383 2668 3441 2714 et

1851 2759 1954 2812 iste
1980 2771 2169 2811 versus
2197 2765 2343 2811 totus
2378 2764 2461 2811 est
2486 2769 2549 2809 ac
2573 2755 2620 2809 si
2663 2754 2744 2809 sic
2764 2752 2969 2809 diceret
2995 2769 3009 2805 :
3034 2751 3139 2807 Per
3165 2749 3440 2822 apostolos

1848 2846 2061 2902 Jndaiei
2084 2845 2267 2917 pepuli
2301 2845 2678 2910 misereberis;
2704 2859 2803 2914 per
2833 2841 3107 2914 apostolos
3155 2842 3298 2907 dico,
3342 2840 3436 2909 qui

1847 2954 1970 2996 eum
2011 2937 2318 2994 testimonio
2383 2938 2769 3009 prophetarum
2813 2937 2882 2991 ad
2931 2935 3094 2991 [idem
3141 2935 3435 2989 vocabunt.

1847 3029 1964 3087 Non
1992 3031 2166 3086 solum
2189 3046 2317 3085 vero
2341 3029 2650 3086 Judmorum
2674 3028 3043 3094 miserebitur,
3075 3026 3319 3083 vocando
3340 3042 3437 3082 eos

1773 3131 1815 3189 (1
1849 3124 1915 3178 ad
1949 3123 2130 3189 lidem,
2164 3122 2255 3178 sed
2280 3136 2331 3176 et
2370 3131 2541 3193 gentes
2571 3136 2669 3192 per
2696 3121 3080 3177 misericordia:
3118 3137 3304 3177 eorum
3335 3121 3435 3175 do-

1850 3216 2081 3272 ctrinam
2105 3214 2173 3269 ad
2201 3214 2358 3269 (idem
2399 3222 2606 3269 vocatae
2632 3213 2884 3267 timebunt
2932 3222 3086 3268 casto
3118 3212 3311 3267 timore
3340 3228 3437 3287 no-

1848 3323 1965 3361 men
1992 3317 2164 3371 tuum,
2210 3306 2453 3371 Domine,
2508 3305 2715 3361 scilicet
2772 3304 3178 3360 venerabuntur
3226 3303 3331 3359 ﬁde
3378 3315 3437 3359 et

1847 3415 2033 3471 opere,
2058 3409 2113 3454 et
2134 3414 2230 3454 ore
2260 3409 2331 3463 te,
2356 3414 2518 3470 quem
2564 3399 2848 3455 Dominum
2907 3398 3199 3464 voeabunt,
3231 3406 3287 3453 et
3323 3414 3430 3453 non

1846 3492 2022 3547 solum
2072 3491 2247 3563 plebs,
2271 3492 2364 3547 sed
2386 3502 2433 3546 et
2463 3509 2663 3559 omnes,
2706 3492 2762 3548 id
2807 3501 2893 3548 est
2930 3490 3255 3547 omnismodi
3291 3507 3433 3563 reges

1846 3592 2021 3649 terra',
2046 3592 2198 3639 casto
2227 3584 2422 3638 timore
2469 3583 2734 3638 timebunt
2764 3584 2989 3654 gloriam
3032 3594 3201 3650 tuam,
3236 3583 3291 3638 id
3347 3575 3437 3638 est

1846 3677 2164 3745 gloriosum,
2196 3687 2252 3732 et
2296 3678 2400 3734 hoc
2458 3678 2602 3745 ideo,
2665 3680 2791 3747 quia
2846 3694 2944 3750 per
2990 3678 3432 3749 praedicationem

1844 3765 2215 3836 apostolorum
2256 3768 2566 3822 testimonia
2609 3769 3017 3838 prophetarum.
3068 3778 3125 3823 et
3174 3769 3432 3839 baptismi

1845 3866 2281 3922 sacramentum;
2315 3858 2571 3915 Dominus
2602 3860 2692 3930 qui
2732 3858 2880 3915 solus
2909 3860 3000 3913 dat
3032 3859 3430 3914 incrementum

1847 3952 1897 4021 (Ι
1928 3950 2051 4007 Cor.
2082 3967 2166 4017 ιιι,
2197 3952 2275 4022 7),
2328 3953 2629 4023 trdiﬁcavit,
2656 3953 2707 4007 id
2746 3962 2827 4008 est
2849 3952 3161 4017 mdilicabit,
3204 3961 3429 4020 przetcr-

1844 4045 1978 4100 itum
2044 4060 2146 4115 pro
2185 4042 2368 4100 futuro
2415 4055 2637 4115 propter
2684 4045 3062 4101 certitudinem
3109 4042 3426 4112 prophetiae,

1843 4139 2153 4205 mdilicabit,
2183 4138 2328 4203 dico,
2348 4152 2413 4192 ex
2440 4139 2579 4194 vivis
2602 4139 2888 4208 lapidibus,
2908 4137 3058 4202 Sion,
3078 4137 3129 4191 id
3144 4144 3226 4191 cst
3252 4137 3430 4191 Eccle-

1843 4232 2005 4298 siam,
2028 4246 2149 4301 quae
2179 4231 2234 4286 in
2258 4230 2389 4286 Sion
2407 4231 2719 4301 perChristi
2762 4230 3226 4299 praedicationem,
3257 4228 3427 4283 mira-

1842 4326 2091 4380 culorum
2120 4321 2845 4394 operationem,etSpiritus
2881 4322 3057 4377 sancti
3110 4320 3427 4376 missionem

1845 4414 2057 4470 initium
2088 4413 2306 4478 habuit;
2331 4422 2378 4466 et
2413 4412 2527 4482 ipse
2558 4413 2816 4469 Dominus
2841 4414 2933 4484 qui
2990 4417 3056 4468 tie
3100 4412 3182 4468 sui
3230 4421 3427 4466 natura

1843 4517 1927 4565 est
1949 4508 2258 4573 invisibilis,
2284 4507 2543 4561 videbitur
2568 4507 2795 4562 visibilis
2840 4508 2893 4561 in
2920 4506 3089 4578 gloria
3111 4523 3232 4570 sua,
3267 4504 3317 4559 id
3341 4518 3427 4560 est

1842 4601 1895 4656 in
1919 4600 2074 4666 Filio,
2105 4602 2197 4671 qui
2221 4612 2305 4657 est
2332 4601 2593 4671 sapientia
2619 4612 2674 4655 et
2699 4600 2868 4671 gloria
2892 4599 3092 4666 Patris,
3124 4599 3262 4655 sicut
3289 4600 3428 4654 scri-

1840 4703 1989 4764 ptum
2021 4705 2123 4750 est.
2156 4694 2293 4761 Quia
2325 4692 2464 4748 lilius
2486 4692 2704 4762 sapiens
2743 4701 2827 4749 cst
2850 4692 3019 4763 gloria
3045 4692 3213 4762 patris
3239 4688 3419 4761 (Prov.

1840 4805 1895 4854 χ,
1923 4790 1995 4861 l).
2032 4789 2310 4844 Videbitur
2335 4787 2457 4843 dico
2481 4786 2534 4840 itt
2560 4785 2670 4840 lilio
2693 4786 2784 4857 qui
2809 4786 2886 4841 ait
2916 4802 2929 4839 :
2971 4804 2987 4837 ι
3020 4784 3123 4853 Qui
3146 4782 3292 4839 videt
3314 4800 3424 4849 me,

1839 4883 1987 4938 videt
2029 4892 2086 4937 et
2119 4882 2337 4937 Patrem
2403 4881 2587 4953 (Joan.
2639 4897 2751 4946 xw,
2809 4879 2889 4951 9),
2943 4897 2963 4932 ι
3023 4888 3150 4936 tunc
3193 4878 3424 4942 scilicet,

1846 4995 1865 5027 ‹
1902 4991 2023 5029 cum
2048 4976 2258 5030 venerit
2286 4976 2339 5030 in
2365 4974 2645 5044 majestate
2670 4987 2789 5038 sua,
2815 4982 2872 5027 et
2892 4971 3068 5026 Patris
3104 4980 3158 5025 et
3207 4978 3425 5025 sancto-

1842 5086 1960 5125 rum
1988 5067 2535 5141 angelorum(Matth.
2575 5067 2833 5136 xxv,5l).
2873 5084 2893 5118 ι
2928 5084 2947 5117 ι
2983 5064 3153 5127 Tunc,
3179 5061 3421 5131 inquam,

1840 5162 2045 5217 videbit
2068 5177 2190 5216 eum
2218 5159 2395 5216 omnis
2417 5158 2627 5222 oculus,
2656 5164 2713 5212 et
2761 5156 2853 5226 qui
2906 5168 3026 5209 eum
3082 5164 3423 5229 pupugerunt

1839 5258 2025 5327 (Apoc.
2063 5269 2123 5318 ιι,
2166 5252 2240 5323 7).
2278 5270 2297 5303 ι
2326 5250 2451 5305 ldeo
2485 5259 2666 5305 autem
2689 5248 2804 5317 ipse
2831 5236 3093 5301 Dominus
3121 5242 3419 5317 Ecclesium

1837 5348 2148 5414 aediﬁcavit,
2172 5355 2228 5402 et
2248 5344 2447 5400 Filium
2473 5358 2631 5398 suum
2672 5342 2723 5395 in
2769 5352 2935 5394 carne
2989 5335 3257 5393 visibilem
3312 5345 3421 5391 tra-

1837 5441 1993 5498 didit.

1912 5535 2051 5603 Quia
2084 5535 2305 5606 respexit
2337 5549 2443 5589 non
2474 5524 2841 5603 armgantiam
2873 5522 3300 5596 superbientium
3324 5518 3419 5577 Ju-

1837 5631 2102 5695 daeorum,
2141 5630 2233 5698 qui
2271 5629 2323 5682 in
2370 5628 2487 5696 lege
2548 5624 2942 5696 gloriabantur,
2990 5617 3275 5673 credentes
3318 5628 3417 5686 per

1837 5742 1957 5783 eam
1993 5721 2299 5797 justilicari.
2335 5718 2443 5775 Sed
2479 5717 2534 5773 in
2584 5715 2872 5773 orationem
2924 5709 3201 5767 humilium
3247 5706 3416 5777 patri-
