3872 6320
521 362 653 419 1167

1092 359 1148 415 S.
1192 359 1540 417 [ΠΗ]Νοὶῖιὸ
1575 326 2212 414 (ΖΑΠΤΗΠΞΙΛΝΟΠΗΜ
2246 354 2730 414 INSTITUTORIS
2766 357 2920 414 OPP.
2953 357 3128 415 PARS
3158 358 3201 416 Ι.
3613 361 3709 427 1168

511 482 796 538 archarum
821 476 1051 542 scilicet,
1077 477 1554 546 prephetarum,et
1577 470 2079 534 aliorumlidelium,
2110 478 2156 533 Α
2188 446 2351 534 leris,
2379 480 2433 524 et
2462 478 2519 524 ut
2544 470 2694 524 vivos
2739 471 2978 525 solveret
3019 487 3049 524 a
3096 472 3360 541 peccatis.
3393 470 3542 528 Unde
3570 482 3707 548 sequi.

508 571 600 640 qui
627 569 832 639 Spiritu
877 566 936 622 S.
977 565 1144 635 pleni,
1184 565 1303 635 ejus
1337 565 1625 619 adventum
1668 562 1721 615 in
1768 576 1931 615 carne
1959 574 2082 615 erc-

508 662 729 726 debaut,
766 658 1059 729 sperabant
1086 665 1141 711 et
1172 657 1575 716 desiderabant,
1615 662 1672 707 et
1703 654 1757 707 in
1805 653 1917 706 suis
1957 668 2083 705 ora-

502 752 746 809 tionibus
787 748 1065 805 humiliter
1111 749 1493 817 requirebant;
1541 745 1680 799 utad
1720 744 2080 814 reparandam

510 843 801 896 humanam
824 847 1073 894 naturam
1104 837 1158 890 in
1187 836 1444 890 mundum
1473 834 1707 897 veniret,
1744 834 1935 888 mortis
1967 831 2085 885 vin-

432 961 437 971 ι
506 931 631 986 cula
657 932 914 994 solveret,
936 938 992 983 et
1038 927 1161 981 vitae
1186 928 1416 991 aditum,
1457 940 1615 994 quem
1651 926 1810 996 primi
1843 925 2084 995 parentis

506 1024 665 1094 culpa
697 1023 985 1085 clauserat,
1033 1020 1289 1089 aperiret,
1337 1019 1629 1075 dicentes:
1676 1037 1695 1071 ι
1736 1019 1954 1075 Utinam
2004 1020 2085 1073 di-

504 1132 788 1188 rumperes
834 1114 1000 1170 caelos
1068 1120 1124 1168 et
1173 1111 1531 1168 descenderes
1573 1110 1707 1183 (Isa.
1748 1127 1897 1176 utv,
1947 1110 2021 1183 1).
2058 1130 2076 1163 ο

510 1228 527 1259 ι
562 1208 759 1263 Emitte
784 1206 1017 1276 Agnum,
1068 1203 1316 1270 Domine,
1340 1203 1733 1258 dominatorem
1765 1211 1920 1258 terra:
1945 1202 2080 1274 (Isa.

503 1313 618 1362 xw,
643 1296 718 1367 1).
757 1315 777 1347 ι
810 1314 828 1347 ι
858 1294 1030 1359 Mitte,
1052 1293 1299 1360 Domine,
1326 1309 1486 1365 quem
1511 1294 1780 1350 missurus
1799 1309 1857 1350 es
1881 1294 2079 1363 (Exod.

501 1405 575 1453 ιν,
603 1387 713 1458 15).
746 1406 765 1438 ι
799 1406 816 1438 ι
850 1385 1097 1451 Domine,
1129 1385 1328 1440 inclina
1381 1384 1549 1441 cmlos
1577 1394 1698 1440 tuos
1719 1393 1774 1440 et
1815 1383 2085 1439 descende

499 1479 562 1533 11
596 1478 726 1550 Reg.
757 1494 896 1541 χιιι,
922 1476 1032 1549 10).
1069 1495 1089 1531 ι
1129 1494 1148 1529 ι
1183 1474 1420 1533 Veniens
1446 1476 1567 1534 veni
1607 1486 1664 1532 et
1708 1477 1817 1532 noli
1869 1478 2085 1531 tardare

501 1566 730 1638 (llabac.
760 1584 824 1631 ιι,
844 1568 919 1637 5).
944 1586 962 1619 ι
987 1585 1006 1618 ι
1028 1567 1263 1622 Ostende
1291 1568 1445 1622 nobis
1468 1566 1894 1623 misericordiam
1914 1577 2081 1633 tuam,

499 1670 555 1713 et
584 1658 823 1714 salutare
849 1668 996 1713 tuum
1023 1657 1088 1712 da
1115 1658 1271 1713 nobis
1294 1657 1469 1729 (Psal.
1492 1673 1714 1723 Lxxviv,
1738 1658 1817 1727 8),
1868 1675 1887 1707 ι
1922 1666 1975 1711 et
2000 1657 2084 1711 his

498 1750 719 1804 similia.
746 1749 805 1805 ln
830 1750 1056 1805 istorum
1081 1750 1263 1821 itaque
1283 1749 1584 1804 orationem
1614 1748 1875 1817 respexit,
1898 1757 1946 1802 et
1978 1763 2082 1802 non

2188 568 2297 625 tur,
2322 571 2369 613 et
2389 560 2605 615 solveret
2637 561 2773 630 ﬁlios
2816 562 3263 631 interemptorum,
3294 562 3345 617 id
3365 573 3449 618 est
3471 566 3708 633 primorum

2186 662 2494 721 parentum,
2519 652 2610 720 qui
2638 651 2855 707 fuerunt
2880 652 3321 723 interemptores,
3347 664 3403 709 et
3423 655 3717 730 interempti,

2185 744 2311 812 quia
2346 758 2564 797 causam
2596 744 3062 815 interemptionis,
3101 746 3153 800 id
3180 755 3265 799 est
3291 746 3547 814 originale
3572 766 3708 818 pecu.

2188 842 2298 888 tum
2327 835 2393 888 ad
2426 834 2566 888 ﬁlios
2615 835 3057 890 transmiserunt.
3091 835 3245 891 Sicut
3275 838 3409 892 dicit
3435 839 3713 911 Apostolus;

2185 926 2321 995 Quia
2348 940 2444 996 per
2471 942 2635 980 unum
2664 927 2940 982 hominem
2962 968 2977 991 ,
3012 928 3063 983 id
3086 937 3169 983 est
3189 944 3290 997 per
3319 930 3491 984 Adam
3515 941 3565 986 et
3587 933 3710 991 Evam

2185 1016 2276 1085 qui
2322 1025 2449 1071 sunt
2491 1016 2599 1073 duo
2634 1018 2686 1071 in
2733 1032 2898 1073 carne
2929 1035 3034 1073 una
3062 1017 3217 1088 (Gen.
3243 1035 3322 1085 ιι,
3347 1021 3476 1093 21),
3503 1038 3631 1079 mors
3651 1026 3710 1080 in-

2187 1107 2370 1162 troivit
2414 1107 2467 1162 in
2513 1107 2702 1162 orbem
2740 1118 3011 1164 terrarum
3058 1109 3241 1181 (Rom.
3277 1126 3333 1177 v,
3385 1112 3495 1182 12).
3535 1113 3594 1167 Et
3628 1115 3711 1173 ideo

2184 1196 2440 1253 Dominus
2475 1199 2541 1252 de
2585 1198 2709 1253 creto
2741 1199 2795 1253 in
2842 1210 3037 1254 terram
3081 1204 3317 1271 aspexit,
3364 1213 3425 1258 ut
3469 1205 3713 1267 imitatores

2184 1300 2370 1341 eorum
2401 1289 2493 1357 qui
2526 1288 2715 1343 fraude
2740 1289 2943 1344 diaboli
2979 1300 3107 1346 sunt
3130 1295 3437 1363 perempti,
3463 1310 3492 1348 a
3524 1301 3713 1365 paternis

2185 1378 2467 1435 erroribus
2510 1380 2790 1436 liberaret.
2816 1381 2899 1436 Ad
2929 1383 3031 1438 hoc
3059 1383 3271 1438 scilicet
3297 1395 3353 1438 ut
3382 1389 3657 1442 annuntient
3674 1393 3712 1445 in

2186 1472 2341 1539 Sion,
2373 1475 2427 1530 id
2462 1485 2548 1531 est
2597 1476 2649 1529 iu
2685 1475 2933 1531 Ecclesia
2963 1477 3250 1542 militante,
3287 1495 3473 1533 nomen
3516 1480 3709 1547 Domini,

2185 1565 2330 1633 quod
2355 1574 2437 1619 est
2461 1579 2624 1634 super
2652 1580 2812 1620 omne
2838 1579 3038 1620 nomen
3065 1566 3387 1623 admirabile
3431 1566 3635 1639 (Philip.
3660 1587 3711 1639 ιι,

2184 1654 2263 1726 9),
2297 1670 2397 1710 nec
2420 1665 2509 1721 est
2542 1656 2687 1710 aliud
2719 1657 3046 1712 nomen‘snb
3072 1657 3237 1723 ctelo,
3270 1658 3323 1713 in
3355 1673 3462 1728 quo
3490 1674 3584 1715 nos
3604 1675 3716 1731 opor-

2187 1754 2299 1800 teat
2323 1746 2501 1801 salvos
2521 1746 2639 1802 ﬁeri
2666 1747 2802 1819 (Act.
2826 1763 2900 1814 ιν,
2925 1747 3047 1820 12);
3077 1758 3124 1803 et
3147 1758 3204 1802 ut
3223 1751 3541 1805 annuntient
3564 1769 3577 1805 :
3604 1751 3712 1817 Dico,

497 1841 686 1911 sprevit
715 1857 920 1911 precem
935 1857 1134 1903 eorum,
1156 1840 1284 1910 quia
1313 1855 1435 1895 eum
1478 1839 1531 1894 in
1564 1854 1723 1910 quem
1764 1838 2080 1903 credebant,
2114 1807 2160 1868 Β
2185 1836 2393 1892 laudem
2423 1837 2567 1908 ejus,
2616 1838 2829 1895 Domini
2858 1839 3066 1896 scilicet
3092 1840 3146 1894 in
3189 1840 3552 1907 Hierusalem,
3582 1841 3625 1896 id
3658 1854 3716 1898 est

497 1947 657 2001 quem
692 1932 1004 2002 sperabant,
1035 1939 1091 1986 et
1128 1946 1289 2001 quem
1350 1931 1403 1985 in
1434 1930 1547 1985 suis
1586 1928 1920 1985 orationibus
1959 1942 2080 1982 cum

497 2030 650 2078 tanto
678 2021 947 2077 desiderio
976 2021 1344 2091 requirebant,
1384 2019 1552 2083 misit,
1586 2029 1640 2073 et
1673 2019 1752 2073 eis
1775 2019 1863 2088 qui
1890 2019 2082 2087 depre-

498 2112 783 2177 cabantur,
810 2112 1054 2168 indulsit.
1078 2112 1147 2166 Et
1171 2113 1298 2183 quia
1324 2112 1440 2167 hzec
1474 2127 1594 2181 quae
1616 2110 1760 2165 dicta
1786 2119 1913 2164 sunt
1937 2107 2082 2180 quod

496 2204 709 2259 scilicet
754 2204 974 2273 respexit
1018 2201 1161 2257 Deus
1217 2204 1274 2257 in
1317 2202 1607 2257 orationem
1650 2199 1930 2253 humilium
1986 2212 2082 2268 per

495 2295 1085 2364 ejusincarnationem,
1114 2291 1258 2364 quod
1294 2292 1582 2349 aedificavit
1631 2290 1930 2347 Eeclesiam
1985 2305 2083 2360 per

496 2385 614 2456 ejus
636 2383 1076 2455 pmdicationem
1104 2392 1160 2438 et
1177 2382 1507 2454 passionem,
1551 2390 1606 2436 et
1637 2380 1781 2451 quod
1819 2380 2081 2436 videndus

494 2485 604 2543 est,
633 2477 687 2531 in
711 2474 882 2546 gloria
908 2483 1031 2545 post
1068 2472 1307 2533 futuram
1363 2473 1839 2535 resurrectionem,
1883 2486 2080 2542 magna

498 2576 696 2622 suntet
719 2574 1019 2620 memoratu
1048 2566 1237 2635 digna;
1264 2578 1331 2620 ne
1349 2579 1448 2635 per
1477 2564 1918 2635 iugratitudiuem
1942 2563 2080 2617 obli-

496 2658 642 2713 vioni
668 2658 1011 2721 mandentur,
1047 2655 1345 2710 scribantur
1381 2655 1449 2709 ad
1493 2641 1808 2723 perpetuam
1857 2653 1934 2707 rei
1965 2669 2078 2708 me-

500 2749 731 2804 moriam
782 2750 838 2802 in
870 2746 1202 2818 generatione
1241 2747 1431 2810 altera,
1486 2744 1539 2799 id
1578 2752 1661 2799 est
1689 2744 1755 2798 ad
1788 2744 2077 2798 utilitatem

495 2837 719 2894 alterius
743 2830 1127 2907 generationis,
1158 2848 1276 2903 qua:
1301 2841 1427 2888 tunc
1456 2848 1776 2888 suceessura
1806 2841 1925 2887 erat
1948 2846 2076 2901 per-

496 2944 669 2984 versa:
713 2926 1049 2999 generationi
1120 2924 1463 2979 Judaeorum:
1515 2924 1600 2979 cui
1664 2924 1924 2979 Dominus
1954 2925 2072 2978 ait:

497 3018 791 3075 Generatio
824 3014 1123 3082 incredula,
1149 3014 1387 3085 quandiu
1432 3014 1572 3083 apud
1604 3028 1698 3068 vos
1741 3030 1857 3081 ero,
1909 3029 2075 3082 quan-

2185 1927 2239 1981 in
2277 1927 2517 1982 Ecclesia
2552 1928 2945 1998 triumphante.
2993 1928 3117 1984 Ideo
3162 1939 3343 1984 autem
3394 1929 3523 1984 dicit
3563 1944 3714 1986 nomen

2182 2017 2298 2088 ejus
2331 2018 2384 2072 in
2409 2018 2540 2073 Sion
2572 2019 3038 2085 annuutiandum,
3074 2030 3130 2076 et
3157 2019 3372 2074 laudem
3402 2018 3517 2089 ejus
3537 2022 3587 2074 in
3619 2021 3715 2075 ilic-

2183 2106 2451 2173 rusalem,
2503 2108 2629 2178 quia
2698 2107 2828 2165 Sion
2880 2110 3199 2179 speculatio,
3253 2109 3584 2165 Hierusalem
3620 2112 3713 2166 visio

2180 2197 2324 2265 pacis
2345 2197 2747 2268 interpretatur.
2764 2198 2819 2253 In
2835 2200 3084 2269 praesenti
3111 2215 3177 2253 au
3187 2210 3291 2254 tem
3313 2199 3574 2265 Ecclesia,
3588 2200 3713 2255 Deum

2182 2286 2429 2342 videmus
2456 2303 2554 2358 per
2599 2288 2880 2360 speculum
2924 2299 2980 2345 et
3016 2291 3069 2345 iu
3116 2290 3425 2361 :enigmate.
3456 2290 3510 2346 In
3551 2291 3714 2346 cmicsti

2182 2393 2309 2435 vero
2337 2380 2640 2437 videbimus
2664 2397 2786 2437 eum
2809 2381 2970 2438 sicuti
2993 2390 3095 2437 est.
3121 2381 3276 2438 Nunc
3296 2382 3651 2452 cognoscimus
3666 2399 3715 2438 ex

2182 2480 2353 2539 parte.
2406 2469 2558 2527 Tunc
2603 2481 2783 2527 autem
2834 2488 3228 2543 cognoscemus
3274 2473 3413 2527 sicut
3459 2482 3512 2527 et
3562 2475 3716 2543 cogniti

2181 2574 2371 2614 sumus
2420 2559 2471 2630 (1
2522 2560 2647 2615 Cor.
2698 2578 2830 2628 xm,
2867 2562 2934 2627 9,
2973 2562 3083 2627 12).
3129 2561 3187 2616 In
3230 2562 3481 2631 praesenti
3508 2562 3714 2617 virtutem

2180 2650 2346 2704 divini
2394 2652 2631 2708 nominis
2677 2655 3021 2723 speculantes
3067 2652 3451 2724 intelligimus,
3495 2654 3551 2707 in
3581 2656 3717 2707 laturo

2179 2739 2353 2796 laudis
2384 2740 2500 2810 ejus
2526 2742 2793 2812 praeconia
2822 2757 3011 2813 pacem
3041 2743 3292 2798 videntes
3325 2743 3639 2798 attollemus.

2252 2831 2367 2886 Non
2400 2833 2573 2887 solum
2603 2844 2782 2887 autem
2809 2833 3066 2904 praedicta
3098 2833 3226 2888 fecit
3255 2844 3312 2887 ut
3336 2833 3716 2888 aununtieturiu

2181 2923 2311 2978 Sion
2333 2941 2516 2978 nomen
2535 2923 2767 2991 Domini,
2782 2934 2827 2979 et
2847 2923 2967 2979 laus
2987 2924 3097 2993 ejus
3118 2926 3169 2978 in
3189 2923 3543 2989 Hierusalem,
3573 2939 3716 2978 verum

2178 3017 2341 3070 etiam
2383 3016 2435 3070 in
2464 3017 2813 3071 conveniendo
2853 3016 3071 3087 populos
3115 3014 3399 3071 Judaicum
3425 3057 3439 3081 ,
3471 3016 3659 3071 scilicet
3681 3028 3722 3069 ct

497 3107 588 3162 diu
614 3122 710 3162 vos
732 3105 908 3177 patiar
935 3102 1127 3176 (Marc.
1162 3119 1238 3171 ιι,
1282 3104 1399 3174 19);
1430 3104 1493 3157 ad
1532 3104 1815 3157 utilitatem
1871 3104 2077 3159 scilicet
2106 3142 2146 3200 Ο
2181 3108 2455 3177 gentilem,
2477 3109 2527 3161 in
2543 3124 2702 3161 unum
2724 3106 2926 3163 cultum
2941 3108 3149 3162 scilicet
3165 3118 3219 3162 ct
3239 3124 3401 3162 unam
3422 3108 3720 3172 fidemmtsit

488 3200 862 3271 generationis
888 3196 1209 3253 Christianae
1235 3195 1301 3249 de
1328 3210 1433 3266 qua
1462 3196 1707 3264 sequitur
1738 3213 1750 3248 :
1782 3206 1827 3249 et
1853 3194 2076 3265 populus

500 3295 715 3363 gentilis
757 3295 910 3364 prius
952 3292 1192 3363 peccatis
1220 3301 1483 3353 mortuus,
1533 3292 1623 3362 qui
1672 3291 1935 3346 creabitur
1982 3282 2080 3362 per

498 3390 774 3444 lavacrum
816 3382 1261 3453 regenerationis,
1292 3392 1350 3437 ut
1380 3398 1519 3439 nova
1546 3384 1614 3438 sit
1647 3392 1921 3449 creatura,
1962 3383 2080 3436 lau-

500 3481 643 3534 dabit
677 3476 980 3538 Dominum,
1022 3489 1162 3528 novo
1213 3473 1451 3538 cantico,
1500 3483 1721 3544 propter
1752 3488 1949 3527 uovmn
1984 3474 2080 3528 ho-

498 3567 720 3631 minem,
753 3566 843 3636 qui
873 3566 1029 3620 datus
1057 3573 1139 3618 est
1162 3565 1382 3620 mundo.
1421 3581 1545 3620 eum
1581 3565 1747 3621 corde
1779 3565 2077 3634 credendo,

501 3674 596 3715 ore
627 3657 911 3719 laudando,
940 3665 994 3711 et
1024 3655 1278 3724 operibus
1307 3656 1633 3713 conﬁtendo.
1668 3657 1817 3723 llaec,
1838 3657 2076 3726 inquam,

418 3812 431 3827 κ
501 3750 777 3823 generatio
802 3749 1036 3804 laudabit
1057 3750 1360 3810 Dominum.
1388 3750 1515 3820 quia
1560 3750 1677 3820 ipse
1704 3749 1961 3804 Dominus
1987 3750 2077 3821 qui

508 3861 527 3893 ι
582 3838 690 3895 alta
716 3839 931 3909 alonge
983 3842 1260 3909 cognoscit
1302 3839 1474 3911 (Psal.
1512 3858 1755 3908 cxxxvn,
1803 3841 1880 3911 6),
1916 3861 1935 3895 ι
1974 3858 2078 3897 non

500 3932 673 3990 solum
703 3930 916 3987 Judaeos
945 3933 1036 4001 qui
1063 3948 1231 4003 prope
1247 3948 1369 3989 esse
1401 3932 1747 3999 videbantur,
1785 3936 1880 3990 sed
1913 3934 2076 3990 etiam

499 4024 725 4093 gentiles
760 4028 1044 4094 prospexit,
1072 4027 1126 4081 id
1164 4036 1247 4082 est
1276 4027 1342 4081 de
1369 4026 1555 4096 procul
1592 4027 1805 4096 aspexit
1839 4043 1851 4079 :
1893 4027 1958 4080 de
1990 4043 2079 4079 ea:-

497 4116 635 4171 celso
665 4116 873 4172 scilicet
894 4127 1075 4170 sancto
1099 4134 1214 4179 suo,
1257 4118 1383 4172 dum
1437 4131 1535 4186 per
1582 4115 1699 4184 ejus
1748 4117 2079 4172 incarnatio-

498 4224 621 4263 nem
684 4208 925 4262 visitavit
972 4224 1071 4263 nos
1108 4209 1289 4264 oriens
1336 4224 1405 4263 ex
1438 4208 1567 4272 alto,
1593 4209 1735 4277 quod
1777 4209 2080 4265 evidentius

496 4298 736 4368 exponit,
765 4313 886 4352 cum
920 4299 1193 4370 sultjuugit
1218 4316 1231 4352 :
1262 4297 1516 4353 Dominus
1544 4298 1608 4351 de
1631 4297 1757 4352 caelo
1787 4299 1841 4352 in
1882 4308 2075 4352 terram

498 4388 722 4456 aspexit,
754 4386 879 4442 dum
911 4388 976 4443 de
1006 4388 1273 4457 regalibus
1310 4389 1525 4444 sedibus
1551 4389 1603 4442 in
1648 4398 1862 4443 uterum
1907 4390 2081 4461 Virgi-

2185 3218 2205 3250 ι
2248 3216 2411 3254 unum
2434 3199 2573 3253 ovile
2602 3208 2656 3254 et
2678 3214 2816 3254 unus
2844 3210 3029 3268 pastor
3057 3198 3237 3269 (Joan.
3285 3214 3353 3261 ι,
3392 3198 3498 3268 16).
3538 3216 3559 3252 ι
3604 3196 3722 3252 Sicut

2185 3312 2203 3345 ι
2244 3309 2382 3348 unus
2416 3294 2557 3348 Deus
2577 3333 2592 3358 ,
2627 3308 2729 3348 una
2755 3292 2920 3361 lides,
2951 3307 3117 3347 unum
3145 3292 3414 3363 baptisma
3446 3290 3642 3362 (Ephes.
3664 3306 3719 3353 iv,

2180 3385 2258 3455 5),
2280 3404 2297 3436 ι
2318 3386 2431 3439 etin
2449 3385 2819 3441 conveniendo
2845 3385 3011 3440 etiam
3036 3370 3177 3455 reges
3208 3394 3391 3449 terrae,
3424 3399 3528 3437 non
3574 3382 3712 3438 solum

2180 3492 2274 3532 eos
2305 3477 2394 3546 qui
2426 3477 2638 3547 populis
2667 3486 2939 3547 praesunt,
2969 3477 3064 3531 sed
3098 3477 3263 3531 etiam
3309 3490 3406 3532 eos
3434 3474 3525 3546 qui
3552 3474 3722 3545 seipsos

2180 3576 2232 3622 et
2258 3581 2385 3621 suos
2415 3565 2641 3622 aﬂeetus
2668 3576 2724 3621 et
2750 3565 2918 3620 animi
2950 3574 3128 3621 motus
3157 3567 3297 3622 bene
3325 3575 3552 3637 regunt:
3582 3576 3627 3618 ut
3646 3582 3726 3620 ser-

2181 3660 2321 3713 viant
2371 3657 2628 3722 Domino,
2679 3658 2754 3712 illi
2809 3659 3018 3713 scilicet
3072 3658 3139 3713 de
3181 3674 3290 3729 quo
3328 3658 3586 3728 scriptum
3617 3667 3721 3712 est:

2186 3766 2205 3799 ι
2246 3750 2529 3804 Dominum
2562 3751 2728 3805 Deum
2760 3760 2909 3805 tuum
2942 3750 3232 3815 adorabis,
3280 3759 3335 3805 et
3385 3750 3457 3804 illi
3506 3750 3603 3805 soli
3640 3764 3726 3804 ser-

2182 3839 2295 3894 vies
2322 3838 2503 3909 (Deut.
2533 3854 2614 3904 vt,
2650 3838 2766 3906 13),
2800 3859 2819 3891 ι
2850 3839 2937 3895 cui
2978 3840 3215 3906 servire,
3252 3854 3508 3910 regnare;
3542 3850 3595 3895 et
3618 3853 3631 3892 :
3654 3837 3724 3907 qui

2187 3950 2205 3983 ι
2244 3931 2407 3986 habet
2435 3931 2487 3985 in
2536 3932 2861 3987 vestimento
2898 3940 2953 3986 et
2988 3932 3042 3986 in
3075 3930 3282 3987 l‘emore
3312 3932 3431 4003 ejus
3454 3931 3724 4001 scriptum:

2183 4023 2297 4077 Rex
2342 4038 2528 4092 regum
2564 4034 2619 4078 et
2670 4022 2928 4079 Dominus
2976 4024 3373 4079 dominantium
3408 4022 3588 4095 (Apoc.
3626 4037 3724 4083 nx,

2182 4115 2293 4185 16).
2334 4133 2352 4166 ι
2404 4114 2499 4170 llis
2547 4115 2727 4183 itaque
2768 4115 3049 4170 beneﬁciis
3079 4115 3321 4170 Ecclesia
3352 4121 3728 4184 provocata,et

2182 4206 2235 4260 in
2265 4221 2502 4262 amorem
2528 4207 2851 4262 aeternitatis
2880 4222 3129 4271 accensa,
3182 4208 3487 4276 respondit,
3518 4221 3614 4261 non
3642 4215 3725 4257 tam

2186 4314 2319 4354 voce
2364 4314 2525 4367 quam
2557 4296 2752 4362 corde,
2781 4314 2885 4352 non
2918 4309 3024 4351 tam
3060 4300 3228 4352 verbo
3257 4314 3422 4367 quam
3454 4296 3725 4355 desiderio.

2184 4405 2288 4443 non
2315 4398 2423 4443 tam
2450 4388 2628 4460 lingua
2651 4403 2810 4458 quam
2830 4389 3022 4453 vita,ei
3048 4388 3274 4443 Domino
3291 4428 3308 4455 ,
3337 4389 3543 4445 scilicet
3577 4399 3728 4458 gratu-

497 4478 584 4533 nis
608 4478 755 4532 venit
781 4476 936 4548 (Sap.
967 4494 1124 4543 xvtu,
1167 4478 1275 4547 15).
1328 4479 1453 4534 Haec
1486 4487 1569 4535 est
1596 4481 1737 4534 enim
1764 4479 2073 4549 incorrupta
2109 4476 2155 4535 D
2183 4478 2342 4533 laudo
2386 4486 2442 4533 et
2486 4478 2830 4548 obsequendo
2874 4479 3159 4549 praeceptis
3197 4478 3315 4547 cjus
3347 4482 3399 4532 in
3430 4480 3508 4533 eia
3556 4475 3725 4532 uirtutis

501 4578 645 4625 terra
670 4570 781 4637 illa,
813 4571 898 4626 cui
934 4569 1210 4627 benedixit
1247 4570 1526 4635 Dominus,
1556 4570 1625 4623 ab
1663 4570 1808 4625 oumi
1834 4580 2077 4641 propter-

497 4677 558 4717 ea
608 4662 817 4731 peccati
854 4664 1179 4734 contagione
1222 4662 1418 4727 libera,
1448 4676 1546 4730 per
1577 4677 1738 4731 quam
1778 4662 1900 4716 vita:
1934 4664 2076 4718 viam

498 4756 841 4825 agnovimus,
893 4765 948 4811 et
990 4757 1317 4826 promissam
1372 4757 1660 4811 veritatem
1742 4757 2074 4826 accepimus.

496 4849 627 4916 Quae
662 4848 787 4918 quia
827 4848 985 4919 digna
1016 4848 1143 4917 fuit,
1176 4848 1437 4903 Dominus
1486 4850 1550 4905 de
1603 4849 1729 4904 ctrlo
1778 4850 1831 4903 in
1877 4860 2075 4903 terram

495 4942 719 5009 aspexit.

567 5030 675 5086 Sed
713 5031 780 5086 ad
810 5031 976 5103 quid?
1003 5030 1072 5086 Ut
1099 5031 1329 5097 audiret,
1382 5030 1623 5099 inquam,
1676 5031 1897 5099 gemitus
1947 5045 2073 5082 con-

493 5123 817 5191 pcdimrum,
848 5122 1007 5195 ἀοι
1039 5124 1091 5178 id
1121 5134 1204 5178 est
1248 5123 1611 5192 gemebundus
1644 5136 1830 5191 preces
1856 5136 2072 5184 eorum,

495 5215 584 5283 qui
616 5228 717 5283 pro
743 5224 965 5284 peccato
989 5214 1148 5285 primi
1176 5214 1419 5284 parentis
1442 5214 1494 5267 iu
1522 5214 1734 5269 inferno
1759 5214 2074 5284 compediti,

498 5309 822 5362 tenebantur
848 5307 1082 5362 vinculis
1130 5308 1510 5371 tenebrarum;
1557 5322 1693 5377 quos
1739 5306 1985 5362 Christus
2022 5306 2075 5361 in

499 5396 683 5450 triduo
708 5395 774 5451 ad
800 5395 1010 5451 inferna
1036 5395 1392 5459 descendens,
1416 5394 1610 5450 solutis
1632 5395 1823 5451 mortis
1846 5396 2077 5451 vinculis

495 5485 763 5543 liberavit.
795 5487 894 5543 Vel
938 5496 1003 5555 ut,
1034 5487 1237 5541 audiret
1276 5487 1499 5558 gemitus
1542 5487 1954 5558 compeditorum
1974 5528 1991 5554 ,
2022 5489 2077 5544 id

495 5585 584 5632 est
611 5591 802 5632 eorum
824 5617 841 5643 ,
867 5576 1013 5646 quia
1040 5577 1252 5633 diabolo
1276 5578 1603 5634 tenebantur
1626 5581 1917 5648 compediti
1948 5596 2079 5636 con-

495 5666 784 5723 suetudine
811 5667 1093 5738 peccandi.
1123 5668 1205 5724 Ad
1249 5670 1354 5725 hoc
1389 5669 1536 5724 enim
1565 5669 1878 5741 specialiter
1917 5672 2075 5728 Chri-

494 5773 614 5816 stus
640 5759 791 5816 venit
834 5760 890 5814 in
936 5759 1225 5827 mundum,
1259 5770 1316 5818 ut
1341 5771 1580 5819 mortuos
1619 5760 1874 5819 liberaret
1900 5763 1965 5819 ab
1990 5764 2072 5819 iu-

2177 4587 2320 4636 saw,
2353 4570 2406 4625 id
2432 4579 2518 4625 est
2550 4571 2602 4625 in
2649 4570 2754 4626 illis
2784 4571 2875 4640 qui
2903 4568 3015 4639 jam
3045 4581 3200 4636 sunt,
3234 4572 3377 4625 viam
3407 4570 3615 4624 virtutis
3639 4582 3727 4622 sna:

2178 4670 2233 4717 et
2257 4662 2607 4733 perfectionis
2647 4663 2889 4732 aggressi
2925 4662 3241 4733 postulans,
3273 4672 3331 4719 et
3362 4662 3641 4733 implorans
3666 4659 3728 4711 iu-

2178 4754 2327 4824 genti
2360 4754 2634 4810 desiderio
2673 4756 2953 4810 aestuando
2976 4795 2989 4820 ,
3023 4765 3084 4809 ut
3121 4755 3328 4810 iudicet
3372 4755 3423 4810 ei
3470 4764 3641 4809 utrum
3676 4749 3730 4804 sit

2177 4858 2300 4917 post
2328 4862 2529 4916 paucos
2560 4847 2628 4902 ad
2674 4847 2915 4903 caelestis
2945 4847 3304 4902 beatitudinis
3354 4846 3584 4917 patriam
3628 4855 3729 4913 per-

2177 4949 2439 5006 ventura,
2484 4939 2674 4995 dicens
2702 4941 3019 5010 paucitatem
3059 4940 3263 4994 dierum
3305 4955 3537 4993 meorum
3576 4933 3730 4988 nuntia

2177 5031 2338 5095 mihi,
2370 5029 2423 5085 id
2468 5039 2553 5085 est
2597 5029 2776 5084 indica
2820 5028 2951 5083 mihi
2985 5038 3167 5084 utrum
3215 5043 3316 5099 ego
3353 5027 3537 5099 paucis
3570 5022 3731 5079 diebus

2178 5123 2404 5179 debeam
2436 5122 2489 5178 in
2510 5122 2616 5178 hoc
2645 5121 3099 5193 peregrinationis
3119 5121 3314 5176 exsilio
3336 5134 3572 5174 manere.
3605 5134 3623 5167 ι
3646 5113 3729 5169 Cu—

2176 5215 2268 5284 pio
2314 5214 2459 5269 enim
2510 5213 2735 5269 dissolvi
2778 5221 2835 5270 et
2874 5227 2995 5271 esse
3023 5227 3146 5268 cum
3190 5210 3409 5266 Christo
3450 5206 3665 5280 (ΡΙιὶιίρ.
3691 5218 3730 5263 ι,

2176 5304 2308 5375 25),
2344 5324 2363 5359 ι
2404 5313 2460 5360 et
2506 5306 2575 5361 ad
2622 5320 2847 5376 regnum
2892 5303 3114 5360 cmleste
3146 5303 3431 5374 pervenire
3474 5298 3730 5354 desidero.

2172 5396 2375 5468 iugiter
2400 5412 2563 5454 orans
2586 5405 2647 5452 ut
2687 5397 2939 5453 adveniat
2968 5411 3190 5467 regnum
3223 5402 3372 5449 tuum
3418 5391 3634 5466 (Matth.
3659 5401 3731 5447 vl.

2179 5491 2289 5563 10).
2320 5490 2400 5546 Ne
2424 5491 2546 5559 quis
2576 5499 2757 5546 autem
2805 5496 3020 5560 putaret
3047 5489 3222 5559 quod,
3248 5495 3466 5558 prepter
3507 5481 3732 5553 paucita-

2179 5592 2287 5637 tem
2327 5582 2535 5637 dierum
2579 5596 2740 5651 quam
2782 5589 2933 5651 optat
2979 5589 3106 5635 ante
3155 5577 3315 5633 linem
3351 5575 3559 5639 seculi,
3610 5578 3734 5627 esset

2178 5672 2422 5729 Ecclesia
2450 5671 2681 5727 ﬁnienda
2701 5712 2716 5737 ,
2749 5671 3065 5743 subjunxit,
3091 5678 3146 5725 et
3170 5670 3246 5725 ait
3280 5687 3294 5723 :
3328 5668 3407 5723 Ne
3434 5680 3639 5722 revoces
3668 5675 3735 5713 nu

2180 5765 2234 5819 in
2261 5763 2479 5817 dimidio
2504 5763 2706 5817 dierum
2738 5778 3002 5829 meorum,
3031 5761 3084 5818 id
3109 5770 3192 5817 est
3213 5771 3338 5817 ante
3366 5760 3524 5815 linem
3551 5751 3733 5814 saeuiit

3841 3 3843 77 ι

3842 608 3843 693 ι
