3872 6320
143 343 262 400 “69

1037 340 1397 401 EXPOSITIO
1433 345 1498 399 IN
1527 345 1863 404 PSAIMOS.
1896 376 1967 391 -—
1998 349 2192 406 PSAL.
2221 351 2331 409 CII.

3217 362 3355 424 H70

143 453 268 527 quod
295 458 376 506 est
404 458 610 518 tempus
639 456 898 504 statutum
921 452 1223 509 duratiouis
1255 455 1531 523 Ecclesiae,
1560 476 1682 514 eum
1713 464 1759 519 Α
1786 477 2067 533 egressos,
2101 482 2328 536 quorum
2367 467 2458 524 ﬁlii
2491 480 2689 529 terram
2729 479 3105 547 promissionis
3154 481 3359 538 habita.

142 541 431 619 promiserit
468 539 714 595 Christus
762 541 1007 598 ﬁdelibus
1057 547 1205 611 suis,
1258 551 1397 617 quod
1443 566 1563 604 cum
1612 554 1691 607 eis

143 644 274 692 esset
296 630 503 686 cunctis
533 631 720 685 diebus
751 647 923 701 usque
951 636 1017 688 ad
1048 642 1569 695 consummationem
1594 658 1691 696 sae-

142 725 234 786 culi
257 720 464 795 (Hattlt.
492 736 681 787 xxvm,
705 721 819 792 20).
842 722 1075 795 Tempus
1100 736 1276 784 autem
1321 732 1553 786 medium
1576 741 1687 795 est.

142 813 267 887 quod
294 812 431 866 inter
458 809 565 866 duo
598 813 849 869 consistit
873 825 1113 872 extrema
1133 858 1148 884 ,
1187 821 1328 875 inter
1356 822 1515 877 ﬁnem
1546 823 1692 878 scili-

140 914 217 961 cet
253 900 526 973 prmsentis
557 902 770 969 smculi,
806 914 861 959 et
900 905 1113 963 initittm
1156 909 1337 965 futuri.
1372 911 1487 967 Non
1530 914 1693 984 igitur

142 995 248 1051 ideo
289 992 531 1048 desidem
596 994 925 1064 paucitatem
976 999 1218 1067 dierum,
1252 1012 1306 1057 ut
1352 1014 1480 1059 ante
1529 1006 1691 1062 ﬁnem

139 1082 302 1141 szcculi
325 1096 441 1137 esse
468 1081 710 1138 desinam
732 1125 747 1151 ,
776 1086 870 1140 sed
919 1096 975 1141 ut
1023 1088 1145 1144 ﬁnis
1175 1092 1360 1145 seaculi
1400 1098 1689 1165 appmpin-

140 1185 270 1247 quet.
300 1174 364 1229 Et
389 1183 447 1229 ut
471 1174 574 1229 sim
600 1183 778 1231 tecum
810 1177 864 1233 in
896 1179 1051 1234 annis
1076 1184 1414 1251 aeternitatis,
1434 1188 1689 1254 quoniam

136 1268 184 1337 in
215 1264 589 1335 generationem
632 1275 680 1320 et
705 1271 1088 1337 generationem
1118 1274 1244 1326 anni
1288 1275 1394 1340 tui,
1428 1277 1520 1345 qui
1552 1292 1689 1332 nun-

138 1368 282 1424 quam
312 1351 602 1421 deﬁciunt,
631 1356 757 1425 quia
789 1373 891 1414 nec
925 1360 1249 1437 principium
1281 1364 1481 1421 habent
1518 1382 1691 1439 neque

139 1446 319 1509 ﬁnem,
346 1443 433 1499 ubi
468 1445 601 1499 nihil
633 1449 926 1517 mutabile,
971 1452 1107 1507 nihil
1151 1458 1521 1526 prmteritum,
1555 1462 1691 1516 nihil

139 1535 383 1601 futurum,
409 1543 463 1589 et
495 1537 585 1591 ubi
615 1540 785 1595 sancti
808 1552 1066 1612 perpetua
1091 1560 1214 1602 eum
1248 1549 1476 1606 Domino
1493 1551 1691 1620 jucun-

137 1623 288 1680 ditate
305 1626 631 1694 gaudebunt.

196 1716 351 1807 Haec,
381 1717 631 1787 inquam,
662 1731 806 1789 sunt,
845 1740 964 1795 qum
1004 1728 1057 1783 in
1088 1730 1354 1788 militante
1392 1733 1552 1807 M2
1590 1737 1690 1793 Ec-

1791 566 2013 623 veruut,
2045 574 2205 627 quam
2235 576 2511 631 nunquam
2546 565 2910 637 habitasseut,
2942 573 3043 627 nisi
3075 590 3104 629 a
3138 573 3318 645 Moyse
3339 617 3358 642 ,

1790 657 1845 699 et
1874 661 1904 700 a
1932 647 2143 704 caeteris
2171 648 2486 708 ductoribus
2512 652 2701 710 directi
2728 654 2975 713 fuissent.

2279 806 2350 862 IN
2394 807 2722 867 PSALMUM
2757 810 2863 867 Cll.

1862 910 2071 970 Titulus
2117 917 2396 973 eeutcsimi
2447 921 2693 976 secundi.
2741 920 2990 979 Psalmus
3036 924 3137 995 ipsi
3191 925 3361 983 David

1790 1003 2199 1071 attribuendus,
2226 1006 2278 1061 id
2299 1018 2385 1063 est
2410 1008 2658 1076 Christo,
2683 1025 2789 1066 non
2822 1013 2965 1083 quod
2996 1012 3084 1069 hic
3113 1012 3361 1071 Christus

1791 1105 1915 1164 agat
1936 1136 1949 1162 ,
1976 1096 2069 1151 sed
2096 1098 2350 1167 quoniam
2380 1102 2746 1171 unusquisque
2770 1102 2939 1159 ﬁdelis
2960 1103 3049 1173 qui
3082 1103 3171 1159 hic
3197 1119 3362 1174 agens

1793 1187 2083 1253 inducitur,
2114 1190 2435 1245 exhortatur
2473 1192 2708 1247 animam
2747 1207 2901 1248 suam
2944 1194 3010 1248 ad
3039 1194 3363 1250 benedicen-

1791 1279 1915 1334 dum
1947 1277 2057 1334 Deo
2104 1280 2242 1333 bona
2289 1279 2606 1347 devotione,
2649 1283 2890 1338 contuitu
2937 1282 3359 1353 beneﬁciorum,

1790 1382 1911 1438 qua:
1938 1369 2028 1424 hic
2056 1368 2307 1426 ﬁdelibus
2334 1371 2457 1439 dat,
2485 1384 2540 1427 et
2569 1373 2622 1428 in
2646 1372 2828 1430 futuro
2854 1375 3078 1432 daturus
3107 1385 3218 1444 est,
3241 1393 3362 1447 qua:

1791 1460 1953 1517 etiam
1977 1460 2229 1516 ostendit.
2263 1460 2331 1516 Et
2353 1462 2455 1517 hoc
2480 1477 2542 1517 ea
2568 1462 2866 1520 intentione
2893 1464 3023 1520 facit
3041 1506 3057 1531 ,
3088 1474 3148 1521 ut
3174 1480 3361 1521 exem-

1788 1550 1878 1621 plo
1902 1550 1982 1606 sui
2009 1551 2143 1606 alios
2170 1551 2235 1606 ad
2264 1552 2687 1608 benedicendum
2716 1555 2824 1610 Deo
2848 1555 3107 1626 impellat.
3135 1556 3202 1610 Et
3225 1557 3361 1611 bene

1791 1641 2052 1711 superiori
2082 1640 2287 1711 psalmo
2316 1640 2682 1714 subjungitur,
2724 1652 2784 1698 ut
2812 1644 2933 1699 ideo
2962 1659 3080 1700 sese
3107 1644 3173 1699 ad
3201 1644 3360 1699 Chri-

1791 1744 1875 1789 sto
1903 1733 2325 1789 benedicendum
2354 1735 2690 1804 adhortetur,
2722 1735 2974 1806 quoniam
3012 1737 3062 1791 in
3095 1736 3360 1806 superiori

136 1807 283 1862 clesia
312 1806 652 1866 Christianus
696 1814 923 1884 populus
961 1819 1056 1874 tibi
1103 1799 1563 1893 respondelti-tIEt
1589 1828 1691 1885 hoc
1721 1799 1765 1855 Β
1791 1825 2001 1896 psalmo
2030 1841 2152 1880 eum
2184 1826 2250 1881 de
2275 1826 2450 1893 salute
2485 1799 2702 1883 suorum
2734 1837 3063 1899 satagentem
3095 1829 3320 1883 audivit.

135 1913 227 1951 non
253 1913 314 1953 ex
347 1912 406 1953 se
438 1899 572 1968 erit,
614 1903 708 1958 sed
740 1920 806 1959 ex
833 1916 912 1973 te;
949 1920 1006 1963 tu
1040 1912 1185 1967 enim
1222 1915 1459 1984 fundasti
1496 1928 1689 1976 terram

134 1988 182 2042 in
217 1990 392 2057 initio,
418 1990 472 2045 id
508 2000 592 2048 est
622 1995 861 2053 minores
887 2000 1029 2057 illius
1055 2005 1234 2074 populi
1282 2008 1373 2077 qui
1420 2020 1579 2066 erunt
1608 2027 1692 2067 re-

133 2080 391 2148 sponsuri,
427 2092 629 2139 terram
660 2096 806 2143 tuam
838 2089 1120 2160 fundabis,
1144 2105 1199 2151 et
1223 2098 1408 2155 lirmos
1438 2100 1606 2157 facies
1635 2104 1688 2159 in

132 2170 419 2224 constantia
451 2187 547 2241 per
584 2174 824 2242 initium,
874 2179 927 2235 id
972 2192 1053 2236 est
1082 2200 1177 2253 per
1205 2200 1291 2240 me
1319 2189 1408 2256 qui
1441 2205 1559 2244 sum
1592 2191 1692 2245 ini-

133 2258 250 2313 tium
273 2269 326 2314 et
360 2262 484 2317 ﬁnis
522 2267 788 2322 omnium.
817 2268 886 2324 Et
930 2273 1076 2339 casti,
1105 2275 1156 2329 id
1184 2286 1268 2331 est
1293 2277 1510 2335 altiores
1532 2289 1588 2336 et
1614 2281 1693 2336 di-

130 2349 333 2418 gniores
366 2352 510 2410 illius
555 2358 771 2426 populi,
821 2361 924 2417 hoc
967 2364 1109 2434 quod
1154 2380 1312 2423 erunt
1340 2368 1487 2435 cmli,
1534 2382 1695 2427 erunt

130 2452 274 2505 opera
318 2455 573 2498 manuum
611 2455 857 2517 tuarum,
912 2450 964 2506 id
1009 2462 1094 2510 est
1134 2458 1478 2525 operationes
1508 2460 1695 2530 gratia:

132 2535 225 2583 tua:
256 2530 465 2589 scilicet
492 2535 598 2593 hoc
627 2541 769 2609 quod
802 2541 926 2598 coeli
952 2554 1134 2613 erunt,
1162 2548 1269 2603 erit
1297 2564 1394 2620 per
1420 2553 1694 2621 operatio-

131 2635 219 2711 nes
242 2623 539 2693 gratiarum
588 2635 821 2686 tuarum.
852 2632 919 2687 Et
953 2650 1175 2692 necesse
1218 2648 1302 2693 est
1342 2648 1403 2694 ut
1441 2640 1540 2711 ipsi
1570 2640 1693 2698 coeli

128 2710 215 2765 tibi
244 2715 628 2784 respondeant.
668 2719 784 2791 Ipsi
823 2725 961 2779 enim
1008 2726 1132 2783 coeli
1172 2729 1412 2799 peribunt
1435 2710 1695 2802 corporea

127 2806 319 2883 morte,
359 2803 447 2859 vel
476 2809 834 2878 respondeant
858 2814 941 2870 vel
971 2831 1107 2879 non,
1134 2833 1198 2875 ac
1225 2820 1269 2875 si
1301 2820 1536 2878 diceret:
1559 2823 1694 2880 Cum

128 2886 217 2957 ipsi
246 2890 353 2947 sint
392 2899 702 2955 necessario
744 2904 1005 2972 perituri,
1036 2908 1211 2964 insani
1255 2922 1440 2967 essent
1480 2914 1524 2969 si
1557 2914 1698 2972 hanc

128 2983 279 3037 vitam
327 2986 631 3074 perituram
674 3006 775 3061 pro
822 3003 874 3050 te
903 2999 1155 3054 amittere
1201 3001 1532 3059 dubitarent.
1566 3003 1697 3061 Dico

1859 1913 2107 1978 Benedic,
2125 1917 2302 1971 anima
2316 1935 2451 1984 mea,
2468 1918 2713 1985 Domino,
2732 1919 2965 1983 Christo,
2988 1936 3053 1977 ac
3072 1922 3114 1976 si
3129 1922 3361 1977 diceret:

1792 2005 2261 2077 Quandoquidem,
2283 2017 2345 2062 ut
2371 2008 2424 2062 in
2445 2008 2711 2077 superiori
2732 2009 2939 2077 psalmo
2960 2020 3234 2065 ostensum
3259 2018 3361 2075 est,

1792 2110 1889 2166 pro
1921 2105 1973 2150 te
1996 2098 2173 2152 oravit
2196 2107 2251 2152 et
2272 2097 2516 2154 mortalis
2544 2098 2717 2154 factus
2735 2108 2843 2165 est,
2866 2107 2921 2155 et
2946 2100 3039 2156 tibi
3064 2102 3361 2164 benedixit,

1792 2186 1919 2242 dum
1961 2194 2015 2240 te
2044 2199 2139 2241 sua
2170 2196 2345 2241 morte
2372 2188 2676 2257 reparavit,
2706 2204 2739 2245 ο
2767 2190 2946 2244 anima
2973 2206 3086 2244 mea
3109 2230 3124 2256 ,
3154 2190 3369 2244 benedic’

1793 2276 1877 2338 ei,
1924 2276 1978 2331 id
2023 2285 2107 2331 est
2134 2275 2417 2345 magniﬁca
2446 2292 2568 2331 eum
2617 2277 2860 2333 interiori
2894 2278 3199 2334 devotione.
3247 2278 3363 2334 Non

1795 2366 1925 2421 dicit
1952 2365 2019 2420 de
2059 2365 2274 2430 anima,
2309 2365 2438 2435 quin
2479 2374 2534 2420 et
2567 2380 2765 2433 corpus
2807 2368 3131 2423 benedicere
3174 2369 3369 2425 debeat

1795 2454 1954 2511 laude
1982 2456 2130 2511 vocis
2149 2455 2454 2519 exterioris,
2484 2455 2577 2510 sed
2606 2455 2693 2510 ubi
2717 2457 2896 2511 anima
2924 2472 3049 2512 vere
3076 2459 3243 2513 Deum
3274 2459 3368 2515 be-
3418 2514 3423 2519 .

1796 2548 2033 2615 nedixit,
2059 2561 2165 2601 non
2188 2555 2268 2600 est
2301 2545 2521 2600 dubium
2552 2547 2794 2616 corporis
2825 2546 3259 2603 benedictionem
3280 2591 3293 2616 ,
3323 2552 3368 2605 si

1796 2636 2256 2708 oportueritesse.
2294 2635 2361 2689 Et
2395 2649 2501 2690 non
2550 2635 2629 2691 sic
2658 2637 2837 2691 anima
2880 2653 3000 2694 mea
3048 2640 3364 2706 benedicat,

1797 2730 1930 2785 utin
1954 2727 2131 2797 aliqua
2154 2726 2347 2780 virium
2374 2740 2596 2781 suarum
2625 2737 2903 2798 repugnet,
2932 2729 3025 2783 sed
3054 2727 3231 2785 omnia
3254 2747 3371 2801 (ιιιω

1797 2822 1939 2876 intra
1980 2836 2061 2874 me
2106 2827 2257 2881 sunt,
2291 2815 2344 2870 id
2373 2824 2457 2870 est
2496 2826 2551 2871 et
2582 2819 2907 2874 sensualitas
2931 2834 3050 2873 mea
3080 2828 3136 2874 et
3164 2819 3373 2874 inti-lle.

1796 2913 2077 2975 ctualitas,
2100 2917 2155 2965 et
2184 2909 2411 2963 liberum
2439 2907 2750 2975 arbitrium,
2771 2919 2827 2966 et
2849 2925 3038 2966 omnes
3058 2910 3225 2975 vires,
3252 2923 3371 2979 quae

1798 3003 1996 3059 suntin
2014 2999 2192 3056 anima
2209 3012 2326 3053 mea
2340 2996 2641 3054 benedicite
2664 3000 2861 3054 nomini
2877 3010 3055 3054 sancto
3070 3000 3206 3068 ejus,
3226 2998 3371 3068 quod

127 3074 256 3139 quod
286 3075 389 3145 ipsi
430 3081 701 3148 peribunt,
727 3093 784 3139 tu
811 3096 1006 3155 autem,
1037 3090 1088 3145 id
1113 3099 1195 3148 est
1222 3094 1318 3149 sed
1341 3102 1395 3148 tu
1419 3111 1695 3164 permanes
1721 3130 1769 3194 ϐ
1798 3107 1880 3153 est
1896 3094 2175 3159 Dominus;
2190 3107 2251 3146 ac
2266 3090 2310 3144 si
2325 3088 2467 3144 dicat
2485 3109 2499 3146 :
2517 3091 2760 3146 Exaltate
2782 3105 2904 3146 eum
2924 3092 3024 3161 ipsi
3050 3091 3102 3146 in
3120 3090 3371 3146 omnibus

128 3162 174 3194 in
196 3173 457 3194 mnam...“
540 3172 763 3194 11---,--
826 3193 843 3194 η
870 3188 909 3194 _.
1067 3182 1079 3194 .
1190 3193 1194 3194 ,
1307 3185 1319 3194 .
1556 3187 1570 3194 -
1834 3188 1846 3194 -
1923 3186 1956 3194 -.
2048 3185 2062 3194 .
2211 3187 2224 3194 -
2501 3184 2535 3194 ._
2724 3183 2737 3194 .
2786 3181 2798 3194 .
2982 3183 3014 3194 Α.
3062 3180 3075 3192 ο
3221 3180 3275 3194 η.
3351 3188 3363 3194 -

128 3162 174 3215 in
195 3173 482 3225 aeternum.
540 3172 770 3244 ideoque
823 3188 976 3247 potes
1031 3182 1079 3237 ei
1132 3162 1491 3241 mternitatem
1539 3187 1690 3244 dare.

126 3253 266 3320 Quod
300 3274 432 3314 eum
463 3271 726 3321 aeternum
754 3268 917 3336 dicit,
950 3272 1017 3327 ad
1048 3271 1151 3329 hoc
1179 3275 1335 3344 facit,
1366 3285 1425 3332 ut
1452 3292 1547 3333 eos
1582 3294 1697 3334 ma-

124 3345 199 3440 gis
224 3348 289 3404 ad
338 3354 777 3421 respondendum
825 3360 1047 3419 alliciat.
1079 3364 1210 3422 Dico
1246 3367 1388 3438 quod
1434 3369 1535 3439 ipsi
1572 3386 1694 3440 per-

123 3435 299 3506 ibunt,
332 3451 391 3497 et
443 3459 551 3499 non
600 3449 793 3517 pauci,
841 3454 936 3509 sed
979 3472 1157 3513 omnes
1203 3435 1516 3515 peierassent
1561 3435 1695 3516 sicut

125 3529 478 3587 vestimentum
497 3575 512 3601 ,
543 3537 750 3596 scilicet
777 3541 857 3598 sic
898 3546 1154 3615 paulatim
1184 3548 1531 3606 inveterando
1560 3548 1696 3606 deﬁ-

123 3619 291 3709 cient,
337 3634 401 3681 ut
434 3630 817 3689 vestimentum
860 3639 1004 3707 quod
1036 3639 1397 3709 inveteratur,
1427 3650 1482 3698 et
1510 3642 1577 3697 ad
1606 3642 1698 3699 de-

125 3707 313 3770 fectum
340 3721 623 3789 pervenit,
650 3733 706 3780 et
740 3726 859 3783 ideo
885 3730 1061 3787 adhuc
1104 3747 1326 3789 necesse
1373 3707 1458 3790 est
1502 3742 1562 3790 ut
1592 3733 1690 3791 tibi

122 3809 503 3877 respondeant,
528 3813 654 3884 quia
674 3816 718 3872 si
744 3818 847 3875 hoc
875 3819 1098 3879 fecerint
1120 3864 1134 3889 ,
1166 3841 1254 3879 eos
1280 3824 1574 3883 existentes
1600 3841 1697 3882 ve-

126 3898 504 3969 terascibiles,
532 3911 589 3959 et
631 3907 999 3978 defectibiles,
1057 3915 1188 3969 sicut
1231 3918 1545 3985 opertorium
1601 3915 1702 3973 ali-

120 3986 288 4054 quod,
314 3993 551 4049 mutabis
578 3994 632 4051 in
677 3997 859 4057 futuro
887 4003 954 4057 de
984 4005 1393 4063 defeetibilitate
1436 4009 1489 4062 in
1535 4016 1699 4064 teter-

121 4076 371 4148 nitatem,
428 4094 476 4138 et
519 4086 633 4153 sic,
679 4089 733 4144 id
778 4102 861 4147 cst
904 4108 997 4161 per
1030 4104 1080 4150 te
1120 4097 1481 4152 mutabuntur.
1529 4098 1701 4154 Aliter

117 4169 256 4224 enim
304 4188 418 4229 non
470 4185 832 4235 mutarentur.
872 4181 1218 4240 Mutabuntur
1247 4186 1385 4244 idem
1432 4195 1518 4243 est
1556 4191 1701 4258 quod

118 4268 163 4313 et
182 4265 413 4320 mutabis
435 4284 523 4322 eos
536 4285 556 4333 ;
582 4269 677 4325 sed
698 4271 818 4328 ideo
837 4283 921 4329 est
947 4277 1256 4346 repetitum,
1282 4288 1341 4334 ut
1363 4280 1551 4336 innuat
1574 4284 1699 4351 quia

116 4367 208 4444 per
240 4370 302 4411 se
339 4360 544 4414 mutari
583 4377 690 4417 non
739 4376 984 4434 possunt.
1030 4369 1159 4424 Dico
1195 4371 1337 4440 quod
1385 4373 1485 4444 ipsi
1524 4385 1700 4429 muta-

1797 3185 2123 3253 obediendo,
2141 3187 2315 3243 ethoc
2332 3184 2579 3242 contuitu
2594 3181 2830 3239 nominis
2842 3183 3015 3239 sancti
3029 3180 3145 3252 ejus
3159 3180 3370 3238 scilicet

1795 3278 1924 3348 quia
1966 3276 2227 3334 Dominus
2255 3287 2311 3334 et
2338 3277 2694 3347 Omnipotens
2730 3274 2948 3342 dicitur,
2989 3273 3131 3344 quod
3165 3288 3363 3330 nomen

1795 3373 2042 3421 sanctum
2071 3374 2177 3433 est,
2206 3365 2260 3421 id
2282 3376 2364 3423 est
2392 3363 2642 3421 amabile.
2674 3362 2890 3434 Repetit
2910 3373 3090 3417 autem
3116 3369 3176 3416 ut
3207 3361 3370 3417 addat

1797 3456 1876 3514 sic
1900 3470 1915 3511 :
1946 3454 2206 3525 Benedic,
2231 3457 2449 3529 inquam
2470 3497 2486 3521 ,
2515 3455 2692 3511 anima
2714 3471 2851 3523 mea,
2878 3454 3102 3510 Domino
3128 3454 3368 3517 Christo,

1797 3557 1846 3604 et
1893 3555 1953 3603 ut
1983 3547 2267 3603 materiam
2299 3547 2500 3603 habeas
2526 3546 2577 3603 ei
2609 3560 2825 3616 semper
2846 3543 3230 3611 benedicendi,
3260 3544 3370 3601 noli

1798 3638 2030 3695 oblivisci
2055 3638 2215 3712 403
2239 3655 2412 3694 omnes
2436 3638 2795 3696 retributiones
2825 3639 2960 3711 ejus,
2982 3639 3035 3695 id
3060 3647 3143 3695 est
3168 3652 3373 3694 memoo

1799 3728 1895 3782 riae
1921 3727 2237 3783 commenda
2266 3725 2547 3790 beneﬁcia,
2579 3741 2700 3798 qua:
2735 3727 2827 3782 tibi
2855 3725 2968 3796 jam
3007 3728 3282 3793 retribuit,
3316 3723 3372 3783 et

1800 3816 1854 3872 in
1893 3816 2072 3871 futuro
2118 3817 2403 3883 retribuet;
2440 3815 2567 3872 licet
2608 3830 2731 3872 cum
2763 3818 3003 3889 graviter
3045 3816 3331 3873 oﬁ‘enderis
3356 3855 3371 3881 ,

1800 3918 1853 3966 et
1884 3924 1981 3981 pro
2007 3906 2226 3966 offensis
2259 3906 2404 3975 juste
2447 3915 2630 3976 posset
2664 3917 2922 3962 mternam
2967 3906 3367 3961 damnationem

1802 3997 2119 4054 retribuere.
2169 3996 2404 4067 Exponit
2440 3996 2617 4068 igitur'
2656 3996 2753 4051 has
2800 3995 3197 4058 retributiones,
3251 3994 3367 4049 sic;

1803 4087 2185 4144 Retributiones
2210 4087 2322 4157 ejus
2348 4086 2488 4155 dico,
2524 4087 2615 4159 qui
2649 4088 2964 4157 propitiatur
3006 4085 3243 4141 omnibus
3273 4085 3375 4138 ini-

1800 4179 2085 4248 quitatibus
2127 4180 2253 4245 tuis,
2279 4188 2335 4234 et
2358 4176 2729 4250 'originalibus
2758 4184 2810 4231 et
2838 4176 3160 4242 actualibus,
3190 4170 3375 4231 remit-

1804 4269 1967 4325 tendo
2014 4284 2140 4335 eas,
2188 4278 2245 4325 et
2295 4268 2674 4339 iniquitatibus
2714 4266 2955 4322 remissis
2997 4275 3152 4321 sanat
3209 4265 3372 4321 etiam

1805 4358 2135 4427 inﬁrmitates
2163 4369 2301 4424 tuas,
2346 4359 2399 4413 id
2435 4367 2521 4415 est
2571 4356 2896 4421 debilitates,
2936 4369 3070 4425 quas
3098 4355 3264 4410 habes
3307 4356 3374 4408 ad

117 4441 339 4509 buntur;
370 4457 431 4502 tu
459 4458 634 4505 autem
655 4493 670 4519 ,
708 4453 760 4510 id
782 4464 865 4511 est
896 4458 989 4512 sed
1020 4468 1073 4512 ιιι
1103 4460 1239 4514 idem
1274 4463 1382 4531 ξρεε
1404 4441 1503 4530 ἐκ,
1534 4463 1585 4518 id
1615 4473 1699 4519 εει
1731 4464 1775 4522 n
1802 4451 1939 4506 bene
1974 4451 2307 4520 operandam
2364 4464 2431 4506 ex
2480 4449 2664 4520 pravis
2719 4446 3201 4504 consuetudinibus
3249 4461 3377 4515 pec-

116 4531 586 4597 incommntabilis
617 4559 696 4599 es.
726 4545 954 4618 ideoque
982 4561 1135 4619 potes
1164 4568 1257 4608 eos
1282 4553 1460 4610 facere
1490 4555 1698 4611 incom-

116 4628 441 4696 mutabiles,
468 4643 516 4687 et
544 4649 650 4690 non
680 4637 746 4692 ad
788 4638 975 4693 horam
1006 4657 1067 4697 es
1096 4642 1580 4712 incommutabilis;
1604 4647 1696 4701 sed

115 4718 238 4771 anni
280 4722 365 4774 tui
396 4722 676 4791 deﬁcient,
727 4726 779 4782 id
826 4733 1121 4786 estmterui
1171 4744 1319 4788 sunt.
1369 4735 1483 4791 l'loc
1518 4745 1698 4791 autem

114 4810 368 4876 superius
399 4813 569 4880 dixit,
606 4816 697 4870 ubi
739 4816 878 4873 dixit
906 4838 920 4874 :
956 4820 1032 4875 Tu
1070 4834 1243 4878 autem
1270 4842 1575 4895 permanes,
1607 4828 1701 4882 sed

116 4903 312 4969 repetit
335 4916 399 4959 ut
426 4906 505 4960 sic
528 4908 709 4963 addat.
734 4911 865 4966 Dico
884 4913 1025 4984 quod
1052 4917 1179 4968 anni
1204 4917 1279 4969 tui
1304 4934 1404 4972 non
1426 4919 1701 4987 deﬁcient:

115 5007 248 5059 quos
293 5011 478 5052 annos
521 5000 863 5068 habitabant,
912 5004 963 5059 id
1008 5015 1093 5061 est
1122 5008 1442 5064 obtinebunt
1469 5011 1600 5079 ﬁlii,
1650 5012 1703 5066 id

114 5092 195 5135 est
223 5083 372 5140 bona
404 5101 570 5157 Opera
596 5106 864 5146 servorum
890 5103 1127 5159 tuorum,
1163 5113 1283 5166 qua:
1309 5114 1375 5153 ex
1407 5114 1465 5153 se
1494 5101 1705 5168 parient

116 5185 266 5227 more
294 5172 535 5229 ﬁliorum
555 5217 571 5243 ,
599 5180 742 5247 quod
773 5189 857 5235 est
899 5182 1082 5239 dicere
1114 5201 1127 5238 :
1156 5185 1301 5239 Bona
1331 5202 1494 5256 opera
1526 5202 1705 5242 causa:

113 5272 303 5329 erunt,
335 5280 512 5334 quare
541 5270 682 5323 servi
716 5271 789 5324 tui
824 5286 994 5327 annos
1022 5283 1141 5330 tuos
1182 5276 1517 5331 obtinebunt.
1552 5276 1617 5329 Et
1648 5286 1706 5331 ut

111 5356 325 5419 possint
356 5372 462 5425 per
506 5359 643 5414 bona
674 5376 837 5432 opera
867 5363 1144 5429 habitare,
1176 5383 1345 5420 semen
1367 5384 1546 5420 eorum
1571 5368 1705 5422 diri-

112 5454 284 5512 getur,
326 5448 385 5503 id
413 5458 497 5504 est
523 5450 635 5518 ipsa
663 5468 827 5523 opera
855 5470 976 5524 qua:
995 5455 1082 5511 hic
1104 5456 1373 5511 seminant
1404 5458 1708 5528 dirigentur

113 5532 180 5587 de
205 5535 358 5592 bono
393 5538 449 5591 in
482 5539 672 5595 melius
714 5556 944 5612 semper,
974 5546 1145 5600 donec
1174 5547 1489 5614 perveniant
1522 5548 1579 5602 in
1608 5565 1708 5601 sa:-

114 5626 295 5680 culum
348 5626 621 5685 futurum.
673 5632 785 5688 lloc
832 5643 1013 5689 autem
1063 5637 1204 5705 quod
1241 5635 1379 5692 ﬁlios
1426 5654 1707 5693 servorum

116 5719 378 5778 habitare
403 5722 562 5792 dicit,
590 5725 989 5797 pra'ﬁguratum
1021 5744 1115 5799 per
1143 5727 1355 5786 Judaros
1388 5730 1449 5788 de
1480 5730 1709 5801 Egypto

1800 4543 1979 4597 candi.
2000 4542 2293 4612 Postquam
2316 4542 2459 4597 enim
2489 4541 2683 4610 aliquis
2721 4555 2752 4596 a
2789 4547 3015 4609 peccato
3044 4548 3219 4596 cessat
3247 4580 3261 4604 ,
3309 4553 3372 4594 ex

1801 4633 1933 4703 ipsis
1961 4644 2307 4704 peccatorum
2357 4630 2838 4690 consuetudinibus
2878 4632 2946 4686 ad
2975 4633 3114 4709 bene
3142 4646 3377 4701 operan-

1801 4725 1926 4780 dum
1965 4723 2155 4780 debilis
2183 4732 2289 4788 est,
2315 4731 2369 4778 et
2407 4722 2632 4793 ignavus
2666 4736 2818 4778 more
2862 4722 3085 4787 inﬁrmi,
3112 4722 3204 4793 qui
3230 4729 3380 4791 post-

1802 4832 1963 4886 quam
1991 4817 2295 4872 diuturnam
2335 4813 2700 4869 inﬁrmitatem
2751 4815 3012 4881 evaserit,
3058 4814 3217 4885 longo
3248 4822 3380 4870 tem-

1804 4923 1931 4978 pore
1952 4907 2139 4963 debilis
2166 4916 2249 4961 est
2275 4906 2340 4961 ad
2367 4906 2717 4976 operandam.
2748 4906 2893 4974 Quas
2915 4906 3216 4962 debilitates
3239 4907 3378 4961 Deus

1807 4998 2062 5068 paulatim
2115 5005 2293 5061 sanat,
2326 5012 2448 5051 cum
2478 4997 2545 5051 ad
2575 4996 2840 5052 bonorum
2876 5013 3099 5067 operum
3153 5012 3381 5053 consue-

1809 5092 2046 5147 tudinem
2088 5105 2182 5146 eos
2206 5089 2414 5144 habiles
2443 5087 2626 5143 iaciat.
2659 5088 2727 5144 Et
2772 5090 2864 5160 qui
2919 5088 3178 5144 Dominus
3214 5089 3378 5144 etiam

1808 5183 2032 5243 redimit,
2086 5181 2139 5236 id
2186 5189 2271 5235 est
2321 5179 2552 5234 redimet
2597 5179 2773 5249 pretio
2827 5181 3018 5234 mortis
3061 5193 3171 5234 suae
3218 5179 3376 5234 t'itam

1807 5280 1949 5324 tuam
1979 5273 2041 5324 de
2072 5270 2305 5335 interim,
2338 5268 2389 5321 id
2426 5276 2511 5323 est
2547 5284 2613 5322 ne
2654 5268 2727 5323 sit
2768 5269 3002 5324 obnoxia
3051 5278 3253 5324 aeterno
3293 5269 3377 5323 in-

1808 5362 1987 5417 teritui
2046 5360 2497 5414 damuandorum.
2549 5357 2615 5412 Et
2670 5358 2951 5414 sciendum
3002 5359 3146 5431 quod
3191 5374 3381 5415 omnes

1809 5451 1971 5506 semel
2005 5450 2057 5505 in
2105 5462 2265 5504 cruce
2313 5449 2520 5518 positus
2564 5447 2829 5514 redemit,
2869 5448 2964 5503 sed
3013 5463 3133 5503 cum
3161 5449 3383 5504 dicitur

1810 5541 1949 5613 quod
1981 5557 2123 5597 nunc
2157 5542 2362 5596 redimit
2383 5548 2475 5594 aut
2499 5540 2741 5605 redimet,
2763 5540 2903 5595 idem
2932 5549 3015 5596 est
3043 5556 3107 5596 ac
3149 5541 3193 5595 si
3231 5542 3380 5595 dice-

1811 5644 1934 5690 ret:
1970 5635 2073 5690 Per
2103 5634 2350 5704 .pretium
2393 5630 2809 5700 redemptionis,
2856 5632 2997 5701 quod
3034 5631 3144 5701 iam
3196 5630 3378 5692 dedit,

1812 5728 2125 5794 sulvandos,
2159 5735 2214 5781 et
2239 5726 2290 5779 in
2324 5724 2573 5794 praesenti
2604 5731 2749 5779 statu
2792 5738 2911 5781 cum
2948 5723 3281 5787 moriantur,
3325 5730 3381 5778 et
