3840 6338
502 378 633 454 int
713 461 721 469 _

1078 388 1135 446 ε.
1175 382 1521 443 numerus
1551 375 2191 437 can'rnnsmxonmt
2223 368 2704 430 lNSTlTUTORlS
2736 323 2886 428 orr.
2918 370 3095 426 psus
3118 366 3155 425 t.

3574 374 3678 432 Ητὲ

503 510 639 570 alios
680 508 734 564 in
766 506 947 563 futuro
994 519 1116 559 cum
1153 501 1468 559 morientur,
1515 495 1582 549 ab
1614 494 1832 548 interitu
1879 504 2083 547 aeterno
2111 489 2158 545 A
2253 488 2322 541 Et
2360 487 2481 541 inde
2513 487 2615 541 hoc
2644 486 3028 555 comprobatur
3053 484 3192 553 quod
3228 481 3277 537 in
3306 492 3679 554 perpetuumnon

504 605 691 674 eripit,
722 612 776 657 et
805 598 1019 669 eripiet,
1049 610 1114 649 ne
1151 594 1203 647 in
1247 601 1447 646 interna
1492 597 1665 644 morte
1691 588 1963 643 cruciatus
1994 586 2074 639 vi-

504 701 634 746 vant
663 706 783 745 cum
824 683 1162 743 damnandis.
1211 681 1276 735 Et
1308 681 1395 749 qui
1441 680 1582 733 Dens
1618 687 1872 740 coronat,
1922 677 2079 731 idest

502 782 788 838 coronabit
831 789 880 832 te
910 792 1108 830 corona
1142 772 1489 828 beatitudinis
1530 783 1766 825 aeternio.
1804 770 1867 823 Et
1897 770 1998 822 hoc
2026 769 2078 820 in

504 869 885 925 misericordia.
912 867 961 921 id
990 875 1070 919 est
1100 879 1196 932 per
1223 862 1650 917 misericordiam
1680 861 2005 922 naturalem,
2030 873 2077 915 et

503 969 557 1019 in
588 962 1031 1022 miserationibus,
1066 960 1115 1012 id
1142 967 1225 1013 est
1249 973 1345 1027 per
1372 957 1747 1012 miserationes
1777 957 1956 1011 smeuli
1990 973 2080 1011 co~

503 1053 722 1107 rouabit
754 1062 805 1106 te
855 1062 1072 1119 propter
1095 1050 1231 1101 bona
1268 1062 1431 1115 opera
1471 1059 1590 1116 qum
1618 1048 1733 1116 agis
1757 1087 1772 1109 ,
1806 1063 1925 1115 qua:
1954 1055 2079 1098 sunt

505 1144 878 1197 miserationes
903 1140 1105 1210 ejus,id
1137 1151 1218 1193 est
1240 1138 1498 1192 beneﬁcia
1529 1138 1911 1192 misericordia:
1940 1137 2076 1205 ejus.

503 1235 769 1289 Beneficia
794 1233 994 1303 quippe
1044 1231 1434 1286 misericordia:
1478 1229 1594 1298 ejus
1637 1240 1784 1296 sunt,
1813 1232 1954 1301 quod
1990 1230 2081 1285 hic

503 1326 727 1395 quilibet
757 1326 895 1379 bona
928 1339 1089 1392 opera
1130 1322 1263 1392 agit.

572 1418 637 1470 Et
662 1417 751 1485 qui
794 1416 1054 1469 Dominus
1102 1413 1291 1480 replet,
1342 1412 1396 1467 id
1442 1421 1523 1467 est
1560 1410 1787 1481 replebit
1833 1411 1887 1465 in
1933 1410 2078 1463 bonis

502 1506 719 1561 :eternis
750 1503 965 1567 dandis,
995 1501 1310 1555 desiderium
1338 1510 1507 1567 tuum,
1537 1502 1678 1570 quod
1711 1501 1877 1553 habes
1921 1508 2082 1553 teter-

501 1610 691 1649 norum
743 1595 1033 1654 bonorum,
1075 1591 1175 1645 hoc
1208 1592 1349 1660 quod
1386 1599 1470 1645 est
1519 1589 1938 1654 determinatio,
2000 1587 2079 1640 in-

500 1695 761 1758 quantum
794 1700 917 1739 eum
950 1682 1253 1745 coronabit,
1288 1697 1349 1736 ac
1378 1682 1424 1735 si
1473 1681 1617 1735 dicat
1646 1695 1660 1732 :
1689 1679 1815 1733 ideo
1846 1690 1896 1733 te
1923 1692 2079 1733 coro-

501 1775 654 1829 uabit
682 1774 902 1828 mteruis
929 1773 1104 1831 bonis.
1139 1781 1198 1827 ut
1227 1788 1348 1826 cum
1383 1787 1446 1825 ea
1477 1771 1633 1825 valde
1664 1770 1939 1825 desideres
1968 1810 1984 1833 ,
2028 1778 2082 1823 et

502 1868 618 1935 ipse
674 1877 822 1921 tuttm
870 1864 1195 1920 desiderium
1248 1863 1356 1917 illis
1404 1862 1561 1916 bonis
1600 1862 1756 1916 valde
1813 1861 2080 1929 replebit,

500 1961 559 2006 ut
587 1952 763 2021 possis
812 1951 993 2006 dicere
1026 1969 1040 2004 :
1084 1949 1229 2005 Satis
1267 1961 1369 2003 εει.
1414 1949 1480 2003 Et
1514 1948 1589 2002 ita
1625 1948 1907 2003 coronabit
1937 1948 2082 2017 quod

495 2038 740 2109 juventus
777 2051 870 2095 tua
897 2081 912 2105 ,
951 2055 1114 2110 quam
1154 2040 1242 2094 hic
1278 2039 1444 2094 babes
1483 2038 1535 2092 in
1581 2038 1938 2107 baptismate,
1989 2053 2083 2106 per

504 2124 848 2201 peccatorum
892 2131 1264 2186 remissionem
1314 2130 1668 2195 renovabitur,
1700 2129 1750 2183 id
1787 2138 1869 2183 est
1898 2144 2085 2183 rursus

504 2222 853 2277 iunovabitur
894 2221 943 2275 in
977 2220 1155 2275 futuro
1194 2236 1290 2289 per
1333 2219 1557 2289 gloriam
1601 2228 1656 2274 et
1686 2218 2085 2289 impossibilita-

507 2323 636 2376 tem,
674 2322 729 2366 ut
766 2312 1023 2381 juventus
1075 2311 1265 2381 aquin
1320 2318 1629 2371 renovatur,
1679 2309 1823 2378 quod
1869 2315 1952 2363 est
2000 2308 2082 2361 di-

504 2420 661 2459 cere:
695 2404 846 2458 Sicut
870 2403 1044 2472 aquila
1070 2418 1190 2456 cum
1222 2418 1288 2456 ex
1326 2402 1611 2467 juventute
1653 2400 1703 2453 in
1752 2409 2081 2454 senectutem

507 2497 803 2556 transiens.
834 2498 997 2549 nimis
1028 2494 1218 2548 debilis
1258 2493 1508 2558 efﬁcitur,
1540 2507 1605 2546 eo
1631 2492 1794 2560 quod,
1820 2491 2083 2559 superiori

504 2578 656 2653 parte
684 2585 841 2640 rostri
891 2583 1053 2637 nimis
1097 2592 1405 2645 crescente,
1437 2597 1542 2637 non
1575 2589 1751 2649 potest
1780 2579 2083 2643 comedere,

504 2686 691 2745 postea
725 2690 851 2730 vero
884 2673 1123 2741 ejusdem
1158 2672 1317 2726 rostri
1350 2671 1775 2741 superﬂuitatem
1807 2669 2084 2724 collisione

505 2765 705 2833 lapidis
733 2764 1019 2834 frangens,
1064 2777 1254 2817 rursus
1279 2760 1516 2830 priscum
1564 2758 1882 2815 comedendi
1925 2773 2081 2812 usum

505 2855 722 2925 recipit,
763 2864 821 2910 et
843 2855 923 2910 sic
941 2852 1279 2921 jnvenescit;
1323 2868 1430 2908 non
1476 2853 1773 2907 secundum
1818 2864 2081 2903 annorum

503 2947 859 3016 paucitatem,
900 2945 995 3000 sed
1041 2945 1333 2999 secundum
1366 2943 1647 3012 pristinam
1681 2941 1924 3010 corporis
1975 2939 2085 2992 for-

504 3037 814 3092 titudincm.
845 3036 957 3103 Sic,
989 3044 1043 3090 et
1071 3045 1126 3091 tu
1171 3034 1377 3097 anima,
1406 3048 1525 3104 qua:
1554 3048 1650 3101 per
1692 3032 1860 3085 Adam
1892 3046 1956 3085 ex
1991 3030 2082 3099 ju-

503 3137 723 3185 ventute
750 3138 967 3184 wterme
996 3128 1344 3183 beatitudinis
1376 3127 1428 3182 in
1461 3134 1794 3181 senectutem
1824 3121 2079 3193 peccandi

504 3230 563 3277 et.
589 3220 967 3291 possibilitatis
997 3219 1292 3284 devenisti,
1319 3221 1483 3273 etiam
1534 3233 1601 3272 ex
1637 3226 1791 3286 parte
1820 3216 1871 3269 in
1906 3213 2082 3283 bapti-

505 3326 626 3365 smo
665 3308 885 3377 juvenis
908 3309 1049 3364 facta
1088 3324 1186 3373 es,
1226 3325 1323 3379 per
1368 3318 1713 3379 peccatorum
1761 3306 1969 3362 scilicet
2001 3320 2083 3357 re-

504 3401 849 3466 missionem,
875 3410 930 3455 et
966 3401 1226 3454 virtutum
1273 3399 1690 3468 reparationem.
1722 3396 1886 3450 Multo
1914 3394 2086 3464 magis

506 3492 560 3545 in
592 3491 773 3547 futuro
816 3492 1030 3562 juvenis
1063 3493 1177 3556 lies,
1217 3506 1342 3546 cum
1389 3490 1725 3561 adjungendo
1756 3499 1806 3543 te
1849 3488 2084 3553 Christo,

507 3583 600 3650 qui
636 3582 821 3636 ﬁrnms
857 3582 993 3650 lapis
1033 3592 1136 3647 est,
1168 3588 1391 3636 vetusto:
1436 3578 1808 3649 possibilitatis
1836 3586 1889 3633 et
1940 3577 2088 3645 igno-

508 3674 701 3729 rantiae
734 3689 897 3744 quam
946 3674 1114 3729 babes
1140 3687 1208 3728 ex
1247 3673 1418 3727 Adam
1463 3671 1885 3742 superﬂuitatem
1926 3670 2090 3737 depo-

509 3779 641 3827 nes;
683 3774 734 3818 et
772 3773 897 3820 tunc
927 3764 1139 3817 tandem
1184 3777 1324 3832 pane
1358 3761 1580 3817 salutari
1614 3762 1809 3816 divinat
1850 3772 2087 3815 contem—

509 3853 767 3924 plationis
795 3853 1073 3918 reﬁcieris,
1096 3868 1201 3922 qua
1228 3855 1293 3906 ad
1324 3868 1562 3922 praesens
1587 3867 1749 3907 causa
1772 3851 2091 3921 supradicta:

508 3949 799 4004 vetustatis
829 3947 896 4001 ad
926 3946 1143 4016 plenum
1174 3959 1279 3999 non
1327 3946 1591 4000 reticeris.
1643 3944 1876 4013 Ideoque
1917 3943 2092 3996 adlmc

510 4040 869 4099 inveterascis
920 4049 976 4095 et
1028 4038 1347 4095 debilitaris.
1402 4021 1799 4108 Unde-legitur
1846 4055 1913 4091 τι
1952 4038 2092 4092 Ecce

508 4147 644 4189 nova
672 4132 814 4188 facio
836 4131 1016 4187 omnia
1043 4130 1225 4201 (Apoc.
1254 4144 1367 4194 xxi,
1399 4128 1476 4199 5).
1513 4148 1532 4181 s

578 4224 843 4292 Quoniam
866 4232 1046 4278 autem
1068 4223 1274 4277 dixerat
1301 4223 1537 4275 animam
1564 4235 1716 4274 suam
1744 4233 1863 4275 esse
1885 4219 2094 4288 replen-

509 4315 634 4368 dam
662 4315 884 4369 aeternis
932 4314 1112 4377 bonis,
1138 4328 1260 4382 qua:
1291 4313 1529 4366 nondmn
1571 4320 1857 4381 apparent,
1885 4320 1940 4363 et
1970 4327 2096 4381 pos—

509 4416 594 4460 set
622 4407 689 4459 ab
717 4406 898 4475 aliquo
942 4405 1177 4459 dubitari
1210 4419 1279 4458 an
1314 4404 1401 4458 illa
1428 4404 1654 4459 daturus
1690 4412 1853 4468 esset,
1879 4419 2001 4458 euut
2031 4419 2092 4457 ea

2180 575 2465 638 irascetur,
2503 575 2627 644 quia
2654 575 2743 628 hic
2780 582 2862 627 est
2893 572 3146 626 Dominus
3186 572 3295 626 suis
3329 573 3506 639 faciens
3531 576 3681 629 miseri.

2179 668 2403 728 cordias,
2432 667 2482 720 id
2509 675 2591 720 est
2626 665 2942 734 impendens
2965 664 3126 733 justis
3167 663 3412 717 beneﬁcia
3440 666 3684 721 misericor-

2180 756 2281 811 diae
2310 772 2444 820 sum,
2476 754 2684 809 scilicet
2721 765 3065 822 peccatorum
3090 752 3466 818 remissionem,
3488 764 3535 808 ct
3558 756 3685 808 virtu-

2183 856 2293 899 tum
2341 854 2397 899 et
2448 861 2674 913 operum
2715 840 3463 909 bonorumjustificationcm,
3488 858 3586 912 qua:
3620 860 3685 897 su-

2180 933 2382 1003 perfluo
2427 934 2650 997 faceret,
2681 934 2724 987 si
2770 933 2821 985 in
2870 942 3187 1000 perpetuum
3236 931 3526 984 irasciturus
3561 943 3685 985 esset.

2180 1023 2249 1077 Et
2274 1023 2395 1077 inde
2435 1023 2609 1077 adhuc
2636 1022 3021 1090 comprobatur
3046 1061 3060 1083 ,
3105 1021 3248 1089 quod
3274 1020 3380 1073 suis
3406 1020 3606 1072 omnibus
3633 1021 3688 1073 in-

2171 1115 2374 1185 juriam
2416 1115 2466 1167 in
2511 1115 2613 1167 hac
2659 1114 2770 1167 vita
2798 1128 2897 1182 pro
2941 1127 3007 1166 eo
3034 1111 3345 1181 patientibus
3376 1109 3489 1164 facit
3517 1112 3597 1163 hoc
3615 1112 3685 1180 ju-

2180 1206 2397 1266 dicium,
2430 1204 2635 1259 scilicet
2665 1203 2768 1257 hoc
2813 1202 3021 1272 judicat
3069 1210 3127 1254 ut
3173 1198 3413 1268 iujuriam
3452 1200 3687 1269 patiantur,

2182 1294 2322 1363 quod
2353 1295 2543 1363 utique
2571 1294 2935 1348 miserrimum
2971 1301 3135 1355 esset,
3165 1291 3210 1345 si
3239 1291 3318 1344 eis
3346 1291 3396 1343 in
3435 1301 3689 1359 perpetuum

2181 1385 2503 1439 irasciturus
2561 1393 2725 1438 esset.
2773 1383 2926 1438 Unde
2970 1381 3262 1452 Apostolus
3316 1399 3329 1433 :
3377 1398 3394 1431 ι
3440 1380 3489 1434 Si
3530 1381 3573 1434 in
3616 1381 3689 1434 hac

2180 1474 2287 1527 vita
2318 1483 2521 1527 tantum
2560 1473 2611 1527 iu
2660 1472 2877 1527 Christo
2925 1483 3210 1541 sperantes
3241 1486 3435 1533 sumus,
3464 1470 3687 1523 miserabi-

2181 1565 2343 1620 iiores
2391 1578 2577 1617 sumus
2606 1564 2859 1617 omnibus
2887 1562 3196 1617 hominibus
3224 1560 3272 1631 (1
3302 1559 3419 1613 Cor.
3461 1575 3537 1625 xv,
3561 1560 3646 1629 l9).
3673 1578 3687 1610 ι

2182 1655 2296 1710 Non
2321 1655 2491 1709 solum
2525 1663 2704 1707 autem
2738 1669 2831 1723 per
2860 1654 2976 1707 base
3003 1668 3123 1721 qua:
3157 1653 3316 1706 modo
3344 1651 3447 1705 dixi
3477 1652 3560 1705 hoc
3582 1666 3691 1705 com-

2182 1749 2459 1818 probatur,
2484 1762 2603 1817 qure
2638 1747 2842 1801 scilicet
2878 1746 2992 1816 ipse
3020 1744 3280 1799 Dominus
3318 1744 3370 1797 in
3398 1759 3520 1799 novo
3544 1743 3694 1813 populo

2116 1830 2157 1883 Β
2183 1848 2462 1909 operatur,
2491 1839 2583 1893 sed
2617 1846 2672 1892 et
2712 1852 2807 1907 per
2833 1851 2897 1889 ea
2928 1851 3048 1905 qua:
3090 1835 3258 1905 priori
3289 1834 3472 1905 populo
3495 1843 3694 1902 operatus

2183 1941 2289 1995 est,
2316 1929 2519 1984 scilicet
2550 1945 2647 1999 per
2692 1928 2794 1981 hoc
2825 1927 2963 1995 quod
2989 1937 3141 1979 notas
3186 1927 3304 1994 fecit
3347 1925 3531 1995 pridem
3566 1923 3693 1991 lloysi

2184 2026 2266 2096 leg
2291 2025 2404 2079 fero
2460 2025 2568 2078 vias
2611 2040 2735 2076 suas
2761 2062 2776 2085 ,
2824 2022 2875 2075 id
2919 2030 3003 2075 est
3062 2030 3328 2090 prteccpta
3377 2036 3502 2082 sua,
3545 2028 3588 2072 et
3625 2034 3695 2088 per

2185 2120 2403 2190 Moysen
2431 2126 2588 2172 notas
2615 2116 2743 2185 ﬁliis
2773 2114 2944 2169 Israel
2967 2114 3096 2169 fecit
3125 2114 3404 2168 voluntates
3424 2128 3549 2176 suas,
3572 2110 3694 2164 idest

2183 2217 2451 2279 praecepta
2477 2222 2571 2261 sua
2608 2224 2622 2259 :
2651 2205 2794 2275 quod
2842 2203 3105 2258 inutiliter
3153 2202 3385 2267 fecisset,
3414 2202 3453 2255 si
3482 2201 3527 2254 in
3553 2214 3693 2269 perpe-

2187 2310 2335 2355 tuum
2375 2298 2692 2353 irasciturus
2734 2304 2900 2351 esset.
2952 2294 3173 2365 Repetit
3218 2293 3359 2348 enim
3402 2288 3696 2359 mquipolleati

2184 2404 2315 2444 voce
2361 2388 2501 2457 quod
2552 2387 2730 2441 dixit:
2762 2386 2963 2455 faciens
3009 2382 3432 2446 misericordias,
3476 2395 3579 2435 cum
3599 2371 3698 2430 dicit

2185 2481 2477 2542 miserator,
2520 2488 2580 2531 ut
2626 2477 2789 2532 addat
2813 2476 2915 2530 sic.
2949 2474 3254 2535 Miserator,
3302 2474 3532 2541 inquam,
3555 2479 3636 2530 est,
3660 2468 3698 2521 id

2184 2581 2267 2626 est
2304 2570 2509 2624 faciens
2543 2567 2983 2630 misericordias,
3015 2576 3063 2619 et
3093 2564 3385 2619 misericors
3410 2573 3483 2617 est
3502 2560 3697 2614 Damius

2186 2664 2238 2717 in
2272 2671 2501 2726 natura;
2530 2669 2584 2715 et
2620 2660 2937 2730 longanimis
2975 2670 3096 2722 est,
3148 2659 3203 2712 id
3241 2667 3323 2712 est
3367 2657 3554 2725 patiens
3582 2656 3700 2720 longo

2184 2757 2365 2811 animo
2394 2768 2700 2825 peccantes.
2736 2756 2887 2820 Dico,
2929 2755 3233 2808 misericors
3260 2762 3307 2807 et
3349 2767 3446 2806 non
3467 2759 3697 2815 utcunque.

2187 2856 2281 2910 sed
2308 2854 2531 2908 multum
2572 2853 2891 2914 misericors,
2921 2850 3062 2903 unde
3091 2848 3271 2918 palam
3314 2855 3394 2901 est
3418 2842 3543 2914 quod
3567 2855 3643 2893 non
3660 2838 3700 2888 is

2185 2957 2487 3017 perpetuum
2533 2948 2808 2999 irascetur.
2862 2942 2941 2997 Ad
2979 2942 3125 3011 quod
3182 2940 3325 2994 enim
3372 2937 3582 2990 valerent
3616 2927 3700 2997 ejus

2188 3039 2557 3095 misericordia
2591 3047 2643 3092 et
2668 3035 3073 3106 longanimitas,
3105 3033 3152 3088 si
3203 3033 3253 3086 in
3278 3038 3563 3102 perpetuum
3592 3030 3701 3077 esset

2184 3133 2301 3201 ejus
2331 3134 2407 3186 ira
2436 3132 2717 3186 duratura.
2772 3128 2838 3182 Et
2891 3128 3014 3181 inde
3060 3141 3280 3195 quoque
3337 3117 3685 3191 comprobatur.

2184 3227 2308 3298 quia
2332 3242 2434 3279 non
2463 3223 2749 3277 secundum
2772 3230 2982 3290 peccata
3016 3229 3198 3273 nostra
3228 3218 3342 3287 fecit
3371 3216 3503 3269 nobis
3528 3208 3701 3264 retribu-

2190 3317 2388 3376 tionem
2410 3315 2570 3385 justae
2620 3310 2988 3365 damnationis
3016 3327 3028 3361 :
3061 3314 3227 3379 neque
3252 3305 3517 3360 secundum
3554 3298 3701 3366 iniqui-

2188 3416 2321 3461 tates
2352 3417 2556 3461 nostras
2591 3403 2833 3459 actualcs
2866 3401 3102 3455 retribuit
3144 3400 3296 3453 nobis
3332 3393 3701 3452 damnationem:

2190 3500 2285 3567 sed
2333 3498 2541 3552 remisit
2603 3497 2918 3565 iniquitates
2968 3509 3158 3548 omnes
3221 3501 3275 3546 et
3322 3498 3525 3562 peccata
3559 3503 3570 3538 :
3600 3480 3705 3551 quod

2192 3595 2376 3663 utique
2402 3603 2549 3648 esset
2573 3591 2993 3654 infructuosum,
3013 3591 3057 3643 si
3091 3591 3353 3643 duratura
3381 3595 3510 3641 esset
3532 3581 3625 3650 ejus
3650 3579 3702 3628 in

2194 3686 2246 3740 in
2297 3694 2632 3755 perpetuum.
2663 3683 2730 3736 Et
2768 3682 2891 3736 inde
2934 3696 3149 3750 quoque
3191 3678 3578 3748 comprobatur,
3615 3681 3707 3737 ηιθ-

2194 3778 2333 3829 m'am
2382 3773 2663 3827 secundum
2714 3772 3045 3824 altitudinem
3095 3770 3213 3823 coeli
3261 3787 3293 3822 a
3340 3779 3469 3820 terra
3516 3760 3702 3815 corrobo-

2194 3867 2348 3929 ravit,
2378 3866 2427 3918 id
2454 3873 2538 3919 cst
2579 3863 2852 3916 robustam
2884 3860 3009 3915 fecit
3048 3860 3456 3914 misericordiam
3490 3868 3639 3909 suam.
3666 3846 3702 3899 id

2193 3968 2277 4014 est
2306 3955 2628 4011 beneﬁcium
2662 3953 3051 4007 misericordia:
3104 3967 3242 4015 suze,
3290 3965 3437 4019 super
3475 3960 3558 3999 nos
3593 3948 3702 3993 caste

2194 4050 2430 4102 timentes
2460 4064 2533 4101 se.
2573 4045 2724 4100 Sicut
2756 4048 2822 4099 ad
2869 4054 3026 4100 terra:
3072 4043 3521 4113 comparationem
3557 4030 3702 4087 culum

2195 4137 2414 4206 dignum
2436 4146 2531 4191 εει
2556 4146 2612 4191 ει
2639 4137 2873 4191 sublime
2889 4176 2905 4201 ,
2935 4136 3079 4190 sicut
3102 4144 3157 4189 et
3190 4128 3535 4188 misericordia
3557 4126 3609 4176 de
3632 4121 3704 4172 hoc

2195 4231 2340 4301 quod
2394 4231 2544 4302 prius
2597 4229 2802 4299 indigni
2852 4243 3070 4282 eramus
3114 4236 3171 4281 et
3220 4223 3450 4292 dejecti,
3492 4218 3644 4285 dignos
3665 4217 3704 4261 et

2197 4323 2457 4377 sublimes
2506 4324 2558 4376 in
2592 4320 2899 4375 innocentia
2944 4320 3103 4384 fecit;
3148 4319 3294 4388 quod
3342 4316 3512 4382 utique
3539 4307 3700 4360 fecisscl

2200 4412 2479 4477 inutiliter,
2499 4412 2599 4466 uisi
2632 4412 2765 4465 iram
2789 4426 2941 4465 suam
2965 4411 3295 4464 remissurus
3323 4414 3477 4462 esset.
3505 4401 3559 4453 Et
3581 4395 3701 4450 etiam

513 4511 700 4550 revera
747 4512 868 4552 esse
899 4498 1153 4551 daturum
1200 4496 1557 4565 comprobare
1593 4493 1844 4555 intendit,
1873 4495 2095 4548 eviden-
2130 4517 2175 4570 ι)
2203 4502 2324 4554 inde
2354 4503 2759 4571 comprobatur,
2780 4503 2903 4569 quia
2932 4500 3082 4571 longe
3103 4500 3224 4569 fecit
3248 4518 3279 4552 a
3305 4498 3442 4551 nobis
3470 4492 3701 4558 iniquitates

514 4588 587 4640 tia
644 4586 852 4644 illorum
902 4590 1288 4646 beneﬁciorum
1336 4605 1457 4660 qua:
1505 4588 1617 4658 jam
1656 4580 1922 4652 contulit,
1964 4588 2090 4642 sic:

515 4679 636 4731 Dixi
670 4682 811 4747 quod
857 4681 1083 4749 replebit
1113 4696 1197 4736 me
1226 4689 1280 4735 et
1324 4689 1551 4735 caeteros
1573 4680 1751 4748 justos
1781 4682 1958 4745 bonis,
1996 4680 2098 4734 im-

514 4771 846 4826 mortalitate
871 4774 1076 4829 scilicet
1105 4782 1157 4828 et
1190 4774 1647 4843 impassibilitate,
1674 4783 1727 4829 et
1755 4776 2097 4828 immunitate

514 4862 757 4932 peccati;
805 4872 861 4917 et
886 4879 1071 4919 verum
1098 4875 1206 4920 est.
1248 4865 1360 4920 Nisi
1389 4867 1531 4922 enim
1565 4866 1672 4920 illis
1700 4866 1858 4921 bouis
1885 4882 1985 4921 ιιυε
2016 4882 2099 4919 re-

440 4998 443 5001 .
513 4955 717 5024 pletet,
762 4970 892 5011 vere
929 4956 982 5010 in
1030 4969 1346 5026 perpetuum
1394 4959 1549 5012 nobis
1595 4960 1766 5013 iratus
1790 4969 1953 5014 esset.
1989 4959 2096 5014 Sed

515 5064 617 5101 mm
643 5050 697 5101 in
719 5057 1021 5118 perpetuum
1057 5050 1331 5115 irascetur,
1372 5050 1424 5103 id
1453 5060 1535 5105 est
1565 5066 1671 5105 non
1710 5064 1923 5114 semper
1943 5067 2098 5105 exer-

513 5140 656 5195 m-bit
697 5142 748 5193 io
781 5153 877 5193 nos
915 5139 1074 5200 iram,
1111 5138 1163 5193 id
1212 5147 1295 5192 est
1323 5139 1613 5193 vindictam
1665 5142 1945 5209 originalis
1974 5156 2098 5211 pec-

512 5233 645 5289 cati.
691 5230 897 5285 scilicet
945 5228 1329 5283 mortalitatem
1381 5238 1436 5283 et
1494 5232 1947 5297 possibilitatem,
2003 5233 2096 5286 sed

515 5322 836 5390 quandoque
869 5318 1029 5374 faciet
1060 5318 1394 5373 immortales
1424 5327 1478 5373 et
1508 5321 1881 5389 impassibiles.
1918 5320 2099 5392 Neque

514 5414 569 5464 in
611 5423 862 5466 a'ternum
890 5413 1293 5465 romminabitur
1329 5411 1488 5465 nobis
1517 5426 1612 5479 per
1648 5411 1957 5481 Seriptnras
1984 5455 1999 5475 ,
2041 5423 2101 5467 ιιι

512 5516 547 5556 'a
584 5504 821 5571 peceatis
849 5518 1148 5569 cessemus,
1190 5514 1330 5559 SIClll
1375 5502 1535 5556 modo
1565 5504 1722 5557 nobis
1747 5507 2099 5573 peccantibus

516 5594 682 5667 404
710 5597 1100 5662 comminatur;
1148 5597 1240 5650 sed
1272 5598 1491 5651 reducet
1523 5612 1619 5651 nos
1649 5597 1715 5650 ad
1741 5605 1944 5650 tantam
1977 5614 2098 5665 per-

520 5686 544 5736 τ
573 5689 801 5741 ctiouem
844 5702 912 5741 ne
937 5701 1223 5755 peccemus
1262 5688 1421 5752 ultra,
1452 5702 1625 5759 neque
1649 5690 1967 5743 comminari
2005 5705 2097 5741 no-

520 5777 606 5832 bis
631 5793 751 5832 eum
777 5789 1041 5846 oporteat.

2199 4604 2427 4657 nostras,
2476 4593 2526 4646 id
2573 4602 2659 4647 est
2704 4592 3120 4647 excaecationent
3169 4590 3491 4649 interiorem,
3530 4594 3625 4649 qum
3662 4574 3699 4622 iu

2199 4684 2357 4739 nobis
2385 4693 2505 4738 erat
2530 4700 2694 4739 causa
2743 4684 3089 4752 iniquitatum
3123 4692 3443 4742 nostrarum,
3469 4685 3518 4729 et
3554 4663 3695 4724 ιιιυυιίο

2201 4776 2348 4830 navit
2375 4775 2604 4831 interius
2639 4776 2815 4845 gratia
2856 4774 3102 4844 speciali.

2188 4922 2189 4925 η
2269 4868 2337 4920 Ει
2364 4867 2414 4919 in
2449 4874 2653 4919 tantum
2684 4866 2841 4935 longe
2867 4864 2995 4919 fecit
3021 4880 3049 4918 a
3080 4862 3233 4918 nobis
3256 4854 3542 4916 illuminatis
3567 4859 3697 4905 excrc-

2199 4960 2465 5013 catiouem
2514 4959 2891 5028 iniquitatunt,
2948 4967 3198 5027 quantum
3238 4955 3393 5007 distat
3441 4957 3565 5001 ortus
3606 4938 3701 4993 solis

2198 5049 2263 5102 ab
2315 5050 2577 5103 occidente
2602 5092 2617 5114 ,
2670 5050 2720 5103 id
2774 5057 2857 5104 est
2900 5048 2968 5101 ab
3011 5034 3204 5103 Occasu
3255 5044 3398 5099 solis.
3439 5038 3530 5092 Per
3565 5039 3697 5083 ortuw

2200 5140 2329 5194 solis
2367 5140 2454 5193 lux
2504 5140 2801 5208 accipitur,
2851 5155 2918 5192 eo
2950 5140 3094 5209 quod
3136 5139 3278 5191 hunc
3311 5143 3477 5188 ortum
3526 5127 3595 5178 lux
3637 5132 3696 5209 se:

2201 5234 2403 5302 quitttr.
2473 5230 2731 5285 Τειιεὺηε
2796 5244 2926 5283 vero
2986 5246 3083 5299 per
3149 5240 3431 5285 occasum,
3488 5231 3543 5272 eo
3592 5204 3694 5302 ‘l'i‘fl

2202 5339 2324 5378 cum
2379 5322 2617 5376 tenebrm
2670 5330 2985 5390 sequantur.
3029 5321 3093 5374 Et
3141 5329 3223 5374 est
3279 5332 3340 5370 ac
3391 5314 3430 5366 si
3481 5297 3693 5390 dicati}ﬂ

2202 5422 2462 5483 quantum
2497 5414 2581 5466 lux
2615 5387 2780 5467 distat
2820 5428 2849 5465 a
2885 5412 3122 5466 tenebris
3152 5430 3164 5464 :
3197 5426 3298 5463 non
3323 5414 3487 5459 autem
3523 5396 3620 5451 dico
3645 5387 3694 5439 ΙΨ

2201 5506 2411 5568 caliter,
2462 5505 2555 5559 sed
2613 5504 2951 5565 naturaliter,
3003 5504 3055 5555 in
3111 5511 3312 5556 tantum
3361 5497 3519 5566 prius.
3557 5491 3693 5538 clm"

2202 5613 2375 5655 cmcos
2404 5612 2435 5651 a
2479 5596 2885 5665 nobismetipsis
2915 5612 3056 5649 nunc
3091 5591 3393 5648 illuminatis
3418 5582 3601 5638 dill'crre
3620 5570 3693 5665 lt;-

2202 5693 2296 5742 eit.
2328 5688 2479 5753 Quod
2529 5688 2719 5755 utique
2754 5688 3044 5740 duceretur
3073 5687 3123 5739 in
3156 5683 3393 5741 irritum,
3423 5676 3462 5730 si
3503 5664 3691 5724 irascitu-

2205 5793 2296 5841 rtts
2344 5787 2480 5832 cssrt
2515 5778 2565 5830 iu
2600 5785 2940 5846 perpetuum,
2975 5778 3097 5831 inde
3128 5786 3332 5843 quoque
3358 5759 3690 5831 comprobatur.
