3840 6338
143 323 287 382 “73

1028 313 1044 319 ’
1088 322 1448 381 EXPOSITIO
1486 323 1556 379 IN
1591 323 1931 381 PSALMOS.
1964 323 2243 395 —,PSAL.
2275 325 2379 383 Cll.

3263 333 3402 388 ll'il

137 442 266 514 quia
293 438 559 510 quomodo
582 438 854 492 miseretur
878 445 1027 508 paler
1044 437 1295 505 ﬁliorum,
1320 436 1444 492 dum
1467 452 1561 493 eos
1588 437 1731 491 videt
1759 438 1807 498 A
1837 454 1953 497 vant
1984 449 2346 497 testamentum
2368 439 2502 509 ejus,
2528 440 2607 495 sic
2639 454 2652 493 :
2688 440 2816 498 Dico
2841 444 2926 501 bis
2946 444 3046 517 'qui
3078 418 3288 504 seruant
3326 460 3402 504 te-

138 540 421 592 errantes,
450 537 510 582 ut
544 527 611 582 ad
660 526 800 581 viam
855 525 1195 583 rectitudinis
1248 537 1499 593 revocet,
1550 525 1731 597 ﬂagel-

140 618 309 673 lando
356 628 582 688 paterna
631 618 916 673 aﬁ'ectione
955 617 1203 687 castigat,
1238 617 1312 672 ita
1364 619 1608 672 misertus
1656 628 1729 672 est

139 710 408 764 Dominus
453 709 606 764 nobis
658 710 958 763 timentibus
1003 726 1094 775 se,
1141 707 1458 779 castigando
1506 709 1595 779 pie
1635 724 1733 780 per

140 798 357 870 ﬂagella
393 799 798 866 tribulationum
817 839 831 863 ,
858 801 1000 870 quod
1027 814 1180 870 teque
1226 814 1325 869 pro
1364 799 1528 854 nihilo
1555 798 1729 875 ﬁeret,

141 890 247 944 nisi
286 889 370 943 ira
409 890 527 959 ejus
556 890 845 960 aliquando
874 889 1111 945 ﬁnienda
1158 899 1324 945 esset.
1371 889 1436 944 Et
1484 890 1606 945 ideo
1637 890 1735 943 mi.

140 990 333 1037 sertus
362 991 447 1037 est
476 997 492 1036 :
537 983 785 1053 quoniam
823 984 951 1053 ipse,
976 982 1068 1053 qui
1098 982 1150 1037 in
1179 981 1495 1054 ﬁagellando
1522 984 1734 1040 videtur

139 1086 394 1141 severus,
431 1080 610 1127 tamen
652 1072 963 1128 'miserendo
1010 1073 1245 1143 cognovit
1284 1072 1587 1142 figmentum
1637 1090 1734 1127 no-

137 1172 354 1231 strum,
402 1165 455 1219 id
485 1174 568 1219 est
598 1165 848 1236 cognovit
879 1180 977 1220 nos
1016 1180 1136 1220 esse
1190 1175 1434 1220 terrenos
1478 1174 1533 1220 et
1571 1165 1734 1237 fragi—

139 1254 240 1318 les,
289 1265 354 1308 ut
386 1253 698 1326 ﬁgmentum
741 1254 909 1327 ﬁguli.
957 1255 1191 1325 Exponit
1236 1265 1418 1310 autem
1466 1257 1734 1325 quomodo

141 1346 473 1416 ﬁgmentum
504 1360 713 1411 sumus,
758 1361 882 1401 cum
912 1346 1091 1423 addit,
1117 1347 1326 1402 scilicet
1353 1347 1444 1417 qui
1476 1347 1622 1403 visus
1652 1357 1737 1403 est

141 1437 236 1489 diu
286 1452 391 1491 nos
420 1436 674 1491 oLlivioni
724 1438 958 1499 dedisse,
1009 1440 1313 1493 recordatus
1359 1450 1432 1494 est
1485 1442 1734 1511 quoniam

141 1526 324 1591 pulvis
349 1546 555 1594 sumus,
582 1529 631 1583 id
657 1538 739 1584 est
771 1530 967 1585 terreni
995 1540 1050 1586 et
1070 1529 1254 1586 faciles
1277 1530 1342 1585 ad
1364 1533 1732 1601 peccandum;

142 1631 197 1675 et
227 1627 503 1690 quantum
538 1621 606 1675 ad
637 1637 735 1678 nos
782 1624 995 1678 steriles
1025 1639 1054 1676 a
1085 1624 1246 1691 bono,
1276 1624 1417 1680 sicut
1443 1625 1615 1694 pulvis
1642 1627 1734 1696 qui

145 1726 304 1769 terra
328 1724 433 1783 est,
464 1725 514 1772 et
547 1726 691 1771 motu
720 1716 916 1783 facilis,
940 1727 991 1773 et
1024 1718 1178 1789 fruge
1207 1718 1429 1774 sterilis.
1463 1719 1527 1772 Et
1558 1735 1736 1772 recor-

142 1800 316 1871 datus
343 1818 421 1860 est
446 1810 715 1876 quomodo
749 1810 926 1865 omnis
970 1810 1125 1865 homo
1151 1810 1260 1867 cito
1291 1811 1635 1865 transitorius
1681 1819 1737 1865 et

144 1899 487 1967 defectihilis
507 1911 590 1956 est
617 1903 749 1956 sicut
769 1903 977 1971 fenum,
1008 1923 1027 1956 ι
1060 1904 1202 1974 quod
1234 1904 1392 1959 hodie
1417 1912 1588 1970 est,et
1612 1919 1737 1959 cras

144 1990 196 2044 in
254 1990 535 2046 clibanum
583 1992 819 2047 mittitur
870 1992 1103 2065 (Matth.
1143 2009 1194 2048 γι
1223 2033 1240 2059 ,
1287 1993 1416 2065 50).
1474 2012 1493 2046 ι
1549 1994 1613 2048 Et
1660 1993 1737 2047 ita

142 2092 228 2138 est
276 2082 423 2139 sicut
466 2081 649 2138 fenum
684 2085 827 2155 quod
860 2086 971 2140 dies
998 2086 1135 2157 ejus,
1186 2086 1236 2140 id
1264 2086 1479 2142 estvita
1511 2100 1626 2155 ejus
1662 2085 1738 2140 sic

142 2176 439 2247 eﬁerebit,
489 2177 542 2232 id
594 2186 679 2232 est
734 2177 1037 2245 dellorebit,
1090 2179 1297 2235 scilicet
1320 2194 1385 2234 ex
1445 2178 1739 2234 lloriditate

142 2269 210 2322 ad
264 2267 668 2323 marciditatem
698 2270 808 2325 cito
833 2272 1144 2340 perveniet,
1173 2272 1308 2325 sicut
1337 2273 1436 2341 ﬂos
1481 2272 1617 2342 agri,
1646 2271 1738 2340 qui

143 2360 263 2414 cito
298 2361 630 2423 marcescit,
685 2369 741 2416 et
782 2362 919 2417 bene
958 2363 1174 2433 quidem
1220 2363 1367 2417 addit
1396 2364 1529 2433 agri.
1567 2360 1740 2416 Citius

141 2451 317 2525 405
348 2467 549 2522 quippe
571 2452 671 2509 llos
697 2454 808 2526 agri
839 2454 1125 2510 marcescit
1142 2454 1230 2524 qui
1258 2463 1474 2509 secatur
1493 2453 1740 2509 eteradi-

143 2554 334 2611 eatur,
384 2544 510 2599 dum
550 2560 677 2616 ager
714 2554 899 2601 aratur
947 2548 1099 2617 quasi
1139 2545 1238 2602 llos
1285 2547 1426 2602 horti
1455 2546 1536 2602 vel
1577 2548 1737 2617 prati,

144 2633 378 2704 quando
400 2634 675 2690 avellitur.
711 2636 778 2690 Et
804 2636 968 2692 etiam
1024 2639 1328 2692 recordatus
1368 2649 1443 2694 est
1491 2640 1743 2710 quoniam

144 2727 397 2795 spiritus,
426 2726 479 2781 id
505 2738 590 2782 est
614 2726 860 2784 voluntas
888 2730 1069 2785 cordis
1108 2745 1297 2785 eorum
1341 2732 1396 2785 in
1434 2731 1546 2795 illo,
1577 2732 1628 2786 id
1659 2742 1744 2787 est

145 2827 420 2887 quantum
434 2829 517 2874 est
531 2818 583 2873 in
599 2819 622 2875 f
627 2820 892 2891 rag'litate
906 2822 1045 2877 illius
1056 2823 1389 2892 pertransibit
1402 2823 1511 2878 cito
1524 2823 1590 2879 de
1602 2825 1744 2880 bono

146 2912 216 2966 ad
245 2911 471 2966 malum.
501 2911 570 2966 Et
593 2914 671 2969 sic
692 2914 964 2981 transibit,
994 2915 1137 2987 quod
1164 2932 1267 2970 non
1289 2915 1546 2981 subsistit,
1576 2916 1627 2970 id
1660 2923 1746 2971 est

148 3020 261 3058 non
301 3004 556 3070 absistet,
582 3008 791 3063 scilicet
815 3022 920 3063 non
948 3008 1183 3063 cessabit
1211 3008 1575 3077 pertransire,‘
1596 3016 1746 3078 post-

1829 544 2145 591 stamentum
2166 533 2301 604 ejus,
2328 543 2381 588 et
2409 534 2512 588 hoc
2537 534 2697 589 modo
2736 536 2954 604 quidem
3002 551 3209 595 servant
3236 557 3256 597 :
3288 541 3404 596 Me-

1830 644 2000 682 mores
2022 636 2143 682 sunt
2184 625 2554 679 mandatorum
2603 626 2740 696 ejus,
2790 641 2895 693 non
2954 643 3018 683 ea
3071 632 3404 703 negligenter

1830 715 2085 771 oblivioni
2109 715 2319 779 dantes,
2351 716 2715 784 promovendo
2739 712 2902 770 etiam
2928 719 3089 783 se,ad
3106 720 3350 788 facienda

1831 825 1913 863 ea.
1938 806 2051 862 Non
2074 806 2216 862 enim
2244 805 2511 861 subiceret
2537 821 2657 861 esse
2699 821 2992 872 memores,
3042 807 3149 862 nisi
3191 825 3404 865 eorum-

1833 900 1955 958 dem
1986 899 2362 971 completores.
2394 898 2464 953 Et
2492 899 2597 954 hoc
2616 914 2721 955 non
2747 898 2949 955 habent.
2977 915 3007 954 τι
3030 915 3089 955 se
3114 902 3256 971 quod
3277 912 3409 957 sunt

1832 1007 2101 1049 memores
2124 1000 2179 1048 et
2203 989 2556 1061 complentes,
2585 991 2677 1046 sed
2703 1005 2733 1044 a
2765 991 2895 1045 Deo.
2952 990 3206 1045 Dominus
3260 991 3406 1046 enim

1832 1083 1997 1141 Pater
2026 1083 2225 1154 paravit
2252 1082 2305 1137 in
2339 1082 2418 1138 eis
2446 1082 2640 1146 sedem,
2667 1081 2718 1136 id
2745 1090 2828 1137 est
2850 1063 3237 1137 h'abitationem
3257 1099 3410 1135 suam

1834 1184 1888 1232 et
1910 1176 2011 1230 hoc
2040 1175 2094 1229 in
2131 1174 2280 1241 caelo,
2309 1175 2359 1230 id
2385 1184 2468 1230 est
2494 1189 2592 1243 per
2609 1173 2827 1239 caelum,
2854 1190 2953 1243 per
2981 1174 3282 1241 Christum,
3309 1175 3409 1229 sci-

1833 1268 1961 1325 licet
1996 1268 2118 1323 inde
2143 1268 2500 1323 habeantboc
2525 1269 2667 1338 quod
2690 1277 2817 1322 sunt
2841 1282 3110 1322 memores
3151 1277 3208 1322 et
3263 1283 3412 1322 com-

1833 1361 2064 1433 plentes,
2116 1361 2244 1431 quia
2289 1361 2444 1416 sedes
2466 1360 2559 1435 Dei
2608 1376 2706 1430 per
2728 1359 3006 1415 Christum
3055 1369 3181 1414 sunt
3209 1357 3406 1422 ell'ecti;

1834 1452 1920 1508 vel
1948 1452 2027 1508 sic
2050 1459 2105 1506 et
2133 1466 2227 1521 per
2286 1451 2391 1506 hoc
2440 1458 2566 1504 sunt
2609 1464 2920 1517 memores,
2979 1450 3104 1518 quia
3149 1440 3429 1503 Dominus

1835 1546 2083 1603 Christus
2106 1546 2161 1599 in
2183 1545 2332 1609 cmlo,
2356 1544 2409 1599 id
2429 1551 2512 1598 est
2533 1543 2585 1597 in
2627 1543 2730 1599 illis
2755 1543 2911 1598 factis
2942 1542 3135 1598 ctnlum
3162 1540 3407 1596 sublimi-

1838 1643 1945 1690 tate
1969 1643 2022 1690 et
2049 1634 2310 1705 dignitate
2356 1633 2499 1697 vitae,
2539 1633 2741 1703 paravit
2797 1633 2969 1687 sedem
3028 1648 3209 1695 suam,
3267 1629 3410 1698 quod

1837 1737 1920 1784 est
1966 1727 2195 1783 dicere:
2236 1726 2392 1781 Prius
2441 1725 2570 1782 fecit
2594 1740 2686 1781 eos
2731 1724 2963 1791 cceltun,
3011 1733 3065 1777 et
3093 1722 3173 1777 sic
3226 1720 3410 1776 sedem

1839 1833 1990 1874 suam
2020 1816 2215 1873 elfecit.
2251 1815 2365 1871 Non
2411 1815 2581 1871 solum
2632 1824 2809 1870 autem
2847 1814 2899 1868 in
2944 1812 3264 1884 quibusdam
3320 1825 3410 1865 se-

1838 1912 1947 1974 det,
1983 1910 2079 1965 sed
2129 1926 2340 1980 regnum
2364 1909 2526 1978 ipsius
2555 1908 2791 1967 omnibus
2831 1906 3206 1968 dominabitur,
3238 1905 3290 1958 id
3329 1910 3413 1957 est

1839 2000 1953 2071 ipse
1976 1999 2067 2070 qui
2099 2014 2193 2054 rex
2229 2007 2331 2065 est,
2371 1999 2620 2054 omnibus
2652 1998 2756 2053 illis
2803 1998 2892 2065 qui
2923 1998 2976 2051 in
3006 1995 3145 2050 coelo
3164 2001 3289 2049 sunt
3316 1994 3411 2047 do-

1839 2091 2164 2157 minabitur,
2218 2098 2273 2145 et
2316 2103 2529 2159 semper
2579 2086 2941 2144 dominabitur
2988 2086 3126 2143 bene
3182 2083 3412 2153 regendo

1838 2198 1955 2243 COS.

1908 2273 2155 2333 Ostensis
2204 2270 2506 2337 beneﬁciis,
2548 2285 2776 2342 quorum
2804 2269 3048 2325 contuitu
3098 2267 3415 2324 adhortatus

1840 2379 1924 2427 est
1960 2368 2197 2423 animam
2223 2380 2375 2422 suam
2399 2364 2466 2418 ad
2490 2363 2915 2419 benedicendum
2946 2359 3079 2425 Deo,
3105 2360 3172 2414 ad
3219 2358 3415 2412 exhor—

1842 2462 2099 2517 tationem
2138 2458 2446 2520 revertitur,
2482 2455 2596 2510 sic:
2626 2453 2746 2507 Dixi
2775 2462 2831 2506 ut
2856 2452 3033 2505 anima
3085 2464 3205 2504 mea
3253 2449 3420 2502 henc-

1841 2556 1988 2611 dicat
2016 2547 2597 2613 Dominum,contuitu
2650 2542 3023 2600 retributionis
3076 2540 3229 2610 ejus,
3282 2552 3418 2607 quas

1840 2642 2076 2701 ostendi.
2102 2641 2215 2696 Non
2246 2638 2419 2693 solum
2450 2645 2630 2691 autem
2674 2634 2789 2689 hare
2830 2629 3093 2686 beneﬁcia
3130 2626 3264 2683 mihi
3307 2628 3417 2681 sint

1843 2733 2068 2790 materia
2098 2731 2326 2787 Domino
2356 2726 2726 2790 benedicendi,
2780 2722 2873 2778 sed
2909 2722 3072 2776 etiam
3136 2718 3421 2772 benedicite

1843 2826 2070 2882 Domino
2107 2824 2159 2878 in
2187 2838 2273 2877 me
2301 2837 2477 2875 omnes
2503 2816 2673 2887 angeli
2690 2814 2826 2885 ejus,
2860 2814 2910 2867 id
2956 2818 3041 2866 est
3091 2825 3188 2865 vos
3232 2822 3421 2862 omnes

1845 2916 2074 2989 apostoli
2109 2913 2407 2970 existentes
2428 2908 2624 2979 angeli,
2659 2908 2710 2960 id
2742 2912 2825 2961 est
2860 2902 3035 2957 nuntii
3060 2900 3177 2969 ejus
3208 2898 3417 2952 benedi—

1845 2986 1944 3065 cite
1969 3005 2211 3071 Domino,
2238 3004 2291 3058 id
2320 3010 2404 3059 est
2428 3009 2601 3056 estote
2634 2997 2762 3053 mihi
2800 2993 3025 3049 materia
3068 2986 3419 3046 benedicendi

148 3116 321 3170 quam
352 3099 523 3156 semel
559 3101 918 3171 pertransibit,
962 3088 1057 3157 sed
1095 3116 1312 3172 semper
1367 3101 1435 3156 de
1482 3100 1622 3157 malo
1672 3100 1739 3156 ad
1770 3110 1815 3174 α
1847 3101 2097 3167 Domino,
2135 3097 2344 3155 scilicet
2374 3103 2433 3150 ut
2465 3092 2707 3148 contuitu
2739 3087 3021 3159 dignitatis
3049 3092 3265 3145 vestras,
3300 3093 3419 3132 ma-

149 3192 311 3262 pejus
339 3193 705 3261 pertransibit.
728 3193 799 3247 Et
821 3202 1107 3264 postquam
1141 3194 1515 3265 pertransibit,
1562 3209 1659 3264 per
1688 3209 1745 3250 se

150 3302 257 3339 non
281 3294 564 3354 cognoscet
584 3284 810 3355 amplius
838 3285 1010 3339 locum
1053 3303 1231 3351 suum,
1271 3287 1480 3342 scilicet
1521 3301 1623 3341 non
1655 3302 1750 3342 co-

150 3383 389 3448 gnoscet
434 3385 634 3432 statum
680 3377 1004 3432 innocentiae
1054 3393 1085 3431 a
1137 3393 1246 3448 quo
1290 3377 1627 3449 pertransibit
1688 3388 1749 3433 ut

151 3477 281 3539 post
302 3467 383 3522 ad
410 3481 536 3523 eum
561 3483 658 3537 per
683 3484 740 3525 se
773 3469 945 3524 valeat
974 3470 1173 3525 redire.
1200 3467 1333 3525 Dico
1386 3469 1529 3539 quod
1576 3483 1751 3540 quan-

156 3570 275 3614 tum
312 3560 385 3615 ad
407 3559 757 3631 fragilitatem
781 3561 926 3617 illius
949 3562 1309 3632 pertransibit,
1343 3571 1391 3616 et
1418 3578 1520 3616 non
1556 3578 1749 3631 cogno-

153 3661 296 3716 scet;
326 3651 424 3707 sed
444 3660 702 3719 quantum
728 3652 796 3706 ad
826 3652 1254 3708 misericordiam
1285 3653 1497 3708 Domini
1522 3653 1622 3723 ipsi
1663 3654 1751 3724 pie

157 3740 488 3795 auxiliantis
532 3749 821 3811 cognoscet
865 3752 922 3796 et
954 3750 1257 3797 revertetur
1305 3744 1374 3798 ad
1431 3743 1752 3797 innocentia:

155 3840 395 3886 statum.
431 3830 497 3886 Et
525 3832 625 3887 hoc
648 3832 887 3902 estquod
911 3833 1324 3903 aaquipollentcr
1353 3833 1505 3888 dicit.
1533 3832 1750 3887 Miseri-

156 3925 353 3979 cordia
382 3933 559 3978 autem
576 3923 805 3989 Domini,
820 3934 1032 3993 etc.,ac
1056 3924 1101 3980 si
1126 3924 1332 3980 diceret
1355 3923 1658 3991 :Quantum
1682 3924 1750 3980 ad

159 4032 219 4072 se
277 4030 447 4070 nemo
497 4015 867 4085 pertransiens
910 4023 1234 4083 revertetur,
1268 4014 1360 4070 sed
1397 4014 1753 4068 misericordia

160 4106 391 4162 Domini
425 4115 509 4161 est
541 4122 832 4177 supernos,
866 4115 1020 4162 caste
1072 4108 1309 4162 timentes
1339 4122 1457 4160 eum
1481 4145 1497 4171 ,
1545 4105 1757 4161 scilicet

158 4209 246 4254 est
264 4199 322 4252 in
345 4198 615 4267 superiori
640 4207 847 4263 nostro,
864 4197 1069 4253 scilicet
1086 4197 1139 4252 in
1166 4196 1530 4251 rationalitate
1545 4204 1750 4260 nostra,

162 4298 224 4341 ut
250 4295 545 4357 postquam
576 4285 972 4351 transierimus,
1004 4300 1102 4340 nos
1128 4286 1325 4340 reverti
1349 4284 1513 4340 faciat
1537 4300 1755 4356 perple-

163 4379 464 4436 niteutiam
490 4388 543 4434 et
570 4378 1019 4435 satisfactionem.
1047 4378 1414 4433 Misericordia
1473 4380 1593 4433 dico
1623 4394 1753 4449 ope-

167 4486 307 4527 rans
338 4470 395 4523 in
426 4468 734 4524 hominibus
765 4470 831 4523 ab
855 4478 1049 4523 aeterno
1088 4478 1137 4523 et
1166 4484 1326 4538 usque
1358 4469 1415 4523 in
1473 4447 1747 4534 wternum,
1785 4447 1830 4507 θ

166 4563 222 4618 id
243 4571 333 4617 est
363 4576 395 4614 a
421 4558 761 4630 primojusto
792 4574 962 4630 usque
981 4560 1049 4615 ad
1077 4558 1325 4614 ultimum
1350 4557 1753 4628 justumJuxta

165 4656 320 4725 quod
364 4654 480 4723 ipse
506 4652 776 4722 promittit
800 4652 856 4707 in
886 4651 1175 4718 Evangelio
1206 4650 1540 4712 suis.dicens
1572 4665 1585 4701 :
1610 4666 1630 4701 ι
1660 4649 1757 4702 Ec-

166 4763 235 4803 ce
265 4761 369 4816 ego
413 4745 689 4800 vobiscum
740 4759 859 4799 sum
923 4742 1173 4797 omnibus
1221 4741 1410 4796 diebus
1451 4753 1621 4810 usque
1690 4740 1757 4793 ad

167 4837 702 4896 consummationem
730 4835 912 4891 saeculi
945 4834 1330 4907 (Matt.xxvut,
1355 4831 1501 4902 9.0).»
1522 4831 1636 4887 Non
1674 4847 1762 4886 so-

169 4931 286 4986 lum
342 4938 526 4985 autem
581 4929 943 4983 misericordia
973 4938 1057 4983 est
1094 4942 1252 4996 super
1298 4927 1558 4989 timentes,
1589 4925 1683 4979 sed
1712 4932 1761 4977 et

163 5024 383 5095 justitia
403 5022 572 5088 illius,
596 5021 807 5077 scilicet
832 5029 891 5075 ut
922 5040 942 5072 ‹
973 5021 1063 5091 qui
1101 5017 1281 5088 justus
1322 5025 1404 5071 est
1436 5015 1765 5083 justilicetur

172 5118 357 5172 adhuc
386 5115 572 5186 (Apoc.
592 5129 729 5180 xm,
772 5114 899 5183 ll),
930 5130 948 5164 ι
978 5111 1317 5181 impendetur
1333 5108 1413 5163 liis
1443 5108 1531 5178 qui
1559 5113 1762 5161 seruant

172 5216 571 5269 testamentum,
594 5204 646 5260 id
674 5215 759 5259 est
781 5204 953 5275 legem
982 5203 1099 5272 ejus
1124 5199 1279 5255 nobis
1333 5198 1562 5263 scilicet,
1616 5194 1760 5267 quod

174 5299 511 5374 estdicere:
543 5296 660 5351 Non
700 5299 875 5352 solum
922 5295 977 5350 in
1038 5292 1355 5348 timentibus
1388 5287 1764 5344 misericordia

175 5391 294 5463 ejus
320 5391 658 5462 operabitur,
682 5390 779 5445 sed
801 5398 856 5444 et
871 5387 1079 5458 justitia
1100 5429 1115 5455 ,
1147 5393 1207 5441 ut
1255 5381 1538 5454 justiﬁcati
1592 5380 1766 5450 magis

173 5485 572 5555 jastilicenlur.
601 5484 819 5540 Justitia
852 5482 967 5552 ejus
989 5482 1112 5536 dico
1140 5494 1244 5533 non
1277 5477 1449 5532 solum
1476 5483 1765 5547 operatura

182 5581 235 5635 in
260 5576 819 5651 prmsentibusjustis,
850 5574 943 5632 sed
981 5573 1295 5644 pertingens
1327 5584 1499 5640 usque
1559 5568 1611 5622 in
1664 5582 1765 5621 no-

180 5670 438 5726 vissimos
473 5666 613 5737 ﬁlios
632 5666 886 5738 ﬁliorum,
920 5665 971 5720 id
1002 5672 1274 5733 estusque
1323 5662 1375 5717 in
1418 5658 1764 5715 novissimam

183 5761 500 5835 progeniem
522 5758 1062 5831 justorum.Exp0nit
1106 5764 1286 5811 autem
1337 5752 1604 5826 quomodo
1656 5766 1765 5805 ser-

1846 3195 2098 3267 guiﬁcem
2130 3189 2433 3251 Dominum,
2464 3185 2553 3255 qui
2581 3199 2676 3238 vos
2704 3181 2840 3236 adeo
2864 3179 3054 3248 dignos
3076 3174 3201 3267 fecit
3224 3182 3303 3267 et“
3330 3184 3423 3223 su-

1848 3261 2063 3343 blimes.
2096 3281 2434 3338 Determinat
2468 3287 2648 3331 autem
2688 3273 2756 3328 de
2803 3270 2999 3341 quibus
3029 3263 3232 3335 angelis
3254 3261 3422 3323 dicat,

1849 3392 1972 3433 cum
1997 3375 2149 3431 addit
2179 3390 2191 3426 :
2220 3369 2408 3441 Angeli
2440 3366 2576 3435 ejus,
2609 3365 2848 3433 inquam,
2881 3358 3202 3415 existentes,
3239 3362 3423 3422 poten-

1851 3476 1925 3520 tes
1947 3466 2159 3529 uirtute,
2192 3461 2245 3515 id
2267 3466 2349 3513 est
2379 3454 2673 3515 miraculis,
2705 3452 2796 3522 qui
2830 3450 3003 3520 facitis
3045 3446 3256 3500 verbum
3286 3441 3421 3510 ejus,

1852 3557 1944 3628 qui
1963 3552 2243 3626 completis
2263 3556 2531 3621 praecepta
2560 3544 2699 3614 ejus,
2723 3538 3089 3613 promovendo
3128 3536 3293 3591 etiam
3327 3548 3424 3587 vos

1854 3625 1923 3703 ad
1956 3645 2272 3701 audiendam
2302 3656 2473 3696 vocem
2497 3650 2793 3692 sermonum
2818 3634 2955 3703 ejus,
2984 3631 3035 3684 id
3072 3639 3153 3684 est
3203 3626 3269 3680 ad
3326 3625 3429 3678 hoc

1854 3750 1915 3795 ut
1943 3738 2078 3793 alios
2107 3734 2295 3789 audire
2325 3729 2538 3787 faciatis
2565 3741 2752 3782 vocem
2781 3732 2974 3778 vestra:
3004 3713 3425 3790 praedicationis,

1855 3831 2329 3899 reprmsentantem
2360 3832 2637 3875 sermones
2666 3813 2780 3884 ejus
2808 3808 3040 3867 Domini.
3064 3807 3125 3861 Et
3154 3819 3250 3860 vos
3266 3803 3429 3899 etiam

1856 3894 2033 3981 omnes
2063 3918 2277 3974 virtutes
2306 3913 2423 3985 ejus
2451 3907 2885 3982 supercorlestes,
2909 3900 3190 3958 benedicite
3207 3894 3429 3985 Domino

1858 4014 1910 4068 in
1939 4026 2045 4077 me,
2067 4017 2241 4067 estote
2267 3982 2396 4061 mihi
2427 3997 2815 4069 contemplanti
2849 4003 3093 4050 naturam
3150 3982 3432 4077 dignitatis

1857 4075 2073 4169 vestrae,
2098 4097 2327 4155 materia
2349 4090 2697 4150 benedicendi
2725 4086 2969 4143 Domino.
2999 4082 3055 4136 ln
3083 4080 3307 4134 Hebraeo
3336 4075 3432 4169 ha-

1860 4195 2023 4249 betur
2048 4207 2225 4245 omnes
2259 4186 2521 4243 exercitus
2552 4183 2687 4253 ejus.
2719 4179 2828 4235 Vos
2855 4176 3068 4231 rirtutes
3120 4170 3261 4233 dico,
3318 4165 3431 4219 esi-

1858 4294 2063 4340 stentes
2086 4280 2310 4335 ministri
2340 4278 2455 4347 ejus
2483 4275 2572 4344 qui
2611 4269 2783 4342 facitis
2815 4265 3105 4321 voluntates
3129 4255 3434 4328 ejus,vobis

1861 4375 2149 4444 injunctas.
2206 4368 2360 4425 Unde
2405 4362 2735 4434 Apostolus:
2775 4376 2793 4409 ‹
2856 4355 3046 4411 Nonne
3089 4362 3279 4405 omnes
3308 4353 3432 4444 sunt

1858 4435 2311 4520 administratorii
2365 4454 2590 4525 spiritus
2662 4446 2847 4520 (llebr.
2877 4461 2916 4512 I,
2951 4442 3071 4511 14),
3134 4459 3153 4493 ›
3182 4448 3287 4492 etc.
3317 4435 3435 4488 Non

1860 4566 2068 4611 tantum
2096 4566 2225 4608 vero
2255 4547 2427 4618 angeli
2455 4556 2501 4601 et
2534 4544 2768 4610 virtutes,
2794 4536 3020 4594 materia
3059 4531 3187 4587 mihi
3220 4529 3324 4585 sint
3343 4528 3436 4582 be-

1860 4645 2145 4704 nedicendi
2172 4641 2420 4705 Domino,
2451 4636 2615 4710 506
2635 4634 2727 4689 sed
2757 4640 2815 4686 ut
2843 4624 3227 4684 uuiversaliter
3258 4621 3435 4676 dicam

1860 4753 1956 4793 vos
1978 4735 2153 4790 omnia
2178 4748 2332 4801 opera
2356 4730 2492 4800 ejus,
2520 4724 2803 4781 benedicite
2832 4721 3079 4783 Domino,
3116 4717 3167 4771 id
3194 4725 3277 4769 est
3299 4722 3439 4766 csto-

1864 4842 1915 4887 te
1942 4829 2071 4885 mihi
2099 4826 2321 4883 materia
2344 4819 2697 4878 benedicendi
2729 4817 2978 4871 Domino.
3010 4813 3075 4867 Et
3099 4826 3204 4865 non
3240 4806 3436 4868 solum,

1864 4923 2063 4987 anima,
2097 4916 2388 4973 benedicas
2419 4911 2667 4977 Domino,
2723 4908 2967 4964 contuitu
3008 4904 3273 4960 bonorum
3322 4910 3441 4966 qua:

1864 5014 1980 5084 ipse
2014 5015 2292 5080 Operatur,
2323 5005 2417 5060 sed
2461 5003 2626 5060 etiam
2688 5000 2919 5063 benedic,
2972 5013 3003 5050 ο
3058 4995 3234 5049 anima
3303 5003 3437 5047 mea,

1866 5103 2113 5166 Domino,
2138 5097 2349 5153 inomni
2374 5096 2486 5149 loco
2515 5092 2890 5148 dominationis
2920 5088 3057 5158 ejus,
3078 5086 3129 5139 id
3174 5091 3258 5137 est
3306 5094 3438 5133 cou-

1864 5193 2189 5250 sideratione
2208 5188 2383 5244 omnis
2411 5186 2513 5241 loci
2529 5182 2907 5241 dominationis
2924 5179 3060 5248 ejus,
3090 5176 3295 5233 scilicet
3322 5187 3443 5225 om»

1868 5286 1956 5342 nis
2000 5292 2175 5339 Status
2224 5276 2611 5335 dominationis
2664 5274 2801 5343 ejus,
2861 5281 2968 5325 tam
3001 5269 3054 5323 in
3099 5264 3257 5322 bonis
3279 5277 3442 5332 quam

1869 5379 1921 5441 in
1953 5377 2142 5442 malis;
2166 5372 2307 5444 quod
2335 5380 2419 5427 est
2449 5371 2632 5425 dicere
2664 5384 2676 5419 :
2709 5364 3003 5420 Considera
3056 5356 3290 5430 qualiter
3336 5369 3443 5407 non

1869 5448 2207 5526 solummodo
2229 5464 2539 5520 dominatur
2566 5456 2739 5519 bonis,
2773 5464 2831 5508 ut
2887 5454 2939 5507 in
2982 5451 3179 5505 bonum
3228 5445 3443 5507 cedant,

1871 5563 1963 5619 sed
1991 5562 2153 5616 etiam
2173 5557 2351 5620 malis,
2377 5564 2434 5609 ut
2456 5553 2522 5607 ad
2551 5548 2845 5620 quamlibet
2874 5545 3164 5599 utilitatem
3222 5551 3446 5595 suorum

1872 5654 2184 5710 deveniam.
2239 5648 2307 5702 Et
2368 5645 2471 5699 hac
2498 5639 2932 5697 consideratione
2963 5635 3169 5691 benedic
3223 5629 3449 5685 Domino

1872 5748 1961 5819 qui
1995 5746 2131 5800 hanc
2162 5736 2460 5795 mirabilem
2485 5732 2643 5790 habet
2680 5728 2992 5803 potentiam.
