3840 6338
520 257 655 311 1175

1008 367 1074 423 ΙΝ
1117 366 1445 423 PSALMUM
1473 368 1604 423 CIII.

586 460 790 516 l’salmi
819 459 1107 516 centesimi
1133 458 1277 513 tertii
1312 458 1518 513 titulus.
1554 456 1813 513 Psalnius
1845 460 1943 530 ipsi
1983 459 2089 513 Da-

512 555 620 619 vid,
652 555 702 608 id
724 564 807 608 cst
833 553 1052 607 Christo
1105 548 1484 605 attribuendus
1545 550 1658 605 Non
1695 552 1835 621 quod
1867 552 1952 606 hic
1976 550 2088 620 ipse

513 645 759 700 Christus
786 644 1057 711 loquatur,
1088 641 1179 696 sed
1202 640 1327 708 quia
1354 641 1646 710 Propheta,
1675 641 1725 693 in
1754 642 1855 696 hoc
1878 641 2087 709 psalmo

516 751 685 807 agens
726 733 1015 789 occasione
1063 731 1360 786 instruendi
1391 730 1528 786 alios
1553 733 1616 785 ad
1663 730 2084 787 benedicendum

512 818 765 888 Domino,
793 823 1027 878 animam
1055 837 1205 877 suam
1233 823 1300 877 ad
1331 821 1611 877 Dominum
1626 822 1896 877 Christum
1922 822 2086 878 bene-

510 915 794 969 dicendum
820 914 1161 979 exhortatur,
1187 913 1429 968 contuitu
1463 912 1678 968 illorum
1721 929 1841 983 quae
1878 913 2085 984 magni-

510 1008 611 1062 fice
631 1017 713 1062 est
740 1018 1065 1079 operaturus
1094 1014 1256 1076 ctper
1277 1019 1334 1062 se
1361 1015 1414 1061 et
1437 1022 1535 1077 per
1592 1021 1749 1073 suos;
1799 1023 1915 1076 qua:
1969 1008 2083 1073 ipse

508 1099 685 1168 ample
706 1099 947 1169 exponit,
968 1099 1297 1153 et’contuitu
1329 1099 1583 1169 potentiae
1625 1097 1741 1167 ejus
1796 1097 2076 1163 mirabilis,

506 1204 668 1258 quam
702 1188 754 1243 in
783 1186 1129 1258 sequentibus
1151 1187 1509 1243 demonstrat.

577 1276 823 1343 Benedic,
853 1278 1030 1330 animo
1057 1294 1196 1343 mea,
1237 1278 1481 1343 Domino,
1506 1276 1742 1342 Christo,
1771 1278 1824 1331 id
1849 1286 1932 1333 est
1965 1293 2079 1331 ma-

504 1369 699 1439 gniﬁca
733 1379 786 1422 et
808 1368 987 1422 exulta
1017 1384 1139 1423 eum
1169 1369 1379 1423 intonsa
1410 1369 1694 1424 devotione
1733 1379 1787 1424 et
1837 1368 2078 1424 aliectio~

506 1474 595 1514 ne.
631 1457 782 1513 Facit
811 1466 993 1512 autem
1019 1459 1084 1513 ad
1115 1475 1237 1514 eum
1270 1462 1653 1530 apostropham
1704 1474 1765 1514 ex
1793 1458 2078 1515 affectione

501 1552 692 1618 nimia,
720 1553 797 1607 sic
834 1568 848 1606 :
878 1551 1017 1607 Vere
1040 1554 1260 1623 dignum
1286 1562 1369 1609 est
1401 1564 1457 1608 ut
1481 1556 1661 1608 anima
1696 1571 1811 1609 mea
1862 1555 1956 1609 tibi
1983 1556 2078 1610 be-

498 1641 745 1701 nedicat:
774 1658 920 1708 nam,
946 1659 975 1696 ο
1008 1643 1231 1698 Domine
1276 1644 1413 1697 Deus
1441 1661 1604 1706 meus,
1640 1644 1690 1698 id
1721 1656 1802 1699 est
1833 1654 1885 1698 tu
1914 1643 2074 1698 Chri-

1068 255 1127 311 S.
1168 253 1514 324 BRUNONIS
1552 253 2193 312 CARTIIUSIANOBUM
2235 253 2722 311 INSTITUTORIS
2760 253 2912 319 OPP.
2955 255 3130 312 PARS
3169 257 3209 314 Ι.

3580 267 3686 322 1176

2125 372 2168 427 Α
2202 374 2306 429 tur,
2349 382 2413 420 ac
2451 368 2495 422 si
2535 366 2727 423 dicat:
2774 368 2926 424 Licet
2967 368 3157 425 littera:
3204 371 3492 439 superficies
3520 376 3685 435 illarum

2193 460 2595 530 prophetiarum
2628 460 2697 513 sit
2723 460 2878 529 aquis
2918 467 3078 525 tecta,
3111 461 3161 515 id
3182 470 3260 517 est
3277 463 3569 532 spiritalibus
3584 487 3680 526 seu-

2192 549 2373 603 tentiis
2398 548 2602 604 referta
2632 555 2688 603 et
2717 550 3029 619 obscurata,
3062 560 3236 606 tamen
3266 555 3401 623 ipsas
3439 560 3686 630 pmpltetiu

2188 644 2444 715 apostolis
2476 645 2739 700 extendes
2758 654 2811 699 et
2828 646 3116 701 reserabis.
3150 645 3426 718 Superiora
3470 665 3596 709 recte
3622 672 3685 712 su-

2186 734 2435 804 perficies
2456 733 2775 789 litteratura:
2800 735 3071 797 dicuntur,
3091 738 3303 806 ecquod
3315 730 3466 794 citius
3495 741 3686 799 videatut

2185 840 2345 895 quam
2376 827 2659 881 sententiae
2680 841 2800 895 quae
2830 826 2883 881 in
2922 827 3003 883 eis
3030 828 3397 896 continentur,
3424 831 3546 887 sicut
3577 849 3685 904 sape

2190 914 2362 969 riores
2389 914 2675 985 cujuslibet
2699 915 2776 970 rei
2809 926 2995 986 partes
3016 915 3179 973 citius
3200 918 3605 990 videntur,quam
3617 924 3688 976 illa

2183 1003 2474 1076 qttmw7
2490 1006 2719 1059 interius
2746 1006 2953 1072 latent;
2980 1008 3272 1079 prophetia:
3295 1024 3417 1064 vero
3440 1010 3692 1069 dicuntum

2185 1095 2354 1149 series
2392 1095 2623 1162 litteras,
2678 1104 2735 1152 et
2781 1098 2942 1154 verba
2961 1112 3079 1168 quae
3108 1097 3164 1154 in
3190 1097 3369 1156 littera
3403 1100 3689 1172 colliguntur,

2182 1193 2237 1239 et
2258 1184 2563 1241 sententiae.

2247 1275 2312 1330 Et
2339 1291 2466 1332 vere
2495 1277 2868 1347 magnificatus
2907 1278 3035 1346 eris,
3077 1281 3169 1351 qui
3192 1282 3339 1350 ponis
3369 1283 3549 1345 nubem,
3566 1282 3613 1337 id
3632 1293 3691 1340 est

2177 1380 2345 1445 pone}
2377 1366 2593 1422 eosdem
2617 1369 3021 1437 praedicatores,
3043 1371 3108 1424 ad
3142 1371 3355 1426 modum
3378 1372 3567 1426 nubium
3591 1374 3690 1431 alios

2177 1460 2565 1523 comptuentes,
2593 1471 2729 1525 quos
2775 1461 3095 1515 confitentes
3151 1470 3208 1515 et
3251 1460 3465 1516 decoros
3498 1466 3691 1531 superius

2175 1543 2318 1609 dixi;
2350 1563 2623 1601 ascensum
2664 1557 2835 1614 tuum,
2867 1564 2972 1603 non
3009 1565 3109 1620 per
3149 1566 3284 1619 quos
3332 1552 3580 1614 ascendas,
3621 1554 3690 1607 sed

2178 1650 2275 1704 per
2304 1652 2532 1706 quorum
2564 1639 2864 1694 doctrinam
2908 1640 2996 1694 alii
3043 1641 3110 1695 ad
3160 1650 3213 1696 te
3264 1642 3554 1697 ascendant.
3579 1643 3693 1709 Quod

495 1740 601 1793 ste,
633 1746 792 1800 quem
826 1748 924 1802 ego
958 1732 1223 1803 Propheta
1253 1732 1535 1787 Dominum
1566 1748 1741 1788 meum
1802 1744 1855 1788 et
1906 1734 2071 1788 Deum
2109 1702 2150 1762 Β
2177 1737 2261 1783 est
2293 1729 2470 1784 dicere
2503 1746 2516 1784 :
2548 1730 2669 1786 Illos
2695 1731 2972 1801 apostolos
2997 1733 3136 1788 adeo
3158 1734 3347 1804 dignos
3386 1733 3533 1789 facies
3566 1744 3609 1789 et
3629 1750 3695 1789 su-

496 1836 676 1874 meum
709 1830 918 1891 reputo,
945 1836 1107 1891 quem
1133 1820 1299 1877 Judaei
1323 1823 1581 1878 increduli
1607 1822 1777 1878 solum
1796 1823 2071 1877 hominem

494 1925 617 1965 esse
637 1922 761 1965 sunt
809 1911 1031 1977 dicturi,
1098 1912 1465 1982 magniﬁcatus
1514 1930 1567 1968 es
1627 1913 1970 1981 vehementer,
2022 1914 2075 1968 id

494 2010 577 2055 est
601 2002 973 2072 magnificatus
1008 2004 1117 2059 eris
1145 2005 1304 2059 nimis
1330 2005 1380 2059 itt
1422 2004 1778 2067 mirabilibus,
1836 2020 1962 2074 qute
2013 2007 2065 2059 in

495 2092 605 2146 tuis
627 2094 962 2161 operaberis.
996 2094 1060 2148 Et
1087 2110 1213 2149 ecce
1238 2096 1289 2149 in
1313 2096 1396 2149 his
1433 2094 1772 2150 mirabilibus
1825 2094 2071 2164 magnifi-

493 2192 645 2237 catus
670 2184 800 2246 eris,
832 2184 1039 2238 scilicet
1076 2184 1127 2239 in
1152 2186 1254 2240 hoc
1282 2186 1423 2254 quod
1450 2186 1823 2254 confessionem
1848 2196 1893 2239 et
1921 2187 2074 2240 deco-

492 2289 601 2325 iem
651 2273 889 2339 induisti,
925 2275 1139 2329 scilicet
1191 2276 1381 2330 iudues
1429 2275 1749 2330 continentes
1776 2274 2071 2329 fmditatem

493 2374 845 2432 peccatorum
876 2381 1120 2430 suorum,
1154 2375 1208 2418 et
1238 2381 1333 2436 per
1362 2366 1464 2421 ltoc
1521 2367 1749 2421 decoros
1779 2366 1986 2420 futuros
2017 2366 2070 2420 iu

495 2456 802 2511 innocentia
828 2467 883 2511 et
913 2458 1387 2525 virtutihtts.Quod
1410 2467 1492 2512 est
1516 2458 1727 2512 dicere:
1769 2457 2071 2526 Conjnnges

494 2548 590 2601 tibi
619 2549 911 2619 apostolos,
934 2564 1071 2620 quos
1101 2549 1266 2605 facies
1298 2544 1523 2605 interius
1552 2551 1805 2616 decoros;
1841 2567 1937 2620 per
1972 2553 2072 2605 hoc

491 2638 634 2706 quod
698 2639 939 2694 fmditate
990 2648 1331 2710 peceatorum
1391 2642 1665 2697 humiliter
1734 2643 2073 2698 confitebun-

491 2743 602 2795 tur,
634 2732 831 2801 quibus
853 2732 1159 2798 ornaberis,
1191 2734 1342 2803 quasi
1366 2748 1563 2803 corpus
1591 2734 1925 2789 indumento.
1954 2734 2064 2790 Un-

493 2824 561 2876 de
590 2838 689 2893 per
739 2823 1064 2894 PrOpltelam
1117 2826 1359 2881 dicitur:
1408 2844 1425 2878 ι
1464 2827 1608 2882 Vivit
1656 2826 1909 2882 Dominus
1939 2827 2067 2897 quia

486 2915 833 2971 bist-mnibus
858 2917 1269 2989 vestierisUsai.
1295 2934 1444 2981 thx,
1466 2919 1608 2990 18).»
1628 2919 1814 2975 Eteris
1840 2922 2065 2975 amictus

2176 1817 2372 1871 blimes
2422 1826 2478 1871 ut
2531 1834 2718 1873 eorum
2757 1820 3003 1891 exemplo
3051 1832 3108 1876 et
3157 1823 3420 1890 doetrina,
3448 1824 3526 1878 alii
3554 1826 3606 1877 ad
3637 1825 3691 1877 tui

2175 1907 2419 1961 notitiam
2449 1910 2767 1964 ascendant.
2798 1910 2863 1963 Et
2888 1911 3013 1965 licet
3040 1926 3137 1980 per
3159 1927 3252 1966 eos
3274 1914 3338 1967 ad
3370 1922 3417 1967 te
3444 1913 3523 1965 fiat
3543 1929 3694 1966 ascen-

2174 2012 2288 2057 sus,
2325 1982 2378 2050 tu
2411 2006 2588 2053 tamen
2630 1998 3002 2068 magnificatus
3023 2002 3155 2062 eris,
3185 2002 3275 2071 qui
3298 2002 3545 2067 ambulas,
3572 2004 3613 2056 id
3632 2015 3694 2056 est

2174 2088 2473 2143 ambulabis
2503 2106 2606 2145 non
2649 2090 2913 2155 localiter,
2942 2092 3036 2146 sed
3066 2093 3397 2161 spiritaliter,
3441 2110 3574 2160 super
3602 2111 3695 2160 pen-

2175 2198 2271 2237 nas
2302 2191 2595 2246 ventorum,
2646 2183 2699 2237 id
2729 2190 2813 2237 est
2842 2199 3007 2253 super
3046 2185 3215 2254 agiles
3238 2196 3293 2240 et
3334 2185 3535 2239 subtiles
3558 2187 3693 2238 consi-

2174 2272 2478 2327 derationes
2525 2274 2845 2343 spiritalium
2878 2274 3139 2339 virorum,
3186 2276 3278 2345 qui
3320 2276 3454 2329 venti
3480 2276 3691 2335 dicuntur,

2173 2378 2240 2418 eo
2268 2366 2408 2433 quod
2436 2365 2707 2435 spiritales
2734 2367 2863 2429 sint,
2891 2367 3031 2422 sicut
3055 2379 3268 2433 ventus,
3293 2368 3411 2424 licet
3437 2383 3692 2435 corporeus,

2176 2462 2352 2508 tamen
2402 2456 2754 2525 incorporeus
2795 2456 3015 2522 dicitur,
3048 2472 3113 2512 eo
3162 2460 3306 2528 quod
3344 2459 3412 2513 sit
3448 2456 3692 2511 invisibilis.

2172 2545 2370 2600 Penna:
2400 2562 2527 2601 vero
2557 2548 2807 2602 dicuntur
2851 2550 3040 2604 eorum
3095 2551 3325 2606 subtiles
3372 2550 3693 2606 consideratio-

2173 2654 2291 2707 nes,
2317 2654 2382 2694 eo
2411 2639 2551 2708 quod
2600 2655 2694 2708 per
2714 2655 2808 2695 cas
2853 2641 2917 2695 ad
2947 2640 3039 2696 Dei
3083 2643 3537 2713 contemplandam
3576 2651 3692 2696 natu.

2174 2745 2289 2784 ram
2314 2731 2514 2796 volant,
2539 2731 2678 2786 sicut
2705 2728 2835 2786 avis.
2864 2733 3058 2801 pennis
3098 2735 3166 2788 ad
3198 2735 3304 2789 alta
3331 2734 3481 2790 volat.
3509 2733 3601 2790 lIoc
3622 2751 3693 2788 an-

2174 2829 2281 2876 tem
2313 2832 2398 2877 est
2432 2837 2496 2878 ac
2544 2823 2588 2879 si
2638 2823 2841 2879 diceret
2881 2824 3075 2881 :Licet
3123 2827 3226 2897 ipsi
3279 2828 3343 2882 de
3388 2837 3434 2883 te
3482 2829 3693 2882 subtiliter

2171 2914 2379 2967 sensuri
2406 2914 2533 2982 sint,
2566 2922 2619 2969 et
2648 2914 2736 2968 alii
2772 2931 2867 2983 per
2892 2931 2985 2971 eos
3017 2919 3293 2974 asseusnri
3321 2936 3335 2973 :
3364 2934 3530 2975 eorum
3556 2930 3694 2974 tamen

485 3007 702 3075 lumine,
767 3009 900 3061 sicut
953 3010 1274 3086 vestimento,
1330 3010 1539 3066 scilicet
1577 3012 2135 3101 circumornalmrisc
2170 3003 2528 3060 sublimitates
2565 3005 2895 3061 sublimitate
2938 3015 3042 3060 tute
3090 3019 3300 3063 natura:
3355 3008 3603 3063 ineffabilis
3624 3024 3693 3060 su-

485 3098 689 3152 eisdem
723 3099 997 3169 apostolis,
1017 3100 1105 3171 qui
1132 3111 1290 3155 erunt
1325 3100 1503 3155 lumen
1549 3103 1781 3158 subditis
1828 3118 1925 3172 per
1971 3103 2067 3156 do-

483 3189 744 3255 ctrinam,
784 3192 925 3247 sicut
952 3205 1149 3260 corpus
1171 3190 1607 3247 circumornatur
1636 3194 1873 3261 pretioso
1897 3191 2064 3247 vesti-

483 3291 689 3349 mento,
730 3298 837 3353 quo
886 3291 969 3338 est
1020 3283 1300 3337 amictum.
1359 3283 1619 3338 Dicuntur
1669 3285 1832 3339 etiam
1884 3282 2063 3338 lumen

480 3386 579 3440 per
638 3374 965 3442 emphasim,
1013 3388 1078 3429 eo
1114 3375 1257 3444 quod
1291 3375 1448 3431 valde
1508 3375 1710 3431 fuerint
1779 3376 2064 3432 interiusa

483 3462 655 3529 gratia
718 3463 924 3518 cwlesti
981 3463 1291 3531 illuminati,
1348 3476 1403 3521 et
1458 3467 1563 3522 ltoc
1618 3475 1782 3521 erunt
1838 3467 2066 3523 interius

483 3551 807 3615 illuminati,
868 3554 1124 3623 quoniam
1169 3556 1375 3611 tueris
1423 3556 1504 3612 eis
1562 3558 1843 3611 extendens
1879 3555 2064 3612 aetum

479 3644 614 3695 sicut
682 3643 908 3711 pellem,
980 3646 1188 3701 scilicet
1264 3647 1565 3704 doctrinam
1636 3648 2016 3718 prophetarum
2046 3689 2064 3715 ,

480 3749 622 3802 quae
648 3735 848 3789 coelum
895 3735 1114 3802 dicitur,
1150 3745 1205 3792 et
1247 3748 1470 3810 propter
1508 3738 1588 3794 sui
1640 3739 1978 3809 dignitatem;
2011 3748 2067 3794 et

480 3824 604 3880 ideo
653 3826 779 3895 quia
841 3829 1293 3896 quemadmodum
1334 3830 1456 3887 εωΙί
1509 3830 1641 3901 ipsa:
1669 3831 1929 3887 doctrinae
1971 3846 2064 3886 ce-

477 3916 589 3972 lant
624 3932 848 3987 arcana,
883 3920 1181 3976 extendens
1201 3922 1280 3977 eis
1308 3923 1376 3977 ad
1401 3922 1620 3977 modum
1655 3923 1815 3994 pellis
1854 3923 2066 3978 involu-

480 4018 550 4061 πε
575 4022 697 4077 quae
722 4009 1054 4065 extenditur.
1083 4011 1235 4079 Quod
1263 4020 1349 4067 est
1406 4011 1589 4067 dicere
1623 4030 1638 4067 :
1683 4014 1789 4068 Per
1835 4014 1940 4069 hoc
1970 4027 2064 4068 eos

477 4098 706 4154 interius
731 4098 1082 4166 illuminabis,
1109 4101 1252 4170 quod
1279 4101 1360 4156 eis
1407 4102 1718 4172 prophetias
1770 4101 2061 4170 reserabis,

477 4206 599 4259 qua:
630 4189 865 4246 latentes
885 4201 1014 4246 sunt
1039 4200 1095 4247 et
1116 4192 1272 4262 quasi
1305 4192 1580 4249 involuta}.
1625 4191 1706 4247 Ad
1753 4192 2065 4247 similitudi-

476 4284 598 4339 dem
622 4283 776 4354 pellis
798 4284 1073 4353 involutar,
1105 4301 1227 4358 quae
1252 4302 1376 4341 eum
1410 4287 1463 4340 in
1488 4300 1546 4342 se
1567 4286 1813 4356 quardam
1865 4286 2064 4341 habeat

2169 3097 2404 3165 perabis.
2460 3096 2612 3152 Unde
2644 3098 2923 3155 Joannes:
2971 3118 2989 3150 ε
3040 3099 3209 3155 Deum
3267 3116 3423 3155 nemo
3472 3101 3587 3155 vidit
3622 3116 3694 3153 un-

2167 3204 2329 3260 quam
2379 3189 2576 3262 (Joan.
2610 3206 2667 3255 t,
2723 3192 2846 3260 18).
2888 3211 2906 3244 ι
2949 3190 3042 3245 Vel
3093 3192 3376 3263 superabis
3428 3192 3695 3247 sublimitate

2168 3278 2472 3335 dilectionis
2498 3288 2605 3334 tua:
2646 3280 2944 3351 agilitatem
2973 3281 3287 3337 dilectionis
3327 3297 3519 3336 eorum.
3557 3279 3695 3334 Sutili-

2168 3372 2355 3426 mitate
2395 3370 2516 3425 dico
2562 3370 3031 3427 excellentissima;
3080 3372 3387 3428 dilectionis
3426 3381 3536 3427 tuae.
3576 3370 3695 3426 Licet

2167 3463 2309 3518 enim
2334 3461 2490 3519 valde
2525 3469 2576 3516 te
2602 3462 2847 3532 diligant,
2880 3470 2933 3516 tu
2984 3472 3164 3518 tamen
3209 3479 3307 3519 eos
3350 3463 3494 3518 valde
3520 3462 3617 3533 plus
3634 3463 3695 3515 di-

2166 3557 2319 3629 liges.
2355 3557 2510 3614 Unde
2542 3558 2685 3614 idem
2714 3558 2778 3613 in
2826 3559 3116 3629 Evangelio
3143 3576 3161 3615 :
3196 3579 3219 3615 ι
3246 3548 3361 3615 Non
3390 3575 3479 3613 vos
3511 3572 3584 3612 me
3613 3554 3695 3609 eis:

2166 3650 2346 3721 gistis,
2372 3650 2468 3706 sed
2507 3666 2606 3722 ego
2634 3650 2770 3721 elegi
2820 3666 2917 3707 vos
2954 3651 3138 3722 (Joan.
3177 3667 3271 3717 xv,
3314 3650 3422 3721 16).
3455 3668 3473 3702 ι
3503 3650 3562 3705 Et
3597 3660 3695 3702 sese

2167 3740 2543 3813 magniﬁcatus
2580 3742 2712 3808 eris,
2738 3742 2829 3813 qui
2858 3742 3008 3813 facis
3036 3744 3253 3814 angelos
3279 3753 3396 3798 tuos
3435 3742 3635 3813 spiritu,
3653 3738 3692 3791 id

2165 3842 2250 3888 est
2275 3832 2366 3903 qui
2396 3832 2564 3889 facies
2585 3833 2803 3889 nuntios
2830 3842 2952 3891 tuos
2979 3834 3277 3904 apostolos,
3312 3832 3507 3889 scilicet
3525 3832 3601 3902 qui
3621 3842 3693 3882 no-

2166 3940 2293 3982 men
2334 3935 2486 3982 tuum
2515 3925 2715 3997 ubique
2745 3926 2989 3997 gentium
3019 3927 3436 3990 annuntiabunt,
3475 3919 3694 3993 spiritales

2166 4016 2221 4071 in
2260 4016 2640 4085 intelligentia.
2689 4030 2754 4071 ac
2801 4016 2846 4071 si
2877 4016 3251 4073 dicat:Licet
3299 4030 3478 4071 eorum
3509 4009 3693 4067 excedas

2165 4106 2388 4163 subtiles
2419 4106 2904 4172 considerationes,
2948 4115 3128 4162 tamen
3175 4116 3333 4164 erunt
3366 4107 3417 4161 in
3446 4102 3692 4172 intelligen-

2166 4196 2240 4251 tia
2263 4196 2554 4266 spiritales.
2583 4196 2738 4253 Unde
2763 4211 2860 4266 per
2886 4195 3091 4253 Joelem
3142 4198 3456 4269 prophetam
3496 4192 3691 4249 dicitur:

2171 4304 2190 4339 ι
2237 4284 2519 4341 Eﬂ'undam
2558 4286 2626 4340 de
2647 4285 2838 4356 spiritu
2873 4300 3014 4350 meo,
3056 4301 3222 4356 super
3268 4299 3477 4340 omnem
3518 4291 3689 4335 carnem

475 4374 721 4440 latentia,
748 4392 847 4447 per
870 4377 1058 4434 omnia
1086 4377 1486 4442 manifestatur,
1545 4377 1672 4432 dum
1721 4377 2055 4433 extenditur.
2090 4377 2133 4437 D
2164 4379 2302 4448 (Joel
2327 4395 2389 4443 tl,
2421 4380 2535 4451 ΞΒ).
2570 4399 2588 4432 ι
2622 4379 2809 4450 Angeli
2857 4384 3055 4450 quippe
3099 4382 3272 4434 nuntii
3302 4381 3687 4446 interpretantur.

477 4468 609 4526 Dico
633 4476 773 4541 quod
799 4473 1176 4546 magnificatus
1197 4473 1306 4528 eris
1339 4488 1352 4525 :
1384 4481 1439 4527 tu
1463 4472 1583 4528 dico
1606 4472 1860 4544 quitegis,
1887 4473 1939 4527 id
1970 4481 2052 4528 est

477 4561 566 4615 aui
598 4572 849 4636 proteges
874 4567 1047 4637 aquis,
1075 4565 1127 4620 id
1164 4577 1247 4621 est
1276 4564 1590 4619 multiformi
1617 4565 1788 4635 gratia
1816 4565 2054 4635 Spiritus

478 4655 676 4716 sancti,
712 4670 817 4723 qua
843 4657 1025 4713 fideles
1062 4658 1203 4713 sicut
1232 4658 1386 4727 aquis
1412 4656 1749 4721 reficiuntur,
1786 4658 2057 4725 superiora

476 4744 592 4813 ejus
620 4745 764 4808 thli,
801 4746 854 4800 id
907 4758 990 4802 est
1019 4748 1340 4804 cltaritatem
1396 4766 1521 4820 erga
1580 4748 1767 4813 Deum,
1826 4760 1882 4805 ct
1928 4766 2053 4820 erga

474 4835 783 4904 proximum
812 4852 932 4906 quin
960 4847 1045 4893 est
1071 4839 1351 4908 superiora
1387 4849 1441 4894 et
1484 4839 1728 4909 digniora
1783 4852 2050 4911 prteccpta

475 4928 530 4981 in
570 4927 659 4982 illo
686 4927 859 5005 ccelo,‘
881 4928 932 4982 id
961 4939 1041 4982 est
1066 4930 1117 4982 in
1148 4930 1231 4982 illa
1262 4933 1651 5000 prophetarum
1691 4930 1959 4994 doctrina,
1992 4947 2055 4986 ac

475 5020 520 5075 si
549 5020 693 5075 dicat
720 5038 732 5074 :
774 5020 842 5075 Ut
872 5019 1091 5074 eosdem
1122 5022 1414 5089 apostolos,
1439 5022 1737 5076 fmditatem
1758 5037 1910 5077 suam
1926 5040 2054 5077 con-

475 5112 737 5177 fessuros,
770 5112 936 5167 facias
964 5112 1212 5172 decoros,
1244 5121 1299 5167 et
1327 5128 1421 5167 eos
1449 5122 1700 5182 proteges
1723 5124 1775 5168 et
1840 5117 2053 5171 munies

475 5218 574 5270 per
610 5205 840 5271 gratiam
872 5204 1184 5274 specialem,
1218 5218 1283 5257 ne
1316 5205 1367 5257 in
1419 5207 1597 5274 aliquo
1649 5208 1921 5262 deficiant.
1956 5207 2050 5262 Vel

473 5293 572 5347 sic.
605 5289 907 5347 Extendens
928 5294 1111 5348 caelum
1137 5295 1271 5347 sicut
1292 5292 1471 5363 pellem
1506 5297 1607 5349 hoc
1632 5312 1735 5348 non
1793 5306 2048 5359 mutatur,

473 5393 525 5437 et
552 5397 678 5438 vere
711 5383 1084 5454 magnificatus
1112 5384 1346 5454 eris,qui
1378 5385 1525 5453 tegis,
1556 5385 1606 5436 id
1635 5394 1716 5436 est
1746 5386 1836 5453 qui
1862 5387 2053 5440 obscu-

472 5491 583 5540 ras,
612 5484 670 5529 ut
694 5490 806 5530 rem
843 5485 1041 5531 tectam
1070 5477 1347 5546 superiora
1372 5475 1486 5544 ejus
1501 5475 1646 5536 cmli.
1678 5476 1727 5528 id
1756 5485 1837 5529 est
1864 5494 2053 5545 super-

474 5569 650 5622 liciem
681 5568 1003 5623 litteratura:
1026 5570 1449 5639 prophetiarum;
1480 5568 1650 5638 aquis,
1686 5568 1735 5620 id
1765 5580 1847 5622 cst
1885 5570 2047 5637 spiri—

477 5662 676 5717 talibus
714 5663 1020 5721 sententiis.
1052 5663 1246 5719 auibus
1274 5662 1457 5719 fideles
1487 5664 1537 5717 in
1569 5663 1748 5717 anima
1791 5659 2043 5714 reficiun-

2166 4470 2232 4525 Et
2259 4472 2475 4526 eosdem
2514 4471 2733 4539 angelos
2764 4472 3061 4527 existentes
3103 4472 3370 4525 ministros
3410 4480 3517 4523 tuos
3551 4466 3594 4520 in
3618 4462 3689 4517 ad-

2162 4561 2517 4616 ministrando
2542 4563 2663 4616 aliis
2688 4572 2956 4632 princepta
2976 4574 3082 4625 tua,
3103 4562 3273 4618 facies
3295 4563 3455 4631 ignem
3480 4564 3686 4615 urentem.

2161 4655 2214 4710 id
2242 4666 2324 4711 est
2342 4655 2731 4725 comparabiles
2756 4655 2861 4725 igni
2891 4657 2941 4709 in
2968 4672 3029 4710 ea
3055 4664 3270 4721 natura,
3298 4655 3418 4725 quia
3448 4652 3566 4723 ignis
3586 4647 3684 4702 urit.

2160 4743 2314 4801 Sicut
2337 4746 2480 4800 enim
2514 4746 2652 4814 ignis
2678 4746 2883 4801 urendo
2910 4748 3095 4802 sordes
3140 4747 3257 4801 auri
3279 4746 3361 4800 vel
3397 4741 3581 4813 argenti
3614 4752 3684 4791 cs-

2158 4837 2269 4905 piat
2291 4843 2342 4889 et
2383 4837 2673 4901 consumit,
2703 4837 2776 4891 ita
2808 4847 2859 4891 et
2891 4839 2992 4907 ipsi
3043 4839 3305 4893 doctrina:
3351 4853 3456 4891 suae
3498 4830 3684 4898 castiga-

2160 4926 2305 4981 tione
2334 4935 2619 4997 peccantes
2666 4930 2893 4994 urendo,
2922 4943 3109 4983 eorum
3158 4928 3347 4983 sordes
3392 4930 3683 4995 peccatorum

2158 5017 2458 5072 destruent.
2476 5020 2541 5073 Et
2557 5033 2685 5073 vere
2709 5019 3085 5089 magnificatus
3106 5020 3239 5082 eris,
3266 5020 3355 5088 qui
3376 5011 3586 5085 fundasti
3600 5020 3682 5060 ter-

2157 5111 2357 5174 ram,id
2385 5120 2467 5165 est
2498 5111 2598 5166 fide
2626 5094 2878 5165 fuudabis
2901 5110 3197 5167 Ecclesium
3227 5118 3422 5163 terratn
3445 5116 3570 5160 tuam
3594 5095 3681 5152 eul-

2158 5202 2385 5265 tihilem,
2412 5219 2566 5271 super
2583 5203 2916 5257 stabilitatem
2950 5219 3099 5255 suam
3119 5242 3133 5263 ,
3164 5202 3215 5253 id
3246 5212 3328 5255 est
3355 5211 3508 5266 super
3530 5188 3680 5275 stabile

2155 5291 2561 5345 fundamentum
2593 5308 2771 5355 suum,
2809 5292 3020 5345 scilicet
3047 5306 3208 5359 super
3234 5301 3302 5371 te.
3334 5286 3474 5341 Unde
3499 5285 3679 5349 Aposlo'

2156 5383 2239 5438 lus
2274 5401 2287 5436 :
2323 5403 2341 5433 α
2375 5383 2807 5438 Fundamentum
2859 5383 2999 5436 aliud
3066 5397 3225 5435 nemo
3283 5387 3451 5450 potest
3498 5381 3677 5442 ponere.

2153 5484 2351 5545 praeter
2408 5475 2459 5529 id
2510 5475 2651 5544 quod
2712 5478 2945 5542 positum
2996 5483 3110 5537 est.
3166 5472 3304 5543 qttod
3353 5479 3432 5523 cst
3478 5462 3679 5520 Christus

2155 5567 2203 5637 (I
2228 5566 2349 5621 Cor.
2384 5584 2467 5631 nr,
2515 5565 2622 5637 Il).
2665 5585 2682 5617 ι
2727 5567 2787 5619 Et
2840 5568 2965 5620 alibi
3001 5586 3013 5621 :
3046 5586 3063 5616 ι
3102 5560 3504 5636 Superaniilicati
3550 5563 3678 5619 sunt?!

2153 5660 2560 5714 fundamentum
2612 5659 2977 5729 apostolorum
3034 5670 3086 5713 et
3137 5658 3540 5729 propltetaruin,
3586 5646 3675 5714 ῑρδο
