3872 6320
89 300 210 362 ιιττ

1018 283 1381 342 EXPOSITIO
1416 281 1482 338 1N
1523 277 1859 337 PSALMOS.
1899 309 1967 320 —
1994 275 2191 336 PSAL.
2216 280 2348 337 Clﬂ.

3182 277 3324 336 H78

85 424 282 470 summo
311 405 560 479 angulari
588 400 757 473 lapide
795 396 1013 453 Christo
1037 397 1162 453 Jesu
1207 394 1653 468 (Ephes.u,20).o
1689 397 1733 453 Α
1760 410 1882 450 eum
1908 396 2086 465 aquis,
2128 410 2281 464 quem
2326 405 2428 447 non
2472 396 2941 463 transgredientur,
2966 392 3020 449 id
3063 401 3151 451 est
3174 408 3336 465 quem
3394 460 3397 465 ξ

86 503 149 558 Et
186 498 307 570 quia
360 512 445 553 sic
485 495 592 550 erit
612 490 854 552 fundata.
907 504 1012 543 non
1053 486 1428 553 inclinabitur,
1455 486 1508 541 id
1564 493 1651 541 est

87 605 183 646 non
226 586 536 657 dcjicietur,
568 596 737 653 neque
776 577 1133 635 dimovebitur
1159 593 1190 632 a
1243 576 1538 633 stabilitate
1560 589 1656 631 sua

87 694 177 750 per
202 676 437 747 aliquem
486 676 743 744 impetum
792 670 1198 726 tribulationum
1248 683 1423 741 usque
1466 667 1522 721 in
1558 682 1659 723 ste-.

87 770 251 826 calum
288 767 448 839 hujus
489 764 667 821 siccati
707 762 1147 827 subsecuturum,
1182 761 1233 817 id
1268 770 1354 817 est
1381 777 1553 833 usque
1599 763 1656 820 in

86 870 358 916 aternum.
390 857 636 912 Fundata
671 855 814 910 enim
842 854 947 909 erit
980 868 1143 923 super
1176 852 1387 907 ﬁrmam
1425 863 1653 925 petram.

148 948 211 1003 Et
238 945 532 1001 notandum
558 944 835 1015 quod,etsi
858 944 1104 1014 quaedam
1124 944 1321 999 debilia
1343 945 1458 1013 ejus
1488 960 1661 1001 mem-

84 1039 176 1093 bra
201 1035 488 1106 aliquando
522 1034 853 1089 inclinantur
879 1033 1014 1088 nihil
1041 1046 1219 1088 tamen
1246 1034 1489 1104 impedit.
1519 1034 1655 1090 Nam

86 1130 144 1183 de
169 1136 276 1182 tota
318 1126 557 1181 Ecclesia
602 1125 806 1180 dictum
852 1134 936 1181 est
962 1124 1104 1196 quod
1138 1141 1241 1179 non
1284 1126 1653 1192 inclinabitur;

83 1218 197 1286 quia
227 1216 438 1270 dixerat
465 1231 567 1269 non
614 1214 977 1281 inclinabitur,
1016 1225 1197 1284 posset
1232 1217 1420 1286 quaeri.
1472 1215 1655 1273 Eritne

84 1308 220 1361 locus
261 1304 668 1360 inclinationis?
697 1303 775 1358 Ad
807 1306 949 1374 quod
980 1307 1059 1362 sic
1090 1308 1239 1363 addit
1270 1327 1284 1363 :
1310 1310 1445 1365 Vere
1469 1319 1651 1381 posset

87 1397 340 1451 inclinari.
371 1396 602 1465 Abyssus
640 1396 815 1461 enim,
843 1397 894 1452 id
930 1406 1012 1452 est
1056 1398 1210 1453 turba
1247 1413 1653 1472 persecutorum

86 1488 332 1560 profunda
361 1486 414 1541 in
448 1487 683 1555 peccatis
720 1488 786 1541 ad
823 1491 1039 1542 modum
1068 1490 1274 1561 abyssi,
1303 1492 1408 1547 erit
1433 1495 1653 1548 amictus

83 1581 186 1650 ejus
216 1592 395 1641 terrm,
424 1579 476 1633 id
516 1588 599 1632 est
624 1579 730 1633 erit
772 1579 1030 1636 involutio
1058 1581 1198 1637 illius
1241 1582 1494 1639 Ecclesiae
1522 1587 1652 1640 sicut

84 1674 464 1733 vestimentum,
512 1670 654 1739 quod
694 1678 779 1723 est
819 1671 1039 1726 dicere:
1072 1671 1223 1728 Sicut
1270 1676 1651 1732 vestimentum

83 1775 267 1828 corpus
310 1759 611 1813 circumdat
651 1768 705 1815 et
745 1760 994 1826 involvit,
1043 1763 1121 1818 sic
1151 1772 1204 1818 et
1248 1775 1652 1833 persecutorum
1688 1740 1731 1794 Β

86 1850 225 1902 turba
269 1847 563 1902 Ecclesiam
611 1851 846 1921 undique
897 1852 1335 1910 tribulationibus
1398 1856 1653 1913 involvet.

84 1940 141 1994 Et
167 1954 268 1994 non
301 1938 637 1995 solummodo
668 1957 796 1997 vero
820 1943 1055 1999 minores
1087 1945 1320 2003 involvet
1350 1948 1504 2003 turba
1528 1965 1653 2020 per-

83 2034 433 2102 sequentium,
473 2035 566 2089 sed
602 2047 658 2090 et
687 2053 843 2105 super
886 2050 1106 2104 montes,
1131 2040 1183 2093 id
1221 2050 1303 2095 est
1323 2056 1483 2110 super
1520 2057 1656 2113 praev-

85 2133 209 2178 tatos
234 2124 489 2178 Ecclesiae
520 2126 728 2180 stabunt
764 2144 937 2197 aqum,
970 2128 1019 2181 id
1058 2139 1143 2183 est
1170 2141 1566 2201 persecutores,
1596 2143 1656 2189 ut

83 2232 167 2271 eos
207 2217 525 2286 demergunt
552 2219 606 2271 in
661 2232 834 2273 morte
871 2220 935 2272 ad
970 2222 1186 2275 modum
1230 2239 1527 2292 aquarum;
1562 2225 1653 2280 sed

84 2322 144 2361 ne
170 2308 234 2363 ab
264 2309 424 2376 aquis
457 2308 694 2363 Ecclesia
743 2310 1050 2375 inclinetur,
1079 2313 1143 2364 ab
1176 2314 1526 2381 increpatione
1561 2324 1655 2369 tua

83 2398 315 2461 interiori
350 2399 453 2454 illa:
474 2414 628 2469 aqua:
657 2399 876 2469 fugient,
898 2401 947 2453 id
974 2409 1057 2456 est
1082 2418 1111 2455 a
1137 2404 1513 2472 persecutione
1539 2419 1656 2459 ces-

81 2490 262 2544 sabunt
288 2529 303 2551 ,
342 2492 483 2560 quod
540 2502 622 2547 est
664 2492 845 2547 dicere
878 2509 891 2545 :
927 2492 1005 2547 Ne
1043 2495 1204 2549 nimis
1253 2496 1409 2565 longa
1463 2512 1653 2552 eorum

81 2582 449 2649 persecutione
494 2582 736 2653 Ecclesia
766 2584 1077 2650 inclinetur,
1122 2587 1426 2658 increpabis
1451 2603 1546 2644 eos
1575 2589 1658 2641 iu-

82 2674 236 2728 terius
272 2674 361 2728 vel
414 2674 690 2729 miraculis
738 2676 821 2730 vel
869 2677 1111 2747 quolibet
1159 2678 1264 2732 alio
1313 2680 1491 2745 modo,
1530 2679 1657 2735 licet

83 2766 171 2833 ipsi
199 2780 303 2819 non
335 2767 662 2835 percipiant.
694 2767 757 2821 Et
803 2768 1047 2837 quamvis
1091 2784 1196 2823 nou
1245 2780 1652 2835 convertantur,

84 2866 248 2912 tamen
277 2856 570 2927 aliquando
598 2875 627 2912 a
659 2860 1037 2927 persecutione
1080 2860 1388 2915 cessabunt.
1420 2861 1535 2916 Non
1565 2879 1656 2917 so-

81 2945 179 3000 lum
229 2956 413 3002 autem
447 2964 476 3001 a
504 2950 881 3018 persecutione
916 2928 1225 3019 cessabunt,
1259 2953 1352 3007 sed
1392 2962 1448 3007 et
1489 2952 1656 3025 408

1759 501 1867 541 non
1896 482 2227 546 transibunt.
2256 483 2400 555 quod
2431 489 2516 540 est
2544 483 2761 539 dicere:
2796 484 2873 540 Ne
2892 500 2960 541 ex
3001 494 3113 542 toto
3151 485 3338 540 Eccle-

1758 577 1894 633 siam
1916 578 2256 647 demergant,
2279 589 2467 630 eorum
2494 574 2854 644 persccutioni
2888 584 3084 631 metam
3106 584 3337 638 statues,

1758 684 1919 741 quam
1968 684 2077 725 non
2117 668 2300 723 licebit
2328 667 2610 722 excedere.
2638 665 2705 721 Et
2748 664 2859 720 dixi
2891 667 3032 734 quod
3078 666 3275 735 fugient
3307 682 3338 719 a

1757 760 2155 833 persecutione,
2180 768 2236 815 et
2260 776 2292 813 a
2321 774 2441 813 voce
2462 757 2679 812 tonitrui
2720 756 2797 810 tui
2824 755 3201 825 formidabant.
3231 754 3341 809 Ne-

1756 870 1856 923 que
1878 861 2160 924 postquam
2206 850 2562 916 formidantes
2590 846 2925 904 cessaverint
2952 861 2981 900 a
3015 840 3337 912 cessatione,
3396 846 3397 849 “

1757 953 2119 1000 convertentur
2152 943 2352 1011 aperire
2391 950 2610 1007 terram,
2642 939 2694 994 id
2735 947 2819 993 est
2872 952 2979 991 non
3021 944 3342 991 converten-

1760 1044 1849 1089 tur
1876 1034 1943 1088 ad
1975 1032 2437 1104 persecutionem,
2471 1040 2530 1085 ut
2573 1044 2762 1085 rursus
2792 1027 3093 1084 Ecclesium
3132 1026 3345 1081 demer-

1757 1140 1885 1199 gere
1913 1134 2141 1181 tentent.

1827 1219 2058 1274 Possunt
2092 1226 2270 1272 autem
2310 1217 2362 1271 hi
2394 1217 2499 1272 duo
2529 1229 2719 1272 versus
2758 1214 2913 1269 aliter
2941 1211 3071 1280 legi,
3099 1219 3161 1265 ut
3188 1225 3342 1265 mon-

1760 1322 1840 1367 tes
1869 1312 2134 1375 dicamus,
2190 1325 2293 1364 non
2333 1309 2589 1364 Ecclesia:
2632 1306 2907 1378 praelatos,
2962 1306 3056 1360 sed
3093 1319 3348 1375 persecu-

1759 1416 1925 1467 tores,
1971 1403 2214 1459 volentes
2267 1404 2616 1474 submergere
2669 1400 2884 1464 ﬁdeles,
2934 1398 3073 1453 sicut
3131 1404 3343 1451 montes
3398 1466 3401 1467 ν

1755 1494 2012 1549 ﬂuctuum
2054 1496 2408 1563 submergunt
2451 1494 2502 1547 in
2539 1493 2675 1547 mari
2726 1506 2912 1546 naves.
2943 1490 3009 1544 Et
3070 1489 3173 1543 hoc
3200 1488 3344 1557 quod

1757 1586 1887 1640 dicit
1910 1585 2192 1639 ascendunt
2218 1594 2438 1647 montes,
2456 1583 2594 1637 idem
2614 1593 2698 1636 est
2717 1582 2858 1652 quod
2885 1580 3019 1635 dixit
3049 1578 3301 1648 superius
3326 1594 3339 1629 :

1759 1677 1934 1746 Super
1956 1687 2155 1730 montes
2202 1676 2414 1730 stabunt
2460 1690 2644 1745 aqum,
2680 1674 2772 1728 sed
2827 1672 3114 1743 repetitum
3164 1679 3248 1725 est
3285 1679 3347 1723 ut

1757 1771 1966 1824 addat:
2002 1768 2310 1823 Secundum
2364 1767 2529 1836 igitur
2581 1766 2720 1820 hanc
2769 1763 3126 1825 sententiam,
3159 1759 3342 1815 littera

1757 1861 1836 1916 s'c
1866 1860 2173 1929 adaptatur.
2202 1857 2329 1911 Dico
2353 1856 2495 1926 quod
2518 1871 2673 1921 super
2698 1864 2894 1907 montes
2915 1853 3124 1905 stabunt
3156 1864 3344 1917 aqute;

1757 1951 2066 2014 ascendunt,
2099 1949 2342 2017 inquam.
2373 1956 2594 2010 montes,
2623 1945 2672 1998 id
2718 1954 2802 1999 est
2847 1942 3202 1998 elevabuntur
3224 1953 3344 2009 per—

1756 2051 2033 2098 secutores
2084 2055 2247 2109 super
2289 2038 2491 2101 ﬁdeles,
2531 2037 2672 2107 quod
2715 2049 2794 2091 est
2842 2036 3068 2089 dicere:
3103 2028 3339 2085 Stabunt

1757 2149 1930 2202 aquze,
1960 2142 2014 2188 et
2042 2143 2164 2203 post
2213 2132 2387 2185 eidem
2431 2141 2630 2183 montes
2678 2128 3021 2188 descendunt,
3054 2125 3218 2178 idest
3260 2122 3345 2175 de-

1756 2226 2019 2282 scendent
2052 2228 2118 2280 de
2144 2225 2474 2279 sublimitate
2506 2221 2964 2292 persecutionum,
2994 2217 3202 2273 scilicet
3225 2228 3348 2270 ces-

1756 2320 1956 2375 sabunt
1984 2318 2110 2372 facti
2161 2318 2359 2385 campi,
2395 2317 2446 2369 id
2487 2324 2570 2368 est
2609 2313 2843 2369 humiles
2871 2321 2924 2364 et
2957 2310 3347 2365 fructiiicantes

1756 2408 1810 2463 in
1839 2408 2004 2472 bono,
2034 2422 2062 2461 a
2092 2404 2445 2461 similitudine
2467 2418 2805 2472 camporum,
2838 2401 2928 2470 qui
2958 2408 3085 2453 sunt
3118 2396 3348 2452 humiles

1756 2511 1810 2557 et
1844 2499 2110 2570 frugiferi.
2156 2497 2345 2565 Campi
2395 2496 2519 2549 dico
2565 2494 2846 2547 venientes
2888 2493 2942 2545 in
2990 2490 3161 2543 lorum
3196 2505 3347 2557 quem

1756 2590 1994 2661 fundasti
2036 2589 2133 2649 eis,
2178 2587 2228 2639 id
2266 2593 2351 2641 est
2400 2584 2683 2639 venientes
2729 2597 2757 2635 a
2802 2589 2946 2635 statu
2988 2577 3256 2647 superbia:
3293 2587 3350 2631 et

1754 2679 2148 2752 persecutionis
2188 2678 2254 2732 ad
2294 2687 2495 2731 statum
2535 2673 2903 2741 subiectionis.
2942 2687 3102 2740 quem
3144 2679 3347 2723 statum

1756 2774 1838 2830 eis
1860 2771 2133 2836 t‘undabis,
2167 2769 2219 2824 id
2246 2778 2331 2825 est
2359 2767 2677 2830 constitues,
2715 2780 2779 2819 ac
2799 2764 2841 2819 si
2872 2763 3017 2817 dicat
3048 2778 3061 2815 :
3099 2761 3209 2817 Hoc
3240 2776 3348 2814 non
3398 2827 3402 2833 Ι

1755 2867 1860 2922 erit
1881 2880 1979 2937 per
2006 2878 2100 2918 eos
2123 2861 2266 2931 quod
2299 2860 2365 2915 ad
2395 2860 2540 2913 hunc
2564 2866 2763 2912 statum
2792 2855 3096 2915 devenient.
3123 2853 3217 2907 sed
3246 2852 3349 2906 hac

1756 2957 1863 3011 erit
1884 2971 1980 3025 per
2005 2963 2153 3008 tuam
2182 2950 2577 3012 fundationem,
2604 2956 2659 3004 et
2692 2961 2822 3002 vere
2849 2961 2877 2999 a
2916 2953 3059 2999 statu
3096 2956 3348 3013 persecuv

83 3037 455 3136 formidauttttt,
489 3039 539 3092 id
567 3049 648 3093 est
681 3043 929 3095 timorem
977 3042 1247 3097 habebunt
1277 3044 1344 3097 de
1381 3045 1482 3100 hoc
1511 3048 1654 3116 quod
1684 3080 1724 3136 Ο
1759 3049 1921 3105 tionis
1949 3061 2062 3102 sum.
2091 3044 2445 3100 descendent.
2484 3040 2564 3095 Tu
2598 3039 2763 3120 enim.
2786 3039 2840 3092 in
2886 3038 3111 3092 ascensu
3162 3049 3348 3103 perse-

80 3127 335 3194 persccuti
368 3126 601 3194 fuerint,
632 3139 685 3183 et
726 3130 839 3187 haec
893 3130 1121 3188 formido
1163 3136 1437 3205 continget
1465 3156 1496 3191 α
1537 3134 1657 3193 voce

81 3216 304 3281 tonitrut',
335 3218 393 3291 id
434 3228 519 3273 est
554 3234 585 3274 a
636 3234 766 3275 voce
806 3223 1256 3291 prazdicatorum,
1295 3242 1415 3295 quae
1459 3227 1659 3284 dicitur

79 3319 173 3359 vox
198 3308 449 3374 tonitrui,
489 3319 544 3364 et
578 3308 703 3381 quia
747 3312 1035 3368 manifesta
1074 3314 1198 3381 fuit,
1227 3326 1282 3370 et
1308 3317 1434 3387 quia
1468 3317 1658 3374 nolen—

81 3395 210 3452 tibus
236 3399 465 3455 obedire
520 3410 747 3457 mortem
799 3405 1198 3468 comminatur,
1238 3406 1304 3460 ad
1355 3407 1658 3462 similitudi-

79 3501 189 3541 nem
222 3488 472 3551 tonitrui,
505 3491 649 3561 quod
676 3491 1024 3548 manifestum
1052 3502 1135 3549 est
1172 3503 1226 3550 et
1260 3505 1492 3552 mortem
1514 3512 1660 3552 com-

78 3578 299 3635 minans.
328 3580 399 3635 Et
427 3593 715 3652 postquam
754 3598 910 3655 aquae
954 3583 1298 3641 formidando
1340 3587 1655 3657 cessabunt,

76 3669 376 3734 ascendunt,
417 3669 471 3724 id
512 3681 598 3727 est
636 3672 995 3728 ascendentes
1040 3674 1380 3744 apparebunt
1421 3688 1655 3753 montes,

78 3756 227 3815 idest
272 3760 510 3832 prtelati.
540 3772 590 3817 et
628 3763 946 3818 descendunt
986 3766 1179 3835 campi,
1225 3765 1278 3822 id
1317 3776 1405 3824 est
1432 3768 1658 3826 descen-

78 3848 257 3906 dentes
281 3861 339 3906 et
372 3850 624 3921 subjecti,
672 3854 1008 3925 apparebunt
1040 3855 1264 3921 subditi,
1293 3856 1361 3913 ad
1399 3858 1657 3915 similitu-

76 3938 246 3996 dinem
296 3956 641 4012 camporum,
692 3946 784 4015 qui
820 3946 1055 4002 humiles
1098 3957 1226 4004 sunt
1272 3957 1329 4005 et
1381 3952 1657 4009 montibus

75 4032 314 4102 subjecti.
352 4038 709 4095 Deveuientes
737 4048 797 4095 et
834 4048 1044 4096 montes
1069 4050 1126 4096 et
1167 4043 1340 4115 campi
1376 4046 1433 4098 in
1459 4042 1655 4114 locum,

76 4123 122 4177 id
148 4136 230 4182 est
251 4128 305 4181 in
334 4137 538 4184 statum
564 4146 717 4200 quem
745 4131 985 4201 fundasti
1010 4132 1115 4199 eis,
1152 4133 1361 4191 scilicet
1390 4137 1507 4193 haec
1532 4136 1657 4193 fun-

73 4214 254 4285 dabis,
290 4219 344 4275 id
383 4229 466 4276 est
514 4221 755 4293 depones
804 4204 1051 4295 utrisque
1093 4235 1295 4282 statum
1321 4243 1508 4285 eorum
1533 4271 1550 4298 ,
1598 4240 1658 4287 ut

72 4308 270 4377 prtelati
303 4319 527 4368 teneant
574 4313 749 4370 locum
797 4318 1161 4386 superiorem,
1188 4326 1246 4374 et
1278 4320 1480 4376 subditi
1519 4321 1657 4378 infe-

1758 3139 1996 3195 cntionis
2040 3151 2224 3191 eorum
2258 3133 2501 3204 posuisti,
2530 3131 2584 3185 id
2618 3139 2702 3185 est
2748 3142 2917 3199 pones
2958 3126 3039 3180 eis
3065 3125 3347 3179 terminum

1756 3246 1907 3300 quem
1939 3245 2040 3283 non
2078 3225 2528 3296 transgredientur
2568 3220 2796 3275 ulterius
2838 3217 3199 3280 ascendendo,
3251 3214 3347 3268 sed

1759 3328 2045 3389 postquam
2073 3315 2138 3369 ad
2166 3329 2289 3367 eum
2318 3312 2536 3368 venient
2566 3310 2752 3366 statim
2792 3305 3144 3366 descendent,
3184 3319 3349 3370 neque

1757 3418 2043 3481 postquam
2073 3404 2454 3462 descenderint
2490 3411 2854 3458 convertentur
2884 3398 3083 3467 operire
3116 3406 3311 3451 terram
3330 3434 3348 3458 ,

1759 3500 1813 3555 id
1857 3508 1945 3556 est
1979 3505 2365 3554 convertentur
2407 3493 2476 3549 ad
2523 3495 2626 3549 hoc
2655 3501 2714 3547 ttt
2752 3488 3050 3547 Ecclesiam
3094 3501 3352 3558 persecu-

1758 3589 1904 3646 tione
1950 3588 2217 3660 repieant.
2258 3584 2413 3643 Unde
2433 3581 2560 3640 alibi
2593 3581 2880 3641 Psalmista
2906 3594 2921 3632 :
2950 3596 2972 3631 ο
3004 3577 3085 3633 Tu
3109 3576 3355 3634 domina-

1758 3681 1836 3738 ris
1856 3679 2107 3753 potestati
2134 3676 2304 3733 maris
2322 3674 2498 3748 (Psol.
2522 3688 2764 3731 unvtn
2779 3713 2798 3739 ,
2826 3671 2936 3744 10).
2971 3689 2992 3725 ι
3023 3677 3132 3726 etc.
3155 3668 3353 3724 Osten-

1757 3771 1839 3828 dit
1897 3770 2062 3826 etiam
2110 3768 2289 3825 adhuc
2333 3767 2605 3839 quomodo
2651 3763 2914 3821 Dominus
2966 3758 3348 3834 magniﬁcatus

1757 3861 1863 3916 erit
1896 3860 1997 3916 sic.
3278 3856 3311 3885 θ

1829 3955 1972 4011 Vere
2017 3953 2395 4025 magniﬁcatus
2442 3950 2575 4018 eris,
2604 3948 2698 4021 qui
2724 3947 2941 4012 emittis,
2982 3944 3035 4001 id
3085 3953 3171 4001 est
3195 3950 3354 3999 extra

1756 4048 1943 4113 mittes
1972 4046 2027 4101 in
2054 4045 2340 4117 propatulo
2362 4084 2380 4111 ,
2409 4043 2620 4099 scilicet
2648 4041 2821 4111 fontes
2840 4080 2856 4105 ,
2883 4038 2938 4093 id
2964 4046 3049 4092 est
3075 4036 3356 4090 ubertates

1756 4139 2400 4214 praedicationis,‘quibus
2423 4138 2611 4195 ﬁdeles
2633 4136 2972 4199 reﬁciantur,
2996 4139 3054 4186 et
3079 4130 3354 4186 incentiva

1759 4235 2014 4291 vitiorum
2059 4232 2500 4302 exstinguantur,
2527 4241 2589 4284 ut
2615 4231 2681 4284 de
2727 4226 2966 4281 [nutibus
2994 4222 3243 4277 homines
3268 4235 3356 4274 re-

1761 4326 2035 4388 ﬁciuntur,
2061 4331 2116 4378 et
2138 4321 2386 4377 incendia
2408 4319 2850 4388 exstinguuntur.
2876 4313 3073 4369 Fontes
3098 4312 3239 4375 dico,
3264 4325 3355 4365 ex-

74 4400 290 4472 riorem,
348 4418 414 4460 ac
447 4404 495 4459 si
539 4406 684 4461 dicat
723 4424 737 4461 :
770 4406 904 4461 Dum
955 4410 1262 4477 persecutio
1315 4411 1368 4465 in
1414 4412 1653 4468 Ecclesia
1689 4418 1733 4473 D
1761 4417 1987 4471 istentes
2013 4414 2066 4468 in
2088 4412 2429 4475 convallibus,
2460 4410 2510 4464 id
2551 4420 2636 4463 est
2668 4405 3117 4478 prmdicatoribus
3138 4403 3205 4458 ad
3240 4419 3351 4458 mu-

72 4490 413 4560 erit,pr:clati
440 4508 546 4548 non
568 4506 815 4564 poterunt
846 4496 1160 4567 przelatione
1189 4513 1285 4553 sua
1310 4499 1482 4571 fungi,
1510 4503 1657 4559 idco-

72 4596 168 4649 que
195 4600 304 4639 non
356 4587 559 4655 poterit
605 4603 867 4657 apparere
895 4590 985 4658 qui
1042 4590 1247 4660 prmlati
1287 4593 1416 4658 sint,
1459 4603 1515 4649 et
1562 4596 1654 4665 qui

74 4677 287 4744 subditi,
320 4679 417 4734 sed
462 4690 710 4735 cessante
750 4684 1142 4752 persecutione,
1188 4695 1240 4740 et
1268 4686 1502 4755 praelatis
1536 4685 1657 4742 l‘utt-

68 4770 324 4837 gentibus
372 4786 469 4827 sua
519 4774 870 4843 prrelatione.
930 4786 1056 4832 tunc
1107 4779 1322 4833 tandem
1378 4781 1658 4849 apparebit

72 4877 328 4919 ascensus
360 4866 647 4929 montium,
678 4867 729 4921 id
759 4876 841 4921 est
882 4869 1185 4925 sublimitas
1207 4871 1568 4940 pra-latorum,
1601 4882 1656 4927 et

71 4953 361 5013 descensus
385 4974 723 5028 camporum,
745 4960 795 5014 id
820 4970 901 5015 est
927 4960 1186 5030 subjectio
1216 4964 1573 5021 subditorum.
1591 4967 1658 5021 Et

71 5045 163 5101 hoc
192 5058 367 5104 totum
395 5051 501 5106 erit
531 5053 598 5106 ad
631 5053 1085 5120 magniﬁcentiam
1129 5055 1365 5135 pomini,
1392 5057 1536 5125 quod
1576 5058 1656 5113 sic

72 5136 119 5192 in
148 5139 396 5198 Ecclesia
425 5143 804 5199 distinctiones
853 5144 1037 5207 faciet,
1070 5148 1209 5201 unde
1255 5149 1656 5205 benediceudus

73 5239 173 5295 ast,
211 5232 359 5299 qunti
400 5233 584 5303 utique
613 5236 663 5289 in
694 5236 879 5290 diluvii
912 5244 1151 5305 tempore
1181 5248 1575 5306 prmmonstrat:
1602 5256 1653 5295 m

69 5322 359 5391 est,quod.
391 5325 514 5378 dum
566 5335 724 5389 terra:
778 5325 970 5381 faciem
1000 5328 1233 5396 operuit.
1273 5328 1418 5383 nulla
1464 5330 1656 5384 distin-

68 5411 170 5466 ctio
199 5416 467 5469 montium
494 5425 548 5473 et
571 5432 884 5486 camporum
917 5416 1048 5482 fuit;
1074 5418 1163 5472 ilio
1186 5434 1311 5474 vero
1341 5421 1651 5487 receden'e,

68 5515 328 5560 ascensus
360 5508 618 5562 montium
643 5518 697 5564 et
721 5509 1016 5563 descensus
1036 5525 1347 5580 camporum
1378 5513 1650 5584 apparuit.

71 5595 197 5651 Dico
243 5602 390 5668 qttod
433 5618 588 5670 super
616 5611 813 5655 montes
859 5602 1069 5655 stabunt
1116 5619 1288 5671 aquai,
1338 5614 1392 5659 et
1433 5605 1486 5660 in
1535 5606 1652 5675 ipso

65 5692 498 5757 l‘crsecntionum
530 5702 671 5749 statu
708 5695 984 5748 terminum
1026 5695 1266 5763 posuisti,
1293 5694 1343 5749 id
1374 5704 1455 5749 est
1484 5711 1651 5749 'tOttcs

1761 4507 1887 4562 dum
1912 4504 2234 4561 convallium
2252 4500 2570 4563 humilibus,
2586 4513 2650 4553 ac
2673 4499 2717 4553 si
2744 4498 2888 4552 dicat
2904 4515 2917 4552 :
2936 4496 3050 4552 lloc
3069 4494 3212 4566 quod
3228 4508 3351 4566 per-

1759 4610 2038 4657 secutores
2060 4597 2393 4654 descendunt
2427 4593 2706 4662 continget
2735 4606 2832 4663 per
2861 4591 3303 4662 przedicationem
3333 4629 3353 4654 ,

1758 4706 1921 4764 quam
1954 4692 2095 4745 Deus
2120 4687 2334 4757 publice
2371 4684 2535 4741 faciet
2580 4700 2841 4739 emanare
2872 4684 2939 4739 de
2981 4681 3355 4753 praedicatori-

1758 4786 1877 4845 bus,
1903 4790 1957 4837 et
1986 4781 2089 4836 illa:
2114 4794 2266 4849 aqua:
2297 4777 2696 4849 przedicationis
2725 4775 3152 4846 pertransibunt,
3178 4775 3229 4829 id
3268 4782 3355 4828 est

1757 4889 1852 4945 per
1872 4887 2060 4927 omnes
2084 4869 2305 4941 populos
2323 4868 2716 4932 trausibuut,el
2737 4882 2841 4920 non
2865 4876 3025 4920 erunt
3051 4864 3349 4926 discordes,

1756 4967 1922 5041 409
1958 4967 2051 5021 sed
2079 4966 2373 5021 existentes
2395 4964 2533 5018 inter
2563 4964 2791 5017 medium
2836 4961 3113 5024 montium,
3172 4960 3223 5014 id
3268 4968 3353 5013 est

1758 5060 1810 5113 in
1839 5058 2015 5113 medio
2042 5058 2328 5123 montium,
2352 5052 2560 5111 sdilicet
2581 5057 2634 5109 in
2662 5056 2948 5110 concordia
2979 5053 3348 5123 prmlatorum.

1756 5149 1905 5205 Licet
1926 5150 2067 5204 enim
2100 5148 2299 5219 plures,
2333 5158 2494 5203 erunt
2528 5156 2705 5202 tamen
2738 5148 2793 5221 in
2819 5146 3021 5200 virtute
3058 5143 3178 5198 ﬁdei
3223 5159 3354 5197 con.

1757 5241 2064 5296 cortinules.
2092 5238 2308 5292 Dictum
2338 5249 2421 5293 cst
2449 5254 2477 5293 a
2510 5237 2861 5295 similitudine
2908 5235 3159 5299 fontium,
3216 5237 3352 5287 inter

1757 5328 1988 5383 medium
2015 5329 2266 5381 montium
2297 5326 2599 5383 ﬂuentium.
2637 5326 2767 5381 Dico
2790 5324 2931 5394 quod
2960 5323 3350 5393 pertransibunt

1756 5438 1928 5491 aqum,
1955 5420 2091 5490 quas
2112 5434 2280 5489 aquas
2312 5421 2561 5488 potabant
2591 5434 2791 5481 omnes,
2838 5417 2889 5470 id
2918 5426 2999 5469 est
3028 5413 3348 5468 omnismodi

1753 5513 1932 5567 bestia:
1946 5511 2077 5581 agri.
2097 5510 2300 5565 scilicet
2317 5510 2636 5563 omnismodi
2651 5507 2819 5562 Judtci
2834 5517 2885 5562 et
2901 5504 3350 5581 nobiles,etignoo

1754 5603 1912 5666 biles,
1938 5602 2026 5671 qui
2048 5599 2159 5669 jam
2182 5598 2571 5669 aliquantulum
2599 5599 2797 5653 dmnati
2821 5608 2988 5653 sunta
3014 5595 3182 5650 veteri
3209 5597 3349 5664 lege,

1704 5696 1713 5705 ’
1752 5695 1880 5751 licet
1899 5693 1951 5748 in
1973 5692 2203 5748 maxima
2226 5701 2380 5765 parte
2400 5689 2572 5745 adhuc
2596 5687 2865 5745 bestiales.
2889 5688 3125 5760 ideoque
3140 5701 3235 5758 per
3258 5701 3353 5742 oe-
