3840 6338
478 288 617 351 1179

1044 288 1102 343 S.
1140 284 1489 343 BRUNONIS
1524 280 2165 341 CARTIIUSIANORUM
2206 281 2689 341 INSTITUTORIS
2724 281 2880 341 OPl’.
2921 284 3116 344 PARS.
3152 288 3191 343 1.

3555 296 3666 359 1180

475 410 610 465 stias
632 404 743 478 agri
767 380 1493 475 designantur,qntedomitre
1513 401 2051 483 sunt,utpotcboves,
2085 402 2128 460 Α
2158 400 2384 453 vitutem
2415 416 2576 470 quam
2602 416 2699 471 per
2720 400 2991 472 jumenta,
3018 403 3221 459 scilicet
3242 419 3415 464 servos
3456 426 3537 469 eos
3573 431 3668 476 esse

476 492 639 561 asini,
668 506 721 551 et
746 504 953 550 αξιοι-ω
979 493 1285 563 huiusmodi
1318 492 1524 547 bestirc.
1566 491 1679 547 Non
1711 500 1915 546 tantum
1963 506 2058 545 au-

474 596 583 646 tem
615 588 788 642 bestia:
812 588 928 657 agri
952 602 1043 642 eas
1071 586 1341 655 potabant,
1370 583 1462 638 sed
1505 594 1553 637 et
1606 585 1807 655 onagri,
1871 583 1923 637 id
1971 593 2057 639 est

474 679 704 751 gentiles
732 677 1005 743 indomiti,
1033 677 1268 732 denotati
1297 694 1392 748 per
1418 691 1667 748 onagros,
1720 675 1775 730 id
1831 685 1911 731 est
1958 692 2058 748 per

474 772 750 827 silvestres
773 771 971 836 asinos,
1001 770 1090 840 qui
1114 770 1355 825 indomiti
1386 779 1531 836 sunt,
1581 769 1971 839 exspectabant,
2003 770 2054 825 id

473 871 559 917 est
591 863 753 917 nimis
788 863 1049 932 optabunt
1072 878 1239 933 aquas
1264 862 1384 917 illas
1406 872 1603 933 potare
1631 862 1791 934 positi
1842 864 1896 917 in
1940 864 2051 930 siti,

474 954 527 1008 il
556 962 639 1009 est
664 953 870 1007 ardenti
896 952 1158 1008 desiderio
1205 952 1324 1008 illas
1373 954 1612 1019 bibendi,
1662 954 1749 1007 siti
1784 954 1905 1009 dico
1931 972 2051 1021 sua,

474 1042 529 1099 id
565 1052 648 1099 est
677 1044 755 1099 eis
785 1043 1092 1108 utilissima,
1122 1053 1173 1098 et
1199 1044 1299 1099 hoc
1327 1053 1496 1099 totum
1551 1045 1617 1099 ad
1669 1043 1761 1100 Dei
1806 1046 2054 1113 magniﬁ-

471 1134 706 1188 centiam
737 1141 960 1203 spectat.
985 1134 1116 1189 Dico
1143 1135 1285 1205 quod
1328 1135 1466 1190 inter
1514 1136 1744 1189 medium
1796 1139 2052 1192 montium

471 1223 859 1291 pertransibunt
885 1239 1053 1293 aqum,
1115 1231 1169 1279 et
1196 1241 1353 1294 super
1394 1242 1477 1292 ea,
1525 1225 1577 1281 id
1626 1235 1708 1281 est
1751 1242 1914 1298 super
1958 1242 2053 1283 eos

472 1324 683 1367 montes
710 1312 1016 1366 habitabant
1046 1313 1427 1371 conformitate
1448 1316 1680 1372 volucres
1702 1320 1836 1386 creti,
1889 1319 1940 1373 id
1968 1327 2053 1376 est

471 1401 871 1471 qualescunque
894 1404 1200 1473 spirituales
1229 1406 1330 1460 viri
1361 1407 1488 1461 dicti
1516 1408 1762 1463 volucres
1815 1410 1955 1473 cceli,
1987 1426 2051 1467 eo

468 1492 611 1561 quod
635 1492 898 1562 gaudeant
929 1509 1039 1549 sua:
1064 1495 1259 1550 mentis
1290 1495 1617 1562 sinceritate,
1644 1497 1783 1552 sicut
1806 1500 2052 1556 volucres

470 1581 522 1634 in
554 1581 716 1647 coelo,
749 1581 800 1636 id
843 1592 925 1637 est
978 1583 1030 1637 in
1080 1597 1208 1639 aere
1252 1595 1656 1649 conversantes.
1709 1588 1877 1657 ipsius
1927 1590 2049 1645 οωΙί

468 1670 781 1726 sinceritate
815 1674 1070 1741 gaudent,
1093 1688 1156 1729 ac
1189 1674 1233 1729 si
1256 1674 1441 1729 dicat:
1473 1676 1586 1731 Non
1641 1676 1813 1732 solum
1868 1688 2047 1733 autem

468 1760 724 1817 hcstiales
747 1777 934 1818 eorum
967 1764 1209 1819 doctrina
1240 1765 1569 1834 reficientur,
1596 1769 1689 1824 sed
1715 1778 1769 1824 et
1795 1769 2048 1839 spiritua-
2081 1748 2123 1806 Β

467 1851 546 1908 les
576 1855 699 1917 viri,
731 1869 896 1926 super
917 1871 1101 1912 eorum
1127 1859 1426 1914 doctrinam
1478 1860 1707 1927 fundati,
1738 1863 2049 1918 auctoritati

465 1959 652 2001 eorum
686 1947 1000 2002 inuitentur.
1029 1948 1095 2003 Et
1122 1965 1287 2020 super
1318 1965 1410 2005 eos
1461 1951 1791 2018 habitantes,
1851 1954 2049 2009 dabant

468 2053 612 2091 voces
634 2037 1014 2108 disputationis
1040 2040 1105 2095 de
1129 2041 1361 2110 negotiis
1411 2042 1817 2099 ecclesiasﬁcis.
1878 2044 2051 2100 Voces

468 2131 590 2183 dico
620 2147 723 2187 non
776 2131 1149 2189 discordantes
1199 2149 1229 2187 a
1272 2134 1730 2203 praedicatoribus,
1761 2136 1853 2189 sed
1886 2136 2049 2205 prod-

467 2229 657 2274 euntes
682 2223 746 2275 de
768 2223 937 2275 medio
966 2223 1321 2290 petrarum,id
1342 2233 1425 2278 est
1451 2224 1518 2279 de
1546 2224 1834 2279 concordia
1858 2225 2052 2294 praedis

467 2318 733 2377 calorum,
752 2312 842 2381 qui
858 2322 1192 2383 eruntpctra:
1215 2329 1523 2384 superquas
1539 2315 1636 2384 ipsi
1656 2314 2046 2370 laudabuntur.

544 2399 637 2454 Vel
660 2402 740 2456 sic
768 2418 955 2457 versus
980 2403 1082 2458 iste
1111 2403 1343 2473 legitur:
1380 2405 1496 2460 Dixi
1522 2406 1663 2475 quod
1714 2407 1888 2461 bestia:
1936 2409 2052 2477 agri

466 2492 739 2561 potabant,
765 2504 819 2547 et
845 2496 1031 2565 onagri
1062 2497 1451 2563 exspectabant,
1483 2506 1537 2552 et
1556 2514 1712 2568 super
1752 2514 1835 2563 ea,
1869 2498 1921 2553 id
1969 2509 2055 2555 est

471 2592 760 2651 pnnterea,
788 2583 949 2638 etiam
978 2584 1208 2640 volucres
1230 2587 1364 2656 caeli,
1397 2588 1450 2642 id
1474 2597 1556 2643 est
1588 2588 1661 2643 illi
1694 2589 1761 2643 de
1789 2589 1980 2645 bestiis
2000 2599 2055 2645 et

468 2674 687 2744 onagris
716 2673 806 2744 qui
834 2684 993 2729 erunt
1021 2675 1162 2731 leves
1191 2678 1259 2732 ad
1303 2678 1480 2732 omnia
1513 2677 1698 2733 illicita
1729 2687 1785 2733 et
1831 2679 2055 2735 instabi-

467 2761 546 2816 les
582 2763 648 2817 ad
685 2758 899 2818 modum
921 2764 1198 2820 volucrum
1228 2766 1371 2835 creti,
1407 2782 1526 2837 qua:
1550 2768 1721 2838 magis
1756 2776 1881 2822 sunt
1904 2784 2054 2839 vaga:

468 2867 627 2920 quam
658 2861 946 2909 terrestres
970 2854 1242 2921 volucres,
1268 2857 1597 2923 habitabant,
1624 2858 1675 2912 id
1698 2867 1782 2913 est
1806 2859 1934 2914 fient
1956 2860 2054 2914 ha-

468 2941 737 3010 bitabiles,
768 2944 975 3000 scilicet
1001 2945 1221 3002 stabiles
1248 2957 1303 3002 et
1339 2947 1389 3002 in
1417 2948 1561 3003 bono
1587 2958 1921 3015 constantes,
1959 2966 2055 3020 per

469 3034 771 3112 doctriuam
797 3038 1082 3091 montium.
1112 3037 1181 3094 Et
1203 3054 1309 3094 non
1338 3039 1511 3094 solum
1535 3041 1657 3105 hoc,
1683 3042 1779 3096 sed
1826 3050 1881 3097 et
1911 3042 2051 3097 docti

470 3126 594 3181 facti
625 3127 971 3185 dabuntaliis
999 3129 1231 3186 indoctis
1279 3147 1441 3188 voces
1486 3133 1886 3203 praedicationis
1946 3148 2053 3188 non

468 3216 845 3274 discordantes
874 3235 902 3273 a
932 3220 1044 3274 suis
1078 3221 1542 3290 praedicatoribus,
1576 3222 1668 3278 sed
1701 3223 2055 3293 procedentes

468 3310 533 3363 de
557 3311 727 3364 medio
762 3322 1052 3381 petrarum,
1082 3313 1133 3367 id
1160 3322 1243 3369 est
1268 3314 1334 3369 de
1363 3315 1649 3370 concordia
1674 3330 1893 3372 suorum
1917 3330 2055 3385 prie-

470 3403 789 3458 dicatorum.
817 3404 935 3459 Dixi
970 3423 983 3459 :
1024 3404 1124 3471 Qui
1155 3407 1347 3462 emittis
1394 3407 1564 3479 fontes
1624 3394 1678 3462 in
1710 3408 2053 3474 convallibus,

473 3494 524 3549 id
546 3505 626 3549 cst
662 3495 712 3549 in
743 3484 1182 3562 prmdicatoribus
1211 3540 1227 3565 ,
1275 3507 1328 3553 tu
1372 3494 1491 3555 dico
1539 3500 1716 3570 rigans
1767 3507 1967 3553 montes
1992 3500 2058 3553 de

472 3584 825 3652 superioribus
852 3576 981 3651 suis,
1015 3586 1065 3640 id
1088 3597 1170 3642 est
1194 3588 1377 3658 rigans
1402 3588 1547 3659 ipsos
1582 3580 1967 3659 praidicatores
1990 3589 2057 3645 de

474 3675 716 3729 doctrina
746 3675 1081 3745 superiorum
1113 3678 1479 3748 apostolormn
1510 3678 1737 3734 scilicet.
1770 3678 1886 3733 Dixi
1914 3679 2056 3749 quod

473 3767 651 3855 (’88th
677 3776 724 3820 et
756 3769 937 3837 onagri
960 3785 1124 3838 aquas
1145 3770 1404 3826 doctrinm
1426 3772 1700 3840 potabant,
1748 3781 1801 3827 et
1831 3788 1927 3843 per
1952 3758 2057 3828 hoc

474 3872 618 3915 terra
651 3860 741 3914 Dei
772 3860 1024 3914 cultihilis
1050 3861 1369 3929 etiicicntur,
1393 3865 1688 3920 existentes
1715 3879 1863 3919 mare
1884 3864 2053 3933 prius.

474 3952 540 4007 Et
560 3964 699 4006 terra
726 3952 811 4006 illa
839 3953 1137 4019 satiabitur,
1162 3954 1320 4009 idest
1366 3955 1629 4011 satianter
1680 3964 1734 4011 et
1764 3955 1941 4027 ample
1967 3970 2057 4011 re-

472 4042 724 4111 plebitur,
750 4043 815 4096 de
845 4043 1022 4112 fracta
1052 4059 1265 4112 operum
1294 4053 1525 4108 tuorum,
1568 4046 1620 4101 id
1643 4056 1727 4102 est
1769 4049 2053 4103 bonorum.

472 4134 625 4200 Quoi
662 4142 746 4188 est
776 4134 956 4189 dicere
985 4133 1250 4204 :Copiose
1277 4135 1423 4191 dabit
1446 4136 1583 4191 bona
1612 4153 1795 4208 opera.
1821 4140 1954 4194 Cum
1978 4140 2059 4194 di-

471 4224 566 4290 cit,
603 4235 851 4289 tuorum;
899 4224 1037 4280 idem
1075 4236 1160 4281 est
1188 4242 1251 4282 ac
1276 4227 1320 4281 si
1343 4226 1548 4283 diceret
1598 4229 1870 4283 bonorum.
1923 4229 2056 4285 Nam

470 4330 631 4370 omne
658 4315 854 4370 bonum
880 4331 1014 4385 opus
1036 4331 1101 4371 ex
1133 4316 1243 4372 Deo
1265 4325 1368 4373 est.
1405 4317 1534 4372 Dico
1563 4320 1705 4389 quod
1730 4328 1869 4372 terra
1896 4321 2057 4373 satia-

2160 488 2523 553 subditorum,
2550 490 2602 543 in
2647 490 2908 547 doctrina:
2960 492 3429 553 administratione.
3488 502 3670 563 Possem

2158 580 2355 651 quippe
2372 579 2614 649 jnmenta
2653 581 2899 653 intelligi,
2932 582 2985 636 id
3006 592 3088 637 est
3110 585 3395 654 auditores,
3422 599 3474 643 ut
3496 608 3584 647 nou
3609 597 3670 651 in-

2157 672 2530 742 telligerentur
2564 688 2685 729 esse
2710 675 2873 729 servi.
2905 673 3233 732 Servitutem
3274 688 3441 735 autem
3483 699 3562 739 eos
3597 701 3671 756 per

2155 763 2454 834 emphasim
2479 765 2634 831 dicit,
2681 772 2737 818 ut
2766 765 3016 821 humilict
3065 781 3159 823 eos
3206 785 3273 825 ne
3319 772 3380 826 de
3417 774 3671 841 pralatione

2156 868 2250 909 sua
2274 855 2607 924 superbiant.
2657 853 2807 911 Unde
2836 858 3168 928 Apostolus:
3203 878 3221 911 ι
3252 859 3355 916 Nos
3398 874 3553 919 autem
3579 868 3672 923 dico

2154 958 2340 1000 servos
2369 955 2581 1001 vestros
2599 961 2695 1017 per
2717 934 2900 1001 Iesum
2930 946 3019 1017 (II
3043 949 3164 1003 Cor.
3196 965 3268 1015 tv,
3294 951 3365 1020 5).
3398 971 3415 1003 ι
3439 953 3611 1009 Fenum
3631 966 3674 1012 et

2154 1033 2320 1088 herba
2350 1034 2597 1090 carnales
2621 1049 2743 1091 esse
2772 1036 3049 1102 dicuntur,
3095 1053 3163 1093 eo
3212 1040 3349 1109 quod
3397 1043 3458 1096 ad
3499 1045 3671 1100 modum

2156 1124 2261 1180 feni
2288 1133 2344 1181 et
2369 1126 2551 1183 herba:
2596 1126 2894 1181 transitorii
2926 1137 3075 1182 sunt.
3117 1128 3248 1183 Dico
3276 1131 3410 1198 quod
3454 1142 3573 1185 terra
3595 1136 3675 1189 erit

2153 1219 2442 1287 producens
2467 1219 2663 1288 fenum,
2693 1227 2749 1274 et
2778 1219 2845 1274 ad
2874 1220 2975 1275 hoc
2996 1234 3160 1290 supra
3207 1220 3369 1294 410
3394 1224 3517 1279 dicta
3562 1235 3673 1280 terra

2153 1310 2331 1365 fenum
2361 1310 2805 1380 praedicatoribus
2829 1312 3112 1380 producet,
3140 1320 3197 1365 ut
3224 1315 3421 1376 educat,
3451 1314 3497 1368 id
3515 1326 3584 1369 est
3600 1331 3674 1370 ex—

2154 1402 2333 1456 trahat
2369 1418 2555 1471 panem
2593 1401 2855 1456 doctrina:
2884 1404 2947 1457 de
2966 1412 3108 1456 terra
3138 1403 3380 1473 prchata,
3402 1404 3484 1476 qui
3513 1405 3674 1474 ιιι-κιτιιί

2151 1509 2279 1549 vere
2306 1503 2448 1549 terra
2484 1493 2756 1563 dicuntur,
2790 1508 2855 1549 eo
2883 1496 3027 1566 quod
3052 1496 3297 1551 subditos
3318 1495 3676 1567 frugctloctrinat

2152 1599 2262 1639 sua:
2288 1592 2531 1654 pascant,
2570 1585 2711 1640 sicut
2741 1593 2882 1639 terra
2906 1584 3154 1656 frugibus
3197 1586 3308 1641 suis
3358 1586 3577 1643 homines
3609 1603 3677 1658 pa-

2153 1674 2278 1729 scit.
2309 1674 2374 1727 Et
2403 1682 2485 1729 est
2508 1689 2572 1729 ac
2603 1675 2648 1730 si
2680 1675 2868 1730 dicat:
2901 1673 3027 1731 ldeo
3075 1676 3276 1732 subditi
3328 1677 3550 1732 carnales
3583 1693 3679 1748 sng-

2152 1776 2341 1837 gerent
2375 1765 2549 1833 cibos,
2590 1777 2648 1822 ut
2678 1768 2747 1822 ab
2774 1768 2853 1824 eis
2879 1784 3070 1839 panem
3117 1770 3375 1826 doctrina:
3414 1772 3676 1843 suscipiant.

2152 1857 2266 1912 Nisi
2298 1857 2441 1912 enim
2454 1858 2533 1913 eis
2558 1868 2925 1930 suggererent,
2952 1860 3150 1914 harum
3180 1876 3358 1915 rerum
3378 1860 3680 1916 sollicitudine

2154 1946 2395 2016 impediti
2430 1948 2609 2003 minus
2630 1949 2924 2020 prmdicare
2954 1958 3201 2019 possent.
3250 1950 3405 2004 Panis
3429 1965 3589 2005 eorum
3613 1950 3681 2003 do-

2152 2039 2324 2094 ctrina
2337 2055 2571 2109 congrue
2585 2040 2916 2106 nominatur,
2932 2057 2997 2097 eo
3010 2042 3155 2111 quod
3171 2052 3381 2097 terreno
3400 2043 3509 2097 cibo
3524 2042 3681 2112 pretio-

2153 2131 2265 2185 sior
2277 2132 2348 2184 sit
2370 2141 2424 2187 et
2447 2132 2739 2198 robustior,
2763 2132 2902 2187 sicut
2922 2133 3077 2203 panis
3103 2134 3253 2189 omni
3277 2134 3394 2188 cibo
3406 2133 3678 2204 digniorest.

2224 2221 2291 2277 Et
2326 2222 2447 2278 ideo
2478 2223 2657 2278 adhuc
2684 2231 2830 2279 terra
2862 2223 3081 2279 subdita
3136 2223 3318 2279 fenum
3369 2224 3614 2294 producet,
3638 2232 3682 2276 ut

2153 2311 2330 2366 rinam
2356 2326 2387 2366 a
2420 2318 2566 2365 terra
2585 2311 2806 2380 praelata
2836 2320 3173 2383 susceptum,
3201 2312 3422 2380 la-tiﬁcet
3454 2329 3532 2365 cor
3548 2312 3682 2365 hmi-

2154 2403 2255 2469 nis,
2290 2402 2343 2457 id
2367 2410 2454 2457 est
2484 2417 2579 2457 cor
2610 2411 2768 2456 terra:
2794 2402 3024 2458 subdita:
3054 2419 3179 2459 sese
3206 2403 3572 2459 rationabiliter
3608 2401 3683 2456 ha-

2153 2496 2331 2550 bentis
2354 2496 2422 2550 ad
2448 2494 2857 2550 similitudinem
2879 2494 3142 2549 hominis.
3197 2494 3350 2562 Quou
3392 2504 3471 2549 est
3501 2493 3680 2548 dicere:

2153 2588 2278 2644 ldeo
2303 2587 2542 2659 praelatis
2570 2584 2808 2644 carnalia
2838 2587 3290 2658 suppeditabunt,
3339 2598 3395 2642 ut
3415 2602 3502 2657 per
3534 2600 3682 2641 eorum

2155 2678 2417 2734 doctrina:
2450 2677 2633 2746 fidem,
2659 2677 2939 2733 caelestem
2963 2678 3196 2746 gratiam
3221 2678 3482 2747 suscipere
3497 2674 3682 2737 valeant,

2156 2788 2260 2843 qua
2290 2786 2479 2827 eorum
2505 2785 2601 2826 cor
2629 2769 2860 2824 interius
2890 2768 3217 2834 laetificetnr,
3274 2784 3389 2839 qua:
3416 2768 3574 2822 vinum
3610 2779 3685 2834 per

2157 2860 2565 2919 similitudinem
2595 2859 2815 2924 dicitur,
2849 2858 2975 2927 quia
3018 2858 3163 2913 sicut
3199 2859 3413 2921 vinum,
3467 2855 3576 2910 dum
3623 2854 3686 2907 in-

2156 2959 2334 3013 ebriat
2357 2973 2455 3013 cor
2486 2955 2741 3019 hominis,
2770 2955 2972 3010 alienat
2998 2969 3029 3008 a
3054 2955 3305 3019 scientia,
3354 2954 3428 3009 sic
3467 2961 3517 3007 et
3548 2948 3684 3023 gratia

2158 3047 2396 3121 cmlestis
2424 3061 2519 3101 cor
2544 3045 2687 3101 illius
2712 3059 2873 3115 quem
2925 3044 3142 3110 imbuit,
3197 3046 3395 3099 alienat
3436 3058 3462 3097 ιι
3505 3039 3685 3097 scientia

2159 3138 2425 3192 saeculari.
2461 3155 2480 3187 ‹
2515 3136 2790 3205 Sapientia
2821 3134 2967 3190 enim
2994 3135 3156 3205 hujus
3179 3135 3367 3190 mundi
3404 3131 3602 3189 stultitia
3623 3138 3685 3183 est

2159 3229 2297 3298 apud
2331 3228 2499 3282 Deum
2539 3227 2592 3295 (1
2618 3226 2740 3281 Cor.
2771 3241 2849 3290 ιιι,
2877 3224 2990 3295 19),
3020 3244 3047 3277 ›
3086 3241 3159 3281 τις»
3204 3227 3250 3281 si
3299 3225 3476 3280 dicat:
3516 3223 3572 3277 Et
3596 3221 3686 3275 idco

2159 3322 2336 3376 adhuc
2368 3330 2507 3376 terra
2532 3319 2744 3374 subdita
2774 3317 2957 3373 fenum
2980 3318 3260 3388 producit,
3278 3328 3333 3371 ut
3354 3326 3487 3372 terra
3509 3312 3686 3384 prmlata

2157 3411 2412 3465 exhilaret
2436 3411 2623 3480 faciem
2648 3408 2960 3464 interiorem
2994 3418 3157 3463 terrae
3175 3409 3421 3471 subdite,
3472 3404 3686 3459 rationem

2158 3502 2621 3567 viilelicetanimze
2649 3501 2702 3553 in
2728 3499 2864 3565 oleo,
2908 3500 2958 3553 id
3004 3511 3089 3556 est
3144 3502 3199 3556 in
3253 3497 3589 3555 misericordia
3624 3506 3687 3546 rc-

2160 3576 2433 3648 missi‘onis
2458 3600 2829 3663 peccatorum,
2858 3607 2979 3661 quae
3006 3593 3189 3647 oleum
3244 3593 3457 3657 dicitur,
3496 3604 3552 3643 eo
3576 3584 3687 3655 quod

2158 3686 2391 3739 animam
2424 3666 2708 3739 nitidificat
2733 3693 2788 3738 et
2824 3685 3053 3739 hilarem
3086 3685 3241 3750 facit,
3295 3686 3430 3739 sicut
3452 3682 3603 3737 oleum
3631 3675 3688 3730 fa-

2159 3777 2296 3831 ciem
2333 3775 2561 3843 alicnjus
2590 3776 2936 3842 exteriorem,
2966 3776 3009 3831 si
3036 3791 3100 3830 eo
3142 3775 3451 3847 inungatur,
3506 3770 3686 3826 nitidam

2160 3866 2311 3921 facit.
2339 3866 2493 3933 Quod
2521 3874 2606 3920 cst
2636 3880 2699 3920 ac
2753 3866 2797 3920 si
2836 3866 3021 3920 dicat:
3052 3866 3177 3921 Ideo
3226 3867 3306 3921 eis
3346 3864 3485 3935 plebs
3519 3858 3686 3917 subdita

2158 3955 2397 4012 carnalia
2426 3956 2664 4026 suggerit
2694 3964 2751 4009 ut
2770 3955 2976 4025 praelati
2996 3970 3114 4011 eam
3146 3954 3571 4015 misericorditer,
3594 3962 3687 4017 per-

2158 4058 2277 4104 acta
2323 4048 2664 4119 poenitentia,
2694 4063 2722 4103 a
2770 4047 3009 4118 peccatis
3062 4047 3296 4103 solvant.
3348 4064 3366 4097 ‹
3399 4045 3689 4112 Quzccunqlle

2159 4142 2301 4197 enim
2333 4140 2595 4196 solverint
2620 4154 2783 4210 super
2820 4148 3045 4205 terram,
3087 4147 3251 4193 erunt
3279 4137 3447 4193 soluta
3468 4132 3583 4188 etin
3603 4140 3689 4182 ca:-

2159 4234 2226 4289 lis
2256 4232 2471 4305 (Matth.
2502 4248 2655 4297 xvttt,
2690 4232 2798 4303 18).
2835 4251 2853 4284 ι
2895 4232 3200 4287 Notandum
3230 4241 3406 4286 tamen
3454 4225 3577 4299 quod
3605 4235 3685 4275 nou

2162 4325 2455 4380 intentione
2479 4323 2800 4387 carnalium,
2833 4322 2927 4377 sed
2961 4337 3026 4377 ex
3057 4322 3171 4376 sola
3198 4318 3551 4377 misericordia
3601 4311 3686 4366 sol-

474 4406 632 4472 bitur,
682 4417 823 4461 terra
853 4409 974 4463 dico
1000 4409 1293 4479 prodacens
1341 4410 1518 4479 fenum
1555 4412 1824 4480 jumentis,
1873 4410 1924 4465 id
1974 4419 2058 4465 est
2090 4427 2135 4485 ι)
2160 4432 2286 4471 vere
2319 4417 2534 4472 debent.
2561 4415 2734 4471 Aliter
2756 4415 2902 4471 enim
2933 4415 3133 4470 solutio
3158 4432 3267 4469 non
3294 4424 3451 4469 esset.
3482 4410 3591 4465 Sive
3613 4417 3686 4476 per

474 4498 753 4567 proferens
777 4500 1049 4555 carnalem
1078 4516 1259 4556 escam
1292 4502 1759 4571 prredicatorihus,
1787 4502 1947 4557 dictis
1968 4499 2058 4571 ju—

476 4591 692 4656 mcntis,
724 4606 791 4645 eo
816 4593 957 4660 quod
986 4594 1227 4649 subditos
1269 4593 1457 4663 juvent
1492 4603 1549 4650 et
1600 4603 1929 4661 sustentem,
1989 4594 2056 4648 ad

474 4683 874 4738 similitudinem
916 4686 1305 4754 jnmcntornm.
1375 4689 1526 4757 Quod
1548 4697 1632 4745 est
1683 4690 1863 4745 dicere
1896 4708 1909 4745 :
1940 4690 2057 4760 ipsa

476 4773 627 4846 plebs
653 4773 886 4840 subdita,
910 4778 1353 4846 praadicatorihus
1374 4789 1621 4851 smnptus
1657 4782 1899 4837 ciborum
1931 4797 2059 4852 sug-

477 4874 650 4937 geret,
671 4863 823 4932 juxta
851 4868 992 4936 quod
1025 4868 1280 4925 Dominus
1320 4870 1452 4927 dicit
1486 4890 1545 4925 :c
1579 4871 1779 4942 Dignus
1808 4883 1890 4927 est
1926 4888 2056 4942 ope-

477 4958 655 5012 rarius
682 4958 932 5012 mercede
960 4974 1054 5012 sua
1082 4959 1233 5027 (Luc.
1266 4978 1320 5027 ι,
1344 4962 1422 5033 7).
1454 4982 1477 5035 ε
1510 4963 1576 5017 Ει
1608 4964 1661 5018 in
1695 4964 1809 5035 lege
1867 4964 2056 5034 Moysi.

482 5071 501 5104 ι
539 5050 653 5107 Non
687 5051 929 5123 alligabis
949 5067 1012 5107 os
1037 5051 1158 5107 bovi
1193 5029 1672 5125 trituranti.(Deut.
1698 5029 1847 5123 vIb;
1881 5058 1909 5112 1
1932 5029 2056 5112 ἀοῖ.

478 5160 558 5205 ις.
583 5143 662 5214 9).
696 5162 714 5194 ›
750 5142 812 5198 Ει
833 5134 1139 5215 Apostolus.
1170 5160 1190 5194 ι
1220 5143 1275 5198 Si
1313 5160 1409 5199 nos
1435 5148 1586 5201 vobis
1640 5147 1935 5216 spiritualia
1969 5163 2059 5203 se-

479 5234 823 5300 minavimus,
850 5253 1102 5309 magnum
1135 5245 1217 5293 cst
1246 5236 1291 5291 si
1308 5246 1485 5293 vestra
1507 5239 1741 5293 carnalia
1773 5241 2061 5295 metamus?

479 5325 534 5397 (Ι
561 5323 687 5378 Cor.
716 5339 793 5389 Ix,
822 5327 931 5397 11).
962 5347 981 5381 ι
1012 5327 1080 5382 Et
1104 5329 1407 5399 produceus
1432 5327 1520 5382 illa
1540 5337 1679 5381 terra
1695 5328 1912 5384 fundata
1935 5337 2061 5387 sub-

478 5414 589 5469 dita
620 5414 832 5468 herbam
861 5418 1092 5472 servituti
1122 5419 1411 5483 hominum,
1446 5419 1496 5473 id
1528 5428 1611 5473 est
1637 5420 1704 5473 ad
1726 5435 1860 5490 Opus
1884 5423 2059 5478 servi-

481 5500 613 5561 tutis
635 5506 911 5571 hominum
937 5525 950 5563 :
982 5510 1189 5566 scilicet
1215 5527 1492 5569 servorum
1514 5512 1903 5581 ltominum,-ad
1928 5531 2061 5585 opus

480 5598 684 5655 scilicet
715 5600 1149 5671 praedicatorum.
1194 5603 1306 5660 lloc
1333 5615 1512 5661 autem
1546 5605 1687 5660 idem
1728 5614 1811 5660 est
1838 5608 1979 5675 quod
2005 5617 2061 5663 et

482 5694 771 5764 produccns
797 5694 969 5761 fenum
990 5697 1275 5764 jumentis;
1308 5701 1402 5756 sed
1431 5701 1572 5756 aliud
1620 5709 1766 5755 notat
1812 5715 1907 5769 per
1947 5716 2071 5756 scr-

2160 4509 2344 4562 vinum
2398 4507 2710 4576 designatur
2759 4505 2817 4561 S.
2860 4505 3102 4577 Spiritus
3153 4504 3480 4576 septiformis
3526 4498 3684 4571 gratia.

2160 4599 2275 4654 sine
2300 4615 2403 4670 qua
2429 4614 2586 4654 nemo
2608 4598 2867 4664 salvatur,
2925 4610 2985 4653 ut
3009 4597 3239 4668 Spiritus
3264 4595 3467 4653 consilii
3496 4600 3544 4646 et
3567 4585 3686 4643 forti-

2162 4691 2382 4757 tudinis,
2415 4699 2469 4745 et
2490 4699 2685 4745 czctera
2718 4690 2858 4745 dona
2908 4688 3230 4759 Spiritualia.
3271 4687 3375 4742 Per
3415 4684 3571 4739 oleum
3613 4690 3687 4728 att-

2163 4791 2268 4838 tcm
2303 4783 2446 4853 quod
2472 4782 2663 4837 faciem
2695 4782 3022 4838 exteriorem
3052 4781 3357 4845 nilidificat,
3400 4774 3687 4843 accipiuntur

2162 4876 2264 4931 alia
2291 4875 2528 4944 ejusdem
2569 4874 2806 4930 cmlestis
2833 4874 3019 4943 gratia:
3047 4872 3395 4933 charismata,
3422 4881 3529 4938 quae
3565 4868 3685 4914 cxte-

2163 4964 2275 5017 rius
2314 4963 2509 5025 nitent,
2532 4962 2651 5018 sine
2681 4962 2878 5032 quibus
2905 4970 3083 5031 potest
3106 4962 3218 5015 fieri
3264 4958 3501 5017 salvatio,
3524 4962 3569 5005 ut
3596 4963 3683 5017 gn’

2164 5056 2234 5110 tia
2259 5055 2597 5110 curationum
2628 5063 2683 5109 et
2710 5055 3116 5119 miraculorum,
3169 5061 3223 5107 ct
3249 5051 3462 5121 spiritus
3501 5040 3683 5115 prophe-

2161 5148 2274 5212 tize,
2307 5155 2361 5201 et
2390 5156 2581 5201 caetera
2606 5144 2932 5213 huiusmodi,
2961 5153 3015 5200 et
3041 5159 3146 5199 non
3165 5142 3333 5198 solum
3353 5151 3487 5196 terra
3508 5131 3683 5227 ρηῖϊξ

2164 5238 2355 5294 faciem
2388 5247 2545 5292 terra:
2569 5237 2800 5291 subdita:
2823 5235 3089 5291 exhilaret
3115 5236 3168 5288 in
3190 5233 3338 5297 oleo;
3392 5228 3479 5285 sed
3502 5235 3541 5280 et
3564 5232 3682 5291 pan"

2162 5331 2314 5385 vivus
2342 5330 2432 5399 qni
2466 5329 2531 5384 de
2563 5328 2701 5384 cmlo
2722 5327 3004 5383 descendit
3049 5326 3229 5398 (Joan.
3276 5340 3351 5388 vt,
3389 5321 3492 5389 '58),
3535 5325 3682 5370 επηο

2165 5427 2431 5487 mentum,
2474 5418 2685 5473 scilicet
2723 5416 2989 5473 Dominici
3017 5415 3256 5485 corporis
3283 5429 3309 5467 a
3341 5421 3473 5467 terra
3504 5401 3681 5500 prmisit

2164 5513 2369 5575 datum,
2395 5513 2663 5581 confirmet
2690 5513 2741 5566 in
2765 5513 2911 5567 omni
2944 5509 3271 5583 perfectione
3305 5522 3411 5569 cor,
3437 5504 3572 5557 idest
3594 5505 3682 5583 aulo

2164 5621 2304 5660 mam
2332 5603 2557 5658 hominis
2577 5602 3000 5673 uniuscujusque
3017 5602 3177 5672 digne
3195 5592 3535 5667 suscipientis.
3564 5581 3683 5641 Unde

2165 5700 2304 5755 idem
2344 5698 2600 5753 Dominus
2633 5712 2649 5751 :
2682 5716 2698 5750 σ
2733 5697 2832 5764 Qui
2868 5697 3151 5753 mandurat
3173 5696 3313 5751 hunc
3332 5702 3530 5762 panem,
3555 5680 3683 5749 δίεπε
