3840 6338
152 356 269 418 1181

142 497 358 561 scilicet,
382 494 528 550 vivet
553 494 606 550 in
628 504 893 552 aternum
917 496 971 553 in
988 498 1166 552 anima
1192 498 1380 568 (Ibid.,
1408 498 1551 569 58).»
1580 499 1709 555 Dico
1737 483 1784 533 Α

141 592 273 659 quod
307 590 508 644 subditi
536 591 837 661 producent
865 591 1050 649 fenum
1083 594 1354 662 praelatis,
1391 605 1451 650 ut
1474 597 1541 650 ab
1579 597 1708 666 ipsis

139 696 286 751 pane,
310 681 438 734 vino
458 690 514 734 et
532 681 652 735 oleo
677 683 962 747 satientur,
992 693 1047 738 et
1071 685 1141 738 ita
1166 687 1271 739 erit
1300 703 1313 717 ο

203 772 597 827 Saturabuntur
623 773 839 841 quidem
896 774 982 828 his
1024 776 1231 831 divitiis
1280 791 1378 845 per
1433 779 1705 847 prarlatos,

137 881 232 919 non
260 864 435 918 solum
455 862 647 931 Judaei,
677 865 771 919 sed
798 874 853 920 et
886 865 1029 935 ligna
1056 869 1249 936 campi,
1286 868 1340 922 id
1386 878 1470 924 est
1524 871 1707 926 ﬁdeles

134 971 192 1008 cx
221 953 493 1025 gentibus,
521 954 610 1024 qui
641 955 791 1023 prius
813 953 1033 1010 fuerunt
1059 973 1165 1012 non
1198 957 1342 1029 ligna
1372 960 1536 1023 horti,
1585 977 1706 1030 quae

133 1045 306 1099 dulces
355 1043 563 1099 fructus
600 1044 908 1114 proferunt;
964 1049 1057 1102 sed
1088 1048 1228 1117 ligna
1278 1052 1476 1121 campi,
1529 1052 1582 1106 id
1621 1062 1706 1107 est

132 1146 447 1204 generantes
498 1138 724 1192 acerbos
772 1138 980 1192 fructus
1032 1139 1294 1194 malorum
1342 1156 1586 1211 operum,
1638 1144 1704 1197 ad

131 1224 527 1279 similitudinem
554 1225 806 1281 arborum
833 1229 1010 1298 campi
1040 1229 1392 1296 incultarum,
1447 1248 1566 1302 quae
1595 1233 1706 1289 fru-

128 1327 236 1372 ctus
273 1318 504 1373 acerbos
534 1316 832 1387 proferunt.
881 1319 996 1374 Non
1022 1320 1195 1377 solum
1226 1332 1405 1378 autem
1445 1325 1705 1396 ignobiles

128 1422 183 1461 ex
217 1407 470 1476 gentibus
495 1409 906 1476 saturabuntur,
938 1412 1032 1467 sed
1058 1422 1106 1467 et
1134 1415 1277 1468 cedri
1306 1414 1513 1480 Libani,
1549 1417 1599 1471 id
1620 1426 1704 1474 est

125 1498 258 1552 cedri
282 1499 559 1565 candoris,
602 1500 876 1571 principes
918 1503 1128 1559 scilicet
1178 1505 1439 1563 sublimes
1494 1509 1544 1563 in
1575 1524 1704 1563 can—

123 1589 242 1643 dore
273 1590 552 1645 s'ecularis
579 1590 954 1661 prosperitatis
980 1633 994 1657 ,
1024 1596 1090 1648 ad
1127 1597 1342 1652 modum
1391 1599 1700 1665 cedrorum,

122 1696 230 1747 quae
263 1681 527 1737 sublimes
553 1684 784 1738 arbores
834 1693 980 1738 sunt.
1029 1686 1097 1740 Et
1148 1703 1253 1741 non
1301 1689 1702 1761 qualescunque

1075 351 1437 417 EXPOSITIO
1481 357 1545 415 ΙΝ
1581 352 1917 415 PSALMOS.
1955 390 2020 399 —
2050 350 2244 413 PS.\L.
2274 354 2398 413 Clll.

3251 368 3388 425 “82

1810 510 1911 566 pus
1948 504 2221 550 terrenum
2251 494 2673 551 sustentaculum
2703 494 3019 567 habebunt;
3049 501 3175 557 dum
3205 516 3386 562 autem

1811 590 1863 643 in
1911 591 2011 644 hoc
2043 590 2167 644 nido
2200 599 2381 653 erunt,
2433 590 2498 643 ad
2530 591 2961 658 supercmlestem
2996 595 3210 650 domum
3238 600 3385 653 omni

1810 676 2074 731 desiderio
2088 675 2452 743 suspirabuut.
2468 676 2548 729 Ad
2567 691 2727 746 quam
2750 677 2873 745 quia
2893 693 2986 747 per
3000 695 3055 734 se
3073 683 3255 738 venire
3279 699 3384 739 non

1808 775 2044 835 possent,
2075 765 2324 821 Christus
2352 767 2589 821 existens
2614 769 2798 821 domus
2828 768 3052 835 Iterodii,
3084 773 3133 826 id
3162 784 3246 828 est
3272 777 3386 830 exi-

1809 866 1957 912 stens
1988 857 2117 926 ipsis
2158 857 2350 910 domus
2383 857 2569 927 rcfugii
2602 858 2652 911 in
2708 859 2807 913 hac
2839 860 2967 922 vita,
2997 861 3086 928 qui
3123 873 3247 916 sunt
3289 865 3386 920 hoc

1809 949 2010 1010 rodius,
2040 948 2147 1002 erit
2172 947 2281 1001 dua:
2308 964 2487 1001 eorum
2516 989 2530 1011 ,
2566 949 2615 1001 id
2645 959 2726 1004 est
2755 951 2912 1004 ducet
2940 966 3033 1005 eos
3064 953 3129 1006 ad
3160 955 3384 1021 patriam

1768 1069 1776 1075 α
1808 1052 1872 1091 ex
1903 1037 2006 1091 hoc
2035 1038 2182 1101 nido,
2214 1038 2265 1091 in
2295 1053 2402 1107 quo
2451 1037 2517 1090 ad
2564 1048 2771 1107 tempus
2817 1040 3138 1094 habitabunt
3184 1042 3235 1094 in
3287 1042 3389 1096 hoc

1807 1128 2027 1182 mundo.
2057 1127 2286 1197 Exponit
2313 1138 2493 1181 autem
2516 1144 2611 1198 per
2630 1130 2756 1197 quid
2779 1144 2871 1183 eos
2891 1130 3069 1194 ducet,
3102 1132 3202 1185 hoc
3232 1134 3389 1186 modo

1807 1223 2014 1279 scilicet
2042 1224 2146 1278 erit
2173 1223 2282 1278 dua:
2310 1240 2490 1277 eorum
2516 1264 2531 1290 ,
2579 1224 2701 1292 quia
2748 1225 2928 1287 cervis,
2975 1224 3026 1278 id
3069 1235 3151 1279 est
3182 1227 3386 1281 eisdem

1807 1312 2072 1380 fidelibus,
2102 1322 2262 1369 erunt
2288 1312 2478 1367 excelsi
2505 1315 2787 1379 ntoules,id
2816 1324 2898 1369 est
2919 1316 3083 1368 ardua
3118 1326 3386 1387 praecepta

1808 1405 2094 1475 refugium.
2128 1404 2278 1472 Quod
2303 1416 2388 1461 est
2421 1407 2600 1462 dicere
2623 1406 2751 1461 :Per
2772 1408 3060 1461 arduorum
3092 1424 3189 1478 pra
3204 1422 3386 1478 cepto-

1807 1514 1923 1552 rum
1954 1498 2392 1569 completionem,
2437 1514 2531 1553 eos
2568 1499 2634 1552 ad
2665 1500 2893 1568 patriam
2926 1499 3105 1565 ducet,
3150 1516 3268 1568 qua:
3297 1500 3387 1555 hic

1780 1590 1883 1659 eis
1928 1599 2089 1645 erunt
2132 1592 2202 1646 ab
2235 1591 2559 1646 instantibus
2611 1593 3045 1662 suggestionibus
3094 1593 3381 1663 refugium.

1804 1680 2067 1748 Quoniam
2132 1698 2260 1752 ergo
2314 1683 2523 1737 dixerat
2578 1698 2698 1736 eum
2766 1684 2954 1738 ducem
3020 1699 3140 1739 esse
3198 1700 3385 1740 cervo-

119 1770 257 1825 cedri
306 1770 532 1836 Libani;
584 1774 807 1828 sedillce
857 1775 1002 1829 cedri
1045 1793 1174 1847 quas
1218 1778 1491 1847 plantavit,
1541 1782 1592 1837 id
1620 1793 1704 1839 est
1736 1816 1777 1871 Β
1808 1789 1924 1827 rum
1978 1782 2031 1829 et
2093 1773 2355 1845 refugium
2386 1817 2404 1842 ,
2469 1790 2536 1828 ne
2586 1775 2706 1843 quis
2755 1790 2877 1830 eum
2940 1776 3208 1832 dubitaret
3264 1792 3384 1833 esse

118 1878 243 1930 quas
283 1861 426 1917 Deus
446 1864 498 1918 in
528 1865 635 1921 fide
677 1874 732 1920 et
760 1866 811 1920 in
844 1867 974 1937 ipsis
1000 1869 1203 1924 divitiis
1231 1871 1516 1940 plantabit,
1547 1885 1599 1929 et
1629 1876 1697 1931 ad

118 1954 400 2010 utilitatem
422 1971 641 2010 suorum
672 1957 959 2027 plantabit.
994 1959 1115 2014 Illic
1143 1962 1310 2027 enim,
1339 1963 1389 2019 id
1413 1976 1494 2019 est
1523 1966 1575 2020 in
1600 1981 1695 2021 cc-

116 2046 215 2100 dris
249 2046 355 2101 illis
384 2048 727 2115 nidiﬁcabunt
756 2067 1013 2119 passeres,
1040 2052 1089 2107 id
1120 2064 1203 2109 est
1224 2055 1472 2111 solatium
1499 2066 1553 2113 et
1578 2075 1697 2115 sus.

116 2137 439 2194 teutaculum
492 2140 767 2195 habebunt
826 2143 1013 2200 ﬁdeles
1064 2147 1315 2202 monachi
1364 2157 1420 2204 et
1473 2150 1693 2218 clerici,

114 2228 227 2296 quia
270 2244 297 2281 a
326 2230 606 2285 consortio
658 2233 1054 2288 mundanorum
1104 2240 1367 2309 segregati
1416 2250 1576 2295 erunt
1626 2244 1694 2299 ad

112 2317 520 2373 similitudinem
544 2334 845 2389 passerum,
880 2324 969 2392 qui
1003 2340 1032 2377 a
1061 2328 1272 2383 caneris
1298 2328 1486 2385 avibus
1516 2347 1695 2404 segre-

111 2418 323 2475 gantur.
359 2409 412 2464 In
443 2413 813 2468 sustentaculo
858 2431 1092 2486 namque
1138 2418 1412 2478 facultatis
1456 2424 1691 2481 ﬁdelium

111 2500 412 2570 principum
450 2516 715 2572 pauperes
766 2505 966 2562 Christi
995 2520 1392 2569 sustentantur.
1435 2515 1504 2571 Et
1553 2518 1693 2575 bene

110 2593 256 2659 ponit
284 2594 678 2661 nidi/imbuat:
732 2598 872 2653 sicut
912 2602 1055 2656 enim
1085 2604 1321 2660 volucris
1356 2608 1423 2663 ad
1481 2619 1692 2679 tempus

108 2682 292 2736 nidum
328 2684 555 2751 habitat,
610 2686 688 2743 sic
718 2697 775 2743 et
802 2689 902 2759 ipsi
953 2707 1138 2748 eorum
1171 2697 1470 2768 principum
1521 2710 1693 2756 terre-

108 2788 231 2826 num
264 2774 526 2829 auxilium
553 2777 619 2832 ad
648 2778 835 2833 horam
866 2794 1136 2851 expetent,
1165 2802 1270 2840 non
1295 2787 1347 2841 in
1380 2804 1446 2843 eo
1474 2790 1692 2846 inazter-

107 2878 232 2916 nuui
252 2866 569 2934 sperabunt.
604 2887 621 2918 ι
653 2867 967 2927 Maledictus
990 2875 1133 2929 enim
1159 2877 1321 2931 homo
1349 2879 1439 2948 qui
1470 2882 1690 2935 confidit

105 2953 152 3008 in
181 2956 409 3012 homine
431 2998 448 3019 .
484 2967 542 3013 et
589 2960 741 3029 ponit
771 2977 989 3019 carnem
1039 2964 1319 3022 brachium
1368 2985 1524 3024 suum
1571 2982 1625 3028 et
1659 2989 1690 3027 a

102 3042 330 3099 Domino
362 3047 679 3104 recediteor
697 3051 815 3121 ejus
838 3052 973 3120 (Jer.
1004 3071 1138 3120 xv",
1157 3057 1208 3111 5.
1230 3078 1249 3110 ι
1281 3057 1554 3129 Sequitur.
1583 3062 1692 3117 Ile-
1716 3066 1721 3071 ⁷

1804 1866 2066 1935 refugium
2116 1864 2355 1929 illorum,
2424 1865 2512 1935 qni
2560 1880 2659 1919 nec
2710 1866 2852 1919 cervi
2887 1906 2901 1928 ,
2968 1882 3070 1920 nec
3136 1881 3384 1936 passeres

1798 1954 1903 2009 dici
1966 1964 2235 2023 possunt,
2296 1972 2418 2011 cum
2481 1956 2655 2011 adhuc
2725 1956 2779 2009 in
2841 1956 3110 2010 mundana
3188 1958 3385 2011 solliei-

1799 2043 1982 2097 tudine
2032 2044 2323 2112 degentes,
2385 2043 2757 2113 frequentibus
2810 2046 3048 2115 peccatis
3102 2046 3384 2101 involvan-
3463 2068 3475 2081 -

1798 2144 1885 2194 tur
1919 2177 1934 2199 ,
2002 2138 2069 2190 ad
2144 2136 2547 2191 similitudinem
2600 2138 2998 2193 beriuaeiorum
3047 2140 3138 2207 qui
3202 2139 3384 2195 nutltis

1796 2227 1965 2295 spinis
2033 2229 2440 2283 circumdantur
2477 2270 2492 2291 ,
2544 2229 2750 2283 addit:
2808 2228 2923 2283 Non
2987 2228 3159 2283 solum
3234 2230 3382 2286 cervi

1796 2317 2057 2388 refugium
2100 2319 2396 2382 habebunt,
2457 2319 2551 2372 sed
2587 2329 2641 2372 et
2667 2330 2845 2387 petra,
2903 2320 2952 2373 id
2985 2328 3067 2373 est
3111 2319 3378 2384 Christus,

1793 2408 1898 2461 erit
1963 2408 2221 2478 refugium
2285 2409 2564 2463 lterinaciis
2595 2451 2610 2473 ,
2663 2409 2714 2463 id
2771 2419 2857 2463 est
2922 2409 3028 2464 illis
3097 2412 3383 2465 mundanis

1794 2502 1883 2572 qui
1917 2511 2040 2556 sunt
2067 2501 2459 2571 comparabiles
2508 2501 2815 2555 hcrinaciis.
2875 2501 2994 2556 Erit
3036 2502 3250 2571 quidem
3302 2504 3383 2557 eis

1796 2590 2058 2662 refugium
2090 2608 2186 2662 per
2214 2591 2628 2660 completionem
2662 2592 2927 2644 minorum
2964 2603 3377 2661 praeceptorum,

1792 2690 1846 2734 et
1867 2681 1910 2735 si
1945 2696 2048 2734 non
2071 2681 2276 2750 possint
2304 2681 2609 2750 pertingere
2633 2681 2699 2733 ad
2727 2680 2977 2734 sublimia
3014 2684 3258 2734 mandata
3284 2681 3379 2736 Dei

1792 2785 1911 2837 qum
1949 2786 2053 2824 non
2085 2771 2201 2824 ideo
2244 2770 2499 2824 dicuntur
2546 2780 2810 2839 praecepta
2846 2780 2902 2823 ut
2930 2786 2998 2823 ex
3046 2770 3376 2824 necessitate

1793 2861 1934 2914 Deus
1966 2875 2026 2913 ea
2057 2859 2333 2930 praecipiat
2378 2859 2654 2928 compleri.
2686 2858 2838 2913 Unde
2870 2859 3158 2927 Apostolus
3205 2861 3372 2913 dicit:

1797 2969 1813 3000 ι
1852 2950 1927 3002 De
1956 2947 2257 3019 virginibus
2283 2956 2610 3016 prteceptum
2640 2946 2985 2999 Domiui‘non
3023 2946 3215 3007 habeo,
3247 2961 3373 2999 eon-

1790 3041 1966 3095 silium
1998 3049 2176 3093 autem
2208 3040 2277 3092 do
2303 3037 2350 3110 (Ι
2392 3038 2513 3092 Cor.
2544 3054 2636 3102 vn,
2681 3037 2798 3107 ‘25).
2838 3056 2856 3089 ι
2885 3037 3015 3091 Dico
3047 3038 3188 3106 quod
3221 3036 3369 3091 cervi

103 3135 619 3209 rodiidomusﬁll
653 3142 763 3195 dua;
804 3153 902 3208 eu,
958 3144 1009 3198 id
1031 3156 1118 3200 εει
1146 3148 1251 3201 em
1277 3164 1476 3202 εοηηη,
1516 3150 1685 3206 Hem.
1713 3152 1759 3215 ς
1789 3142 1843 3187 et
1883 3132 2140 3187 hcriuacii
2195 3131 2457 3201 refugium
2506 3130 2724 3194 habent,
2756 3130 2845 3199 qui
2881 3145 3068 3184 omnes
3116 3130 3207 3183 filii
3247 3138 3373 3183 sunt

100 3224 221 3279 dius
258 3235 441 3281 autem
478 3231 593 3285 avis
636 3235 879 3289 estadeo
918 3234 1073 3292 fortis
1122 3247 1181 3292 ut
1228 3240 1392 3293 etiam
1449 3243 1683 3312 aquilam

100 3316 279 3371 vincat
306 3328 362 3372 et
395 3320 708 3388 interﬁciat,
735 3339 857 3393 qua:
885 3327 1002 3382 avis
1026 3328 1076 3382 in
1109 3332 1363 3386 cavernis
1408 3342 1682 3403 petrarum

98 3406 328 3463 habitat.
359 3411 466 3466 Per
489 3422 696 3482 petram
715 3430 865 3487 ergo,
890 3426 949 3472 ut
962 3419 1074 3487 jam
1098 3436 1241 3492 sarpe
1266 3424 1554 3480 indicatum
1575 3436 1681 3492 est,

97 3496 344 3555 Christus
373 3505 759 3559 convenienter
786 3508 1051 3578 accipitur
1077 3528 1091 3563 :
1115 3526 1212 3581 per
1241 3512 1529 3569 llerodium
1554 3530 1683 3571 vero

98 3592 409 3657 spirituales
436 3595 560 3661 viri,
607 3612 745 3666 quos
771 3599 1018 3667 superius
1068 3619 1308 3670 passeres
1343 3588 1524 3669 dixit,
1587 3606 1681 3675 qui

98 3695 212 3736 cum
240 3684 333 3737 hic
359 3683 635 3740 diabolum
668 3687 722 3740 in
763 3703 954 3758 magna
1003 3700 1155 3759 parte
1203 3703 1506 3762 superent,
1556 3711 1680 3750 cum

95 3771 209 3839 ejus
237 3775 681 3844 suggestiouibus
708 3790 1042 3848 repugnant;
1072 3782 1123 3835 in
1150 3781 1333 3837 futuro
1356 3799 1422 3838 ex
1462 3794 1575 3839 toto
1602 3786 1681 3840 sic

96 3881 213 3920 eum
240 3868 574 3923 interﬁcient
604 3871 812 3925 meritis
856 3873 967 3928 suis
998 3859 1058 3927 ut
1098 3891 1197 3930 nec
1249 3876 1301 3930 in
1352 3877 1432 3932 eis
1486 3877 1682 3932 habeat

95 3959 462 4029 suggestionis
487 3960 784 4016 licentiam.
816 3963 916 4030 Qui
941 3964 1186 4021 diabolus
1212 3982 1307 4033 per
1334 3968 1567 4037 aquilam
1595 3968 1679 4023 in-

96 4049 375 4118 telligitur,
405 4064 526 4118 quzc
556 4051 789 4107 volucris
817 4069 983 4123 rapax
1017 4064 1121 4120 est,
1155 4072 1221 4111 eo
1244 4060 1386 4127 quod
1433 4059 1548 4129 ipse
1572 4059 1675 4116 sibi

95 4153 287 4208 rapere
318 4140 505 4197 fideles
536 4142 799 4198 intendat.

159 4228 372 4285 Horum
402 4232 580 4301 itaque
606 4234 838 4291 ﬁdelium
888 4236 1193 4295 ﬁrmissima
1236 4250 1387 4311 petra
1428 4242 1676 4300 Christus

92 4319 288 4374 domus
311 4332 394 4375 est
424 4322 639 4394 refugii,
672 4324 738 4379 ab
765 4326 923 4396 hujus
953 4328 1074 4383 vita:
1096 4333 1549 4402 peregrinatione,
1580 4350 1675 4390 eos

93 4415 157 4467 ad
188 4414 426 4483 patriam
474 4416 744 4472 etelestem
772 4434 867 4487 per
917 4421 1329 4489 completionem
1385 4436 1675 4495 przecepto-

94 4523 214 4561 rum
257 4523 483 4562 suorum
518 4510 803 4565 reducens.
839 4511 1100 4567 Dicuntur
1152 4516 1314 4569 etiam
1354 4517 1510 4571 iidem
1543 4519 1676 4573 fide-

91 4598 168 4653 les
206 4599 357 4653 cervi
404 4615 538 4668 quos
566 4598 679 4667 jam
724 4619 973 4673 passeres
1019 4616 1074 4660 et
1122 4606 1370 4662 herodios
1420 4608 1672 4672 diximus,

91 4688 213 4756 quia
264 4688 406 4742 sicut
452 4689 596 4743 cervi
646 4692 912 4760 serpentis
979 4707 1182 4748 venena
1230 4703 1571 4757 consumunt,
1621 4704 1678 4749 et

90 4796 213 4834 cum
243 4796 273 4834 a
306 4780 531 4836 canibus
559 4784 935 4853 insequuntur,
964 4786 1172 4855 Spineta
1194 4802 1403 4841 summa
1434 4786 1675 4856 agilitate

89 4886 143 4929 et
178 4877 301 4931 sine
328 4877 711 4946 impedimento
738 4880 1066 4945 transiliunt,
1092 4892 1144 4937 et
1166 4882 1232 4936 ad
1254 4882 1498 4937 excelsos
1527 4898 1675 4938 mon-

92 4979 171 5021 tes
203 4966 501 5038 refuginnl,
552 4968 630 5023 sie
677 4980 732 5025 et
758 4970 857 5040 ipsi
895 4972 993 5025 viri
1024 4972 1207 5027 fideles
1237 4973 1487 5026 vitiorum
1532 4974 1582 5026 in
1614 4988 1673 5029 se

90 5070 139 5110 et
164 5060 217 5112 in
249 5059 375 5113 aliis
398 5074 599 5114 venena
615 5071 957 5127 consumunt,
984 5073 1036 5118 et
1055 5064 1669 5118 etnueisdiabolicarnm

90 5151 495 5223 snggestionum
519 5153 727 5223 spineta
765 5164 1084 5221 occurrunt,
1132 5172 1195 5212 ea
1224 5172 1337 5211 suae
1365 5158 1672 5214 sanctitatis

90 5246 332 5313 agilitate
364 5244 511 5300 illzesi
547 5246 873 5310 transiliunt,
903 5257 958 5301 et
987 5248 1329 5303 ad'sublimia
1369 5250 1567 5304 Christi
1617 5258 1672 5304 et

91 5338 252 5390 ardua
273 5347 536 5407 prmcepta
555 5338 873 5406 complenda
904 5338 1325 5411 refugiunt,qn:c
1340 5352 1560 5411 propter
1586 5343 1665 5397 sui

91 5429 460 5482 excellentiam
502 5431 775 5484 montibus
796 5442 1196 5501 comparantur,
1220 5449 1285 5487 eo
1327 5434 1470 5503 quod
1510 5434 1669 5488 nimis

90 5520 138 5570 al
165 5536 191 5571 ιι
216 5523 429 5575 sinteta
445 5520 574 5575 solis
594 5521 848 5592 perfectis
878 5522 1171 5592 completa;
1204 5526 1336 5580 sicut
1368 5525 1667 5595 virginitas,

89 5615 269 5668 mundi
289 5626 651 5686 contemptus,
668 5625 722 5671 et
741 5626 939 5671 cratera
965 5617 1284 5685 lmjnsmodi.
1307 5619 1509 5672 Littera
1539 5632 1664 5672 vero

94 5705 168 5759 sic
198 5706 487 5775 adaptatur
515 5725 527 5761 :
559 5708 691 5762 Dico
723 5708 865 5772 quod
885 5726 1116 5777 passeres
1147 5710 1195 5763 in
1226 5711 1398 5764 cedris
1427 5710 1667 5777 nidi/im-

94 5798 231 5865 l'tm',
259 5800 467 5854 sci.icet
496 5800 546 5853 in
577 5800 830 5856 facultate
864 5800 1095 5855 ﬁdelium
1117 5802 1416 5873 principum
1443 5804 1506 5858 ad
1533 5814 1663 5859 tcta-

1787 3224 2061 3278 Ecclesiae.
2098 3223 2159 3276 Et
2191 3238 2414 3277 necesse
2458 3224 2671 3292 quidem
2718 3224 2823 3276 erit
2865 3222 3156 3277 Ecclesiam
3203 3231 3368 3276 totam

1787 3315 2050 3386 refugium
2080 3313 2298 3370 habere.
2330 3315 2466 3369 Deus
2493 3314 2635 3369 enim
2665 3314 2783 3383 fecit
2810 3314 2990 3369 lunam
3016 3330 3365 3369 excursurain

1785 3409 1839 3462 in
1866 3419 2119 3477 tempora,
2145 3407 2195 3462 id
2223 3415 2307 3462 est
2343 3407 2500 3461 faciet
2527 3406 2821 3461 Ecclesium
2850 3421 3003 3461 suam
3050 3408 3190 3462 lunae
3217 3424 3367 3462 com-

1784 3500 2101 3569 parabilem,
2129 3508 2183 3553 et
2215 3500 2315 3554 hoc
2352 3516 2456 3553 non
2497 3499 2547 3552 in
2583 3508 2870 3563 mternum,
2905 3500 2999 3554 sed
3047 3500 3365 3554 duraturam

1785 3592 1838 3646 in
1866 3592 2219 3647 similitudine
2244 3593 2405 3655 lunre,
2436 3592 2671 3662 quandiu
2720 3601 2958 3660 tempora
3003 3592 3116 3647 haec
3145 3591 3369 3646 saecula-

1782 3685 1913 3740 laria
1955 3686 2242 3740 durabunt.
2274 3685 2425 3753 Quod
2471 3695 2555 3741 est
2599 3685 2817 3742 dicere:
2847 3686 3031 3741 Faciet
3075 3701 3193 3740 eam
3246 3686 3368 3740 tal‘s

1783 3787 1990 3832 natura:
2017 3786 2073 3830 ut
2101 3778 2272 3847 possit
2300 3793 2546 3834 crescere
2577 3780 2629 3833 iu
2675 3778 2985 3844 virtutibus,
3034 3789 3090 3835 et
3135 3779 3368 3835 deﬁcctc

1780 3869 1847 3923 ad
1877 3867 2092 3922 modum
2132 3868 2270 3923 luna:
2299 3870 2593 3924 crescentis
2622 3878 2677 3923 et
2699 3870 3080 3926 decrescentis.
3307 3890 3335 3911 ·

1851 3957 2152 4013 Notandum
2173 3969 2349 4015 tamen
2367 3962 2507 4030 quod
2528 3976 2632 4016 non
2655 3961 2852 4017 habent
2868 3976 2933 4015 ex
2951 3961 3059 4016 Deo
3072 3963 3212 4032 quod
3230 3962 3364 4017 defi-

1779 4050 1930 4105 ciunt
1961 4049 2185 4116 fideles;
2223 4051 2317 4105 sed
2350 4050 2685 4105 solummodo
2714 4066 2807 4107 eos
2837 4052 2969 4105 tales
2995 4053 3139 4114 fecit,
3172 4062 3227 4104 ut
3248 4067 3367 4105 ere-

1778 4157 1930 4197 scere
1959 4143 2169 4212 possint
2195 4152 2249 4196 et
2303 4144 2640 4199 decrescere.
2677 4144 2908 4213 Exponit
2938 4161 3118 4197 autem
3148 4144 3365 4212 quando

1776 4234 2028 4289 deﬁcient
2056 4235 2156 4301 sic,
2185 4236 2305 4289 dico
2330 4236 2584 4305 quoniam
2630 4235 2869 4289 Ecclesia
2910 4234 3233 4289 delectibilis
3261 4236 3367 4289 erit

1777 4335 1835 4379 ut
1862 4326 1983 4380 luna
2011 4365 2027 4391 ,
2056 4336 2109 4381 et
2143 4336 2268 4380 tunc
2297 4326 2512 4394 quidem
2542 4325 2755 4380 deficiet
2782 4329 2998 4394 quando
3037 4324 3114 4378 sol
3137 4326 3361 4395 justitiae

1775 4417 2022 4472 Christus
2048 4420 2127 4473 eis
2157 4418 2388 4482 occidet,
2434 4419 2622 4488 gratia:
2664 4433 2774 4471 sua:
2818 4417 3157 4487 splendorem
3186 4420 3255 4473 ab
3284 4420 3365 4473 eis

1779 4508 2088 4564 auferendo.
2132 4510 2197 4564 Et
2239 4509 2318 4563 sol
2350 4510 2437 4564 ille
2469 4526 2572 4563 non
2604 4510 2813 4564 occidet
2859 4511 3062 4580 absque
3107 4513 3313 4565 ratione
3343 4530 3360 4573 ;

1778 4600 1870 4654 sed
1900 4601 2158 4669 cognovit,
2190 4600 2242 4654 id
2268 4610 2353 4655 est
2380 4611 2669 4670 cognoscet
2695 4617 2934 4654 occasum
2957 4618 3134 4663 suum.
3158 4603 3364 4657 scilicet

1776 4701 2064 4762 cognoscet
2087 4707 2324 4752 causam.
2350 4708 2517 4762 quare
2537 4691 2588 4745 in
2607 4691 2685 4746 eis
2706 4691 3057 4746 occideudmn
3083 4693 3170 4745 sit.
3196 4691 3362 4764 4Ῑ2

1776 4783 1881 4838 Pro
1910 4784 2066 4840 malis
2096 4784 2289 4855 quippe
2324 4784 2532 4839 meritis
2558 4799 2743 4838 eorum
2764 4825 2776 4849 ,
2808 4783 2861 4837 in
2892 4783 2970 4837 eis
3000 4785 3230 4839 Occidet.
3258 4784 3358 4837 Fa-

1776 4877 1852 4931 cit
1881 4884 2065 4930 autem
2094 4878 2475 4946 apostropham
2502 4876 2568 4931 ad
2599 4876 2762 4930 Deum
2790 4892 2853 4930 ex
2885 4875 3164 4931 affectione
3195 4879 3359 4931 nimia

1776 4970 1875 5026 sic.
1917 4969 2065 5028 Dico.
2099 4985 2131 5023 ο
2156 4969 2233 5023 sol
2258 4969 2503 5036 iustitia},
2536 4970 2773 5037 Christe,
2818 4968 3070 5040 quoniam
3098 4971 3147 5023 in
3174 4970 3360 5024 Eccle-

1775 5064 1867 5117 siae
1897 5063 2217 5130 quibusdam
2251 5063 2374 5116 ﬁliis
2399 5062 2635 5126 occides,
2673 5074 2727 5118 et
2760 5064 3052 5119 occidendo
3084 5063 3136 5115 in
3165 5063 3243 5114 eis
3265 5079 3358 5129 pn-

1774 5153 1947 5215 snisti,
1980 5150 2030 5205 id
2062 5162 2143 5206 est
2191 5167 2358 5222 pones
2402 5153 2638 5206 tenebras
2680 5162 3043 5222 peccatorum.
3091 5150 3244 5215 Quod
3272 5160 3357 5204 est

1773 5245 1991 5301 dicere:
2029 5244 2410 5299 Subtrabendo
2439 5247 2507 5300 ab
2535 5247 2613 5301 eis
2643 5246 2812 5299 lucem
2845 5244 3031 5315 gratize
3076 5253 3199 5308 tuac,
3234 5260 3355 5312 per-

1774 5338 1953 5391 mittes
1984 5338 2035 5392 in
2066 5337 2146 5392 eis
2173 5340 2485 5409 contingere
2519 5338 2767 5392 tenebras
2792 5347 3162 5407 peccatorum,
3200 5347 3247 5391 ct
3275 5338 3355 5391 sic.

1773 5430 1913 5499 [acta
1940 5440 2037 5494 est,
2072 5431 2121 5486 id
2159 5441 2242 5486 est
2270 5433 2347 5487 sic
2383 5434 2470 5486 fiet
2495 5433 2550 5485 in
2581 5431 2659 5485 eis
2689 5447 2813 5493 nox,
2834 5432 2884 5484 id
2910 5439 3013 5494 est,
3038 5433 3352 5495 excarcatio,

1773 5534 1830 5576 ut
1879 5525 1928 5577 in
1976 5527 2211 5595 peccatis
2259 5523 2567 5587 cxistendo,
2615 5524 2785 5591 niagis
2818 5524 2990 5579 adhuc
3038 5525 3352 5579 sordeseam

1771 5616 1955 5687 (Apoc.
2003 5635 2136 5681 χχιι,
2186 5620 2296 5686 11).
2371 5617 2480 5671 lloc
2519 5624 2697 5669 autem
2750 5617 2880 5671 dicit
2913 5617 2977 5670 ad
3036 5618 3221 5686 gratia:
3252 5616 3344 5670 Dei

1769 5712 2311 5775 commendationem,
2342 5719 2401 5763 ut
2438 5725 2556 5764 eam
2592 5708 2762 5775 magis
2808 5717 3053 5778 optemus
3084 5725 3203 5760 cum
3230 5709 3348 5762 sine

1772 5805 1887 5871 ipsa
1922 5802 1994 5857 nil
2032 5803 2155 5857 boni
2184 5802 2363 5857 faccre
2392 5803 2663 5873 possimus
2722 5804 2852 5857 Dico
2888 5803 3026 5874 quod
3059 5801 3147 5858 ﬁet
3189 5803 3238 5858 in
3266 5804 3347 5859 eis
