3840 6338
452 218 591 273 “85

1010 212 1069 269 S.
1112 212 1461 269 BIiUNONlS
1498 210 2141 269 CARTHUSIANORUM
2178 212 2665 272 lNSTlTUTORIS
2700 214 2854 272 OPP.
2892 217 3068 273 PARS
3101 217 3143 271 Ι.

3549 223 3668 291 uss

444 345 551 385 uox
579 330 974 393 excmcationls,
1004 336 1059 381 et
1095 328 1149 380 in
1194 327 1307 395 ipsa
1354 336 1534 388 nocte,
1582 325 1633 379 id
1665 333 1747 381 est
1785 323 2018 394 quandiu
2048 332 2097 387 Α
2125 336 2390 395 tetupora,
2422 327 2474 381 id
2514 336 2597 382 est
2639 343 2759 396 qua:
2792 329 2971 382 laudiu
2998 331 3101 384 erit
3130 331 3375 400 quandiu
3406 334 3513 390 hac
3552 345 3668 394 tem.

447 422 501 475 in
542 420 624 474 eis
652 433 758 473 nox
804 418 1187 472 excmcationis
1235 416 1378 481 erit,
1420 416 1809 483 pertransibunt
1841 416 1893 469 in
1929 430 2024 470 eos

448 514 627 567 eundo
639 512 704 567 de
718 512 1015 567 tentatione
1042 512 1093 564 in
1119 513 1466 565 tentationem
1487 526 1659 564 omnes
1672 510 1847 564 bestia:
1858 508 2022 575 silete,

448 604 654 659 scilicet
682 601 901 671 maligni
932 601 1153 670 spiritus
1175 601 1421 656 crudeles
1454 609 1508 655 et
1537 601 1937 655 irrationabiles
1958 602 2026 658 ad

450 713 539 751 mo
561 698 666 749 lum
696 695 991 749 bestiarum
1025 710 1041 759 ;
1073 695 1163 763 qui
1201 694 1372 747 solent
1410 692 1653 749 habitare
1689 694 1742 748 in
1774 694 1929 760 silva,
1973 695 2028 751 id

449 799 534 841 cst
563 788 615 841 in
638 786 885 856 gentibus
908 801 1026 855 qum
1050 786 1260 840 inculta:
1277 797 1401 841 sunt
1428 796 1486 841 ut
1514 786 1682 842 silvas.
1710 786 1824 843 Non
1853 788 2028 845 solum

451 890 632 932 autem
661 877 893 947 majores
919 878 1124 943 bestizn,
1150 879 1201 932 id
1223 887 1305 933 est
1328 879 1532 947 praelati
1561 880 1778 952 maligni
1806 882 2030 951 spiritus

2125 434 2254 486 pora
2286 419 2582 473 durabunt.
2629 418 2696 473 Et
2740 435 2838 489 per
2872 422 2986 475 haec
3033 421 3281 476 Ecclesia
3324 427 3668 497 constituetur,

2125 513 2251 580 quia
2265 510 2344 565 sol
2356 512 2583 582 justitia:
2593 512 2843 566 Christus
2856 514 3088 582 cognovit
3106 530 3355 568 occasum
3372 531 3533 581 suum,
3546 518 3590 572 id
3600 533 3669 577 est

2128 614 2411 673 cognoscet
2438 614 2665 659 mortem
2685 644 2699 667 ,
2721 604 2932 660 scilicet
2959 607 3249 672 morietur,
3277 615 3334 660 et
3366 622 3459 675 per
3473 620 3669 667 mortem

2129 696 2380 766 ejusluua
2394 738 2407 762 ,
2424 697 2475 752 id
2490 684 2574 752 est
2591 696 2857 761 Ecclesia,
2872 697 3260 751 constituetur.
3284 696 3670 767 Exponitautem

2129 805 2227 860 per
2261 789 2390 860 quid
2412 788 2489 843 sol
2512 788 2692 842 veniet
2711 787 2779 842 ad
2794 802 3072 852 occasum,
3093 786 3309 843 faciens
3329 792 3672 860 apostrOpham

2135 883 2202 936 ad
2232 883 2407 951 ipsum
2438 881 2605 937 solem
2638 894 2877 951 congrua
2916 881 3155 944 ratione,
3204 880 3288 935 sic
3318 897 3333 935 :
3367 880 3518 946 Dico,
3546 896 3575 937 ο
3599 883 3675 939 Sol

451 970 857 1035 pertransibunt,
885 969 977 1023 sed
1006 970 1167 1023 etiam
1197 970 1356 1025 catuli
1386 971 1612 1037 leonum,
1648 973 1701 1028 id
1749 985 1832 1029 est
1861 976 2035 1029 mino—
2126 975 2383 1047 justitizn,
2413 974 2666 1044 quoniam
2692 971 2878 1027 venies
2906 971 2973 1025 ad
3003 985 3284 1037 occasum,
3323 980 3379 1026 et
3407 987 3524 1028 ecce
3543 973 3675 1045 513

455 1074 543 1113 res
571 1070 628 1114 et
648 1061 866 1123 subditi,
891 1062 1016 1115 dicti
1040 1063 1224 1127 catuli,
1251 1078 1317 1117 eo
1339 1065 1481 1135 quod
1515 1066 1811 1137 majoribus
1832 1067 2032 1123 subditi

454 1161 579 1203 sunt
605 1167 618 1214 ;
648 1150 785 1204 sicut
822 1149 1067 1205 leonibus
1098 1154 1261 1206 catuli
1280 1155 1667 1222 pertransibunt
1708 1157 1760 1209 iu
1793 1172 1906 1222 eos,
1938 1172 2035 1227 per

458 1242 813 1307 tentationes,
845 1244 1136 1311 rugientes,
1167 1246 1219 1299 id
1249 1256 1333 1299 est
1360 1246 1566 1301 feroces
1597 1248 1661 1301 ad
1690 1250 1909 1303 modum
1943 1266 2035 1303 ca-

458 1332 718 1395 tulorum,
753 1349 981 1403 quorum
1013 1336 1265 1391 ferocitas
1296 1353 1393 1407 per
1438 1340 1674 1410 rugitum
1704 1341 2031 1395 ostenditur.

455 1422 520 1476 Et
555 1424 619 1476 ad
648 1426 749 1480 hoc
774 1425 825 1479 iu
859 1443 951 1481 eos
978 1432 1370 1497 pertransibunt
1417 1444 1472 1486 ut
1514 1433 1660 1501 ipsos
1703 1434 1910 1503 rapiant
1943 1450 2037 1504 per

457 1529 818 1580 consensum,
863 1526 915 1572 et
948 1520 1073 1588 quia
1108 1535 1212 1574 non
1261 1530 1516 1591 poterunt
1556 1538 1649 1577 cos
1681 1539 1897 1592 rapere,
1932 1525 2033 1578 nisi

461 1605 686 1658 Domino
711 1609 1084 1677 permittente,
1113 1610 1191 1665 sic
1214 1613 1605 1679 pertransibunt
1634 1622 1691 1666 ut
1720 1614 2034 1683 priusquam

457 1710 551 1750 eos
583 1698 828 1765 rapiant,
858 1711 1095 1769 quierant
1123 1720 1153 1754 a
1177 1702 1287 1756 Deo
1312 1718 1417 1757 non
1453 1720 1585 1759 voce
1607 1706 1700 1759 sed
1729 1707 2032 1776 alTectioue,

455 1785 605 1855 ipsos
639 1805 812 1843 escam
849 1791 983 1856 sibi,
1032 1791 1081 1845 id
1127 1802 1210 1847 est
1252 1806 1497 1863 qua'rant
1530 1814 1557 1850 a
1607 1797 1716 1852 Deo
1766 1798 2037 1854 licentiam

459 1893 554 1933 eos
584 1879 906 1947 devorandi,
931 1883 1074 1937 sicut
1095 1899 1217 1940 esca
1250 1900 1367 1954 quae
1394 1888 1702 1943 devoratur.
1728 1891 1861 1945 Esca
1895 1893 2037 1946 enim

418 1981 431 1995 '
458 1984 645 2025 eorum
679 1972 819 2027 nulla
853 1974 955 2028 alia
989 1985 1099 2041 est,
1132 1977 1231 2031 nisi
1269 1988 1328 2031 ut
1360 1978 1545 2034 fideles
1586 1996 1682 2049 per
1711 1997 2039 2037 consensum

462 2070 698 2131 etiopera
717 2064 853 2119 mala
874 2066 1155 2123 devorent.
1177 2069 1331 2126 Unde
1353 2072 1418 2126 de
1439 2071 1538 2127 Job
1557 2073 1753 2141 legitur
1779 2093 1791 2127 :
1828 2094 1845 2125 ‹
1870 2074 2040 2142 Quem

465 2155 632 2209 Satau
663 2159 817 2227 petiit
845 2169 902 2213 ut
935 2171 1201 2226 tentaret,
1245 2174 1299 2218 et
1346 2164 1470 2217 data
1517 2176 1601 2219 est
1647 2165 1695 2219 ei
1742 2175 1983 2234 potestas
2013 2184 2043 2222 a

464 2246 757 2302 Domiuoin
774 2249 1081 2307 facultatem
1101 2254 1220 2311 etin
1234 2270 1452 2310 carnem
1478 2256 1593 2324 ejus
1614 2258 1735 2325 (Job
1773 2259 1901 2325 11,5,
1921 2260 1997 2329 6).
2021 2280 2039 2314 ι

480 2348 486 2355 ·
537 2337 829 2407 Postquam
888 2343 1127 2399 ostendit
1188 2347 1421 2413 qualiter
1487 2349 1731 2404 Ecclesia
1793 2352 2044 2418 deﬁciat,

469 2430 595 2484 Sole.
640 2434 867 2501 justitiaa
916 2435 1015 2505 ipsi
1048 2437 1361 2501 occidente,
1398 2442 1639 2495 ostendit
1684 2441 1917 2511 qualiter
1947 2461 2046 2499 au-

471 2531 782 2588 gmentetur
824 2524 936 2599 sole
978 2526 1167 2581 eodem
1198 2529 1298 2583 sibi
1332 2530 1543 2586 oriente
1586 2532 1704 2587 sic:
1738 2534 1868 2590 Dico
1905 2537 2051 2605 quod

473 2612 566 2668 Sol
598 2615 848 2671 Christus
890 2618 1213 2687 quibusdam
1265 2622 1518 2678 Ecclesim
1550 2624 1675 2680 ﬁliis
1706 2627 1946 2693 occidet,
1996 2639 2051 2684 et

469 2704 549 2757 sic
598 2705 703 2759 erit
750 2705 804 2759 iu
848 2709 927 2762 eis
963 2724 1098 2774 nox,
1131 2720 1186 2766 et
1220 2714 1610 2780 pertransibunt
1655 2733 1831 2772 omnes
1877 2717 2053 2773 bestia:

469 2795 633 2850 silt'tt’.
666 2798 855 2854 Postea
881 2816 1009 2856 vero
1039 2812 1184 2857 ortus
1206 2815 1281 2859 est
1304 2805 1400 2860 sol.
1428 2806 1484 2861 id
1509 2818 1590 2862 est
1616 2809 1825 2864 orietur
1852 2811 1933 2865 eis
1960 2810 2053 2866 Sol

471 2887 720 2957 justitias,
778 2890 1050 2959 Christus,
1083 2896 1356 2951 reddendo
1410 2898 1489 2954 eis
1520 2898 1692 2955 lucem
1741 2898 1959 2971 gratias,
2006 2914 2054 2958 et

2133 1066 2403 1138 quomodo
2426 1065 2493 1120 ad
2522 1078 2774 1120 occasum
2804 1062 3012 1118 venies.
3046 1059 3183 1115 Nam
3215 1062 3434 1130 posuisti
3456 1063 3677 1127 tenebras,

2136 1157 2393 1214 subaudis
2434 1156 2485 1211 in
2511 1154 2732 1215 Judznis,
2759 1152 2810 1205 id
2845 1160 2931 1206 est
2955 1151 3295 1206 subtrahens
3342 1150 3445 1205 illis
3486 1152 3677 1221 gratiam

2138 1261 2305 1315 luam,
2339 1247 2618 1318 permittes
2661 1245 2713 1299 iu
2741 1243 2822 1298 eis
2863 1255 2984 1297 esse
3040 1243 3301 1295 tenebras
3349 1240 3681 1295 exornationis

2138 1360 2235 1412 pro
2263 1342 2419 1397 malis
2456 1337 2665 1394 meritis
2687 1349 2875 1391 eorum
2912 1375 2926 1399 ,
2949 1343 3005 1389 et
3028 1334 3109 1389 sic
3137 1333 3286 1402 facta
3309 1342 3383 1385 est
3405 1347 3524 1394 nox,
3549 1331 3594 1385 id
3615 1341 3681 1384 est

2140 1439 2232 1492 lict
2256 1451 2402 1490 mors
2431 1433 2541 1489 illa.
2592 1430 2745 1498 Quod
2775 1436 2859 1485 est
2888 1427 3069 1482 dicere
3103 1441 3119 1479 :
3152 1424 3567 1478 Excaecabuntur
3606 1436 3682 1490 per

2140 1528 2565 1585 subtractionem
2618 1523 2825 1594 gratias,
2880 1528 2937 1574 et
2965 1520 3044 1574 sic
3071 1527 3125 1572 te
3163 1515 3441 1570 dabuutin
3469 1524 3677 1568 mortem.

2143 1624 2209 1677 Et
2238 1624 2292 1676 in
2321 1622 2433 1691 ipsa
2466 1625 2645 1680 nocte,
2677 1614 2728 1670 id
2771 1621 2854 1667 est
2894 1611 2949 1665 in
3002 1618 3249 1677 tempore
3310 1606 3475 1675 ipsius
3529 1604 3683 1657 mortis

2141 1713 2529 1785 pertransibunt
2562 1706 2789 1762 diversis
2817 1702 3210 1760 teutatiouiluts
3250 1700 3302 1752 in
3329 1695 3578 1766 apostolos
3596 1712 3684 1749 om-

2142 1824 2231 1860 nes
2263 1805 2438 1858 bestia:
2463 1802 2631 1863 silvae,
2656 1797 2709 1853 id
2731 1806 2813 1852 est
2844 1794 3063 1863 maligni
3097 1791 3328 1862 spiritus
3357 1788 3578 1842 volentes
3610 1800 3685 1839 eos

2147 1910 2402 1952 revocare
2429 1909 2458 1947 a
2498 1908 2593 1961 spe
2629 1885 3046 1944 resurrectionis
3069 1893 3197 1944 tuae,
3218 1897 3252 1936 ο
3276 1880 3507 1944 Christe,
3536 1887 3583 1931 et
3604 1891 3682 1931 ex-

2145 1996 2420 2063 stinguere
2452 1988 2687 2045 nominis
2712 1984 2785 2042 tui
2813 1981 3156 2039 memoriam.
3183 1980 3242 2033 In
3268 1986 3502 2047 tempore
3527 1974 3687 2043 quippe

2148 2081 2412 2153 passionis
2441 2079 2711 2149 praecipue
2740 2073 2844 2127 nisi
2886 2081 3013 2127 sunt
3041 2071 3322 2123 daemones
3352 2064 3599 2135 apostolos
3617 2079 3686 2117 se-

2148 2178 2367 2238 ducere,
2398 2171 2687 2228 occasione
2720 2166 2912 2222 mortis
2940 2161 3167 2223 Christi,
3214 2158 3433 2229 quando
3484 2155 3688 2210 fecerunt

2150 2271 2369 2325 l’etrum
2408 2281 2531 2321 eum
2559 2276 2755 2333 negare
2780 2300 2796 2324 ,
2830 2267 2885 2314 et
2923 2265 3045 2327 post
3088 2254 3358 2308 Thomam
3389 2249 3453 2303 de
3493 2260 3690 2301 resum-

2150 2362 2333 2418 etione
2363 2357 2481 2427 ejus
2517 2354 2788 2416 dubitare,
2829 2356 2884 2402 et
2939 2347 3101 2401 etiam
3134 2342 3401 2411 quosdam
3461 2338 3581 2390 alios
3618 2336 3687 2403 qni

2152 2453 2406 2506 dixerunt
2435 2464 2449 2502 :
2475 2445 2582 2500 Nos
2596 2442 2916 2512 putabamus
2938 2436 3079 2507 quod
3094 2435 3188 2489 hic
3199 2432 3559 2500 redempturus
3578 2432 3689 2479 esset

2152 2540 2316 2597 Israel
2350 2539 2500 2608 (Luc.
2540 2550 2692 2598 xxrv,
2720 2532 2834 2593 21).
2863 2553 2871 2561 ·

2230 2606 2381 2687 Unde
2433 2627 2693 2682 Dominus
2750 2623 2894 2675 circa
2980 2616 3259 2687 passionis
3317 2622 3516 2679 tempus
3564 2606 3691 2661 Petro

2156 2723 2358 2777 dixisse
2385 2719 2614 2791 legitur:
2646 2734 2664 2766 ι
2701 2714 2910 2776 Simon,
2936 2725 3064 2764 ecce
3103 2708 3344 2761 Satanas
3364 2700 3594 2771 expetivit
3615 2711 3689 2749 vos

2156 2826 2216 2869 ut
2249 2803 2487 2869 cribaret
2521 2809 2662 2864 sicut
2705 2805 2967 2859 triticum.
3021 2800 3133 2870 Ego
3194 2808 3379 2852 alitem
3428 2791 3587 2863 rogavi
3615 2803 3689 2858 pro

2159 2915 2235 2969 te,
2270 2910 2323 2956 et
2352 2911 2404 2953 tu
2440 2897 2729 2967 aliquando
2764 2905 3060 2947 conversus
3105 2888 3372 2944 confirma
3398 2884 3574 2939 fratres
3597 2891 3689 2933 tuos

470 2982 681 3037 oriente
713 2981 838 3037 Sole
867 2989 1167 3055 congregati
1197 2997 1339 3058 sunt,
1365 2990 1417 3045 id
1441 2999 1522 3046 est
1553 2996 2051 3063 congregabuntur,
2085 3009 2128 3068 ρ
2163 2979 2312 3066 (an.
2345 3008 2507 3054 ηιμ,
2557 2990 2645 3052 51,
2676 2987 2791 3057 52).
2835 3004 2852 3036 ι
2885 2984 2949 3039 Et
2997 2998 3102 3037 non
3153 2981 3331 3036 solum
3369 2976 3577 3044 majores
3615 2971 3690 3068 be:

473 3071 635 3124 catuli
669 3072 879 3128 scilicet
906 3088 1001 3128 eos
1029 3075 1333 3145 dimittent,
1361 3089 1409 3133 et
1438 3080 1490 3133 in
1521 3080 1776 3136 cubilibus
1814 3085 1925 3138 suis
1949 3085 2057 3139 col-

475 3162 809 3230 locabantur,
836 3165 885 3221 id
907 3175 989 3222 est
1012 3183 1115 3222 non
1139 3169 1309 3223 solum
1333 3186 1425 3227 eos
1446 3172 1750 3243 dimittent;
1776 3177 1869 3231 sed
1892 3178 2058 3232 etiam

477 3273 506 3307 a
536 3257 834 3312 tentatione
860 3258 1172 3314 cessabunt.
1196 3260 1348 3329 Quod
1371 3272 1455 3318 est
1480 3264 1662 3320 dicere
1687 3280 1701 3320 :
1727 3266 2062 3324 Adveniente

478 3345 598 3400 luce
634 3348 824 3418 gratim
858 3349 1183 3419 spiritualis,
1232 3352 1504 3409 dimittent
1532 3370 1628 3411 eos
1654 3356 1876 3426 spiritus
1907 3359 2066 3414 mali-

478 3438 600 3508 gni,
641 3448 695 3493 et
746 3439 827 3495 sic
872 3444 1017 3513 quod
1061 3441 1289 3499 ulterius
1344 3460 1376 3500 a
1424 3447 1722 3503 tentatione
1748 3449 2059 3505 cessabunt.

482 3528 696 3583 Dictum
738 3538 823 3585 est
847 3545 877 3585 a
905 3530 1260 3591 similitudine
1289 3535 1538 3606 luporum
1590 3548 1647 3594 et
1691 3539 1940 3605 leonum,
1971 3542 2063 3611 qui

416 3620 421 3625 λ
484 3629 648 3674 nocte
696 3619 851 3677 silvis
894 3622 1268 3695 egredientes,
1322 3627 1391 3682 ad
1459 3629 1809 3699 prazdandum
1857 3630 2067 3703 disper-

484 3722 708 3783 guntur,
736 3714 950 3770 oriente
973 3731 1104 3774 vero
1134 3717 1279 3788 sole,
1309 3729 1363 3775 et
1390 3720 1752 3793 frequentiam
1785 3723 2065 3780 hominum

489 3804 773 3871 timentes,
825 3805 893 3860 ad
929 3807 1093 3863 silvas
1148 3823 1567 3884 congregantur,
1611 3825 1668 3871 et
1709 3818 1765 3871 in
1811 3816 2069 3871 cubilibus

484 3897 596 3954 suis
636 3896 1021 3963 collocantur,“
1039 3910 1094 3955 et
1126 3910 1234 3956 tota
1265 3903 1352 3958 die
1385 3922 1413 3960 a
1450 3906 1781 3976 praedatione
1827 3916 2066 3964 cessant.

488 3986 619 4041 Dico
646 3989 790 4059 quod
820 3988 945 4045 Sole
970 3990 1178 4047 oriente
1220 3994 1494 4050 dimittant
1542 4011 1636 4052 eos
1679 3998 1987 4064 daemones,
2017 4007 2073 4054 et

490 4080 726 4150 amplius
779 4080 848 4136 ab
892 4098 1081 4139 eorum
1128 4087 1424 4142 tentatione
1472 4087 1780 4143 cessabunt.
1830 4089 1898 4143 Et
1947 4097 2074 4145 tunc

487 4173 645 4228 exibit
676 4174 832 4230 homo
879 4176 1110 4247 quisque
1139 4177 1397 4234 dimissus
1436 4178 1506 4234 ad
1537 4196 1668 4248 opus
1699 4196 1883 4246 suum,
1909 4179 1961 4233 id
1992 4193 2077 4235 cst

489 4284 555 4322 ex
601 4268 738 4324 bona
790 4269 1100 4336 voluntate,
1134 4287 1297 4340 quam
1340 4271 1566 4327 interius
1611 4271 1866 4337 habebit,
1910 4287 2074 4326 unus.

2161 3061 2278 3143 stite
2327 3085 2473 3141 silva:
2504 3079 2911 3151 pertransibunt
2945 3078 2997 3130 in
3029 3073 3329 3143 apostolos,
3356 3070 3445 3125 sed
3478 3077 3525 3123 et
3565 3061 3689 3118 catuli

2162 3179 2392 3240 leonum,
2427 3174 2478 3227 id
2530 3180 2614 3227 est
2673 3172 2931 3228 minores,
2980 3164 3264 3231 rugientes,
3293 3162 3343 3216 id
3391 3169 3470 3214 est
3503 3155 3687 3256 ferpces,

2163 3264 2574 3339 pertransibunt,
2599 3270 2653 3314 ut
2686 3259 2890 3328 rapiant
2926 3269 3022 3310 eos
3045 3268 3141 3323 per
3166 3263 3513 3309 consensum;
3542 3252 3606 3299 sic
3624 3252 3686 3296 ta-

2166 3375 2289 3414 men
2314 3365 2375 3411 ut
2402 3356 2551 3427 prius
2574 3361 2811 3425 quaerant
2847 3364 2943 3405 eos
2960 3363 2990 3402 a
3016 3349 3125 3402 Deo
3146 3363 3327 3402 escam
3346 3343 3457 3399 sibi.
3493 3339 3686 3427 Hacan-

2170 3457 2275 3503 tl-m
2305 3447 2358 3500 in
2382 3426 2484 3500 hac
2511 3440 2779 3498 sententia
2819 3438 2953 3494 utin
3001 3435 3273 3506 superiori
3313 3430 3540 3503 exposui.
3592 3426 3689 3481 Dico

2168 3535 2313 3606 quod
2336 3533 2414 3589 sol
2444 3538 2733 3601 cognoscet
2753 3544 3017 3590 occasum.
3056 3536 3113 3581 et
3173 3526 3229 3580 in
3285 3532 3452 3579 morte
3485 3519 3689 3588 ejnsper-

2168 3627 2461 3684 transibunt
2486 3639 2665 3678 omnes
2691 3621 2868 3676 bestia:
2911 3620 3080 3683 silvaz,
3098 3627 3222 3683 post
3269 3625 3441 3671 autem
3468 3608 3601 3667 'ortus
3634 3615 3689 3660 est

2168 3719 2268 3783 sol,
2298 3719 2350 3773 id
2399 3724 2484 3772 est
2531 3716 2760 3769 orietur.
2815 3712 2960 3767 idem
3003 3710 3097 3766 Sol
3120 3708 3349 3777 iustitiae
3396 3698 3688 3772 resurgendo.

2172 3809 2239 3864 Et
2268 3818 2396 3863 tunc
2428 3804 2726 3876 congregati
2756 3812 2898 3866 sunt,
2938 3802 2990 3856 id
3019 3811 3103 3856 est
3128 3795 3583 3869 congregabantur
3602 3803 3690 3842 aia-

2174 3900 2300 3971 ligni
2324 3897 2583 3968 spiritus,
2613 3894 2821 3949 scilicet
2868 3891 3143 3947 dimittent
3197 3885 3492 3959 apostolos,
3542 3886 3689 3934 etnon

2173 3993 2272 4057 sic,
2300 4001 2358 4045 ut
2379 3997 2497 4060 post
2520 3987 2575 4042 in
2596 4002 2690 4043 eos
2703 3991 3107 4056 pet-transeant.
3139 3984 3236 4037 sed
3286 3990 3333 4035 et
3362 3971 3693 4032 collocabantur

2174 4086 2229 4137 in
2252 4081 2509 4136 cubilibus
2538 4079 2670 4142 suis,
2699 4077 2752 4132 id
2784 4084 2868 4130 est
2889 4074 3115 4129 ulterius
3144 4088 3176 4126 a
3225 4068 3522 4156 tentatione

2178 4173 2351 4235 bunt,
2382 4179 2437 4225 et
2485 4176 2569 4224 est
2615 4167 2720 4221 hoc
2773 4164 2980 4218 dictum
3020 4162 3090 4217 ab
3139 4159 3331 4215 eadem
3375 4147 3689 4211 similitudine.

2178 4280 2298 4333 qua:
2326 4261 2572 4331 superius
2602 4258 2654 4312 in
2677 4257 2781 4312 alia
2822 4253 3089 4310 sententia
3126 4251 3368 4321 exposita
3391 4254 3484 4302 est.
3507 4241 3563 4295 Et

490 4363 723 4433 quisque
756 4363 929 4420 lidelis
960 4364 1135 4420 iactus
1167 4365 1363 4429 hnuo,
1413 4365 1467 4420 id
1509 4374 1592 4420 est
1634 4365 1952 4429 rationalis,
1983 4381 2053 4435 qu

2180 4323 2551 4421 tilnrsqiiisqtre
2578 4347 2967 4419 apostolorum,
3021 4343 3112 4413 qui
3165 4341 3318 4411 prius
3363 4323 3690 4435 erat-bestiolis

492 4456 643 4525 prius
671 4457 955 4513 occidente
1002 4458 1102 4513 sibi
1143 4458 1257 4513 sole
1300 4468 1419 4513 erat
1454 4458 1725 4521 bestialis,
1760 4457 1881 4520 ibit,
1910 4457 1961 4511 id
1995 4464 2079 4511 est

494 4552 905 4618 promovebitur
947 4552 1188 4606 exterius
1236 4552 1304 4605 ad
1359 4551 1559 4606 bonum
1601 4566 1739 4619 opus
1785 4549 1929 4618 quod
1975 4549 2076 4604 erit

495 4642 635 4709 ejus,
675 4657 780 4696 nou
799 4643 1014 4698 diaboli.
1045 4645 1109 4698 Et
1126 4659 1232 4697 non
1265 4644 1434 4698 semel
1459 4644 1617 4698 exibit
1648 4644 1717 4695 ad
1741 4659 1871 4708 opus
1890 4656 2079 4705 suum;

498 4735 593 4789 sed
626 4732 795 4788 exibit
822 4737 889 4786 ad
913 4738 1266 4803 operationem
1299 4752 1469 4799 suam,
1498 4734 1549 4788 id
1574 4743 1655 4789 est
1677 4731 2082 4803 promovebitur

500 4828 568 4882 ad
590 4825 845 4896 frequens
868 4842 1003 4895 opus
1029 4828 1248 4882 bomun.
1266 4827 1547 4897 Frequens
1570 4842 1706 4894 opus
1736 4825 1935 4895 quippe
1956 4837 2084 4892 ope-

502 4920 771 4976 rationem
803 4918 1052 4973 dicimus.
1087 4918 1216 4973 Dico
1245 4921 1313 4972 ad
1340 4920 1693 4989 operationem
1730 4917 1920 4982 exibit,
1951 4930 2082 4985 ope-

502 5014 792 5077 rationem,
824 5011 1070 5080 iuquam,
1101 5010 1416 5064 duraturam
1441 5028 1603 5081 usque
1631 5011 1702 5064 ad
1736 5011 1900 5065 linem
1927 5008 2081 5075 vitae,

502 5103 593 5171 qui
642 5118 740 5169 per
779 5117 1042 5170 vesperam
1074 5098 1358 5167 accipitur,
1388 5114 1451 5153 eo
1478 5100 1621 5169 quod
1669 5099 1735 5153 sit
1784 5099 1907 5153 linis
1956 5097 2082 5151 diei.

504 5196 740 5251 Possunt
788 5195 949 5248 etiam
1000 5194 1088 5248 isti
1141 5205 1332 5245 versus
1372 5190 1450 5244 sic
1498 5191 1716 5259 exponi.
1764 5191 1896 5244 Dico
1944 5187 2087 5257 quod

504 5296 703 5340 montes
732 5297 892 5340 crttnt
915 5285 1173 5355 refugium
1198 5281 1360 5336 cervis
1382 5320 1397 5344 ,
1426 5290 1482 5334 et
1507 5291 1652 5349 petra
1683 5280 1964 5333 heriuaciis
1985 5319 2000 5345 ,
2033 5286 2089 5332 et

508 5390 730 5430 necesse
751 5384 835 5430 cst
858 5390 954 5430 eos
977 5372 1452 5443 utrosquehabcre
1475 5369 1760 5439 refugium.
1782 5371 1924 5423 Deus
1942 5370 2086 5423 enim

509 5470 627 5538 fecit
664 5470 873 5534 lunam,
907 5469 957 5522 id
981 5477 1063 5522 est
1092 5466 1253 5521 faciet
1283 5462 1581 5520 Ecclesium
1619 5477 1772 5517 suam
1804 5460 2089 5515 defectibi-

480 5564 611 5631 ~lem
631 5608 643 5629 ,
673 5574 728 5621 et
752 5572 1087 5619 crescentem
1114 5563 1179 5615 ad
1211 5563 1429 5616 modum
1460 5559 1619 5623 lunae,
1649 5565 1706 5611 ut
1733 5555 1785 5609 iu
1822 5554 2087 5623 snperiori

508 5656 775 5715 sententia
808 5655 1114 5727 expositum
1140 5664 1243 5711 est.
1275 5651 1477 5707 Lunam
1507 5652 1625 5707 dico
1650 5660 2007 5706 excitrsuram
2042 5646 2091 5700 iu

2182 4442 2517 4513 deSperando
2549 4440 2616 4494 de
2663 4434 3062 4491 resurrectione
3095 4431 3260 4497 Solis,
3287 4429 3453 4482 factus
3471 4424 3605 4513 homo
3625 4428 3689 4465 1³³-

2185 4508 2401 4590 tioualis
2463 4530 2730 4585 credendo
2776 4524 3231 4580 resurrectionem
3294 4516 3443 4572 exibit
3495 4508 3553 4563 ad
3595 4513 3689 4590 0W

2182 4641 2336 4679 suum
2362 4633 2410 4677 et
2466 4621 2532 4674 ad
2568 4618 2915 4689 operationem
2948 4628 3103 4669 suam
3152 4612 3458 4664 duraturam
3485 4609 3615 4666 usque
3637 4586 3687 4689 0“

2184 4732 2469 4786 vesperam.
2522 4712 2622 4767 llic
2653 4718 2834 4764 autent
2869 4722 3060 4762 versus
3112 4704 3193 4759 sic
3247 4702 3299 4756 in
3343 4700 3436 4753 hac
3478 4690 3688 4786 senle

2183 4778 2492 4878 exponitur,
2543 4812 2600 4857 ut
2648 4804 2702 4857 in
2759 4798 3025 4869 superiori
3069 4804 3152 4852 est
3198 4778 3686 4885 expositus-Illam?

2186 4871 2365 4955 autem
2412 4897 2652 4967 quinque
2708 4906 2964 4946 versuum
3009 4896 3242 4958 quatuor
3279 4891 3333 4938 et
3384 4871 3687 4971 dittiidiusilc

2187 4994 2343 5050 aliter
2374 4964 2737 5062 ert—ponuntur.
2771 4986 2902 5039 Dico
2947 4980 3088 5051 quod
3120 4978 3390 5049 permittes
3436 4964 3543 5062 poni
3575 4964 3685 5062 lett:

2187 5088 2313 5142 bras
2368 5043 2751 5140 exgmcatiouis
2804 5079 2855 5131 in
2896 5074 3115 5135 Judaris,
3157 5080 3212 5125 et
3249 5070 3324 5123 sic
3378 5076 3465 5135 per
3502 5057 3585 5109 hoc
3622 5043 3687 5097 ἥκει

2191 5196 2316 5245 nox,
2352 5178 2402 5233 id
2428 5185 2509 5233 est
2558 5175 2688 5229 ﬁent
2716 5169 2929 5226 obscuri
2961 5175 3014 5222 et
3052 5162 3327 5227 obcmCati,
3359 5166 3409 5210 ut
3430 5168 3485 5208 ex
3513 5150 3686 5245 low-i3:

2194 5240 2336 5325 tione
2356 5278 2594 5324 careant.
2623 5265 2699 5319 Ac
2721 5264 2764 5317 si
2797 5263 2943 5316 dicat
2966 5279 2978 5313 :
3001 5259 3172 5312 Aliter
3203 5271 3306 5310 non
3332 5240 3683 5325 excaecabuutnr.

2193 5366 2291 5420 nisi
2325 5375 2374 5418 te
2410 5379 2503 5419 eos
2531 5377 2629 5432 pro
2660 5357 2817 5414 malis
2848 5356 3059 5410 meritis
3088 5366 3273 5408 eorum
3309 5361 3398 5418 per
3423 5321 3682 5435 8τ³¹¹³²⁵λ¹ξί

2196 5417 2441 5512 tractioti
2463 5417 2546 5510 ιιι⁵
2568 5460 2880 5509 exczccanto
2918 5457 2977 5501 ut
3025 5456 3074 5501 te
3103 5446 3240 5499 dent
3264 5443 3314 5495 in
3342 5443 3555 5493 mortem.
3600 5417 3682 5514 Νίξη

2195 5552 2366 5608 solum
2400 5560 2578 5604 autem
2633 5546 2731 5615 ipsi
2762 5542 2932 5598 Judaei
2989 5536 3414 5595 cxcmcabuntur.
3462 5518 3681 5615 se"

2200 5648 2309 5701 insa
2334 5652 2511 5709 nocte,
2546 5641 2598 5696 id
2635 5647 2710 5696 es:
2746 5638 2798 5692 in
2826 5631 3130 5699 liniusmodi
3153 5622 3487 5688 cxca‘cationc
3505 5608 3680 5663 ensicu'
