3840 6338
105 368 211 429 1185

105 496 164 539 tes
193 494 345 533 omnes
370 474 535 530 bestia:
576 472 739 542 silvtt’,
785 472 837 528 id
865 483 945 530 est
975 488 1163 528 omnes
1198 472 1423 544 gentiles
1463 469 1605 525 fero-
1637 470 1686 522 Α

102 590 171 629 ces
201 581 248 625 et
292 566 521 623 indomiti
574 575 633 621 ut
682 561 869 622 bestia:
922 566 1071 621 silva:
1117 565 1501 635 pertransibunt
1556 563 1609 616 in

103 660 347 719 Ecclesiam
370 656 691 728 primitivam
722 657 897 712 eundo
924 657 990 711 de
1006 656 1381 725 persecutione
1408 654 1461 708 in
1495 668 1617 723 per-

104 751 404 810 secutionem,
418 761 478 801 ac
488 747 531 801 si
547 747 751 801 diceret
778 760 793 798 :
809 746 1074 813 Quoniam
1092 745 1339 814 gentibus
1353 742 1613 814 praedica-

104 853 215 897 tores
227 839 404 896 Christi
420 846 643 892 mortem
664 844 718 892 et
734 835 1182 891 resurrectionem
1198 832 1613 899 annuntiabunt,

104 936 200 1005 ipsa:
218 942 382 1003 gentes
394 937 697 992 excmcattn,
726 938 779 984 et
792 929 1139 998 acquiescere
1155 925 1420 991 nolentes,
1440 925 1619 979 conci-

104 1027 311 1079 labuntur
336 1022 587 1076 adversus
616 1036 711 1077 eos
757 1021 809 1075 in
851 1019 1097 1089 plurimis
1131 1016 1615 1087 persecutiouibus.

103 1118 188 1170 Non
202 1114 351 1171 solum
384 1121 559 1168 autem
586 1112 972 1182 pertransibunt
998 1111 1047 1164 in
1065 1124 1158 1165 eos
1177 1106 1619 1178 majorcsetprae-

102 1208 198 1273 lati,
224 1205 303 1259 sed
329 1212 380 1258 et
411 1201 571 1257 catuli
604 1201 831 1269 leonum,
882 1201 935 1255 id
966 1209 1049 1256 est
1078 1201 1314 1255 minores
1335 1208 1388 1253 et
1420 1198 1620 1254 subditi

101 1297 331 1364 rugientes,
359 1292 407 1348 id
434 1299 537 1358 est,
563 1291 770 1347 feroces
798 1290 1208 1361 pertransibunt
1243 1290 1298 1344 in
1324 1304 1418 1345 eos
1449 1290 1620 1344 tribu-

102 1386 357 1451 lationibus,
397 1385 460 1438 ad
507 1384 614 1439 hoc
637 1397 690 1437 ut
725 1399 818 1439 eos
877 1384 1108 1453 rapiant,
1145 1382 1197 1437 id
1227 1392 1331 1449 est,
1364 1382 1619 1450 incorpo-

100 1485 203 1531 rent.
228 1477 285 1529 Et
311 1475 556 1545 quoniam
593 1475 695 1530 hoc
717 1475 903 1544 nequit
929 1472 1086 1537 elIici,
1118 1472 1221 1527 nisi
1247 1472 1474 1527 Domino
1496 1486 1619 1541 per-

100 1569 317 1630 mittente,
355 1566 429 1621 sic
464 1566 876 1635 pertransibunt,
918 1574 974 1617 ut
1020 1572 1258 1635 quazrant
1298 1577 1392 1617 eos
1421 1577 1451 1615 a
1507 1561 1618 1615 Deo

98 1675 228 1712 escam
249 1657 358 1723 sibi,
388 1657 597 1711 sellicet
629 1671 733 1710 non
756 1670 910 1733 voce,
934 1657 1028 1711 sed
1077 1657 1192 1725 ipso
1219 1652 1485 1709 desiderio
1524 1666 1619 1708 eos

105 1745 452 1817 incorporandi.
503 1745 757 1813 Qua'rant
794 1761 822 1799 a
862 1746 973 1801 Deo
1005 1761 1098 1801 eos
1124 1746 1324 1805 habere
1349 1744 1617 1811 escam,id

96 1848 173 1898 est,
192 1845 241 1890 ut
261 1834 562 1904 possinteos
580 1835 928 1904 incorporare
955 1836 1020 1888 ad
1037 1834 1439 1889 similitudinem
1455 1847 1613 1899 escae,
1651 1816 1692 1869 Β

98 1941 185 1994 qua:
226 1926 607 1994 incorporatur.
668 1924 845 1994 Ipsum
892 1925 1088 1995 quippe
1118 1925 1273 1978 mala:
1320 1923 1618 1979 voluntatis

96 2031 238 2070 eorum
283 2017 525 2070 meritum
560 2031 589 2069 a
620 2017 728 2070 Deo
775 2015 1026 2087 exigent,
1067 2024 1125 2069 ut
1154 2014 1433 2084 permittat
1471 2017 1617 2083 ipsos

96 2119 240 2158 eorum
268 2104 372 2159 ﬁeri
404 2106 863 2174 iucorporatores,
897 2114 951 2159 et
997 2103 1396 2174 incorporando
1443 2104 1615 2175 magis

95 2192 341 2249 elﬁciantur
351 2205 657 2265 peccantes.
676 2195 869 2251 Postea
892 2211 1020 2251 vero
1035 2197 1248 2250 tandem
1270 2205 1414 2249 ortus
1426 2205 1498 2250 est
1512 2195 1615 2262 sol,

96 2285 133 2337 id
157 2294 224 2340 est
239 2285 430 2341 orietur
458 2286 515 2341 in
542 2288 620 2343 eis
652 2287 743 2343 Sol
764 2287 990 2357 justitite
1024 2286 1317 2343 secundum
1340 2286 1617 2341 illumina-

96 2375 247 2428 tionem
266 2376 458 2446 gratiae,
481 2387 533 2430 et
579 2379 879 2448 congregati
920 2386 1075 2443 sunt,
1124 2377 1176 2432 id
1203 2387 1287 2432 est
1323 2392 1617 2449 congrega-

94 2458 251 2515 bantur
274 2463 322 2517 in
358 2466 567 2519 unitate
593 2465 716 2521 iidei
743 2467 891 2536 prius
920 2482 1017 2536 per
1037 2483 1287 2522 errorum
1323 2468 1614 2522 diversita-

95 2557 173 2603 tem
194 2552 461 2609 existentes
492 2554 673 2622 divisi,
701 2567 748 2609 et
794 2556 874 2611 sic
907 2556 1300 2610 collocabantur
1344 2558 1399 2611 in
1429 2559 1617 2613 cubili-

93 2637 160 2692 bus
174 2643 265 2697 suis
298 2643 645 2700 interioribus
668 2684 682 2710 ,
713 2645 919 2701 scilicet
949 2664 1071 2701 cum
1106 2647 1255 2717 prius
1272 2648 1531 2704 vecordes
1560 2660 1616 2704 et

93 2740 205 2787 extra
228 2735 447 2793 rationes
476 2753 608 2793 suas
630 2736 849 2805 iuerint;
885 2740 1100 2793 tandem
1151 2739 1202 2792 in
1236 2739 1340 2795 fide
1387 2757 1617 2812 congre-

92 2827 170 2893 gati
191 2826 236 2881 in
269 2830 565 2887 rationibus
589 2831 703 2886 suis
730 2832 1088 2887 versabuntur
1120 2832 1285 2905 414
1310 2848 1430 2902 quae
1467 2832 1618 2888 cubi-

94 2913 141 2968 lia
162 2928 266 2972 sunt
288 2922 585 2976 animarum
609 2936 828 2976 suarum
861 2921 912 2975 in
944 2922 1139 2991 quibus
1168 2936 1472 2977 versantur.

140 3005 391 3079 Postquam
406 3027 539 3066 vero
552 3013 603 3065 in
627 3012 883 3066 cubilibus
908 3013 1306 3067 collocabantur
1330 3013 1617 3083 unusquis-

90 3110 166 3165 que
204 3101 504 3168 praedicator
558 3104 795 3159 existens
855 3104 1019 3159 homo
1055 3105 1407 3173 rationabilis,
1456 3107 1616 3160 exibit

88 3186 139 3239 ad
156 3205 262 3256 opus
295 3208 463 3259 suum,
492 3205 547 3246 et
575 3194 644 3246 ad
666 3195 1015 3263 operationem
1038 3212 1209 3260 suam,
1236 3196 1442 3250 scilicet
1490 3212 1614 3251 cum

90 3276 203 3341 prius
226 3283 601 3347 praedicatores
632 3299 737 3338 non
770 3285 1002 3339 audeant
1030 3286 1206 3354 palam
1252 3300 1389 3354 opus
1414 3287 1616 3357 praedi-

86 3368 269 3427 cationis
288 3388 566 3439 exercere,
603 3374 827 3431 exibunt
855 3376 922 3430 ad
946 3393 1073 3445 opus
1098 3395 1273 3445 suum,
1307 3378 1358 3433 id
1389 3386 1471 3434 est
1503 3395 1618 3435 ma-

87 3457 237 3516 niieste
258 3468 587 3522 exercebant
635 3482 772 3539 opus
797 3468 1017 3533 bonum,
1063 3478 1116 3523 et
1145 3485 1252 3524 non
1303 3470 1490 3539 semel,
1522 3472 1617 3527 sed

85 3549 131 3602 ad
153 3557 489 3622 operationem
520 3574 672 3613 suam
696 3558 1010 3613 duraturam
1040 3576 1201 3632 usque
1229 3560 1299 3615 ad
1331 3579 1614 3632 vesperam,

87 3639 125 3693 id
146 3654 214 3699 est
238 3663 394 3717 usque
419 3651 483 3704 ad
521 3650 684 3704 linem
732 3651 946 3717 mundi;
996 3651 1047 3705 in
1080 3667 1185 3721 quo
1216 3661 1363 3706 tanta
1415 3653 1613 3709 iterum

89 3734 163 3789 erit
189 3738 249 3793 ab
275 3742 605 3797 Antichristo
634 3753 688 3797 et
714 3744 832 3814 ejus
863 3744 1126 3799 ministris
1144 3744 1195 3798 in
1226 3744 1411 3801 ﬁdeles
1433 3762 1619 3817 perse—

89 3826 197 3880 cutio
224 3839 277 3883 ut
324 3834 411 3887 vix
452 3833 655 3904 aliquis
709 3833 886 3903 palam
948 3835 1145 3889 audeat
1189 3834 1328 3889 bene
1375 3836 1613 3905 operari.

87 3909 266 3974 Ostensa
289 3922 566 3992 multiplici
594 3938 817 3992 operum
848 3924 941 3977 Dei
970 3924 1393 3994 magniﬁcentia,
1420 3925 1613 3980 borum

86 4020 262 4075 Operam
288 4016 528 4070 contuitu
553 4016 606 4069 in
629 4016 747 4086 ejus
775 4015 982 4070 laudem
1010 4016 1313 4087 prorumpit
1331 4019 1410 4072 sic
1434 4035 1447 4071 :
1475 4018 1617 4087 Ergo

85 4102 293 4166 quoaiam
318 4107 499 4162 omnia
538 4122 659 4177 qua:
708 4107 957 4175 superius
1006 4108 1251 4174 ostendi,
1295 4108 1617 4166 mirabiliter

84 4194 362 4261 operaberis,
380 4215 539 4268 quam
569 4198 903 4267 magniﬁcam
926 4207 1067 4265 sunt,
1090 4198 1142 4252 id
1162 4207 1245 4254 est
1261 4210 1439 4268 erunt,
1460 4218 1617 4272 opera

84 4286 169 4346 tua,
201 4281 447 4342 Domine!
495 4288 564 4342 Et
614 4302 740 4343 vere
798 4287 1157 4358 magniﬁcam.
1222 4289 1412 4346 Omnia
1470 4294 1613 4348 enim

82 4386 209 4440 opera
231 4384 311 4431 tua
333 4380 504 4450 fecisti
526 4380 581 4435 in
610 4379 884 4449 sapientia,
916 4381 968 4433 id
991 4388 1074 4434 est
1098 4381 1279 4435 omnia
1304 4383 1616 4451 operaberis

970 352 1330 418 EXPOSlTIO
1367 357 1432 415 lN
1474 355 1809 414 PSALMOS.
1846 387 1911 400 -—
1952 354 2143 413 PSAL.
2188 356 2317 414 Clll.
2370 434 2373 437 ἰ

2510 432 2513 433 ί
3157 365 3295 445 tias

1726 470 1896 524 solum
1925 470 2152 539 populus
2179 470 2729 545 Ιιιάειὶοιιεροεερεείο
2760 476 2853 532 Dei
2890 478 2994 534 erit
3034 480 3181 536 circa
3229 486 3296 535 b-

1721 575 1843 614 nem
1883 561 2092 626 mundi,
2121 561 2214 615 sed
2243 560 2392 630 prius
2428 561 2481 615 in
2507 570 2748 634 tempore
2785 566 3137 635 plenitudinis
3167 587 3297 642 gen-

1722 649 1853 704 tium
1885 650 2111 721 populus
2160 651 2250 720 qui
2280 652 2481 707 dicitur
2528 655 2639 719 hic,
2675 670 2740 711 eo
2794 660 2934 728 quod
2981 670 3165 718 tantus
3214 675 3300 719 est

1720 744 1863 813 quod
1912 745 2111 813 ubique
2161 753 2427 799 terrarum
2470 747 2641 816 possit
2687 748 3068 819 demonstrari,
3099 763 3155 810 ct
3204 756 3296 825 qui

1720 848 1865 885 mare
1884 832 2105 897 dicitur,
2148 848 2212 888 eo
2251 836 2394 903 quod
2445 835 2512 889 ad
2564 838 2782 892 modum
2823 840 2988 895 maris
3030 843 3297 900 instabilis

1721 921 1791 977 sit
1819 931 1873 976 et
1893 938 2130 985 amarus,
2172 924 2410 993 pleuarie
2453 935 2507 980 et
2541 927 2844 984 voluntarie
2886 929 2979 984 Dei
3033 934 3303 1000 possessio

1721 1014 2004 1071 efﬁcietur.
2047 1015 2177 1071 Dico
2199 1020 2339 1087 quod
2373 1035 2516 1072 mare
2567 1022 2856 1087 spatiosum
2902 1032 2987 1077 est
3034 1025 3300 1091 manibus,

1720 1105 2134 1175 praedicatorum
2188 1109 2527 1163 exercendis.
2579 1110 2644 1163 Et
2696 1125 2917 1165 necesse
2965 1112 3183 1181 quidem
3220 1124 3303 1169 est

1722 1202 1781 1249 ut
1820 1195 1891 1248 ibi
1929 1210 2123 1250 manus
2148 1211 2334 1251 eorum
2384 1209 2762 1252 exerceantur.
2805 1197 2926 1252 Illic
2955 1201 3121 1265 enim,
3149 1201 3306 1256 idest

1723 1285 1775 1340 in
1822 1285 1911 1340 illo
1942 1286 2102 1353 mari,
2142 1286 2196 1341 in
2248 1287 2434 1356 gentili
2486 1288 2713 1359 populo,
2769 1297 2894 1343 sunt
2920 1289 3147 1359 reptilia,
3171 1308 3299 1361 quo-

1721 1390 1838 1427 rum
1883 1391 1987 1429 non
2036 1386 2110 1430 est
2138 1393 2415 1441 numerus,
2481 1377 2535 1432 id
2565 1385 2651 1432 est
2700 1385 2829 1432 sunt
2889 1378 3041 1432 multi
3084 1380 3303 1449 maligni

1721 1467 1965 1535 spiritus,
1991 1468 2082 1538 qui
2119 1469 2328 1538 reptilia
2358 1469 2631 1536 dicuntur,
2663 1485 2728 1526 eo
2750 1471 2890 1540 quod
2918 1484 3014 1540 per
3060 1471 3306 1527 occultas

1725 1556 2051 1613 lentationes
2085 1560 2338 1615 cordibus
2392 1560 2535 1616 illius
2574 1562 2754 1631 populi
2786 1562 3001 1634 gentilis
3034 1563 3302 1634 irrepant,

1722 1647 1789 1701 ad
1818 1647 2227 1704 similitudinem
2247 1649 2523 1718 reptilium
2567 1650 2798 1706 latenter
2825 1652 3148 1720 repentium.
3198 1652 3307 1706 Ex-

1720 1741 1873 1810 ponit
1895 1749 2074 1796 autem
2130 1741 2245 1797 haec
2273 1742 2482 1811 reptilia
2528 1758 2625 1812 per
2651 1753 2834 1812 partes
2863 1743 2939 1798 sic
2966 1758 2981 1797 :
3008 1743 3135 1798 Dico
3160 1751 3305 1813 quod

1719 1833 1828 1887 illic
1855 1843 1980 1890 sunt
2007 1836 2238 1904 reptilia,
2268 1835 2478 1891 scilicet
2515 1835 2771 1890 animalia
2801 1844 2932 1890 sunt
2958 1836 3066 1889 illic
3104 1835 3302 1905 pusilla

1720 1914 1867 1977 cum°
1896 1926 2121 1995 magnis,
2171 1927 2221 1980 id
2261 1934 2346 1982 est
2383 1926 2601 1997 maligni
2652 1928 2877 1997 Spiritus
2918 1935 2974 1981 et
3020 1926 3199 1996 magni
3249 1934 3303 1981 et

1718 2015 1872 2085 parvi
1907 2055 1924 2082 ,
1945 2014 2150 2085 pra-lati
2177 2016 2387 2071 scilicet
2412 2028 2470 2073 et
2503 2017 2724 2073 subditi.
2757 2016 2892 2073 Cum
2916 2016 3048 2072 dicit
3096 2017 3300 2071 anima-

1718 2103 1811 2169 lia,
1831 2104 1970 2159 idem
1993 2113 2081 2160 est
2106 2120 2170 2161 ac
2193 2105 2237 2161 si
2256 2114 2481 2175 poneret
2502 2106 2697 2171 bestite,
2715 2115 2772 2162 ut
2797 2105 3071 2177 superius.
3084 2105 3297 2163 Bestiae

1718 2195 1861 2250 enim
1901 2195 2166 2251 usualiter
2216 2197 2448 2253 dicimus
2524 2196 2801 2252 animalia.
2858 2196 3057 2254 Dicunt
3122 2207 3302 2252 autem

1718 2281 2081 2354 Hieronymus
2130 2292 2187 2339 et
2212 2285 2569 2355 Augustinus,
2594 2285 2868 2341 daemones
2912 2285 3089 2340 noctis
3118 2294 3173 2340 et
3207 2299 3304 2339 θηε-

1719 2374 2025 2445 geloslucis
2075 2376 2351 2431 animalia.
2399 2377 2621 2448 Insuper
2642 2376 2803 2431 etiam
2826 2376 3047 2447 angelos
3103 2378 3327 2431 habere-

1718 2478 1946 2534 corpora
2003 2463 2260 2519 aetberea.
2322 2465 2602 2519 Daemones
2645 2475 2826 2519 autem
2874 2466 3043 2520 aeria.
3106 2465 3299 2521 Utrum

1720 2566 1900 2611 autem
1930 2556 2252 2610 naturaliter
2288 2556 2545 2623 habeant,
2583 2572 2652 2610 an
2698 2558 2766 2612 ad
2817 2566 3027 2627 tempus
3075 2571 3305 2626 corpora

1719 2657 1958 2714 Sumant,
1984 2648 2324 2704 indefinitum
2362 2657 2465 2705 est.

1791 2740 1922 2795 Dico
1949 2740 2205 2809 quoniam
2265 2740 2318 2794 in
2352 2755 2501 2795 mare
2555 2749 2684 2796 sunt
2717 2740 2972 2795 animalia
3026 2739 3218 2809 pusilla
3249 2749 3305 2793 et

1718 2847 1933 2901 magna,
1962 2841 2015 2886 et
2042 2833 2292 2901 quamvis
2315 2833 2417 2887 boc
2443 2833 2533 2897 sit,
2563 2842 2739 2887 tamen
2768 2833 2878 2887 illic
2903 2833 3299 2902 pertransibunt

1720 2938 1891 2985 naves,
1924 2922 2133 2977 scilicet
2164 2923 2214 2976 in
2250 2922 2339 2977 illo
2369 2923 2505 2977 mari
2538 2923 2947 2993 pertransibunt
2976 2924 3298 2993 praedicato-

1720 3029 1825 3077 res,
1849 3029 1954 3069 non
1990 3014 2316 3084 impediendi
2346 3016 2413 3070 ab
2438 3015 2521 3070 bis
2551 3015 2896 3071 animalibus.
2924 3015 3078 3083 Quod
3104 3026 3188 3072 est
3217 3016 3301 3069 di-

1720 3120 1881 3160 cere:
1918 3103 2031 3160 Non
2059 3114 2313 3175 poterunt
2340 3105 2455 3161 haec
2477 3106 2729 3161 animalia
2764 3107 3150 3177 praedicatores
3202 3108 3302 3161 im-

1720 3197 1906 3268 pcdire
1929 3204 1982 3252 et
2020 3197 2256 3252 retinere
2282 3198 2333 3251 in
2366 3198 2457 3253 illo
2488 3198 2644 3261 mari,
2678 3197 2811 3267 quin
2860 3210 3012 3251 mare
3060 3196 3188 3252 illud
3234 3211 3302 3251 ex

1722 3295 1833 3341 toto
1861 3296 2141 3342 transeant
2167 3297 2222 3341 et
2246 3295 2526 3356 superent,
2556 3287 2888 3343 deve‘bentes
2927 3286 3127 3342 multos
3158 3301 3296 3357 quos

1721 3378 1793 3433 ibi
1822 3377 2226 3447 capientusque
2252 3377 2319 3432 ad
2354 3385 2571 3433 aeternae
2616 3379 2743 3433 vita:
2782 3386 3021 3448 portum.
3056 3377 3122 3432 ad
3150 3378 3304 3433 simi~
3390 3384 3402 3393 ‘

1718 3469 1997 3526 litudinem
2030 3470 2245 3524 navium
2266 3485 2386 3540 qua:
2412 3469 2465 3524 in
2491 3470 2669 3526 medio
2702 3470 2840 3525 mari
2870 3486 2899 3524 a
2920 3467 3171 3526 ﬂuctibus
3192 3484 3307 3525 non
3323 3540 3345 3562 ἱ

1719 3562 2156 3633 submerguntur,
2204 3563 2299 3617 sed
2350 3571 2542 3617 nautas
2606 3562 2801 3618 illtesos
2846 3576 3019 3632 usque
3063 3563 3131 3617 ad
3178 3561 3307 3617 litus

1720 3656 2011 3710 develmnt.
2040 3654 2277 3709 Possunt
2306 3663 2483 3709 autem
2513 3655 2564 3709 bi
2604 3654 2711 3711 duo
2743 3671 2930 3711 versus
2960 3665 3014 3709 et
3043 3655 3300 3710 dimidius

1717 3748 1797 3803 sic
1821 3746 1977 3802 aliter
2048 3750 2246 3818 exponi
2293 3763 2309 3803 :
2366 3748 2497 3804 Dico
2548 3750 2692 3818 quod
2743 3749 2902 3805 valde
2961 3748 3305 3819 magnificam

1718 3848 1877 3894 erunt
1918 3856 2075 3909 opera
2119 3849 2229 3906 tua,
2256 3855 2376 3909 quae
2420 3840 2473 3894 in
2525 3840 2783 3909 sapientia
2828 3839 3019 3896 facies.
3056 3840 3124 3894 Et
3172 3854 3304 3894 ecce

1718 3929 1820 3985 hoc
1851 3930 1901 3983 in
1944 3931 2209 4000 sapientia
2242 3930 2578 4000 operaberis,
2634 3913 2968 4002 quod'terra,
3002 3931 3054 3985 id
3085 3940 3167 3985 est
3198 3931 3302 3986 Ec-

1720 4020 1845 4074 lesia
1876 4021 1966 4075 Dei
1993 4029 2137 4075 terra
2179 4021 2436 4077 cultibilis
2466 4021 2678 4091 impleta
2708 4021 2811 4077 erit
2833 4018 3158 4089 possessione
3185 4028 3303 4083 tua,

1720 4110 1773 4165 id
1808 4119 1911 4177 est,
1947 4111 2256 4167 innocentia
2287 4122 2342 4167 et
2368 4113 2584 4167 cmteris
2614 4111 2924 4175 virtutibus,
2975 4124 3095 4178 qua:
3142 4117 3308 4163 erunt

1717 4203 1988 4275 possessio
2021 4211 2143 4268 tua,
2176 4202 2384 4259 scilicet
2420 4217 2541 4272 quae
2609 4202 2661 4256 in
2706 4201 2786 4255 eis
2832 4214 2987 4270 reges
3033 4205 3089 4254 et
3134 4213 3300 4254 exco-

1719 4297 1796 4352 les
1838 4311 1937 4367 per
1985 4297 2235 4366 gratiam,
2284 4297 2423 4351 sicut
2450 4294 2648 4364 aliquis
2693 4292 3139 4363 possessionem:
3174 4290 3304 4345 Dico

1720 4387 1861 4456 quod
1889 4386 2131 4441 Ecclesia
2180 4396 2320 4439 terra
2350 4395 2440 4438 tua
2470 4382 2683 4454 impleta
2714 4381 2819 4437 erit
2842 4381 3167 4451 possessione
3190 4389 3299 4433 tua.

83 4466 324 4533 sapienter.
352 4472 418 4527 Et
444 4488 577 4529 ecce
606 4473 710 4527 boe
734 4472 875 4542 quod
909 4472 1230 4529 mirabiliter
1270 4476 1613 4544 operaberis.
1649 4497 1693 4550 ι)
1719 4476 1880 4550 415
1921 4476 2035 4531 Hoc
2082 4486 2261 4530 autem
2309 4491 2454 4528 mare
2496 4474 2640 4544 quod
2691 4472 2893 4542 ubique
2930 4484 3174 4540 prazsens
3221 4480 3307 4524 est

84 4553 229 4627 Terra,
252 4562 301 4616 id
321 4573 404 4619 est
426 4565 582 4634 plebs
601 4562 825 4619 Judaica
853 4563 945 4618 Dei
974 4574 1116 4619 terra
1144 4564 1255 4634 jam
1290 4581 1386 4636 per
1423 4569 1618 4639 praedi-

82 4658 252 4708 catores
267 4656 508 4724 exculta;
540 4656 751 4727 impleta
776 4667 873 4725 est,
927 4657 979 4712 id
1010 4667 1094 4713 est
1136 4658 1449 4729 implebitur
1494 4678 1614 4732 pos-

80 4741 260 4796 sessione
284 4753 373 4799 tua
409 4747 463 4799 in
509 4746 615 4801 line
672 4746 856 4800 mundi
902 4747 1119 4815 quando
1164 4746 1407 4816 reliquiae
1452 4749 1617 4805 Israel

82 4828 204 4887 Salvte
230 4834 550 4908 lient(Rom.
576 4837 786 4908 tx,27).
817 4837 969 4904 Quod
998 4845 1083 4892 est
1104 4838 1283 4895 dicere
1314 4857 1328 4894 :
1368 4839 1617 4899 Plenarie

80 4917 310 4985 iudaicum
326 4930 580 5000 populum
597 4939 700 4984 tua:
713 4931 1038 5000 possessioni
1053 4931 1311 5002 adjunch
1327 4948 1425 5003 per
1436 4935 1619 4989 volun-

82 5020 654 5098 tariamsubjectionem,
678 5037 849 5085 etnon
870 5030 1042 5085 solum
1066 5027 1615 5101 pepulumJudaicum

78 5115 350 5185 WSSidebis,
383 5122 477 5177 sed
512 5122 676 5177 etiam
702 5123 851 5193 prius
893 5123 988 5176 hoc
1010 5139 1155 5176 mare
1184 5120 1325 5193 quod
1380 5119 1614 5174 circum-

79 5214 251 5274 quaque
273 5219 541 5268 terrarum
572 5228 811 5282 praesens
833 5222 955 5280 est;
988 5228 1159 5278 mare,
1213 5214 1459 5283 inquam,
1504 5227 1618 5264 ma-

77 5306 220 5364 θκκιη,
249 5302 299 5357 id
324 5313 405 5358 est
434 5304 767 5375 profundum
792 5306 847 5361 in
876 5306 1235 5361 amaritudine
1261 5319 1378 5371 sua,
1410 5311 1465 5358 et
1489 5319 1616 5371 spa-

78 5381 248 5453 tiosum,
288 5390 339 5446 id
367 5402 453 5448 est
499 5394 735 5465 amplum
783 5384 1062 5461 ctlatum,
1106 5394 1306 5464 ubique
1348 5399 1615 5448 terrarum

76 5468 317 5545 ditiusum;
347 5483 670 5550 spatiosum,
694 5484 912 5555 inquam
932 5526 947 5549 ,
972 5484 1211 5541 manibus
1238 5524 1254 5551 ,
1292 5483 1347 5539 id
1376 5491 1460 5538 est
1479 5496 1613 5553 ope-

80 5561 199 5623 ribus
218 5574 630 5643 prtedicationis,
672 5576 878 5633 scilicet
906 5578 961 5632 in
995 5592 1103 5646 quo
1147 5591 1271 5633 cum
1303 5576 1377 5631 sit
1412 5574 1617 5646 spatio-

80 5666 172 5711 sum
195 5663 337 5729 satis,
382 5665 659 5723 habebunt
699 5669 1082 5738 praedicatores
1134 5668 1200 5723 ad
1253 5665 1611 5739 operandum,

80 5750 378 5822 crilPlenum
404 5762 744 5829 possessione
790 5770 902 5816 tua.
934 5762 1085 5829 Quod
1127 5769 1211 5818 est
1244 5760 1426 5817 dicere
1455 5755 1610 5812 :Non

1720 4585 1987 4639 magnum,
2023 4567 2074 4621 id
2100 4574 2183 4622 est
2216 4566 2269 4620 in
2298 4564 2657 4619 amaritudine
2686 4561 3012 4633 profundum
3038 4569 3086 4616 et
3109 4561 3308 4631 spatio-

1718 4677 1834 4714 sum
1859 4658 2097 4729 amplum
2128 4668 2183 4712 et
2205 4657 2397 4722 latum,
2433 4656 2711 4725 impletum
2742 4662 2827 4709 cst
2851 4654 3114 4719 manibus,
3142 4653 3196 4709 id
3224 4662 3308 4708 est

1719 4752 1998 4822 spiritibus
2020 4749 2396 4816 infernalibus,
2424 4748 2516 4820 qui
2547 4748 2729 4803 Manes
2755 4758 3045 4813 vocantur,
3072 4763 3137 4803 eo
3162 4747 3309 4818 quod

1720 4841 2005 4896 inlernalia
2031 4840 2217 4894 Manes
2245 4840 2427 4895 dicere
2460 4838 2864 4894 consuevimus.
2904 4836 3055 4905 Quod
3096 4846 3181 4893 est
3221 4838 3304 4892 di-

1718 4947 1843 4988 cere
1871 4947 1886 4986 :
1913 4930 2209 4986 inﬁdelium
2234 4930 2463 5002 populus
2486 4945 2596 5001 prae
2619 4929 2901 4984 nimietate
2928 4927 3307 4983 amaritudinis

1718 5039 1829 5081 sua:
1857 5038 2108 5094 magnum
2135 5026 2286 5078 mare
2312 5022 2507 5089 dictus,
2538 5022 2789 5094 malignis
2810 5020 3085 5091 spiritibus
3110 5018 3309 5088 quibus

1717 5115 1901 5173 obedit
1928 5123 2012 5170 est
2036 5115 2245 5185 plenus.
2278 5114 2346 5169 Et
2381 5114 2489 5168 illic
2521 5129 2741 5186 quoque
2777 5115 2903 5167 s’unt
2928 5110 3135 5180 reptilia
3172 5126 3293 5182 quo.

1720 5225 1836 5263 rum
1870 5223 1972 5261 non
2006 5215 2082 5260 est
2112 5222 2384 5272 numerus,
2419 5207 2473 5261 id
2503 5216 2587 5262 est
2618 5207 2671 5260 in
2714 5204 2806 5259 illo
2830 5202 3026 5273 populo
3064 5211 3191 5257 sunt
3219 5201 3292 5257 in.

1720 5296 2082 5356 numerabiles
2127 5297 2355 5352 occulta:
2398 5297 2765 5360 tentationes,
2807 5310 2930 5367 quae
2966 5291 3178 5363 reptilia
3221 5292 3295 5347 di-

1718 5399 1933 5457 cuntur,
1965 5403 2031 5444 eo
2057 5387 2201 5459 quod
2226 5388 2294 5442 ad
2325 5386 2733 5442 similitudinem
2767 5384 3037 5456 reptilium
3064 5382 3305 5437 latenter

1719 5481 1967 5538 humanis
1990 5478 2245 5535 cordibus
2270 5478 2532 5548 irrepunt.
2560 5475 2627 5532 Et
2649 5476 2761 5532 illic
2788 5490 3004 5549 quoque
3028 5484 3157 5530 sunt
3183 5475 3301 5529 ani-

1717 5573 1879 5629 malia
1906 5572 2062 5628 bruta
2084 5569 2279 5641 pusilla
2299 5586 2419 5623 cum
2447 5571 2671 5641 magnis,
2705 5570 2917 5627 scilicet
2948 5568 3022 5624 ibi
3052 5575 3181 5622 sunt
3207 5567 3283 5621 ho

1717 5665 1892 5721 mines
1927 5662 2181 5741 bestiales
2202 5702 2215 5727 ,
2244 5661 2410 5717 rudes
2446 5670 2500 5717 et
2537 5661 2745 5727 stolidi,
2779 5661 2983 5732 pusilli,
3012 5660 3218 5715 scilicet
3245 5666 3297 5712 et

1716 5757 1918 5829 magni,
1943 5756 1994 5812 id
2017 5764 2100 5813 est
2124 5754 2329 5812 nobiles
2357 5763 2413 5810 et
2441 5756 2701 5827 ignobiles
2732 5755 2781 5811 in
2809 5754 3010 5821 omnia,
3039 5762 3093 5809 et
3112 5750 3301 5807 Manes
