3840 6338
604 286 739 351 “87

1168 287 1223 348 s.
1265 278 1615 351 anUNONts
1656 286 2301 352 cauruusuuouuu
2332 290 2823 355 tusmo'roms
2863 291 3015 356 ore.
3057 294 3234 358 rans
3272 301 3312 358 ι.

3650 311 3746 372 1188

595 410 866 475 videlicet,
889 416 943 462 et
968 406 1183 477 reptilia
1212 416 1267 462 et
1288 408 1540 463 animalia
1566 409 1633 463 ad
1661 409 1879 464 modum
1908 408 2167 464 ﬁuctuum
2196 412 2242 471 Α
2271 409 2460 478 perbia
2510 410 2783 477 deﬁciant,
2837 422 3157 468 revertentur
3194 415 3249 468 in
3276 414 3515 484 pulverem
3552 439 3687 495 nam,
3712 435 3749 489 id

595 504 783 560 ﬁdeles
812 518 909 574 per
936 516 1085 556 mare
1111 501 1178 555 ad
1202 511 1416 571 portum
1443 503 1564 557 vita:
1595 510 1956 563 transeuntes,
1989 516 2171 572 perse-

593 595 905 652 cutiouibus
940 594 1265 662 immergere
1294 600 1349 647 et
1388 596 1440 647 in
1470 591 1606 648 mari
1646 592 1880 647 retinere
1906 591 2171 658 nitentur,

592 687 687 742 sed
720 696 899 740 tamen
943 684 1051 736 illic
1087 699 1241 737 nares
1267 684 1678 751 pertransibunt,
1714 683 1765 738 id
1796 692 1879 738 est
1913 698 2009 753 per
2038 682 2168 738 illud

591 791 744 831 mare
778 773 1083 829 transibunt
1110 771 1294 826 ﬁdeles
1332 781 1387 828 et
1420 773 1592 827 sancti
1641 788 1812 841 usque
1851 774 1919 827 ad
1955 782 2169 844 portum

591 868 716 922 vita:
739 908 753 933 ,
788 866 917 922 dicti
958 883 1123 923 naves
1157 882 1222 920 eo
1250 866 1392 935 quod
1441 880 1469 919 a
1505 863 1909 920 tribulationum
1964 866 2169 937 impetu

590 974 698 1011 non
747 968 1089 1027 superantur,
1140 957 1278 1010 sicut
1311 971 1474 1011 naves
1504 972 1600 1025 per
1635 971 1785 1011 mare
1830 965 2171 1012 transeuntes

590 1063 620 1099 a
652 1047 906 1118 procellis
949 1045 1207 1101 ﬁucluum
1255 1060 1360 1099 non
1415 1044 1830 1114 imnterguntur.
1883 1045 1948 1099 Et
1982 1045 2035 1099 in
2067 1046 2169 1103 hoc

591 1138 726 1192 mari
758 1151 972 1206 quoque
1000 1145 1083 1189 est
1116 1136 1277 1187 draco
1320 1135 1437 1199 iste,
1466 1134 1532 1187 de
1561 1151 1669 1205 quo
1698 1135 1948 1191 omnibus
1981 1146 2166 1193 notum

587 1237 694 1293 est,
726 1228 933 1283 scilicet
979 1227 1232 1295 princeps
1279 1225 1547 1290 diabolus,
1595 1226 1687 1295 qui
1732 1227 1931 1280 dicitur
1977 1229 2074 1282 iste
2103 1244 2168 1284 eo

586 1315 726 1384 quod
762 1313 1014 1369 omnibus
1043 1329 1139 1383 per
1179 1316 1376 1367 tamam
1413 1323 1571 1368 notus
1605 1316 1693 1368 sit.
1747 1312 1791 1368 Ο
1822 1315 1986 1378 Deus,
2013 1332 2166 1386 quem

582 1407 872 1458 draconem
904 1404 955 1458 in
983 1404 1117 1457 mari
1146 1404 1387 1473 formasti
1408 1404 1476 1456 ad
1498 1402 1823 1457 illudendum
1853 1404 1902 1458 ei
1940 1421 1968 1459 a
1996 1406 2169 1461 ﬁdeli-
2204 1458 2207 1459 ν

582 1498 706 1563 bus,
737 1497 945 1552 scilicet
967 1495 1202 1550 formose
1223 1505 1275 1549 ct
1304 1495 1525 1565 pulchre
1552 1496 1883 1564 disposuisti,
1909 1507 1967 1552 ut
1994 1498 2046 1553 in
2074 1498 2165 1553 illo

583 1589 719 1643 mari
770 1598 917 1644 esset
961 1590 1125 1642 draco
1165 1589 1255 1656 qui
1306 1588 1509 1642 nitetur
1559 1587 1809 1656 decipere
1861 1598 2082 1644 sanctos
2110 1598 2166 1642 et

579 1674 831 1733 illudetur
879 1680 947 1733 ab
992 1678 1093 1744 eis,
1144 1694 1266 1732 cum
1319 1694 1423 1731 non
1469 1677 1667 1746 poterit
1713 1677 1765 1731 in
1805 1677 1886 1732 eis
1934 1680 2161 1735 tentatio

579 1771 750 1841 ipsius
779 1770 953 1825 locum
989 1771 1212 1834 habere,
1246 1769 1312 1823 ad
1342 1769 1748 1823 similitudinem
1789 1769 1898 1840 lupi
1928 1770 2020 1839 qui
2050 1770 2162 1840 ple-
2194 1753 2236 1807 Β

579 1876 831 1930 rumque,
869 1876 991 1916 cum
1024 1869 1175 1930 putet
1196 1874 1396 1913 semox
1425 1873 1584 1928 posse
1626 1869 1811 1914 tenere
1847 1876 2061 1929 agnum,
2092 1862 2160 1915 ab

577 1970 643 2009 co
672 1955 933 2019 illuditur,
958 1954 1083 2008 dum
1114 1967 1321 2007 morsus
1346 1951 1460 2019 ejus
1486 1951 1684 2007 illmsus
1709 1953 1902 2007 evadit.
1936 1953 2003 2007 Et
2027 1956 2160 2007 bene

576 2048 795 2127 quidem
824 2046 977 2114 dicit,
1027 2046 1288 2116 formasti.
1316 2045 1634 2101 Formosum
1663 2046 1804 2102 enim
1831 2057 1912 2102 est
1934 2055 1987 2103 et
2011 2046 2161 2102 valde

574 2140 892 2212 pulchrum,
926 2147 982 2195 et
1009 2140 1074 2193 ad
1099 2139 1191 2194 Dei
1232 2139 1686 2207 magniﬁcentiam
1718 2148 1986 2209 Spectans,
2017 2138 2161 2207 quod

574 2234 741 2307 draco
776 2248 806 2286 a
832 2215 1077 2288 attenuas
1106 2231 1369 2285 illuditur.
1409 2230 1539 2285 Dico
1564 2229 1706 2300 quod
1740 2241 1881 2284 terra
1909 2230 2026 2296 Dei,
2060 2230 2161 2285 Ec-

574 2326 743 2382 clesia
774 2324 1007 2390 scilicet,
1038 2324 1293 2393 impletur
1342 2323 1665 2391 possessione
1698 2332 1813 2386 tua,
1847 2338 1880 2375 ο
1914 2322 2073 2387 Deus,
2105 2330 2161 2376 et

574 2415 718 2486 quod
770 2414 824 2469 in
857 2414 993 2467 mari
1034 2422 1161 2467 sunt
1202 2411 1455 2465 animalia
1484 2423 1539 2466 et
1565 2412 1792 2480 reptilia,
1819 2420 1874 2467 et
1897 2413 2078 2478 draco,
2106 2420 2161 2466 et

575 2505 751 2558 omnia
784 2505 899 2558 lucc
927 2512 1224 2573 exspectaret
1262 2519 1294 2555 a
1326 2514 1374 2556 te
1403 2512 1458 2555 ut
1488 2502 1578 2555 des
1610 2501 1714 2556 illis
1743 2518 1947 2566 escam,
1984 2502 2036 2557 id
2076 2510 2161 2557 est

575 2595 950 2659 refectionem,
997 2593 1155 2649 bonis
1199 2593 1416 2661 quidem
1459 2594 1688 2647 virtutes
1715 2602 1770 2648 et
1797 2594 1935 2648 bona
1972 2608 2156 2664 opera,

572 2687 722 2743 unde
740 2687 1084 2751 reﬁciantur;
1116 2684 1272 2740 malis
1301 2670 1479 2739 autem
1508 2684 1778 2739 licentiam
1804 2686 2158 2755 persequendi

570 2779 742 2834 bonos
770 2786 826 2832 et
852 2776 1253 2847 incorporandi,
1275 2785 1330 2831 et
1355 2776 1458 2831 hoc
1487 2777 1540 2830 in
1571 2785 1810 2845 tempore
1837 2792 1867 2831 a
1897 2786 1949 2831 te
1975 2777 2160 2847 dispo-

569 2853 696 2926 siio.
719 2870 797 2925 Ac
813 2870 857 2924 si
879 2868 1053 2925 dicat:
1084 2867 1271 2939 Neque
1304 2877 1446 2921 terra
1471 2877 1556 2921 tua
1583 2866 1817 2922 Ecclesia
1834 2869 2032 2939 poterit
2063 2870 2159 2923 ha-

568 2964 697 3019 bere
725 2978 904 3019 escam
934 2960 1194 3016 virtutum
1215 2968 1270 3015 et
1302 2975 1524 3029 operum
1551 2960 1838 3024 bonorum,
1867 2973 2041 3027 neque
2070 2974 2157 3013 re-

570 3051 723 3127 ptilia
754 3060 808 3106 et
830 3050 1083 3105 animalia
1107 3058 1361 3119 poterunt
1387 3048 1585 3104 habere
1611 3047 1954 3103 refectionem
1980 3049 2158 3102 incor-

568 3142 797 3216 perandi
828 3142 999 3198 bonos
1024 3150 1081 3201 et
1099 3138 1479 3210 persequendi,
1502 3138 1605 3193 nisi
1633 3139 1686 3193 in
1715 3148 1941 3209 tempore
1964 3139 2076 3205 illo,
2098 3139 2152 3194 in

568 3252 678 3308 quo
691 3234 944 3304 dispones
956 3232 1208 3291 omnibus
1223 3247 1405 3287 escam
1418 3231 1569 3298 dare,
1582 3230 1871 3302 unicuique
1888 3246 1982 3301 pro
1997 3229 2155 3285 modo

568 3344 686 3383 suo.
701 3325 833 3381 Dico
846 3325 988 3395 quod
1005 3323 1180 3381 omnia
1197 3330 1497 3391 exspectant
1522 3331 1618 3375 ate
1636 3337 1831 3386 escam,
1849 3320 2009 3375 dante
2026 3335 2155 3375 vero

567 3431 619 3475 te
636 3419 739 3473 illis
756 3432 958 3483 escam,
978 3416 1186 3471 scilicet
1213 3412 1492 3483 reptilibus
1520 3421 1573 3468 et
1596 3412 1806 3467 caeteris
1832 3411 2155 3467 animalibus

570 3510 810 3579 colligent
830 3507 1038 3567 ﬁdeles.
1061 3506 1215 3577 Quod
1235 3514 1318 3561 est
1338 3504 1520 3559 dicere
1542 3520 1555 3558 :
1582 3502 1875 3575 Postquam
1903 3504 1983 3557 eis
2003 3501 2155 3556 dabis

573 3601 847 3657 licentiam
885 3596 1176 3653 devorandi
1205 3596 1374 3652 bonos
1409 3594 1782 3665 persequendo
1821 3603 1876 3649 et
1913 3593 2159 3665 incorpo-

576 3692 770 3756 rando.
788 3690 1037 3760 colligenl
1063 3704 1178 3754 eos,
1194 3688 1455 3758 quosdam
1469 3686 1930 3757 persecutionibus
1953 3687 2156 3742 interﬁ-

570 3782 787 3845 ciendo,
808 3781 1068 3851 quosdam
1090 3789 1267 3834 autem
1292 3777 1707 3847 incorporando.
1731 3778 1797 3833 Et
1821 3788 1869 3832 te
1893 3778 2155 3847 aperiente

572 3886 788 3928 manum
814 3868 1080 3940 largitatis
1110 3877 1230 3931 tum,
1263 3875 1322 3921 ut
1349 3867 1443 3922 des
1474 3875 1632 3922 terra:
1660 3875 1763 3921 tua:
1791 3865 2047 3922 Ecclesia:
2071 3879 2157 3920 es-

573 3978 693 4019 cam
724 3963 1012 4028 virtutum;
1041 3960 1214 4016 omnia
1244 3959 1487 4014 membra
1506 3959 1673 4029 ipsius
1690 3967 1847 4013 terra:
1872 3957 2157 4027 implebun-

571 4067 658 4113 tur
680 4056 937 4120 bonitate,
964 4052 1173 4111 scilicet
1190 4050 1495 4106 innocentia
1526 4060 1579 4106 et
1606 4050 1817 4105 caeteris
1837 4049 2150 4104 virtutibus.

645 4146 763 4205 Hoc
799 4155 980 4202 autem
1018 4153 1193 4200 totum
1234 4150 1443 4211 spectat
1481 4141 1547 4197 ad
1579 4138 2031 4210 magniﬁcentiam
2071 4139 2155 4194 di-

570 4241 710 4294 vina:
736 4236 1007 4308 potentiae.
1038 4234 1169 4290 Dico
1190 4233 1334 4305 quod
1359 4248 1573 4287 manant
1613 4242 1662 4285 te
1692 4231 1953 4299 aperiente
1980 4233 2156 4286 omnia

542 4331 925 4405 [implebantur
966 4329 1215 4382 bonitate.
1268 4324 1461 4381 Postea
1514 4335 1692 4380 autem
1728 4334 1777 4378 te
1821 4334 2081 4379 avertente
2124 4341 2155 4379 a

2273 511 2356 557 est
2401 501 2570 558 facies
2604 519 2699 560 eos
2744 507 2943 561 reverti
2983 505 3051 560 ad
3094 507 3550 567 considerationem
3578 518 3750 585 pulveris

2272 594 2378 661 sui,
2408 594 2613 653 scilicet
2652 597 3074 652 considerabnnt
3101 596 3265 670 416
3286 600 3420 669 quod
3448 602 3495 655 in
3520 608 3749 670 novissimis

2272 689 2337 744 ad
2366 690 2641 761 pulverem
2672 691 3034 762 putrescendo
3058 702 3424 759 revertentur;
3450 705 3500 749 et
3518 698 3601 754 hac
3621 707 3748 757 (misi-

2271 780 2547 838 deratione
2596 781 3069 847 humiliabuntur,
3122 782 3276 852 juxta
3320 782 3441 838 illud
3490 784 3748 849 Salomonis:

2242 862 2247 863 ί
2276 889 2294 922 α
2327 870 2628 927 Memorare
2664 872 2955 926 novissima
2985 881 3094 935 tua,
3126 879 3182 927 et
3217 871 3269 926 in
3297 882 3533 930 aeternum
3562 892 3645 933 non
3665 896 3749 949 pec-

2270 962 2418 1018 cabis
2447 961 2639 1032 (Ecrli.
2667 978 2762 1027 vn,
2790 963 2903 1033 40).
2946 982 2965 1016 ι
3009 962 3077 1017 Ει
3107 964 3360 1019 Dominus
3387 965 3449 1019 ad
3469 965 3611 1022 Adam
3633 970 3748 1025 dixit:

2274 1070 2292 1104 ‹
2342 1052 2509 1107 Terra
2541 1068 2601 1108 es
2629 1062 2684 1107 et
2718 1053 2772 1107 in
2811 1063 3010 1107 terram
3052 1054 3155 1109 ibis
3190 1050 3343 1124 (Cen.
3375 1056 3571 1126 111,19).
3607 1077 3622 1111 ο
3661 1061 3750 1115 Dico

2269 1144 2411 1213 quod
2452 1144 2660 1213 auferes
2697 1145 2941 1213 spiritum
2982 1161 3183 1211 eorum,
3221 1157 3278 1199 et
3317 1146 3524 1212 emittes,
3554 1147 3596 1201 id
3621 1158 3682 1202 est
3705 1165 3749 1204 et

2266 1236 2474 1291 unitate
2504 1234 2790 1291 ineﬁ'abilis
2816 1245 3023 1291 naturae
3054 1247 3156 1291 tuze
3189 1236 3370 1291 mittes
3407 1238 3453 1291 in
3480 1252 3576 1304 eos,
3601 1254 3679 1294 non
3700 1242 3749 1292 lo-

2268 1326 2460 1382 caliter
2508 1326 2746 1396 quidem,
2789 1316 2884 1382 sed
2930 1327 3356 1397 spiritaliter,S.
3384 1327 3604 1398 Spiritum
3631 1342 3749 1394 ιηιιι,

2267 1428 2314 1472 et
2338 1433 2432 1486 per
2463 1416 2611 1470 illum
2636 1414 2898 1486 Spiritum
2929 1418 3267 1482 creabantur,
3293 1417 3343 1471 id
3365 1427 3444 1473 est
3472 1418 3517 1473 in
3539 1419 3750 1474 virtutibus

2267 1509 2679 1575 recreabuntur,
2706 1520 2752 1563 et
2779 1523 2875 1577 per
2901 1507 3298 1563 recreationem
3323 1506 3458 1560 illam
3486 1508 3693 1561 renorabis
3716 1508 3749 1560 in

2266 1600 2573 1655 innocentia
2625 1601 2813 1669 [aciem
2858 1610 3010 1654 terra:
3059 1608 3163 1653 tua:
3214 1598 3458 1654 Ecclesia:
3499 1598 3750 1661 interiorem,

2264 1705 2384 1759 qncc
2430 1691 2579 1759 prius
2616 1691 3027 1745 inveterabatur
3058 1706 3156 1760 per
3195 1689 3445 1759 peccandi
3490 1705 3750 1745 consensum.

2263 1781 2417 1849 Quod
2457 1792 2542 1835 est
2579 1782 2762 1836 dicere
2792 1798 2806 1835 :
2840 1780 3149 1837 Renovabis
3185 1794 3282 1851 per
3320 1780 3659 1835 restitutionem
3699 1781 3750 1833 iu-

2264 1872 2529 1926 nocentiaa
2576 1872 2840 1927 rationem
2882 1872 3076 1926 animm
3123 1887 3343 1933 eorum.
3382 1887 3491 1941 qua:
3517 1870 3671 1923 dicitur
3697 1870 3751 1923 ia-

2262 1961 2397 2024 cies,
2424 1976 2490 2016 eo
2520 1961 2661 2031 quod
2692 1974 2789 2030 per
2816 1960 3081 2014 rationem
3113 1959 3295 2014 anima
3321 1960 3660 2014 consideratur.
3686 1958 3751 2012 Fa-

2263 2051 2337 2106 cit
2361 2062 2539 2106 autem
2570 2050 3005 2106 exhortationem
3037 2050 3105 2104 ad
3132 2050 3282 2120 ipsos
3305 2050 3393 2119 qui
3420 2050 3751 2113 renovabuntur,

2262 2152 2321 2197 ut
2352 2143 2519 2197 Deum
2556 2143 2624 2197 de
2663 2142 3011 2196 renovatione
3044 2142 3125 2197 sui
3165 2141 3481 2211 gloriﬁcent,
3518 2138 3601 2210 ipsi
3627 2139 3753 2194 omnis

2261 2233 2401 2288 bona
2436 2231 2784 2287 attribuenda
2809 2246 2929 2301 quae
2964 2231 3016 2286 in
3052 2231 3134 2286 eis
3167 2240 3444 2300 operatur.

2330 2323 2459 2378 inde
2508 2337 2742 2392 namque
2790 2321 2932 2376 Deus
2984 2321 3274 2375 luctabitur.
3338 2321 3462 2376 Dico
3506 2319 3623 2392 quod
3659 2321 3753 2374 Deus

2261 2414 2471 2469 emittet
2507 2412 2759 2483 spiritum
2797 2427 2955 2467 suum
2998 2412 3050 2466 in
3084 2426 3204 2476 vos,
3245 2427 3279 2465 ο
3309 2410 3511 2476 ﬁdeles,
3538 2421 3582 2465 et
3605 2412 3749 2464 creabit

2259 2513 2315 2559 et
2343 2504 2624 2559 rcuovabit
2650 2519 2765 2566 vos,
2792 2513 2848 2558 et
2874 2503 2993 2557 ideo
3018 2502 3191 2572 gloria
3222 2501 3428 2556 Domini
3457 2517 3484 2554 a
3506 2502 3629 2554 vobis
3648 2500 3748 2554 exiti

2260 2596 2370 2651 bita
2399 2597 2535 2649 bene
2566 2594 2826 2660 vivendo,
2868 2600 2923 2647 et
2954 2593 3052 2662 ipsi
3085 2591 3269 2646 omnia
3299 2591 3433 2646 bona
3459 2606 3564 2661 qua:
3593 2590 3633 2643 in
3648 2590 3752 2642 rubis

2258 2695 2419 2740 erunt
2446 2683 2787 2747 ascribendo,
2814 2684 2884 2737 sit
2916 2685 3117 2737 durans
3145 2696 3321 2752 usque
3350 2683 3402 2735 in
3428 2680 3638 2734 saeuiat:
3657 2677 3754 2730 lutu-

2260 2794 2400 2833 rum.
2434 2777 2586 2845 Quod
2629 2785 2714 2831 est
2761 2775 2943 2829 dicere
2981 2790 2994 2827 :
3032 2773 3349 2829 Gloriticate
3389 2788 3503 2828 eum
3543 2772 3651 2825 bona
3680 2769 3752 2820 vita

2258 2880 2466 2935 vestra,
2497 2880 2551 2923 et
2579 2867 2902 2923 ascribemlo
2932 2866 3033 2936 ipsi
3071 2865 3257 2921 omnia
3289 2862 3426 2919 bona
3457 2878 3563 2933 qua:
3586 2862 3627 2916 in
3649 2859 3751 2912 vobis

2258 2972 2403 3024 sunt,
2440 2969 2495 3015 et
2524 2974 2694 3029 usque
2726 2959 2783 3022 in
2815 2957 3071 3012 saeculum
3114 2956 3180 3011 de
3220 2955 3551 3026 generatione
3579 2952 3621 3006 in
3642 2964 3752 3021 gene-

2260 3053 2520 3108 rationem
2552 3066 2648 3119 per
2674 3048 3097 3103 successionem.
3132 3046 3387 3100 Dominus
3408 3046 3537 3100 enim
3561 3041 3753 3096 ltrtabitrr

2256 3144 2311 3198 in
2341 3141 2580 3213 operibus
2611 3139 2767 3195 bonis
2793 3138 2924 3203 suis,
2955 3138 3005 3192 id
3035 3148 3118 3193 est
3146 3138 3254 3192 sibi
3284 3134 3539 3207 ascriptis.
3566 3131 3683 3200 Quod
3699 3138 3755 3183 est

2255 3235 2471 3290 dicere:
2505 3232 2633 3287 lude
2658 3230 2917 3285 Dominus
2958 3228 3253 3293 laetabitur,
3293 3228 3336 3283 si
3375 3227 3468 3282 hoc
3502 3225 3634 3293 modo
3668 3234 3752 3274 eum

2256 3324 2719 3396 gloriﬁcaveritis,
2761 3331 2822 3376 ut
2850 3336 3016 3391 opera
3051 3320 3192 3375 bona
3226 3335 3346 3389 qua:
3376 3320 3425 3373 in
3456 3316 3587 3370 vobis
3616 3326 3752 3381 open-

2257 3426 2365 3482 tur,
2398 3430 2502 3470 non
2530 3415 2714 3478 vobis,
2742 3412 2835 3467 sed
2870 3410 2971 3481 ipsi
3009 3410 3321 3465 ascribatis.
3393 3405 3598 3476 Exponit
3626 3411 3752 3455 autem

2254 3509 2371 3581 ipsa
2401 3520 2564 3577 opera
2590 3519 2713 3559 cum
2744 3502 2914 3557 addit.
2945 3500 3231 3565 Dominus,
3260 3500 3490 3567 inquam,
3511 3494 3587 3565 qui
3608 3488 3753 3556 respicit

2255 3580 2472 3660 terram,
2498 3605 2629 3659 etc.,
2655 3594 2800 3664 quod
2837 3592 2892 3647 in
2915 3590 3271 3661 sequentibus
3299 3595 3593 3658 exponetur.
3625 3580 3755 3633 Potest

2256 3704 2472 3760 quoque
2508 3687 2589 3744 sic
2626 3685 2783 3739 aliter
2826 3683 2951 3751 legi,
2989 3681 3057 3736 ab
3100 3681 3194 3736 illo
3234 3680 3353 3735 loco
3386 3677 3469 3732 ubi
3505 3674 3614 3731 dicit
3637 3688 3648 3724 :

2254 3758 2420 3836 riente
2439 3789 2508 3845 te,
2534 3788 2664 3844 etc.,
2697 3776 2819 3831 dico
2854 3776 3012 3828 dante
3044 3783 3093 3827 te
3117 3773 3225 3827 illis
3253 3768 3557 3827 animalibus
3576 3772 3619 3819 et
3642 3758 3756 3827 repti-

2256 3874 2397 3930 libus
2426 3887 2607 3929 cscani
2637 3871 2901 3943 colligent,
2931 3880 2987 3925 et
3018 3868 3285 3939 aperiente
3313 3876 3361 3921 te
3382 3877 3573 3917 manum
3595 3854 3755 3943 largiter

2258 3967 2327 4022 tis
2357 3976 2461 4021 tua:
2491 3965 2635 4020 circa
2663 3964 2826 4019 ﬁnem
2856 3960 3080 4025 mundi,
3113 3960 3319 4025 omnia,
3344 3957 3393 4011 id
3420 3962 3498 4011 est
3520 3962 3671 4006 omnes
3693 3941 3754 4011 (ιυί

2256 4066 2418 4113 erunt
2444 4057 2498 4111 in
2528 4065 2696 4122 terra,
2723 4054 2934 4111 scilicet
2963 4053 3015 4107 in
3046 4050 3203 4122 plebe
3230 4047 3455 4104 Judaica
3486 4040 3756 4113 implebunt

2257 4150 2485 4205 bonitate
2509 4147 2655 4214 ﬁdei,
2680 4146 3030 4215 omniumque
3052 4144 3340 4207 virtutum,
3364 4136 3559 4210 quanto
3576 4132 3637 4186 eis
3653 4123 3754 4215 Eli}ts

2257 4251 2312 4296 et
2337 4241 2521 4298 Euoch
2547 4212 3226 4309 praedicabuntaAvertente
3251 4242 3423 4287 autem
3448 4234 3612 4299 postea
3639 4231 3676 4272 te
3694 4212 3753 4283 ἴα·

2258 4336 2409 4397 ciem,
2435 4332 2486 4388 id
2509 4340 2591 4386 est
2611 4331 2841 4402 gratiam
2866 4338 3011 4383 tuam
3034 4342 3141 4399 non
3167 4340 3250 4390 re,
3273 4324 3365 4380 sed
3386 4336 3479 4393 pro
3498 4309 3753 4402 reputation:

573 4399 896 4496 quibusdam
925 4419 1169 4475 ﬁdelibus
1198 4417 1469 4479 Ecclesiae,
1499 4417 1705 4489 faciem,
1738 4416 1790 4470 id
1817 4425 1901 4471 est
1925 4416 2154 4485 gratiam

2263 4427 2540 4482 hominum
2565 4399 2916 4479 turbabuntur
2950 4437 2981 4475 a
3010 4417 3471 4491 persecutionibus
3496 4399 3752 4465 Antichristi.

574 4525 721 4567 tuam
747 4511 1096 4567 turbabuntur
1124 4508 1353 4563 interius
1378 4508 1446 4561 ah
1474 4507 1672 4561 illicitis
1698 4506 2152 4577 suggestionibus,

574 4617 629 4659 et
667 4622 698 4661 a
726 4606 871 4664 vitiis
900 4604 980 4659 eis
1010 4602 1446 4676 praevalentibus.
1489 4600 1793 4656 Notandum
1836 4616 1964 4654 vero
2012 4602 2154 4670 quod

576 4699 789 4768 quoties
819 4698 959 4753 Deus
988 4712 1118 4753 suos
1147 4696 1225 4752 sic
1254 4696 1517 4769 permittit
1550 4695 1774 4753 turbari.
1808 4703 1903 4748 aut
1933 4710 2029 4763 pro
2059 4694 2156 4747 ali-

540 4844 545 4847 _
576 4791 773 4867 quibus
797 4778 984 4863 eorum
1018 4791 1175 4846 malis
1212 4792 1417 4846 meritis
1448 4804 1540 4845 eos
1571 4798 1629 4843 ut
1655 4796 1878 4858 pereant
1911 4787 2153 4849 dimittit,

578 4893 671 4941 aut
699 4897 795 4955 pro
820 4882 1058 4952 ipsorum
1085 4883 1312 4937 utilitate
1335 4899 1428 4938 eos
1451 4882 1517 4936 ad
1546 4890 1755 4952 tempus
1781 4879 1981 4934 turbati
2008 4879 2154 4944 sinit,

580 4986 640 5034 ut
670 4976 865 5032 iterum
900 4974 1225 5044 pasnitentes
1263 4975 1577 5030 humiliores
1614 4973 1764 5037 ﬁant,
1797 4982 1851 5026 et
1878 4970 2000 5026 aliis
2034 4984 2159 5039 pec-

581 5068 833 5126 cantibus
876 5078 1109 5137 parcere
1156 5065 1349 5118 sciant.
1399 5064 1563 5133 Cujus
1611 5066 1687 5119 rei
1731 5064 1902 5135 gratia
1941 5062 2159 5117 Petrmn

580 5162 829 5235 permisit
853 5176 915 5218 se
940 5173 1159 5229 negare,
1189 5171 1256 5211 ne
1286 5157 1531 5212 videlicet
1557 5158 1904 5212 insolesceret
1932 5157 2000 5211 de
2026 5170 2161 5225 pra:-

582 5255 802 5319 lationis
830 5270 939 5310 suae
964 5251 1314 5321 sublimitate,
1347 5258 1403 5304 et
1441 5250 1492 5305 in
1530 5259 1752 5305 cunctos
1787 5250 1887 5304 sibi
1918 5248 2163 5304 subditos

581 5356 869 5420 peccantes
900 5347 1086 5401 sciret
1131 5342 1317 5399 mitius
1350 5356 1534 5413 agere.
1584 5340 1713 5395 Dico
1759 5341 1911 5420 quod
1945 5348 2160 5395 avertes

540 5484 543 5487 μ
582 5418 772 5510 faciens
805 5450 949 5492 tuam
986 5437 1054 5492 ab
1087 5437 1168 5493 eis
1204 5445 1259 5491 et
1292 5432 1664 5488 turbabuntur.
1715 5418 1911 5486 Postea
1939 5432 2159 5501 quidem

580 5532 787 5599 auferes
817 5546 911 5603 per
936 5529 1323 5585 immissionem
1353 5526 1542 5598 gratia:
1573 5533 1675 5579 tua:
1696 5522 1934 5587 spiritum
1957 5539 2157 5585 eorum,

579 5625 792 5681 scilicet
832 5622 1116 5693 superbiai,
1139 5622 1230 5692 qui
1271 5619 1521 5681 nouerit
1560 5628 1706 5681 tuus,
1734 5616 1829 5671 sed
1871 5630 2082 5684 eorum,
2110 5625 2158 5669 et

548 5764 551 5769 .
581 5716 820 5787 deﬁcient
853 5716 922 5772 ab
955 5714 1048 5773 illo
1077 5714 1269 5786 spiritu
1308 5728 1375 5770 ex
1406 5721 1540 5768 telo.
1577 5708 1642 5768 Et
1675 5715 1732 5764 ut
1761 5721 1825 5764 cx
1859 5714 1971 5762 toto
2009 5720 2040 5764 ει
2066 5720 2161 5762 su-

2260 4520 2413 4588 Quod
2438 4526 2521 4573 est
2543 4517 2725 4573 dicere
2750 4534 2764 4570 :
2789 4515 3081 4585 Postquam
3114 4526 3308 4566 onmcs
3344 4508 3410 4564 ad
3445 4504 3582 4562 ﬁdem
3615 4508 3755 4552 conve-

2261 4612 2464 4677 nerint,
2491 4608 2760 4664 videberis
2780 4608 2848 4662 ab
2874 4606 2954 4661 eis
2977 4603 3208 4676 gratiam
3246 4612 3392 4655 tuam
3424 4603 3648 4651 avertere.
3668 4596 3753 4677 ¢"_'_"

2261 4702 2541 4774 permittes
2553 4698 2948 4755 Antichristum
2977 4696 3029 4750 in
3058 4708 3247 4748 eorum
3279 4702 3439 4745 carne
3464 4668 3754 4739 dominariil

2263 4772 2711 4850 sicmrbabuntur
2734 4789 3061 4857 incorpore,
3088 4798 3192 4838 non
3220 4783 3271 4836 in
3299 4772 3560 4834 anima.Et
3576 4780 3671 4823 tunc
3689 4776 3753 4858 ηιξ·

2264 4888 2399 4957 feres
2420 4885 2661 4954 spiritum
2685 4896 2883 4942 eorum,
2911 4878 2962 4931 id
2985 4886 3070 4931 est
3092 4873 3372 4946 permittes
3394 4861 3571 4957 auferri
3594 4870 3669 4957 p1!
3688 4861 3751 4951 l‘l'

2264 4948 2568 5033 bulationes
2598 4972 2809 5027 animas
2841 4984 3051 5024 eorum.
3094 4966 3160 5020 Et
3189 4964 3268 5019 sic
3296 4962 3415 5017 dico
3449 4953 3583 5011 aufer
3606 4948 3620 5002 i
3640 4948 3750 5011 spt-

2270 5078 2401 5133 tntu,
2419 5064 2561 5136 quod
2578 5062 2819 5132 deﬁcient
2852 5059 2919 5113 ab
2943 5059 3045 5112 hac
3070 5056 3181 5109 vita
3208 5062 3376 5108 morte
3419 5052 3653 5113 corporea.
3681 5044 3749 5136 ηιῖνυ

2266 5135 2451 5215 solum,
2475 5155 2797 5215 morientur,
2828 5150 2922 5217 sed
2948 5158 2994 5203 et
3027 5155 3344 5201 revertentur
3375 5141 3427 5194 in
3452 5135 3736 5217 pulrrrm‘ptt

2268 5246 2574 5305 trcscendo.
2604 5243 2888 5298 Pulvercm
2920 5239 3040 5294 dico
3059 5253 3235 5299 suum,
3267 5231 3466 5289 scilicet
3488 5225 3543 5278 de
3563 5210 3748 5310 quolft'l'

2265 5302 2305 5396 a7
2456 5338 2507 5392 in
2532 5336 2704 5391 Adam
2735 5333 2972 5388 fuerunt.
3013 5328 3234 5400 Legitur
3258 5323 3397 5379 enim
3427 5318 3569 5373 homo
3589 5308 3638 5361 de
3660 5302 3750 5400 lituo

2444 5391 2611 5483 fuisse
2632 5435 2845 5481 creatus
2870 5419 3023 5493 (Gen.
3056 5391 3120 5486 n',
3144 5418 3221 5488 7).
3267 5415 3539 5481 Postquam
3561 5412 3661 5466 ergo
3674 5391 3747 5493 ,αι’

2262 5521 2436 5590 ﬁcient
2467 5520 2535 5574 ab
2565 5512 2666 5571 hac
2688 5517 2795 5569 vita
2821 5522 2876 5567 et
2901 5513 2954 5566 in
2973 5510 3234 5582 pulverem
3261 5508 3568 5559 revertentur,
3592 5482 3748 5590 υηάςηξ

2265 5585 2319 5667 in
2349 5611 2436 5665 die
2457 5608 2646 5679 judicii
2673 5607 2872 5661 emittes
2898 5603 3155 5674 Spiritum
3183 5604 3421 5655 sanctum
3448 5590 3648 5647 tum.”
3668 5585 3747 5642 eius

2264 5704 2646 5777 cooperationc
2671 5714 2775 5756 una
2803 5706 2958 5770 patre
2987 5707 3039 5754 et
3077 5706 3128 5755 te
3155 5696 3464 5765 coeperante
3489 5679 3744 5738 creabantur.
