3840 6338
148 322 260 385 1189

1070 319 1431 387 EXPOSITIO
1459 327 1526 385 IN
1564 319 1899 384 PSALMOS.
1929 317 2208 383 -—PSAL.
2251 318 2384 382 CIV.

3220 338 3361 402 H99

145 459 188 512 id
215 464 292 511 est
322 453 704 510 recreabuntur
732 456 1084 527 resurgendo,
1106 466 1153 512 et
1175 458 1442 512 renovabis
1468 457 1655 528 faciem

1786 434 2107 491 Peccatorcs
2160 435 2501 492 delectantur
2532 436 2584 492 iu
2614 439 2769 495 malis
2792 443 3066 514 operibus.
3089 447 3202 520 Ego
3231 466 3361 509 vero

143 550 186 604 id
210 557 284 602 est
309 547 549 611 formam,
589 557 746 603 terrae
776 549 843 603 ad
872 549 1127 605 litteram.
1162 551 1230 605 Et
1263 551 1401 606 bene
1431 550 1561 605 dicit
1598 565 1684 605 ro-

141 641 413 697 uovandam
450 654 570 695 esse
613 640 803 711 facient
839 652 1014 697 terrm.
1065 642 1234 698 Terra
1269 643 1467 714 quippe
1500 651 1555 697 et
1590 657 1685 697 aer

140 744 183 787 ct
203 730 475 794 elementa,
525 746 646 799 qua:
692 731 759 786 ad
804 748 936 787 usus
981 741 1196 788 nostros
1248 732 1682 789 transmutabilia

137 836 260 891 sunt,
307 826 659 881 immutabilia
694 826 826 882 ﬁent
868 837 923 882 ct
965 828 1200 884 formosa
1246 838 1300 883 et
1332 843 1491 883 nova.
1527 826 1682 883 Unde

138 915 337 985 legitur:
367 936 384 965 ι
414 915 554 971 Ecce
598 932 735 971 nova
767 917 908 973 facio
944 920 1126 973 omnia
1175 919 1361 991 (Apoc.
1395 934 1508 985 xxi,
1543 917 1621 987 5).
1654 936 1673 970 ι

137 1005 230 1060 Hoc
261 1014 432 1060 autem
465 1007 607 1075 quod
641 1008 830 1077 [aciem
862 1020 1015 1063 terra:
1050 1009 1340 1074 renovabis,
1378 1008 1444 1062 ad
1477 1007 1681 1077 magni-

136 1093 372 1148 ﬁcentiam
407 1092 501 1148 Dei
540 1096 799 1164 pertinet.
850 1096 919 1151 Et
961 1097 1087 1152 inde
1125 1099 1268 1167 quod
1314 1096 1484 1151 facies
1526 1106 1679 1150 terrae

136 1184 477 1251 renovabitur,
538 1194 593 1240 et
648 1186 837 1242 ﬁdeles
887 1189 1311 1256 recreabuutur,
1361 1190 1467 1244 erit
1508 1188 1678 1260 gloria

135 1277 314 1331 Domini
334 1277 593 1331 duratura
625 1294 796 1349 usque
833 1279 886 1333 in
920 1281 1195 1348 sarculum,
1222 1282 1275 1336 id
1304 1290 1388 1337 est
1421 1296 1591 1351 usque
1622 1281 1676 1336 in

133 1377 375 1433 aeternum,
415 1377 471 1423 et
509 1372 752 1427 concedo
793 1374 1011 1442 quidem
1053 1385 1112 1429 ut
1148 1377 1215 1429 sit
1252 1375 1422 1446 gloria
1462 1375 1676 1429 Domini

133 1459 177 1511 in
209 1458 482 1526 saxulum,
543 1462 753 1517 scilicet
794 1475 853 1518 ut
898 1467 1159 1521 Dominus
1204 1467 1538 1537 gloriﬁcetur
1581 1483 1677 1537 per

132 1548 535 1619 gloriﬁcationem
577 1568 798 1608 suorum
839 1555 893 1608 in
929 1565 1215 1611 aeternum.
1260 1558 1317 1612 lu
1362 1559 1462 1614 hoc
1493 1568 1672 1614 autem

130 1641 257 1695 nobis
281 1644 580 1715 exemplum
616 1646 805 1700 tribuit
827 1646 993 1701 Deum
1026 1648 1384 1719 gloriﬁcandi.

185 1733 240 1788 Et
268 1744 389 1789 tunc
411 1736 631 1804 quando
665 1736 853 1793 ﬁdeles
886 1738 1331 1809 glonﬁcabuutur
1362 1750 1419 1797 et
1455 1756 1671 1797 recrea-

126 1826 315 1892 buntur,
343 1826 607 1881 (relabitur
629 1828 886 1884 Dominus
916 1830 1165 1887 Christus
1191 1835 1244 1887 in
1269 1835 1508 1903 operibus
1535 1837 1668 1902 suis,

126 1920 168 1974 id
198 1928 271 1974 est
304 1920 355 1975 in
383 1921 819 1992 magniﬁcatione
858 1923 1127 1980 bonorum
1167 1941 1288 1992 quae
1326 1926 1418 1982 hic
1462 1927 1516 1981 in
1556 1928 1670 1983 suis

125 2020 361 2081 operatur,
390 2013 481 2082 qui
515 2022 643 2068 tunc
681 2014 919 2069 elﬁcicnt
974 2025 1034 2071 ut
1071 2027 1197 2071 tunc
1233 2018 1331 2087 ipsi
1361 2018 1669 2089 gloriﬁcen-

127 2113 211 2157 tur.
238 2103 380 2171 Quod
408 2112 492 2158 est
522 2104 743 2160 dicere:
769 2105 920 2161 Tunc
954 2110 1233 2179 apparebit
1266 2124 1363 2179 per
1387 2112 1668 2181 praemium

123 2192 490 2262 glorilicationis
517 2209 732 2260 eorum,
759 2196 883 2265 quia
908 2195 1170 2253 Dominus
1194 2199 1407 2254 laetatur
1435 2202 1489 2255 in
1509 2202 1669 2257 bonis

122 2282 358 2349 aperibus,
383 2296 503 2352 qua:
536 2283 652 2353 ipse
691 2284 747 2338 in
788 2283 870 2340 eis
913 2295 1192 2356 operatur.
1237 2288 1456 2358 Repetit
1483 2300 1666 2347 autem

122 2370 321 2427 breviter
365 2372 429 2425 ad
477 2374 1013 2431 commendationem
1076 2378 1489 2449 magniﬁcentia:
1547 2380 1666 2449 ejus

120 2474 292 2533 partem
353 2466 572 2522 illorum
634 2482 860 2538 operum
918 2469 1019 2525 sic.
1075 2469 1356 2535 Dominus,
1421 2471 1665 2541 inquam,

121 2553 368 2622 (elabitur,
438 2557 495 2612 id
563 2567 648 2612 est
705 2560 990 2629 apparebit
1048 2575 1145 2630 per
1181 2558 1346 2631 417
1412 2559 1665 2617 eﬁcctum

121 2649 318 2714 przemii,
357 2650 480 2719 quia
529 2650 789 2705 Dominus
829 2652 895 2707 de
939 2652 1095 2707 bonis
1134 2655 1389 2723 operibus
1444 2669 1664 2709 suorum

120 2737 312 2795 laetatur.
358 2740 621 2796 Dominus
651 2782 667 2810 ,
720 2742 842 2798 dico
883 2743 974 2798 aui
1000 2743 1086 2799 hic
1137 2744 1366 2813 respicit,
1418 2756 1666 2815 respectu

119 2831 270 2899 gratia:
324 2843 520 2887 terram
552 2872 569 2900 ,
633 2834 688 2889 id
734 2844 820 2889 est
873 2844 1117 2889 terrenos
1177 2834 1530 2890 illuminanda
1585 2837 1667 2891 in-

120 2920 254 2976 terius
290 2937 380 2992 per
427 2923 618 2979 ﬁdem.
668 2922 738 2978 Et
773 2923 903 2993 facit
935 2940 1050 2978 eam
1078 2934 1320 2989 tremere,
1342 2925 1407 2979 de
1427 2926 1665 2994 peccatis

117 3013 405 3078 pteniteudo.
438 3014 509 3069 Et
534 3028 641 3068 non
687 3014 862 3070 solum
891 3015 983 3085 qui
1008 3014 1253 3070 subditos
1279 3016 1486 3085 respicit
1518 3032 1534 3083 ;
1568 3018 1664 3072 sed

116 3110 157 3155 et
175 3103 251 3172 qui
276 3105 433 3174 tangit
458 3105 693 3160 interius
719 3119 817 3175 per
862 3104 1288 3175 increpationem
1344 3117 1567 3172 montes,
1609 3108 1663 3163 id

115 3198 181 3243 est
218 3192 508 3264 principes,
563 3203 612 3248 et
665 3192 958 3264 fumigant,
1004 3194 1058 3249 id
1112 3204 1198 3251 est
1243 3195 1449 3252 fumum
1504 3198 1661 3254 emit-

116 3289 226 3347 tum,
273 3284 633 3356 lacrymosam
681 3286 934 3341 videlicet
986 3286 1483 3359 compunctionet'n,
1537 3306 1660 3361 qua:

113 3373 264 3430 oculos
288 3379 592 3434 exteriores
622 3378 691 3434 ad
725 3377 1138 3436 similitudinem
1185 3379 1319 3436 fumi
1368 3382 1437 3437 ad
1473 3382 1658 3439 ﬂetum

113 3465 245 3534 cogit.
272 3465 494 3537 Ideoque
537 3465 716 3521 fumus
745 3467 946 3523 dicitur
976 3485 992 3535 ;
1025 3469 1239 3525 vel-sic.
1265 3472 1418 3527 Tunc
1442 3471 1659 3542 quando

114 3552 263 3611 ﬁdeles
289 3558 701 3623 recreabuntur,
737 3556 1006 3612 lwtabitur
1037 3559 1297 3615 Dominus
1335 3562 1390 3615 in
1415 3562 1658 3630 operibus

113 3651 218 3717 suis,
246 3654 440 3709 scilicet
466 3653 704 3725 placebit
733 3654 784 3709 ei
821 3656 965 3725 quod
1022 3656 1160 3711 nihil
1208 3657 1447 3713 inveniet
1472 3658 1526 3713 in
1556 3658 1655 3727 eis,

113 3742 196 3799 nisi
222 3760 371 3815 opera
390 3762 513 3811 sua,
554 3746 765 3802 scilicet
795 3762 959 3817 opera
1000 3748 1161 3803 bona.
1194 3747 1311 3804 Non
1342 3749 1485 3805 enim
1509 3750 1660 3805 inve-

113 3833 204 3887 niet
225 3835 273 3889 in
293 3837 369 3891 eis
397 3838 541 3892 mala
568 3851 754 3906 Opera,
783 3845 1006 3907 prepter
1024 3852 1147 3907 qua:
1170 3838 1350 3894 dicat:
1380 3857 1399 3890 ι
1425 3838 1661 3895 Paenitet

113 3941 182 3983 me
223 3928 407 3986 iecisse
456 3946 554 3986 eos
598 3927 751 4001 (Gen.
779 3945 857 3996 vr,
885 3931 962 3998 7).
995 3948 1013 3983 ι
1071 3931 1356 3998 Dominus,
1411 3932 1655 4002 inquam,

113 4019 182 4085 qui
220 4019 300 4076 hic
324 4022 529 4090 respicit
574 4031 789 4086 terram,
840 4030 949 4078 etc.
988 4022 1102 4078 lloc
1149 4038 1256 4077 non
1295 4031 1556 4088 mutatur,
1603 4033 1660 4079 et

111 4109 164 4163 ad
187 4114 624 4185 magniﬁcentiam
674 4113 768 4168 Dei
790 4116 1046 4185 pertinet.
1080 4113 1328 4171 Ostensis
1357 4117 1659 4188 magniﬁcis

111 4202 328 4267 operibus
348 4204 463 4273 Dei,
492 4214 553 4259 ut
574 4219 674 4259 nos
696 4205 776 4260 sui
797 4206 1043 4277 exemplo
1068 4207 1135 4261 ad
1162 4206 1487 4261 cantandum
1518 4208 1655 4261 invi-

111 4296 186 4353 tet,
222 4306 276 4348 se
319 4302 661 4349 cantaturum
714 4293 943 4349 Domino
993 4295 1263 4365 promittit
1285 4295 1364 4350 sic
1391 4309 1407 4349 :
1434 4294 1657 4352 Ostendi

111 4383 358 4452 magniﬁca
378 4402 546 4455 opera
580 4385 700 4451 Dei,
736 4387 947 4443 scilicet
982 4386 1125 4456 quod
1169 4386 1257 4442 hic
1284 4387 1413 4456 facit
1460 4396 1655 4440 terram

109 4475 311 4535 tremere,
331 4482 385 4526 et
405 4482 606 4527 montes
631 4470 916 4543 fumigare,
940 4482 995 4527 et
1017 4473 1069 4526 in
1092 4471 1273 4528 futuro
1293 4486 1419 4527 suos
1442 4486 1656 4527 recrea-

108 4552 189 4621 bit,
215 4570 264 4614 et
286 4561 471 4630 [aciem
495 4571 653 4616 terra:
696 4562 998 4617 reuovabit.
1026 4562 1093 4617 Et
1118 4562 1247 4632 quia
1298 4561 1378 4615 sic
1405 4562 1653 4632 magniﬁ-

109 4657 186 4700 cus
215 4659 291 4704 est
319 4661 377 4706 ut
425 4652 479 4706 in
513 4650 697 4707 futuro
742 4667 958 4707 merear
984 4653 1053 4707 ab
1090 4665 1155 4706 eo
1188 4648 1502 4721 gloriﬁcari,
1526 4666 1654 4704 cau-

108 4738 206 4792 tabo
237 4741 476 4811 Domino,
511 4743 565 4799 id
595 4752 678 4798 est
703 4741 843 4798 bene
868 4743 1135 4812 operabor
1162 4742 1231 4796 ad
1260 4742 1520 4796 honorem
1550 4739 1658 4797 Do-

109 4830 237 4896 mini,
264 4836 401 4904 quod
427 4835 535 4890 erit
558 4834 659 4905 ipsi
684 4834 977 4891 canticum.
1018 4834 1275 4899 Cantabo,
1328 4835 1570 4905 inquam,
1598 4846 1653 4890 et

110 4920 192 4977 hoc
216 4926 264 4980 in
284 4927 380 4983 hac
405 4929 512 4983 vita
540 4942 655 4982 mea
680 4927 930 4997 praesenti
957 4937 1054 4994 ;et
1081 4928 1184 4983 hoc
1210 4943 1317 4983 non
1344 4930 1411 4983 ad
1435 4929 1649 4996 horam,

109 5011 185 5066 sed
204 5018 417 5085 psallam
460 5017 569 5073 Deo
593 5035 708 5073 meo
735 5020 974 5089 quandiu
998 5035 1139 5085 sum,
1173 5020 1225 5074 id
1253 5028 1336 5076 est
1356 5020 1494 5076 bene
1521 5035 1653 5090 ope-

110 5105 243 5161 rabor
266 5110 330 5164 ad
352 5110 615 5166 honorem
638 5111 731 5165 Dei
761 5111 887 5176 mei,
912 5111 1146 5180 quandiu
1172 5111 1259 5166 hic
1292 5112 1491 5167 vivam.
1518 5111 1653 5167 Nam

113 5216 128 5247 ί
154 5202 233 5269 qui
253 5206 677 5271 perseveraverit
716 5220 886 5276 usque
915 5206 969 5260 in
1005 5205 1187 5271 ﬁnem,
1215 5205 1303 5261 hic
1326 5206 1506 5262 salvus
1548 5207 1654 5262 erit

109 5289 294 5357 (Matth.
318 5312 372 5361 x,
401 5297 515 5366 22).
548 5317 567 5351 ι
600 5299 732 5355 Dico
759 5298 1006 5369 psallam,
1032 5307 1088 5352 et
1116 5313 1215 5367 per
1235 5298 1338 5353 hoc
1352 5297 1654 5366 jucundum

109 5380 195 5433 erit
220 5385 263 5435 ei
288 5385 548 5456 eloquium
586 5370 788 5452 meum,
820 5387 986 5443 idest
1028 5385 1265 5456 jucunda
1316 5386 1423 5441 erit
1447 5386 1496 5441 ei
1535 5386 1653 5442 laus

110 5468 281 5541 eloquii
311 5478 423 5532 oris
456 5480 605 5545 mei,
651 5480 795 5549 quod
842 5478 1003 5534 aliter
1047 5495 1156 5534 non
1183 5486 1346 5534 esset.
1371 5497 1390 5531 ι
1422 5478 1539 5533 Non
1568 5488 1654 5535 est

112 5561 232 5621 enim
253 5566 487 5634 speciosa
518 5567 632 5624 laus
657 5569 710 5624 in
740 5584 835 5624 ore
857 5570 1159 5640 peccatoris
1180 5567 1370 5639 (Eccli.
1391 5585 1480 5633 xv,
1511 5569 1589 5640 9).
1626 5588 1645 5622 ι

111 5647 167 5703 Et
200 5652 291 5709 hoc
343 5658 559 5727 quidem
602 5674 703 5716 ore
756 5672 817 5716 ut
858 5662 1147 5729 jucundum
1186 5664 1251 5716 sit
1296 5662 1344 5716 ei
1389 5662 1651 5732 eloquium

114 5754 280 5797 meum.
315 5745 420 5819 Ego
450 5765 566 5805 vero
608 5752 900 5810 delectabar
925 5754 979 5809 in
1004 5754 1250 5824 Domino,
1303 5769 1366 5812 ac
1390 5755 1434 5811 si
1466 5755 1647 5812 dicat:

1781 526 1874 597 qui
1902 527 2161 597 propheta
2210 542 2350 595 sum,
2402 528 2555 601 cujus
2609 534 2903 591 auctoritas
2950 546 3006 593 et
3050 544 3356 613 exemplum

1781 618 2113 687 sequendum
2134 626 2239 681 est,
2265 617 2575 674 delectabor
2603 619 2656 674 in
2683 619 2858 689 laude,
2889 627 3020 682 etin
3047 630 3200 685 bonis
3227 646 3357 703 ope-

1781 708 1933 763 ribus
1978 724 2097 779 qute
2128 710 2194 764 ad
2229 709 2514 765 Dominum
2553 713 2849 782 pertinent,
2902 720 3230 793 delectabor,
3267 726 3353 780 in-

1780 816 1960 871 quam.
1995 805 2069 855 Ac
2096 802 2142 856 si
2171 803 2315 857 dicat
2350 821 2363 857 :
2395 804 2529 859 Cum
2580 807 2941 864 delectatione
2974 813 3109 867 bene
3161 830 3355 886 Opera-

1778 891 1896 945 bor.
1928 889 2033 947 Per
2054 892 2157 947 hoc
2208 902 2386 949 autem
2435 910 2533 951 nos
2573 898 2793 954 instruit
2826 915 2949 955 cum
2993 902 3348 962 delectatione

1778 982 1915 1037 bene
1944 984 2179 1053 operari.
2231 984 2365 1041 Orat
2394 997 2570 1042 autem
2596 1004 2694 1059 pro
2732 1006 2833 1047 nos
2876 992 3269 1051 deicetantibus
3296 999 3349 1053 in

1778 1070 2006 1127 Domino
2038 1074 2117 1129 sic
2151 1093 2164 1128 :
2203 1076 2324 1131 dico
2366 1081 2619 1147 quoniam
2667 1096 2769 1150 ego
2807 1082 3120 1141 delectabar
3171 1088 3225 1142 in
3254 1090 3360 1143 Do-

1779 1165 1927 1219 mino
1959 1174 2052 1221 :et
2075 1177 2133 1221 ut
2158 1179 2470 1237 peccatores
2499 1172 2708 1241 possint
2736 1173 2789 1227 in
2823 1174 3053 1233 Domino
3073 1179 3351 1246 delectari,

1774 1269 2070 1326 peccatores
2118 1271 2381 1330 quantum
2413 1263 2481 1317 ad
2529 1278 2588 1319 se
2621 1265 2713 1335 qui
2747 1267 2999 1323 videlicet
3033 1270 3085 1324 in
3121 1286 3181 1326 se
3212 1273 3354 1325 mala

1775 1359 2090 1417 cperautur,
2120 1350 2368 1420 deﬁciant
2412 1372 2444 1407 a
2495 1365 2657 1421 terra,
2694 1357 2746 1411 id
2796 1369 2881 1413 est
2929 1373 2959 1412 a
2998 1360 3357 1419 delectatione

1775 1438 2131 1505 tcrrenitatis,
2159 1452 2215 1495 et
2245 1441 2318 1495 illi
2346 1444 2436 1512 qui
2459 1455 2585 1500 sunt
2604 1446 2795 1516 iniqui,
2816 1457 3076 1518 quantum
3108 1453 3173 1505 ad
3191 1453 3347 1516 alios,

1775 1527 1958 1598 inique
1992 1531 2199 1587 scilicet
2224 1545 2445 1605 agentes
2485 1535 2538 1591 in
2567 1540 2864 1608 proximus,
2895 1541 3142 1610 deﬁciant
3175 1554 3228 1596 ut
3253 1561 3357 1599 non

1773 1621 1877 1673 sint
1916 1621 2109 1692 iniqui.
2164 1623 2243 1679 Tu
2276 1640 2428 1691 vero,
2459 1628 2638 1683 anima
2667 1647 2806 1697 mea,
2867 1632 3077 1687 benedic
3106 1634 3354 1701 Domino,

1772 1708 1911 1764 bona
1932 1710 2217 1769 alfectione
2241 1715 2488 1770 contuitu
2510 1716 2753 1788 'opcrum
2779 1720 2895 1789 ejus
2916 1722 3352 1794 magniﬁcorum,

1700 1793 1745 1852 Β
1773 1815 1894 1871 quze
1921 1803 2172 1871 superius
2200 1805 2341 1860 dicta
2372 1816 2519 1862 sunt.

2265 1894 2331 1950 IN
2358 1896 2689 1955 PSALMUM
2718 1899 2849 1956 CIV.

1844 1981 2057 2040 Titulus
2106 1987 2391 2043 centesimi
2443 1992 2643 2059 quarti.
2690 1993 2939 2049 Alleluia.
2978 1994 3131 2064 Quod
3160 2006 3243 2052 est
3270 1998 3353 2053 di-

1769 2087 1897 2128 cere
1927 2090 1941 2126 :
1968 2074 2210 2131 Laudate
2252 2078 2556 2135 Dominum.
2582 2082 2810 2139 Alleluia
2838 2086 3037 2157 quippe
3086 2088 3355 2160 interpre-

1770 2172 1916 2220 tatur
1976 2167 2210 2233 laudnte,
2261 2168 2315 2223 id
2344 2185 2474 2227 vero
2526 2182 2609 2228 est
2665 2176 2934 2245 quoddam
2998 2191 3193 2234 nomen
3253 2179 3350 2235 Dei

1769 2257 1912 2326 apud
1958 2256 2234 2314 Hebraeos.
2290 2260 2420 2317 lude
2474 2262 2690 2319 alleluia
2741 2276 2822 2322 est
2860 2268 3080 2324 dicere:
3112 2269 3353 2327 Laudate

1770 2345 1959 2403 Deum.
1996 2350 2065 2403 Et
2103 2364 2343 2420 congrue
2377 2354 2595 2422 quidem
2631 2357 2869 2425 psalmus
2923 2360 3045 2425 iste,
3108 2361 3349 2417 Laudate

1768 2441 1934 2496 Deum
1962 2443 2287 2498 intitulatur.
2342 2444 2614 2517 Propheta
2651 2464 2843 2520 nempe
2890 2453 2969 2505 ad
2996 2452 3349 2522 plenitudinis

1768 2542 1982 2604 tempus
2009 2536 2307 2592 extendens
2354 2551 2415 2592 se
2464 2540 2897 2597 consideratione
2939 2544 3123 2600 ﬁdeles
3164 2560 3230 2599 es
3256 2545 3352 2601 Ju-

1766 2624 1898 2680 daais
1920 2625 2225 2684 credituros
2246 2622 2655 2687 adhortatur'ad
2680 2632 3004 2690 laudandum
3031 2636 3198 2693 Deum
3224 2654 3352 2694 con-

1767 2714 2004 2773 lessione
2047 2728 2389 2788 peccatorum
2427 2737 2671 2789 suorum,
2699 2736 2753 2779 et
2789 2726 2926 2781 bene
2978 2729 3142 2783 etiam
3190 2731 3340 2801 cogi-

1767 2808 1932 2863 tando
1954 2819 2009 2865 et
2046 2811 2185 2866 bene
2226 2814 2522 2882 operando,
2548 2824 2605 2870 et
2645 2817 2910 2873 mirabilia
2954 2820 3072 2890 ejus
3098 2824 3348 2889 gentibus

1766 2900 2157 2977 annuntiando,
2188 2909 2245 2956 et
2298 2902 2401 2957 hoc
2428 2918 2642 2975 quoque
2693 2909 2957 2974 contuitu,
2999 2912 3251 2981 quoniam
3282 2914 3348 2968 il-

1765 2974 1855 3043 lud
1885 2990 2027 3058 quod
2049 2991 2281 3045 Abraha:
2312 3000 2367 3047 et
2393 2992 2543 3049 Isaac
2586 3003 2642 3051 et
2677 2994 2845 3052 Jacob
2880 2974 3153 3069 promisit,
3188 3004 3342 3058 scili-

1749 3092 1852 3138 'cet
1890 3085 2141 3139 daturum
2172 3099 2230 3139 se
2258 3085 2452 3141 semini
2488 3086 2605 3157 ejus
2654 3097 2855 3147 terram
2886 3091 3169 3159 Chanaan,
3201 3107 3255 3151 et
3277 3098 3345 3152 ad

1690 3164 1735 3226 C
1767 3176 2002 3233 litteram
2033 3185 2088 3232 et
2111 3177 2467 3246 signiﬁcativc
2499 3181 2815 3252 complevit,
2845 3170 2900 3239 et
2929 3186 3105 3242 adhuc
3131 3203 3197 3243 ex
3231 3197 3345 3242 toto

1760 3268 2071 3339 complebit.
2099 3270 2356 3324 Euuntiat
2406 3286 2623 3342 quoque
2661 3289 2784 3343 quae
2810 3275 3065 3331 beneﬁcia
3098 3277 3343 3347 patribus

1759 3360 2009 3417 contulit.
2062 3360 2131 3416 Et
2175 3362 2446 3431 quomodo
2505 3372 2703 3419 terram
2750 3366 3008 3420 Chanaan
3063 3369 3142 3423 eis
3171 3369 3341 3434 dedit,

1757 3458 1820 3505 ut
1846 3450 2027 3521 magis
2066 3450 2246 3507 ﬁdeles
2297 3450 2513 3507 Judazos
2559 3454 2757 3523 quibus
2807 3455 2895 3509 hic
2933 3456 3067 3525 agit,
3099 3460 3343 3513 contuitu

1758 3540 1971 3597 illorum
2021 3542 2405 3598 beneﬁciorum
2429 3544 2617 3601 ad.Dei
2659 3545 2869 3601 laudem
2904 3547 3113 3605 incitet.

1828 3632 2162 3703 Conﬁtentini
2194 3635 2421 3690 Domino
2464 3647 2511 3691 et
2540 3638 2796 3705 invocate,
2855 3647 2960 3696 etc.
2998 3641 3347 3703 Constructio

1757 3723 1977 3793 quidem
2038 3724 2227 3796 incipit
2252 3741 2282 3780 a
2309 3737 2465 3782 sexto
2495 3743 2680 3795 versu,
2709 3731 2799 3800 qui
2842 3732 2964 3788 talis
3000 3746 3085 3791 est
3110 3754 3124 3790 :
3154 3735 3346 3795 Semen

1757 3814 2047 3881 Abraham,
2070 3823 2176 3871 etc.
2194 3815 2347 3883 Quod
2372 3817 2453 3872 sic
2477 3819 2769 3889 adaptatur
2793 3838 2806 3875 :
2834 3820 2942 3878 Vos
2962 3839 3145 3881 semen
3168 3828 3342 3883 Abra-

1758 3907 1887 3963 ham
1908 3908 2205 3963 sccundum
2232 3924 2451 3965 carnem
2486 3908 2678 3977 Judaei,
2710 3912 2913 3968 scilicet
2938 3926 2993 3970 et
3022 3932 3127 3971 non
3160 3920 3340 3974 omni—

1757 3995 1861 4051 bus
1885 3996 2010 4052 dico
2039 3997 2131 4067 qui
2169 4008 2296 4053 sunt
2349 4013 2525 4053 semen
2581 4000 2872 4067 Abraham,
2904 4004 2997 4058 sed
3037 4007 3174 4059 servi
3199 4008 3339 4076 ejus,

1757 4086 1973 4142 Domini
2000 4086 2209 4143 scilicet
2256 4089 2346 4159 qui
2371 4089 2515 4145 servi
2572 4089 2783 4146 Domini
2814 4091 2939 4147 Jcsu
2980 4108 3101 4150 esse
3126 4109 3231 4151 non
3256 4112 3341 4152 re-

1761 4179 1947 4235 nuitis.
1979 4179 2044 4234 Et
2070 4181 2197 4250 quia
2240 4181 2462 4251 quidam
2506 4182 2736 4253 gentiles
2792 4183 3014 4240 fuerunt
3038 4185 3107 4240 de
3131 4189 3345 4245 semine

1758 4270 1951 4327 lsmael
1974 4272 2068 4326 ﬁlii
2095 4271 2395 4337 Abraham,
2423 4273 2515 4343 qui
2549 4274 2615 4327 ad
2650 4274 2809 4329 lldcm
2827 4274 2939 4343 jam
2969 4288 3254 4344 venerunt,
3281 4292 3339 4337 et

1760 4360 1901 4415 servi
1929 4360 2131 4415 Christi
2185 4360 2312 4416 facti
2362 4372 2508 4427 sunt,
2535 4364 2683 4417 addit
2714 4381 2726 4416 :
2754 4362 2923 4435 518
2951 4380 3049 4421 vos
3096 4368 3218 4423 dico
3245 4372 3341 4439 qui

1759 4449 1893 4504 estis
1932 4449 2032 4517 ﬁlii
2081 4449 2249 4505 Jacob
2294 4451 2617 4521 patriarcha:
2664 4456 2960 4510 secundum
3021 4471 3342 4527 carnem,et

1685 4518 1868 4596 Dnon
1910 4541 2032 4596 dico
2058 4542 2127 4597 de
2174 4518 2481 4597 inﬁdelibus
2534 4543 2657 4599 ﬁliis
2704 4544 2911 4614 Jacoh;
2957 4548 3054 4604 sed
3095 4564 3192 4605 vos
3245 4518 3337 4622 qui

1759 4632 1893 4687 estis
1918 4631 2067 4687 electi
2088 4633 2203 4703 ejus
2232 4633 2468 4698 Domini,
2501 4634 2708 4690 scilicet
2732 4651 2870 4706 quos
2900 4638 3063 4711 elegit
3094 4642 3343 4698 vocando

1722 4758 1725 4763 ι
1758 4723 1829 4778 ad
1856 4724 2043 4780 ﬁdem.
2075 4723 2411 4793 Conﬁtemini
2449 4725 2677 4782 Domino
2716 4726 2938 4785 Christo
2991 4741 3217 4800 peccata
3246 4750 3338 4791 vc-

1758 4824 1871 4870 stra
1904 4832 1920 4882 ;
1950 4829 2071 4885 qua:
2090 4814 2364 4871 confessio
2384 4816 2492 4872 erit
2518 4818 2751 4884 Domini,
2782 4830 2832 4875 et
2858 4823 3169 4881 conﬁtendo
3194 4827 3338 4881 ineo-

1758 4919 1872 4963 cate
1902 4924 2089 4964 nomen
2111 4909 2246 4976 ejus,
2272 4908 2325 4963 id
2370 4918 2450 4965 est
2480 4910 2731 4969 invocate
2774 4928 2898 4969 eum
2941 4917 2995 4971 in
3026 4918 3337 4975 considera-

1724 5050 1727 5053 .
1757 4999 1959 5054 tionem
1990 5000 2224 5054 nominis
2250 4998 2388 5068 ejus,
2442 5002 2584 5072 quod
2615 5013 2702 5060 est
2730 5006 3013 5064 Dominus.
3074 5009 3227 5076 Quod
3255 5024 3338 5069 est

1724 5132 1727 5135 η
1756 5091 1940 5147 dicere
1971 5109 1986 5145 :
2015 5090 2368 5149 Considerate
2395 5096 2524 5163 quia
2566 5095 2827 5154 Dominus
2874 5101 3115 5155 omnium
3145 5111 3249 5168 est,
3280 5114 3333 5167 et

1754 5182 1857 5239 hac
1878 5184 2315 5241 consideratione
2343 5187 2573 5244 interius
2606 5200 2795 5246 vocate
2817 5206 2942 5246 eum
2996 5194 3136 5247 bona
3173 5194 3331 5247 devo.

1720 5309 1726 5315 -
1758 5276 1905 5333 tione
1929 5288 2174 5343 orantes,
2199 5288 2261 5355 ut
2287 5280 2453 5335 vestri
2501 5282 2575 5337 sit
2625 5280 2980 5350 inhabitator,
3035 5288 3330 5341 secundum

1756 5366 2130 5438 iuoperautcm
2152 5370 2407 5440 gratiam,
2431 5384 2487 5428 et
2511 5372 2592 5427 sic
2617 5373 2932 5428 annuntiate
2954 5375 3093 5430 inter
3134 5386 3327 5447 gentes.

1756 5473 1915 5530 idest
1948 5475 2000 5528 in
2046 5473 2381 5544 plenitudine
2445 5474 2686 5544 gentium
2727 5474 2795 5528 ad
2849 5472 3064 5530 laudem
3120 5472 3314 5534 Domiti

1755 5581 1919 5636 Opera
1966 5566 2084 5637 ejus
2135 5567 2301 5632 facta,
2331 5566 2464 5621 etin
2514 5568 2685 5622 veteri
2733 5576 2791 5622 ct
2834 5568 2888 5623 in
2935 5583 3077 5624 novo
3116 5570 3325 5637 populo-

1722 5659 1890 5726 .Quia
1941 5673 2073 5715 vero
2115 5674 2224 5714 non
2276 5657 2547 5713 suﬁiceret
2575 5666 2634 5711 ut
2663 5670 2786 5730 post
2832 5659 3230 5715 confessionem
3275 5671 3334 5716 et

1758 5754 2156 5811 invocationem
2209 5753 2393 5811 statim
2450 5753 2837 5811 annuutiarent
2874 5767 3039 5828 opera
3091 5751 3329 5816 Domini.
