3840 6338
130 296 236 358 Η93

990 299 1351 359 EXPOSITIO
1383 304 1448 358 IN
1482 302 1828 361 ‘PSALMOS.
1862 336 1925 349 -
1959 305 2156 361 PSAL.
2195 308 2326 362 CIV.

3204 325 3338 382 ιιδι

120 428 238 489 parte
259 428 340 469 sua
371 412 527 466 addit.
565 411 777 466 Terram
809 412 1063 469 Chanaan
1091 418 1208 472 dico
1244 418 1638 488 signiﬁcantem
1674 429 1715 484 Α
1748 428 1820 472 est
1855 433 1884 471 a
1919 418 2175 475 fratribus
2206 421 2494 491 Egyptiis,
2538 426 2603 478 dc
2641 426 2808 482 libero
2840 431 3108 487 transiens
3147 434 3197 487 in
3229 452 3336 488 ser-

115 504 361 579 fmiiculum
420 505 739 559 lueretlitatis
800 519 983 563 vestra:
1031 518 1275 575 aeternae,
1340 525 1367 562 a
1423 510 1649 564 Domino

114 597 285 660 dandre,
318 594 364 647 id
396 602 479 647 est
528 595 926 666 significantem
971 614 1279 654 mensuram
1311 601 1647 656 hazretlitatis

110 698 283 743 vestrzc.
306 685 448 752 Quod
484 695 567 741 est
590 688 772 744 dicere
802 708 814 741 :
844 689 889 745 Ο
917 690 1100 745 ﬁdeles
1118 691 1309 759 Judaei,
1338 701 1480 747 terra
1506 693 1646 748 Cha-

112 792 224 830 naan
268 776 447 829 vestris
502 778 749 845 patrihus
804 780 929 834 data
958 781 1350 839 cumofuniculo
1390 783 1648 839 distribu-

107 868 254 934 tionis,
302 868 565 939 signiﬁcat
602 881 863 927 arternam
910 872 1299 931 beatitudinem
1336 878 1491 932 vobis
1523 893 1644 947 pro.

110 961 311 1024 missam,
341 976 455 1030 qua:
492 976 615 1015 cum
673 978 926 1019 mensura
956 967 1112 1020 vobis
1145 966 1384 1035 dabitur,
1409 976 1488 1033 ut,
1520 984 1643 1023 cum

110 1066 261 1105 omnes
306 1052 542 1107 eamdem
581 1054 970 1111 beatitudinem
1013 1057 1134 1113 sitis
1172 1058 1445 1124 habituri,
1498 1076 1640 1115 unus

102 1152 249 1197 tamen
272 1144 371 1197 alio
392 1143 598 1199 beatior
617 1155 672 1201 et
710 1147 999 1217 gloriosior
1023 1151 1150 1215 erit,
1178 1152 1472 1206 secundum
1500 1156 1643 1223 quod

99 1236 299 1288 SlilCIlOl'
346 1234 525 1301 fuerit,
562 1235 715 1303 juxta
760 1238 888 1293 illud
920 1242 1160 1309 Apostoli
1192 1260 1206 1297 :
1244 1260 1262 1294 ι
1304 1243 1456 1298 Sicut
1489 1244 1639 1300 stella

101 1326 242 1379 dill'ert
273 1342 298 1379 a
328 1327 477 1382 stella
515 1327 569 1382 in
610 1330 880 1396 claritate,
919 1333 998 1387 sic
1046 1344 1100 1388 ct
1141 1336 1467 1390 resurrectio
1498 1352 1641 1390 mor-

98 1427 273 1471 tuorum
300 1416 343 1487 (l
377 1417 500 1472 Cor.
539 1435 627 1488 xv,
662 1422 773 1493 41).
804 1442 829 1475 s
868 1424 933 1478 Et
959 1424 1218 1480 Don'rinus
1250 1427 1301 1480 in
1326 1427 1640 1499 Evangelia,

101 1527 113 1556 ι
146 1507 188 1559 In
211 1508 355 1561 domo
402 1510 573 1578 patris
611 1513 712 1567 mei
747 1515 1057 1570 mansiones
1084 1516 1262 1571 multae
1298 1526 1426 1573 sunt
1457 1518 1639 1589 (Joan.

98 1614 179 1663 xiv,
205 1601 272 1669 2).
303 1622 319 1653 ι
356 1602 487 1657 Dico
516 1606 773 1674 quoniam
800 1606 925 1662 ﬁliis
952 1607 1203 1671 Abralnc,
1228 1609 1377 1665 Isaac
1399 1620 1453 1665 et
1474 1610 1641 1667 Jacob

95 1694 299 1757 promisit
335 1705 534 1749 terram
591 1697 873 1764 Chanaan,
924 1710 980 1755 et
1012 1711 1077 1756 ut
1128 1701 1222 1756 ﬁlii
1278 1719 1468 1759 eorum
1517 1721 1637 1759 eam

1752 527 1900 575 vitm,
1944 513 2086 582 quod
2133 513 2381 582 equidem
2436 515 2734 572 mirabilius
2783 520 2881 575 fuit
2923 539 3045 579 cum
3079 541 3144 579 ex
3176 540 3334 581 servo

1749 602 1999 657 dominus
2046 604 2262 675 {Egypti
2314 607 2384 659 sit
2437 617 2620 674 pOSIea
2672 608 2866 665 factus.
2921 614 3154 687 {Egyplii
3204 635 3333 673 vero

1748 690 1943 759 quibus
1986 694 2327 748 venundatus
2363 704 2468 760 est,
2513 697 2918 754 humiliuvcrunt
2951 707 3101 772 pedes
3136 708 3247 776 ejus
3278 711 3332 762 in
3422 710 3431 718 ’

1746 784 2098 852 compedibus.
2147 787 2354 840 Dictum
2405 798 2485 844 est
2515 790 2656 843 cnim
2690 792 2757 843 ah
2796 808 2962 847 uxore
3000 795 3330 867 Putipharis,

1746 872 1832 926 cui
1861 875 2167 930 consentire
2206 876 2396 943 uoluit,
2452 878 2599 932 illum
2646 880 2747 933 sibi
2782 881 3091 937 violentiam
3134 887 3334 942 inferre

1742 964 1981 1021 voluisse
2037 965 2199 1038 (Cen.
2236 984 2424 1033 χχχιχ,
2474 970 2584 1043 It).
2648 970 2767 1038 Qua
2806 974 2873 1028 de
2909 990 3072 1031 causa
3117 991 3146 1029 a
3178 977 3336 1030 mini.

1743 1057 1872 1111 stris
1895 1056 2192 1114 Pharaonis
2227 1070 2416 1132 captus
2466 1070 2546 1116 est
2585 1072 2640 1117 et
2669 1064 3059 1133 incarceratus,
3100 1078 3154 1123 et
3183 1084 3335 1124 com-

1744 1149 1970 1218 pedibus
2016 1150 2227 1207 vinetus
2281 1152 2471 1221 (Ibid,
2517 1154 2631 1221 20),
2677 1165 2733 1211 ct
2780 1158 2852 1211 ibi
2897 1158 3113 1227 ferrum,
3167 1162 3219 1216 id
3252 1173 3335 1217 εει

1743 1242 1941 1296 duritia
1977 1242 2382 1298 tribulationum
2419 1248 2719 1314 pertransiit
2746 1249 2976 1301 animam
2999 1251 3134 1318 ejus,
3167 1251 3220 1308 id
3248 1264 3333 1309 ρει

1743 1331 1980 1384 anxiavit
2011 1332 2325 1388 vitalitatem
2372 1333 2507 1401 ejus,
2556 1336 2623 1389 ad
2676 1336 2890 1390 modum
2950 1338 3080 1392 ferri
3133 1357 3330 1411 corpus

1744 1426 2195 1491 pertranseuntis.
2243 1426 2469 1482 Ferrum
2503 1428 2909 1484 tribulationum
2958 1431 3078 1486 dico
3126 1418 3331 1487 durans

1742 1514 1907 1568 donec
1932 1516 2121 1569 veniret
2146 1516 2352 1569 verbum
2392 1517 2526 1586 ejus,
2574 1518 2627 1572 id
2665 1527 2748 1573 est
2776 1521 2945 1575 donec
2976 1522 3184 1577 veniret
3212 1538 3330 1578 ver-

1742 1604 1868 1657 bum
1913 1606 2373 1673 interpretationis
2417 1607 2640 1662 visionis
2697 1607 3063 1677 Pharaonicm,
3111 1622 3165 1665 et
3207 1622 3331 1667 tunc

1741 1692 2003 1763 eloquium
2035 1694 2265 1761 Domini,
2299 1695 2503 1749 scilicet
2541 1697 2764 1751 verbum
2809 1698 3271 1768 interpretationis
3302 1716 3331 1753 a

90 1785 401 1856 possiderent,
431 1806 538 1842 non
568 1790 797 1861 reliquit,
828 1792 877 1845 id
912 1803 995 1848 est
1027 1810 1133 1849 non
1156 1795 1634 1853 dimisithominem

1744 1784 1969 1839 Domino
2000 1785 2096 1853 ipsi
2148 1787 2329 1839 datum
2372 1788 2717 1855 inﬂammavit
2751 1805 2869 1843 eum
2893 1788 3111 1860 Joseph,
3149 1791 3199 1845 id
3246 1801 3330 1845 est

92 1875 280 1944 aliquem
312 1895 495 1933 nocere
522 1881 619 1948 eis,
657 1883 707 1937 id
732 1891 816 1938 est
848 1883 1100 1949 Abralue,
1130 1896 1185 1940 et
1213 1886 1363 1944 Isaac
1403 1890 1503 1955 sic,
1531 1891 1639 1946 sci-

93 1968 189 2022 licet
215 1985 397 2026 nocere
424 1982 488 2026 ut
516 1974 977 2044 interﬁcerentur,
1010 1989 1059 2033 et
1090 1980 1253 2035 etiam
1292 1999 1389 2052 pro
1416 1986 1493 2039 eis
1523 2002 1639 2040 cor-

91 2060 213 2127 ripuit
235 2078 385 2131 reges,
420 2080 493 2119 ne
525 2076 707 2122 essent
740 2068 820 2123 eis
850 2070 1050 2136 nocivi,
1097 2071 1239 2126 sicut
1288 2089 1380 2128 rex
1415 2076 1637 2148 Egypti

84 2160 125 2202 ct
148 2166 222 2204 rex
246 2151 452 2210 Geram:
486 2156 750 2227 leguntur
773 2160 1032 2219 divinitus
1068 2167 1307 2235 correpti
1351 2166 1538 2233 fuisse,
1571 2184 1637 2223 ne

88 2255 303 2299 nocerent
354 2246 592 2304 Abrahae
660 2248 830 2319 (Cen.
884 2270 983 2321 xu,
1035 2256 1131 2321 'I'l;
1212 2274 1306 2323 xx,
1358 2261 1436 2328 5).
1508 2260 1637 2316 Diro

90 2335 198 2399 quod
226 2352 352 2406 reges
372 2340 651 2409 corripuit,
683 2344 887 2412 dicens,
908 2347 1116 2403 scilicet
1142 2364 1344 2405 arcana
1370 2352 1632 2407 dictione:

92 2424 232 2480 Nolite
258 2442 482 2500 tangere,
521 2435 733 2503 nocive,
771 2436 1009 2493 Christos
1039 2458 1202 2507 meos,
1247 2442 1300 2498 id
1333 2452 1417 2500 est
1441 2457 1636 2501 unctos

90 2529 111 2565 a
143 2531 212 2570 me
252 2518 362 2575 oleo
391 2522 694 2592 spiritualis
723 2527 929 2597 gratice,
964 2539 1010 2582 et
1057 2529 1215 2586 nolite
1240 2532 1543 2604 malignari,
1580 2535 1634 2591 Id

86 2617 152 2661 cst
194 2611 406 2683 maligne
450 2630 619 2684 agere
663 2619 715 2673 in
750 2621 1015 2690 prophetis
1072 2624 1222 2688 meis,
1258 2625 1332 2679 illi
1378 2627 1633 2682 nimirum

86 2702 314 2768 propheta
353 2704 592 2774 luerunt,
641 2711 743 2766 etsi
780 2714 1078 2783 prophetiae
1115 2716 1281 2772 libros
1315 2733 1421 2772 non
1452 2718 1634 2774 edide-

92 2802 201 2846 runt.
227 2794 346 2853 Dico
376 2801 522 2870 quod
552 2805 804 2874 corripuit
846 2823 941 2875 pro
975 2808 1047 2863 eis
1076 2826 1220 2878 reges
1257 2820 1406 2875 tunc,
1432 2811 1636 2867 scil’cct

88 2889 314 2956 corripuit,
341 2911 456 2948 cum
504 2908 675 2951 essent
709 2915 925 2954 numero
957 2901 1118 2968 brevi,
1164 2914 1211 2958 et
1243 2916 1301 2960 ιιι
1328 2907 1635 2975 expressius

87 2977 244 3049 dicam,
271 2999 386 3040 cum
418 2999 609 3043 essent
654 2993 978 3060 paucissimi,
1014 3004 1062 3048 et
1104 2997 1312 3062 incolte,
1356 2998 1407 3053 id
1430 3009 1514 3054 est
1541 3000 1634 3054 ad-

86 3084 202 3125 vena:
242 3075 467 3135 cultores
513 3079 681 3151 420
729 3083 843 3151 eius
892 3092 1049 3140 terra:
1084 3086 1359 3154 Chanaan,
1410 3099 1464 3145 et
1514 3108 1630 3145 cum

84 3166 444 3223 rcrtmnsieruut
496 3172 565 3224 de
600 3184 750 3241 gente
782 3176 835 3227 in
864 3186 1065 3246 gentem
1094 3180 1386 3246 Abraham,
1424 3184 1631 3240 scilicet
1661 3148 1703 3208 C

87 3250 329 3320 etj‘ainilia
374 3259 514 3327 ejus,
546 3271 600 3315 et
635 3264 760 3330 quia
798 3276 1019 3335 possent
1052 3271 1282 3325 transire
1308 3272 1373 3327 dc
1397 3284 1555 3341 gente
1579 3276 1631 3329 in

82 3353 275 3410 gentem,
308 3350 356 3403 in
391 3362 501 3407 uno
543 3368 704 3421 regno
728 3365 905 3410 tamen
940 3360 1263 3414 determinat
1289 3364 1367 3417 sic
1408 3379 1422 3417 :
1462 3365 1525 3419 Et
1555 3367 1635 3421 sic

85 3433 175 3489 dico
199 3451 282 3492 eos
315 3444 686 3510 pertransisse
711 3448 777 3500 de
802 3457 960 3518 gente
986 3449 1038 3504 in
1073 3464 1308 3520 gentem,
1333 3456 1476 3523 quod
1505 3473 1631 3527 pcr-

85 3530 367 3587 transierunt
393 3535 459 3590 de
492 3552 664 3608 regno
689 3537 1087 3609 Chaldaeorum,
1119 3544 1208 3598 ubi
1235 3545 1507 3601 Abraham
1536 3548 1635 3604 fuit

84 3629 227 3709 natus,
274 3627 337 3681 ad
388 3628 653 3700 pupulum
706 3631 958 3698 alterum,
1012 3634 1219 3690 scilicet
1263 3638 1331 3691 ad
1381 3639 1633 3709 pepulum

81 3708 484 3776 Clmnaiucorum.
533 3722 754 3794 Legitur
798 3727 940 3780 enim
979 3727 1237 3785 Dominus
1268 3731 1334 3785 ad
1360 3708 1631 3788 Abraham

80 3802 241 3862 dixisse
269 3830 279 3863 ;
308 3830 327 3861 ‹
368 3813 646 3885 Egredere
675 3816 743 3872 de
789 3827 931 3872 terra
974 3830 1025 3875 et
1057 3821 1124 3876 de
1152 3825 1494 3892 possessione
1521 3835 1632 3893 tua,

80 3910 119 3948 ct
143 3904 243 3957 veni
272 3906 322 3961 in
357 3917 568 3964 terram
601 3927 762 3980 quam
795 3924 1167 3970 monstravero
1197 3918 1314 3982 tibi,
1346 3927 1400 3972 ct
1439 3918 1631 3973 faciam

81 3998 117 4083 Ic
138 4008 359 4055 crescere
403 4003 455 4055 in
484 4011 708 4074 gentem
741 4020 989 4077 magnam
1020 4006 1171 4079 (Gen.
1214 4026 1312 4077 xu,
1342 4014 1415 4083 I).
1450 4031 1468 4064 ι
1497 4013 1631 4081 Quia

78 4080 155 4135 nisi
195 4086 476 4161 Abraham,
549 4102 606 4148 et
654 4095 822 4163 Isaae,
862 4106 916 4153 et
959 4097 1127 4155 Jacob
1153 4102 1220 4154 ad
1266 4080 1630 4172 generandum

75 4176 185 4234 tilio;
210 4191 511 4244 conservati
545 4200 749 4258 essent,
796 4208 983 4249 eorum
1033 4195 1126 4250 lilii
1156 4206 1339 4267 utpote
1370 4200 1462 4269 qui
1501 4199 1631 4255 nulli

78 4284 240 4339 chcnt,
280 4295 558 4351 nunquam
611 4293 754 4338 terra
807 4283 1064 4340 Chanaan
1117 4290 1509 4357 possedissent.
1564 4290 1632 4345 Et

76 4372 316 4432 Dnslquam
364 4386 460 4425 eos
489 4381 839 4429 transeuntes
874 4376 939 4430 de
966 4385 1125 4447 gente
1158 4378 1223 4432 ad
1254 4390 1469 4449 gentem
1503 4396 1632 4436 con-

75 4458 290 4566 servavit,
314 4470 372 4514 ut
403 4462 577 4519 Jarob
608 4474 659 4519 et
698 4465 790 4521 ﬁlii
829 4466 943 4536 ejus
968 4469 1019 4523 in
1051 4468 1346 4542 tEgyptum
1380 4473 1544 4541 irent,
1574 4484 1629 4529 ct
1659 4508 1707 4566 υ

76 4537 171 4597 inde
210 4559 324 4615 post
370 4553 424 4606 in
460 4563 665 4608 terram
708 4554 963 4612 Chanaan
996 4537 1256 4628 redirent,
1287 4565 1485 4618 vocavit
1520 4579 1626 4620 non

75 4643 196 4724 i900,
237 4643 326 4695 sed
359 4644 595 4716 imperio
640 4649 915 4717 potentite,
966 4650 1160 4721 famem
1193 4670 1349 4724 super
1390 4665 1626 4721 terram,

74 4718 114 4773 id
150 4736 219 4781 est
257 4737 519 4805 prieccpit
547 4735 745 4792 famem
775 4718 1037 4796 dominari
1069 4758 1231 4813 super
1256 4718 1455 4800 terram
1489 4718 1627 4800 Cha;

74 4825 208 4882 ηειίιη,
236 4837 263 4874 a
286 4825 645 4882 similitudine
668 4828 811 4884 illius
836 4831 927 4901 qui
958 4833 1265 4889 ministrum
1287 4845 1467 4902 vocat,
1494 4847 1553 4891 ut
1578 4840 1625 4892 ci

72 4903 238 4976 aliquid
287 4918 613 4988 praecipiat:
643 4930 698 4975 et
744 4930 802 4975 ut
841 4922 1067 4979 multum
1116 4924 1289 4982 fames
1324 4927 1629 4983 dominare-

75 5002 140 5047 tur
166 5015 317 5071 super
346 5016 575 5072 terram,
621 5012 880 5077 contrivit,
918 5013 972 5067 id
1019 5024 1104 5070 est
1146 5016 1354 5070 conteri
1382 5018 1630 5085 permisit

71 5109 191 5153 antae
238 5103 629 5170 ﬁrmamentum
683 5110 857 5178 panis,
903 5111 1111 5166 scilicet
1164 5128 1379 5175 clunem
1434 5130 1627 5185 panem

72 5194 283 5251 permisit
307 5198 545 5265 destrui,
570 5201 708 5257 unde
732 5203 1053 5259 sensualitas
1076 5205 1313 5259 humana
1337 5206 1626 5262 conﬁrma-

72 5288 155 5336 tur.
184 5284 245 5341 Ut
270 5301 454 5348 autem
494 5293 549 5347 in
600 5303 843 5365 tempore
897 5296 1055 5352 famis
1082 5296 1252 5354 Iacob
1290 5310 1346 5354 et
1378 5300 1470 5355 lilii
1511 5301 1629 5371 ejus

72 5371 113 5424 ίη
136 5376 410 5451 Ᾰίεῖριωη
438 5387 743 5455 transituri,
774 5388 1035 5445 haberent
1061 5400 1372 5459 patronum,
1402 5408 1468 5448 ne
1491 5393 1629 5448 fame

71 5468 298 5530 perirent.

129 5559 256 5617 .llisit
296 5580 417 5625 ante
457 5588 547 5625 eos
596 5572 795 5643 Joscph
828 5576 1015 5639 virum,
1048 5576 1139 5645 qui
1182 5576 1411 5631 viriliter
1446 5588 1504 5631 se
1533 5577 1631 5631 ha-

70 5648 183 5719 buit,
213 5674 313 5713 non
344 5665 700 5721 consentiens
733 5666 958 5737 turpiter
982 5667 1142 5722 uxori
1170 5667 1435 5737 Putiphar
1464 5681 1631 5719 eunu-

71 5744 141 5799 tlti
177 5747 495 5809 Pharaonis.
536 5756 600 5812 Et
629 5759 733 5813 hoc
768 5760 927 5816 modo
953 5761 1098 5817 misit
1129 5761 1272 5832 quod
1304 5761 1627 5817 renuntiatus

280 5847 559 5911 Ps'mOL.
614 5850 791 5915 CLII.

1738 1876 2112 1946 comprobavit
2150 1892 2272 1931 eum
2328 1891 2575 1932 sanctum
2611 1894 2752 1945 esse,
2800 1883 2890 1951 qui
2943 1896 3067 1939 ante
3115 1886 3328 1940 adulter

1738 1968 2047 2034 dicebatur;
2080 1986 2109 2023 a
2146 1969 2499 2025 similitudine
2527 1972 2643 2024 auri
2676 1973 2814 2041 puri,
2850 1977 2992 2045 quod
3026 1977 3329 2032 inﬂamma-

1740 2068 1848 2124 tur,
1903 2059 1953 2114 id
1989 2076 2020 2116 c
2054 2070 2073 2115 t
2103 2076 2198 2131 per
2226 2062 2494 2116 ﬁainmam
2526 2078 2724 2131 purum
2772 2082 2893 2123 esse
2923 2071 3324 2137 comprobatur,

1738 2163 1794 2207 et
1821 2163 1948 2208 tunc
1974 2156 2111 2208 misit
2142 2170 2232 2208 rex
2255 2154 2465 2209 Pharao
2502 2156 2552 2209 in
2583 2172 2878 2222 carcerem,
2909 2171 2956 2214 et
2987 2152 3271 2217 solviteum
3294 2178 3326 2216 a

1736 2244 2106 2314 compedibus,
2130 2258 2183 2300 et
2223 2246 2479 2316 princeps,
2525 2249 2762 2316 inquam,
2811 2253 3121 2323 populorum
3163 2254 3325 2325 Egy-

1737 2338 1998 2406 ptiorum,
2029 2338 2078 2392 id
2111 2348 2197 2392 est
2235 2354 2326 2395 rex
2352 2340 2566 2397 Pharao
2596 2343 2761 2411 misit,
2797 2354 2978 2399 etnon
3017 2346 3189 2400 solum
3220 2348 3329 2401 sol-

1736 2429 1833 2494 vit,
1864 2431 1957 2486 sed
2003 2441 2051 2486 et
2096 2433 2293 2487 dimisit
2326 2450 2465 2500 eum,
2513 2436 2565 2490 id
2603 2445 2685 2490 est
2713 2436 2961 2490 liberavit
2988 2436 3052 2491 de
3082 2452 3325 2501 carcere,

1732 2530 1791 2575 et
1831 2531 2117 2593 postquam
2160 2525 2294 2579 vidit
2325 2542 2447 2581 cum
2492 2527 2788 2597 sapientem
2823 2527 3021 2592 virum,
3058 2531 3327 2583 constituit

1736 2628 1853 2666 cum
1893 2615 2161 2668 (taurinum
2206 2616 2393 2671 domus
2440 2634 2574 2683 suta,
2616 2629 2661 2671 et
2703 2618 2987 2687 principem
3020 2620 3187 2672 omnis
3214 2637 3329 2689 pos-

1736 2704 1983 2758 srssionis
2030 2722 2163 2770 sure,
2215 2718 2270 2761 ut
2321 2707 2577 2762 familiam
2619 2725 2770 2764 suam
2810 2711 2861 2764 in
2897 2719 3137 2780 tempore
3168 2711 3327 2767 famis

1739 2808 1975 2865 regeret;
2008 2809 2056 2852 et
2090 2810 2144 2852 ut
2196 2802 2425 2855 erudiret
2453 2803 2711 2871 principes
2736 2804 2853 2872 ejus
2898 2802 3197 2857 Pharaonis
3227 2804 3326 2867 ita.

1734 2890 1869 2941 sicut
1919 2890 2253 2959 semetipsum
2301 2891 2458 2946 vellet
2492 2894 2606 2962 ipse
2627 2893 2840 2948 Pharao
2864 2894 3067 2948 erudiri
3094 2908 3108 2946 :
3134 2902 3192 2948 et
3219 2911 3324 2949 non

1737 2976 1908 3030 solum
1951 2979 2178 3045 juvenes
2215 2982 2485 3051 principes
2516 2983 2605 3052 qui
2633 2998 2740 3038 non
2773 2993 2925 3038 erant
2950 2984 3084 3037 adeo
3105 2986 3315 3053 sapien-

1735 3080 1839 3136 tes,
1880 3072 1974 3127 sed
2003 3082 2049 3125 et
2096 3090 2241 3127 senes
2272 3074 2386 3144 ejus
2418 3077 2507 3146 qui
2542 3077 2814 3146 Sapientes
2857 3086 3031 3140 erant.
3062 3081 3322 3148 majorem

1734 3163 2066 3233 prudentiam
2139 3165 2382 3230 doceret;
2424 3168 2566 3237 quod
2610 3167 2859 3238 equidem
2913 3169 3159 3224 mirabile
3203 3169 3321 3235 fuit,

1735 3254 1913 3311 doceri
1959 3256 2167 3312 scilicet
2198 3272 2357 3313 senes
2401 3273 2431 3312 a
2453 3257 2674 3327 juvene,
2715 3268 2762 3313 et
2804 3260 3093 3314 occasione
3121 3258 3322 3330 Joscph

1735 3350 1823 3419 qui
1851 3351 1902 3404 in
1931 3350 2164 3422 Egypto
2198 3352 2595 3420 dominabatur,
2625 3353 2835 3409 intravit
2864 3352 3030 3407 ,Ιαςοῦ
3061 3354 3115 3408 in
3147 3354 3319 3425 Egy-

1733 3452 1877 3512 ptum
1926 3458 2048 3496 cum
2078 3443 2207 3496 ﬁliis
2238 3443 2350 3497 suis
2389 3458 2457 3496 ne
2500 3442 2642 3497 fame
2684 3444 2905 3513 periret.
2944 3444 3020 3500 Ne
3046 3460 3172 3501 vero
3197 3460 3321 3501 cre-

1734 3530 1955 3586 deretur
1994 3530 2161 3587 Jacob
2209 3531 2429 3604 [Egypti
2476 3533 2725 3588 dominus
2770 3533 2955 3603 fuisse,
3006 3545 3061 3590 et
3100 3535 3179 3591 sic
3215 3552 3321 3590 non

1734 3623 2037 3693 oportuisse
2069 3623 2206 3678 lilios
2257 3638 2383 3679 suos
2423 3624 2548 3680 inde
2580 3625 2779 3691 redire,
2809 3627 2956 3682 addit
2988 3646 3000 3680 :
3035 3627 3103 3683 Et
3137 3627 3322 3691 Israel,

1734 3713 1789 3767 id
1819 3722 1902 3768 cst
1928 3713 2095 3768 Jacob
2123 3714 2222 3784 fuit
2272 3716 2476 3782 accola,
2504 3717 2555 3771 id
2588 3724 2671 3773 est
2710 3718 2918 3773 advena
2958 3718 3229 3776 habitator
3267 3722 3324 3777 in

1730 3813 1873 3858 terra
1901 3802 2089 3870 Citam,
2118 3806 2169 3860 id
2196 3815 2279 3859 est
2308 3808 2360 3860 in
2386 3806 2643 3878 Algypto,
2688 3809 2776 3863 ubi
2810 3810 3012 3865 mansit
3039 3810 3240 3876 Cham;
3275 3821 3326 3865 et

1737 3897 1806 3952 ibi
1854 3900 2001 3952 auxit
2032 3900 2294 3954 Dominus
2323 3901 2573 3971 papulum
2599 3918 2752 3956 suum
2777 3904 3119 3967 uehementer,
3156 3904 3205 3956 id
3236 3912 3322 3956 est

1734 3988 2117 4059 multiplicavit
2153 3989 2292 4045 ﬁlios
2332 3990 2521 4055 Israel,
2547 4000 2595 4045 et
2626 3991 2853 4059 ﬁrmavit
2896 4008 3011 4044 eum
3042 3991 3319 4061 populum,

1736 4081 1787 4135 id
1832 4090 1915 4135 est
1947 4083 2163 4136 lirmum
2210 4081 2338 4137 fecit
2385 4082 2438 4137 in
2467 4084 2806 4153 possessione
2834 4089 2889 4136 et
2914 4082 3117 4136 divitiis
3143 4098 3317 4151 super,

1736 4176 1789 4231 id
1829 4186 1912 4232 est
1947 4176 2226 4247 plusquam
2258 4194 2433 4232 omnes
2470 4176 2708 4229 inimicos
2752 4175 2864 4243 ejus
2892 4173 3193 4243 Egyptios,
3226 4177 3324 4242 qui

1734 4268 1782 4322 ei
1834 4281 1901 4321 ex
1949 4267 2149 4321 invidia
2202 4268 2643 4321 inimieabaniur.
2701 4264 2769 4319 Ut
2808 4273 2987 4318 autem
3031 4264 3320 4319 occasione

1735 4356 2128 4426 persecutionis
2168 4353 2546 4427 Egyptiorum
2581 4354 2809 4423 papulas
2838 4353 3003 4408 Israel
3035 4354 3085 4406 in
3114 4362 3315 4407 terram

1735 4449 1994 4506 Chanaan
2039 4448 2269 4513 rediret,
2319 4449 2567 4502 convertit
2597 4463 2687 4499 cor
2721 4462 2900 4500 eorum
2938 4444 3320 4516 Egyptiorum

1732 4543 1801 4598 ab
1827 4542 2088 4611 amicitia,
2131 4550 2188 4594 ut
2229 4540 2431 4594 adirent
2467 4539 2719 4609 populant
2765 4538 2898 4608 ejus,
2944 4549 2991 4592 et
3038 4539 3117 4594 sic
3140 4537 3321 4591 dolum

1733 4633 1963 4702 facerent
1988 4630 2041 4685 in
2065 4646 2238 4685 servos
2268 4629 2405 4703 ejus,
2435 4629 2574 4683 ﬁlios
2602 4627 2764 4684 Israel
2791 4642 2977 4683 eorum
3011 4628 3150 4683 ﬁlios
3173 4630 3319 4684 occi-

1733 4725 1942 4792 dentes,
1968 4731 2024 4779 et
2046 4722 2190 4791 ipsos
2219 4722 2479 4776 servitute
2506 4720 2900 4790 opprimentcs;
2930 4728 2988 4775 et
3016 4727 3075 4773 nt
3110 4719 3176 4773 dc
3206 4734 3319 4774 ser—

1732 4817 1898 4872 vitute
1931 4815 2161 4886 populus
2188 4814 2304 4885 ejus
2329 4816 2649 4884 eriperetur,
2678 4814 2817 4867 misit
2843 4812 2908 4867 ad
2939 4827 3062 4868 eum
3087 4811 3321 4867 liberan-

1732 4910 1857 4963 dum
1917 4906 2137 4977 Moysen
2189 4921 2392 4960 servum
2436 4920 2609 4970 suum,
2652 4914 2700 4957 et
2759 4904 2935 4958 Aaron
2977 4920 3128 4975 quem
3167 4904 3319 4973 elegit

1732 4998 1891 5071 421
1950 4999 2004 5053 in
2066 5006 2405 5053 sacerdotem
2451 4996 2690 5065 :ipsum,
2732 4996 2969 5065 inquam,
3005 4996 3183 5049 Aaron
3217 4995 3316 5047 sibi

1735 5091 1886 5144 valde
1908 5090 2132 5144 charum
2172 5095 2225 5143 et
2264 5087 2620 5153 familiarem;
2653 5087 2784 5141 etin
2825 5089 2923 5151 eis,
2951 5085 3001 5139 id
3030 5094 3112 5139 est
3138 5075 3319 5153 Moyse

1733 5191 1787 5236 et
1834 5183 2012 5235 Aaron
2060 5180 2231 5250 posuit
2280 5180 2456 5245 verba,
2488 5180 2540 5234 id
2582 5187 2665 5233 est
2696 5186 2964 5249 praacepta
2996 5191 3113 5242 sua,
3154 5176 3318 5230 verba

1734 5276 1853 5331 dico
1889 5274 2126 5330 efﬁcacia
2150 5275 2420 5345 signorum
2454 5288 2691 5335 suorum,
2722 5282 2768 5323 et
2794 5287 2897 5324 non
2936 5269 3316 5339 qualiumcun-

1734 5385 1837 5438 que
1877 5369 2177 5440 signorum,
2224 5370 2318 5422 sed
2363 5367 2717 5437 prodigiorum
2766 5364 3029 5419 factorum
3077 5364 3131 5418 in
3176 5375 3316 5418 terra

1730 5462 1916 5516 Citam.
1958 5460 2091 5514 Nam
2121 5460 2246 5530 quia
2277 5460 2439 5514 verba
2466 5456 2675 5511 Domini
2708 5456 2937 5511 ﬁdeliter
2962 5467 3017 5512 ct
3044 5456 3315 5527 intrepide

1728 5553 2001 5609 Pharaoni
2033 5553 2304 5616 dicebant,
2339 5548 2581 5621 prodigia
2612 5547 2778 5601 multa
2808 5548 3194 5617 opcrabantur.

1798 5667 2089 5734 Caeterum,
2122 5666 2378 5737 quoniam
2407 5665 2619 5720 Pharao
2647 5680 2745 5734 pro
2768 5664 2948 5719 verbis
2982 5662 3188 5719 Domini
3222 5676 3315 5731 po-

1729 5760 1910 5832 pulum
1942 5759 2059 5832 ejus
2088 5760 2361 5816 dimittere
2399 5758 2592 5827 noluit,
2626 5759 2764 5813 misit
2793 5756 3027 5811 tenebras
3062 5755 3116 5810 in
3150 5754 3315 5825 Egy-

2923 5849 3000 5908 38
