3872 6320
473 311 495 367 l
515 311 610 398 ιω

1047 308 1103 363 S.
1147 308 1493 366 BRUNONIS
1527 301 2166 364 CARTIIUSLKNORU.“
2209 301 2691 360 INSTITUTORIS
2731 303 2879 361 OPP.
2925 307 3103 362 PARS
3144 307 3183 362 l.

3563 315 3686 371 “93

466 443 640 504 ptum,
690 425 736 484 et
790 433 965 482 tantas
1012 425 1155 495 quod
1193 427 1484 481 obscuruuit
1513 441 1604 480 eos
1635 423 1941 494 XEgyptios,
1981 436 2046 473 ue
2079 428 2118 480 Λ
2150 425 2400 474 saturavit
2429 437 2514 474 eos
2543 439 2676 490 pane
2699 422 2830 486 cwli,
2859 423 3004 476 idest
3031 438 3229 476 manna
3256 422 3321 477 de
3347 424 3473 480 (ωιο
3496 431 3690 484 cadente

465 539 606 579 unus
648 522 814 576 alium
856 519 1037 573 ridere
1087 527 1272 586 posset
1322 517 1519 588 (Ea‘od.
1567 534 1620 580 χ,
1673 517 1785 584 25).
1829 513 2048 583 Legitur

371 667 378 674 ,
464 614 608 667 enim
637 626 729 666 aer
755 610 889 664 adeo
909 609 1118 677 spissus
1141 605 1327 669 fuisse,
1354 615 1411 660 ut
1437 604 1639 675 palpari
1660 601 2042 673 possct(lbid.,

463 703 578 773 2i),
615 713 660 756 et
695 705 800 758 hoc
835 701 998 754 modo
1041 715 1144 752 non
1188 697 1510 752 exacerbavit
1547 695 1822 758 Dominus,
1867 696 1917 747 td
1965 703 2047 746 est

462 811 573 848 non
605 793 854 864 permisit
885 790 1140 846 Dominus
1174 788 1288 841 fieri
1328 787 1551 841 acerbos
1593 802 1857 840 sermones
1901 802 2040 839 suos.

461 885 624 948 Nam,
654 885 755 939 nisi
789 881 915 937 talia
940 877 1194 934 miracula
1221 876 1442 941 faceret,
1467 892 1746 931 sermones
1771 877 1887 946 ejus
1909 892 2044 946 quos

463 976 531 1029 ad
574 975 920 1029 Pharaonem
973 970 1299 1031 habuerunt,
1345 967 1524 1022 acerbi
1563 976 1746 1021 essent
1786 967 1954 1038 Moysi
1993 975 2048 1021 et

461 1070 680 1130 Aaron;
725 1071 900 1120 essent
933 1061 1129 1130 quippe
1160 1072 1322 1111 causa
1355 1071 1524 1126 quare
1553 1057 1749 1111 acerbe
1781 1058 2046 1127 puniren-

463 1166 572 1212 tttr.
615 1155 874 1223 Quoniam
921 1159 1098 1202 autent
1146 1148 1484 1201 cessantibus
1532 1148 1770 1202 lCllEbl‘lS
1806 1145 2044 1218 iEgyptii

459 1249 716 1319 populum
748 1243 1021 1297 dimittere
1045 1239 1356 1304 uoluerunt,
1391 1239 1640 1293 convertit
1664 1257 1829 1309 aquas
1867 1256 2044 1292 eorum

459 1340 513 1392 in
542 1337 847 1405 sanguinem
871 1349 936 1386 ue
963 1332 1206 1385 biberent
1234 1349 1245 1384 :
1273 1343 1318 1384 et
1341 1332 1419 1385 sic
1443 1329 1626 1383 occidit
1660 1329 1822 1399 pisces
1846 1346 2042 1382 eorum.

459 1426 577 1482 Non
600 1424 774 1481 solum
805 1439 932 1478 vero
961 1422 1143 1476 taliter
1170 1438 1262 1477 eos
1293 1423 1522 1492 punivit,
1557 1423 1649 1474 sed
1692 1421 1854 1475 etiam
1879 1420 2044 1493 edidit

459 1528 599 1571 terra
637 1530 817 1570 eorum
866 1530 1043 1575 ranas,
1095 1523 1150 1568 et
1195 1529 1298 1567 non
1346 1513 1517 1567 solum
1573 1513 1624 1565 in
1674 1512 1899 1582 campis,
1955 1512 2046 1566 sed

459 1609 620 1661 etiam
654 1616 713 1660 ut
759 1604 947 1660 durior
994 1613 1141 1658 esset
1181 1603 1503 1672 persecutio,
1546 1601 1766 1657 fuerunt
1811 1617 1955 1656 rana:
1993 1602 2049 1654 in

456 1696 824 1768 penetralibus,
860 1695 910 1748 id
938 1702 1022 1749 est
1067 1693 1118 1747 in
1151 1695 1377 1748 SttCl'CliS
1409 1692 1656 1746 thalamis
1697 1699 1926 1761 ipsorum
1963 1706 2047 1744 re-

2152 508 2345 578 (Eon.
2377 525 2508 575 xvu,
2537 510 2598 575 6;
2633 509 2792 564 Nam.
2823 528 2910 578 xx,
2945 513 3053 582 il).
3087 513 3151 567 Et
3180 529 3299 568 cum
3331 514 3690 582 sitirent,dirn-

2148 599 2221 668 pit
2248 614 2445 667 parum
2487 617 2582 669 per
2617 599 2855 671 Moysen,
2903 612 2949 654 et
2987 602 3112 657 inde
3149 605 3410 672 ﬂuxerunt
3451 625 3596 676 agtur,
3643 623 3691 664 et

2150 706 2254 744 non
2310 707 2508 760 parvae,
2561 691 2651 744 sed
2713 692 2954 746 abierunt
3005 693 3129 747 inde
3154 694 3373 762 [Iuntina
3423 707 3527 763 post
3568 699 3692 752 illius

2148 779 2330 847 lsrael,
2365 791 2419 836 et
2452 783 2552 837 hoc
2581 784 2634 835 in
2661 784 2818 837 sicco.
2857 783 3011 850 Quod
3047 785 3204 838 Valle
3237 785 3472 841 mirabile
3507 787 3611 850 fuit,
3645 792 3691 842 il

2148 877 2231 923 est
2260 871 2310 923 in
2347 871 2562 925 deserto
2583 871 2673 926 ubi
2705 888 2808 926 non
2837 885 2982 927 esset
3012 873 3164 929 locus
3190 874 3482 930 ﬂuminum.
3508 878 3562 933 Et
3591 880 3696 933 Ιι;ι·‹γ

2148 962 2325 1014 omnia
2360 962 2481 1016 ideo
2524 961 2672 1028 fecit,
2704 965 2954 1028 quoniam
2997 981 3198 1018 memor
3239 966 3338 1033 fuit
3383 969 3508 1020 rerbi
3545 977 3696 1025 randi

2149 1053 2249 1118 sui,
2284 1053 2336 1107 id
2363 1063 2444 1108 est
2471 1055 2644 1108 sancti
2678 1056 2822 1124 pacti
2852 1057 2955 1121 sui,
2988 1058 3124 1126 quod
3156 1057 3336 1110 [tabuit
3371 1059 3436 1112 ad
3464 1061 3698 1114 Abraham

2147 1162 2386 1214 puerum,
2416 1147 2466 1199 id
2491 1156 2573 1200 est
2604 1162 2816 1201 servum
2841 1164 3018 1213 suum,
3042 1149 3251 1202 scilicet
3276 1153 3411 1218 quod
3433 1152 3564 1205 dare:
3588 1153 3702 1208 lius

2149 1241 2264 1310 ejus
2297 1247 2496 1293 terram
2537 1239 2816 1304 Cltanaan,
2866 1253 3027 1308 quam
3079 1239 3238 1292 aliter
3293 1256 3397 1293 non
3445 1242 3700 1302 habet-ert.

2149 1332 2250 1385 nisi
2282 1333 2394 1386 huic
2437 1329 2698 1384 beneficia
2728 1330 3158 1400 praecessissem,
3202 1341 3250 1384 et
3297 1332 3498 1384 tandem
3541 1332 3706 1386 eduxit

2147 1423 2394 1494 populum
2427 1440 2579 1477 suum
2604 1422 2670 1477 de
2695 1422 2912 1477 deserto
2943 1423 2994 1475 in
3018 1422 3388 1486 exsultatione,
3410 1433 3460 1477 et
3485 1439 3576 1478 non
3599 1441 3709 1479 om-

2150 1530 2272 1568 nem
2308 1514 2474 1585 5.22
2519 1514 2773 1584 populum
2819 1530 2978 1584 quem
3013 1515 3076 1568 de
3118 1514 3352 1584 xﬁgypto
3376 1516 3561 1581 eduxit,
3594 1533 3710 1572 cum

2149 1608 2318 1662 multa
2349 1607 2464 1675 ejus
2500 1607 2663 1661 millia
2692 1617 2878 1660 essent
2910 1607 2960 1660 in
2995 1608 3210 1662 deserto
3242 1617 3476 1675 mortua;
3505 1611 3590 1663 sed
3617 1612 3714 1663 ele-

2149 1706 2258 1750 ctos
2287 1713 2428 1762 suos,
2477 1697 2525 1750 id
2556 1706 2632 1750 est
2671 1696 2807 1750 ﬁlios
2832 1713 3018 1751 eorum
3049 1697 3139 1766 qui
3172 1697 3239 1752 de
3284 1697 3505 1768 JEgyplo
3539 1701 3714 1754 educti

457 1805 602 1860 gum,
635 1788 726 1858 qui
777 1795 968 1842 caitera
1018 1785 1400 1856 impedimenta
1445 1785 1619 1839 solent
1661 1784 1841 1853 aliquo
1887 1783 2046 1837 modo
2077 1791 2120 1846 Β
2151 1793 2296 1847 sunt,
2326 1801 2460 1855 quos
2489 1786 2553 1838 ad
2581 1786 2914 1840 educendum
2938 1786 3197 1856 elegerat,
3222 1787 3406 1842 eduxit
3433 1789 3482 1842 in
3507 1789 3720 1852 ltetitia;

458 1881 688 1953 pellere;
722 1880 817 1935 sed
845 1894 1004 1934 ranas
1037 1894 1141 1940 non
1175 1887 1444 1948 poterant,
1489 1888 1542 1932 cl
1573 1879 1829 1948 quoniam
1873 1877 2048 1932 adhuc

458 1973 709 2042 populum
757 1971 1124 2034 delinuerunl,
1181 1969 1312 2023 dixit
1361 1987 1463 2023 non
1510 1985 1640 2025 voce
1685 1971 1777 2025 sed
1823 1969 2050 2039 imperio

457 2064 712 2132 potentite
739 2079 873 2128 suae,
905 2072 953 2115 et
982 2062 1112 2115 venit
1146 2062 1196 2114 in
1228 2059 1544 2132 Aigyptum,
1578 2063 1861 2130 cwnoniyia
1893 2071 1939 2114 et
1975 2062 2051 2113 ci-

458 2155 638 2222 nipltcs
689 2154 927 2208 existens
965 2155 1014 2206 in
1054 2152 1292 2206 ontuibus
1350 2153 1542 2220 [inibus
1583 2168 1762 2206 eorum
1789 2194 1802 2217 ,
1846 2167 1951 2206 non
1996 2151 2048 2205 in

461 2256 612 2316 parte
642 2245 995 2300 solummodo.
1039 2244 1104 2298 Et
1143 2244 1306 2298 etiam
1348 2245 1544 2312 posuit,
1579 2244 1627 2297 id
1666 2254 1746 2297 est
1780 2241 1907 2297 fecit
1931 2242 2050 2313 plu-

459 2338 568 2389 rius
608 2350 788 2388 eorum
836 2334 1168 2404 grandinem,
1209 2341 1267 2386 ιιι
1301 2333 1526 2388 arbores
1564 2332 2046 2398 contunderentur,

459 2437 513 2480 et
538 2428 714 2495 posuit
755 2426 921 2494 ignem
975 2424 1258 2478 fulminum
1303 2425 1358 2478 iu
1401 2432 1540 2477 terra
1573 2426 1802 2494 ipsorum
1839 2424 2050 2477 combu-

459 2529 682 2582 rcntcut,
710 2517 761 2569 id
788 2515 956 2570 estad
985 2516 1084 2570 hoc
1113 2524 1169 2570 ut
1194 2531 1398 2571 messes
1420 2525 1475 2570 et
1499 2517 1741 2586 jumcuta
1768 2528 1818 2571 et
1853 2525 2048 2572 caetera

461 2607 580 2678 quae
617 2607 688 2662 ibi
731 2616 888 2662 erant
916 2607 1443 2664 combureretaDieo
1473 2608 1615 2677 quod
1652 2608 1820 2677 posuit
1845 2607 2049 2677 pluvias

459 2715 638 2752 eorum
667 2699 994 2768 grandinem,
1035 2707 1081 2752 et
1131 2700 1241 2768 ipsa
1277 2698 1540 2768 grandine
1576 2700 1832 2767 percussit
1877 2687 2050 2752 vineas

459 2806 636 2841 earum
665 2800 709 2841 et
747 2788 1000 2855 [iculneas
1035 2804 1238 2852 eorum,
1271 2801 1322 2842 et
1352 2799 1410 2842 ttt
1436 2789 1818 2843 universaliter
1849 2790 2046 2853 dicam,

458 2881 720 2952 grandine
752 2879 837 2934 illa
867 2881 1087 2934 contrivi
1133 2895 1293 2936 omne
1323 2883 1518 2951 lignum
1549 2882 1735 2950 ﬁniunt
1766 2899 1965 2946 eorum,
1998 2891 2052 2936 ct

458 2973 712 3042 quoniam
737 2973 912 3027 adhuc
930 2971 980 3026 in
996 2972 1193 3027 duritia
1210 2985 1716 3043 perseveraverunt,
1736 2976 1864 3029 dixit
1882 2975 2050 3045 impe-

456 3063 542 3118 rio
559 3063 953 3133 potentiasum,
971 3073 1016 3115 et
1038 3063 1168 3116 venit
1185 3063 1236 3116 in
1264 3062 1554 3134 {Egyptum
1577 3063 1779 3118 locusta
1805 3065 2050 3118 innumev

457 3157 663 3220 rabilis,
694 3167 740 3210 et
775 3156 964 3209 brurus
995 3156 1146 3224 cujus
1179 3172 1279 3210 non
1308 3167 1418 3210 erat
1447 3172 1714 3210 numerus.
1747 3156 1810 3208 lit
1845 3157 2044 3210 locusta
2077 3165 2120 3226 ρ
2223 3189 2434 3244 Timlus
2471 3189 2674 3244 θεωρεῖ

459 3247 676 3300 comedit
703 3262 852 3298 omne
875 3245 1051 3313 fenum
1077 3247 1128 3297 in
1160 3255 1297 3298 terra
1328 3262 1532 3311 eorum,
1572 3257 1618 3299 et
1659 3246 1855 3301 brucus
1887 3263 2052 3300 come-

459 3339 534 3390 dit
561 3353 764 3391 onmem
787 3337 1020 3406 fructum
1046 3347 1200 3392 terra:
1222 3354 1423 3404 eorum,
1448 3349 1494 3392 et
1523 3348 1644 3410 post
1667 3339 1918 3408 percussit
1950 3339 2052 3393 Do-

458 3432 638 3485 minus
661 3446 756 3500 per
785 3430 1030 3500 angelum
1051 3431 1440 3498 percutientem
1456 3447 1607 3484 omne
1625 3432 2048 3501 primogenitum,

459 3531 569 3576 tam
603 3521 883 3574 hominum
921 3535 1083 3589 quam
1131 3522 1422 3590 pecudum,
1461 3521 1515 3575 in
1554 3534 1693 3575 terra
1747 3539 1948 3587 eorum,
1998 3533 2053 3578 et

458 3616 719 3682 primitias
751 3613 917 3665 omnis
942 3614 1135 3667 laboris
1168 3629 1368 3679 eorum,
1402 3613 1452 3666 id
1481 3624 1564 3668 est
1592 3615 1843 3669 meliores
1870 3615 2052 3686 fruges

461 3719 673 3768 eorum,
705 3703 818 3757 sive
842 3704 1259 3774 primogenitum
1295 3705 1526 3773 accepit,
1561 3717 1824 3774 quantum
1861 3707 1924 3760 ad
1951 3708 2050 3761 ho-

461 3796 638 3851 mines
677 3804 904 3862 tantum,
950 3795 1218 3865 primitias
1259 3812 1384 3850 vero
1425 3795 1646 3860 laboris,
1693 3809 1952 3866 quantum
1987 3801 2053 3853 ad

459 3888 701 3958 pecudes
732 3903 850 3958 qua:
880 3903 1003 3941 cum
1043 3888 1230 3942 labore
1272 3889 1603 3942 nutriuntur.
1656 3889 1719 3942 Et
1765 3902 2050 3960 postquam

459 3981 882 4052 primogenitum
899 3995 1113 4036 onmem
1140 3981 1796 4050 percussit,edu.riteosde
1819 3984 2052 4054 [Egypto

463 4088 581 4124 cum
614 4071 782 4127 multo
819 4082 1037 4142 argento
1079 4082 1126 4126 et
1175 4089 1306 4126 auro
1349 4070 1746 4142 fligyptiorum.
1791 4074 2053 4144 Praecepit

462 4165 606 4218 enim
639 4165 898 4219 Dominus
930 4174 988 4218 ιιι
1015 4164 1276 4235 quidquid
1306 4177 1527 4235 possent
1552 4167 1670 4220 auri
1702 4177 1756 4221 et
1785 4169 1992 4238 argenti
2021 4185 2048 4222 a

459 4253 658 4308 vicinis
707 4261 895 4308 mutuo
942 4265 1241 4317 sumerent,
1279 4263 1334 4308 et
1373 4255 1510 4308 clam
1559 4272 1740 4310 secum
1782 4259 2050 4312 deferrent

463 4345 661 4416 (Exod.
695 4361 755 4411 ll,
782 4345 858 4414 9.),
890 4358 935 4398 et
976 4360 1097 4399 cum
1128 4361 1220 4401 eos
1248 4347 1527 4413 educeret,
1567 4366 1667 4401 non
1694 4359 1803 4402 erat
1856 4349 2051 4419 aliquis

462 4441 516 4492 in
545 4439 780 4492 tribubus
824 4455 1003 4492 eorum
1047 4439 1308 4508 inﬁrmus,
1353 4449 1407 4493 cl
1446 4449 1572 4495 tunc
1623 4441 1885 4510 {Egi/plus
1932 4458 2051 4509 quae

461 4537 684 4596 propter
733 4527 1058 4582 ablutionem
1112 4529 1231 4583 auri
1275 4539 1330 4584 et
1367 4531 1575 4600 argenti
1626 4531 1707 4584 sui
1744 4534 1810 4586 de
1859 4546 2046 4585 eorum
2079 4519 2127 4577 Ι)

463 4620 706 4674 discessu
734 4620 905 4676 tristis
933 4619 1128 4687 fuerat,
1164 4622 1348 4676 audito
1379 4624 1481 4677 hoc
1510 4623 1650 4691 quod
1680 4621 1892 4677 I’harao
1924 4639 2048 4678 cum

462 4717 612 4772 omni
648 4717 891 4772 exercitu
918 4717 1236 4774 submersus
1262 4717 1462 4784 fuerat,
1497 4718 1676 4772 lwtata
1723 4729 1794 4773 est
1833 4720 1886 4771 in
1923 4736 2046 4788 pro-

464 4809 686 4880 fectione
707 4826 887 4864 eorum
911 4810 1146 4866 ﬁliorum
1170 4811 1354 4875 Israel,
1382 4811 1589 4867 scilicet
1618 4811 1796 4866 laetata
1821 4820 1903 4867 est
1929 4812 2048 4867 ideo

463 4901 607 4970 quod
655 4916 758 4956 non
788 4904 1220 4969 revertebantur,
1256 4914 1315 4958 ut
1342 4913 1538 4958 terram
1583 4912 1914 4974 occuparent
1949 4923 1961 4955 :
1996 4914 2050 4958 et

464 4991 586 5048 ideo
625 4992 803 5048 laetata
832 5009 935 5060 ρει,
966 4995 1091 5064 quia
1131 4995 1366 5050 incubuit
1413 4996 1569 5050 timor
1594 5013 1772 5051 eorum
1815 4996 2046 5052 filiorum

463 5080 628 5138 Israel
662 5101 818 5155 super
843 5103 930 5140 eos
963 5086 1267 5157 IEgyptios.

535 5185 668 5252 Dico
708 5199 850 5267 quod
886 5200 1025 5254 Deus
1053 5200 1232 5254 eduxit
1276 5218 1382 5260 eos.
1413 5211 1467 5257 et
1494 5218 1616 5257 cum
1651 5219 1745 5271 per
1773 5202 2049 5255 desertum

466 5289 630 5352 irent,
655 5290 903 5358 expandit
941 5292 1126 5346 nubem
1156 5307 1317 5362 super
1343 5310 1437 5348 eos
1477 5296 1530 5347 in
1570 5297 1934 5363 pretationem
1965 5311 2052 5347 eo-

467 5397 606 5444 rum,
653 5381 705 5435 id
735 5390 818 5435 cst
849 5390 908 5435 ut
935 5398 1030 5438 eos
1073 5385 1139 5438 ab
1166 5394 1298 5439 aestu
1330 5394 1657 5456 protegeret,
1703 5397 1746 5439 et
1788 5387 1956 5456 ignem
1987 5388 2052 5440 ad

466 5471 686 5556 modum
718 5473 980 5530 columna:
1005 5486 1056 5528 ut
1080 5476 1271 5530 luceret
1295 5477 1368 5530 eis
1397 5494 1486 5545 per
1515 5489 1734 5543 noctem,
1761 5493 1828 5531 ne
1855 5477 2050 5533 alicubi

467 5564 825 5634 offenderent,
855 5577 910 5622 et
936 5578 1060 5626 tunc
1083 5570 1341 5637 petierunt
1366 5585 1520 5624 escas
1544 5569 1740 5638 (Exod.
1765 5584 1870 5631 xvr,
1898 5569 1975 5638 5),
2003 5581 2049 5623 et

450 5651 662 5727 'Sponte
691 5660 808 5714 sine
839 5661 1022 5716 labore
1050 5661 1414 5730 inquisitionis
1447 5662 1578 5714 venit
1621 5661 1866 5715 coturnix
1889 5662 2046 5716 inmt-

471 5747 767 5804 merabilis.
798 5749 994 5806 cadens
1025 5750 1078 5806 in
1105 5750 1280 5806 medio
1313 5758 1610 5806 castrorum
1637 5750 1824 5823 (Ibid,
1864 5751 1972 5823 l3),
2003 5763 2048 5808 et

2149 1888 2194 1929 et
2226 1877 2330 1930 illis
2349 1878 2578 1940 eductis,
2601 1877 2739 1931 dedit
2770 1878 3003 1947 regiones
3024 1880 3256 1949 gentium
3282 1879 3720 1946 Chananteorum,

2151 1969 2356 2023 scilicet
2383 1969 2489 2023 illis
2522 1971 2747 2024 mortuis
2775 1979 2827 2024 et
2854 1969 3061 2039 ejectis,
3093 1983 3137 2024 et
3175 1987 3281 2026 uoa
3325 1973 3467 2027 dedit
3491 1975 3604 2029 illas
3633 1991 3728 2029 ra-

2148 2075 2301 2125 cuas,
2328 2061 2421 2115 sed
2449 2070 2505 2114 ttt
2543 2060 2716 2130 majus
2738 2072 2884 2117 esset
2910 2063 3260 2128 beneficium,
3291 2065 3487 2120 labores
3511 2069 3727 2136 populo-

2151 2169 2266 2205 rum
2292 2153 2722 2208 Chanantcorum
2748 2155 3111 2223 possederunt,
3135 2155 3316 2225 fruges
3339 2157 3528 2211 scilicet
3547 2168 3604 2212 et
3628 2173 3728 2212 cze-

2153 2252 2264 2298 tera
2297 2253 2418 2313 qua:
2447 2261 2568 2300 cum
2603 2245 2786 2299 labore
2817 2255 3172 2313 paraverant;
3203 2259 3256 2299 et
3287 2243 3599 2304 haec'omnia
3629 2251 3696 2305 be
3717 2285 3730 2292 -

2151 2339 2340 2394 nelicia
2384 2340 2463 2394 eis
2506 2341 2625 2393 ideo
2667 2338 2915 2404 contulit,
2963 2349 3016 2392 ut
3069 2341 3367 2393 custodiant
3418 2341 3730 2411 coaplcudo

2143 2431 2550 2500 justiﬁcaliones
2572 2431 2707 2500 ejus,
2740 2431 2789 2482 id
2816 2440 2899 2484 est
2923 2442 3192 2500 pricccpta
3216 2428 3332 2498 ejus
3362 2432 3540 2500 quibus
3563 2431 3727 2499 justi-

2153 2523 2478 2584 ticabantur,
2507 2531 2552 2574 et
2577 2536 2682 2574 non
2713 2520 2880 2573 invite
2913 2519 3253 2584 custodiant;
3283 2521 3374 2573 sed
3407 2521 3557 2588 legem
3587 2523 3728 2590 ejus,

2153 2615 2204 2667 id
2239 2623 2319 2668 cst
2350 2625 2614 2684 prtecepta
2647 2613 2763 2682 ejus
2793 2613 3066 2682 exquirant
3093 2628 3214 2667 cum
3261 2629 3461 2679 amore,
3492 2624 3543 2667 ιιι
3580 2631 3731 2668 com-

2152 2709 2364 2776 pleaut;
2395 2716 2448 2760 et
2482 2721 2578 2774 per
2609 2706 2711 2759 hoc
2745 2705 2962 2758 instruit
2993 2703 3180 2759 fideles
3209 2703 3420 2759 Judzeos
3444 2705 3506 2759 de
3530 2706 3734 2774 quibus

2152 2797 2241 2850 hic
2293 2798 2423 2866 agit,
2472 2796 2613 2865 quod
2671 2796 2772 2866 ipsi
2830 2795 3072 2849 contuitu
3130 2797 3474 2865 mysticorum
3523 2797 3732 2851 benefi-

2152 2887 2378 2951 ciorum,
2429 2901 2548 2955 (μω
2599 2887 2738 2940 Deus
2787 2885 3030 2954 quotidie
3082 2887 3133 2938 in
3190 2886 3272 2941 eis
3315 2896 3582 2954 operatur,
3639 2889 3733 2939 de-

2153 2977 2280 3032 bent
2298 2975 2714 3044 jnstilicationes
2729 2976 2846 3046 ejus
2859 2975 3147 3040 custodire,
3165 2990 3219 3030 et
3243 2977 3410 3048 legem
3430 2979 3729 3046 exquirere.

2653 3091 2714 3144 IN
2758 3089 2982 3145 PSALM
2997 3090 3089 3145 ΕΜ
3129 3089 3237 3145 CV.

2688 3188 2753 3241 mi
2799 3187 2996 3258 quinti.
3029 3187 3279 3240 Alleluia.
3319 3187 3383 3240 Et
3420 3187 3513 3241 hoc
3537 3189 3734 3242 eodem

2153 3281 2312 3336 modo
2338 3290 2394 3334 ut
2424 3282 2475 3334 in
2516 3279 2783 3350 superiori
2814 3279 3118 3347 exponitur,
3154 3277 3250 3332 sed
3278 3279 3483 3332 diversa
3509 3295 3536 3330 ιι
3578 3294 3738 3346 supc-

2153 3370 2284 3424 riori
2320 3369 2374 3423 itt
2417 3370 2518 3424 hoc
2549 3367 2758 3437 psalmo
2800 3367 3030 3421 intentio
3064 3366 3313 3421 habetur.
3358 3366 3483 3420 Nam
3519 3383 3651 3422 cum
3685 3371 3736 3420 in

2153 3460 2479 3531 praecedenti
2511 3460 2719 3530 psalmo
2745 3459 2810 3513 de
2834 3458 3081 3514 fidelibus
3106 3457 3307 3513 Judazis
3330 3461 3511 3529 egerit,
3545 3461 3603 3513 in
3639 3462 3740 3513 hac

2153 3553 2370 3622 quidem
2401 3552 2648 3607 intidelcs
2676 3551 2991 3620 alloquitur,
3021 3551 3322 3604 adhortans
3347 3560 3404 3604 ut
3432 3553 3597 3605 Deum
3625 3551 3735 3604 lan-

2153 3647 2304 3711 tleut,
2333 3655 2553 3715 peccata
2579 3645 3044 3712 confitendo,qu
3072 3643 3138 3697 ad
3163 3643 3564 3697 similitudinem
3594 3645 3744 3712 prio.

2155 3751 2272 3789 rum
2309 3745 2523 3806 patrum
2553 3734 2893 3804 peccantium
2916 3743 3327 3804 egerunt;_qua3
3356 3734 3510 3787 etiam
3539 3734 3741 3788 aduor-

2155 3834 2302 3880 tatur
2324 3835 2382 3879 ut
2407 3834 2746 3890 enumerent,
2777 3835 2828 3878 et
2860 3824 3169 3878 conﬁtendo
3193 3839 3223 3878 a
3255 3824 3515 3879 similibus
3543 3840 3740 3894 pecca-

2155 3915 2224 3972 tis
2252 3925 2488 3982 cessent,
2529 3926 2686 3971 orent
2722 3929 2938 3984 quoque
2975 3915 3144 3968 Deum
3177 3923 3237 3967 ut
3275 3928 3371 3968 eos
3415 3913 3597 3968 visitet
3645 3929 3742 3983 per

2154 4009 2369 4073 Filium,
2401 4019 2456 4063 et
2479 4016 2540 4061 ut
2567 4007 2776 4060 Domini
2805 4005 3075 4076 potentias
3105 4005 3453 4069 annuntient,
3475 4011 3526 4057 et
3552 4003 3744 4057 laudes

2152 4101 2268 4170 ejus
2297 4101 2517 4164 faciant,
2543 4099 2668 4168 quia
2697 4113 2792 4168 per
2817 4099 2916 4154 hoc
2936 4097 3002 4152 ad
3030 4097 3422 4150 beatitudinem
3450 4096 3742 4165 attingent.

2152 4196 2444 4264 Postquam
2487 4201 2668 4245 autem
2723 4204 2820 4244 sua
2873 4202 3204 4257 suorumque
3250 4196 3466 4256 patrum
3511 4194 3740 4253 peccati

2153 4285 2383 4340 coofessi
2414 4283 2632 4346 fuerint,
2665 4296 2764 4352 pro
2794 4279 2914 4334 aliis
2953 4292 3113 4333 orare
3150 4277 3429 4331 admonet.
3461 4274 3606 4329 lianc
3639 4290 3742 4327 au-

2155 4389 2259 4432 tem
2288 4374 2719 4430 exhortationem
2749 4387 2812 4428 ea
2843 4370 3144 4427 intentione
3174 4369 3308 4424 facit
3335 4379 3396 4423 ut
3422 4382 3509 4423 eos
3539 4368 3608 4420 ab
3626 4381 3743 4420 om-

2154 4469 2312 4524 uibus
2341 4467 2576 4537 peccatis
2607 4475 2844 4526 revocet,
2876 4473 2928 4518 et
2960 4463 3027 4517 ad
3057 4462 3219 4516 fidem
3249 4461 3512 4517 adductos
3539 4473 3644 4530 pro
3682 4475 3741 4513 se

2153 4571 2207 4617 et
2241 4577 2338 4631 pro
2368 4559 2488 4613 aliis
2519 4573 2680 4612 orare
2709 4559 2964 4611 instruat.

2147 4677 2150 4684 ι
2224 4651 2556 4719 Conﬁtentini
2584 4649 2808 4703 Domino
2837 4645 2982 4702 Patri
3015 4654 3237 4716 peccata
3269 4654 3472 4711 vestra,
3495 4659 3590 4698 vos
3617 4643 3748 4696 inli-

2153 4740 2300 4795 dcles
2328 4739 2520 4805 Judaei,
2551 4749 2603 4793 et
2643 4738 2685 4792 si
2727 4751 2862 4807 puro
2904 4738 3066 4791 corde
3096 4734 3337 4791 confessi
3384 4735 3620 4799 fueritis,
3654 4749 3746 4788 se-

2153 4832 2267 4886 curi
2299 4831 2526 4900 potestis
2553 4843 2672 4884 esse
2694 4829 2759 4883 de
2788 4827 2966 4893 venia,
2993 4827 3239 4896 quoniam
3267 4827 3434 4880 bonus
3460 4835 3548 4890 est,
3579 4824 3640 4879 in
3665 4825 3750 4878 sui

2155 4930 2369 4988 natura,
2400 4920 2450 4974 id
2485 4928 2568 4973 est
2596 4918 2771 4973 facilis
2800 4917 2868 4970 ad
2911 4916 3356 4981 condonandum,
3389 4917 3475 4970 cui
3508 4930 3604 4969 vos
3654 4916 3752 4968 ad-

2154 5026 2346 5066 moneo
2373 5008 2619 5067 conliteri
2660 5017 2716 5064 et
2759 5022 2862 5062 non
2894 5009 2960 5061 ad
2999 5008 3187 5060 horam
3229 5017 3314 5060 est
3344 5007 3530 5068 bonus,
3567 5006 3628 5058 id
3667 5015 3752 5057 est

2155 5103 2487 5170 misericors,
2509 5103 2717 5158 scilicet
2748 5101 2866 5154 ideo
2897 5097 3243 5165 conﬁtemini,
3269 5097 3516 5166 quoniam
3535 5095 3754 5148 miseri-

2153 5197 2334 5250 cordia
2358 5197 2472 5265 ejus
2500 5209 2663 5265 quatn
2697 5193 2855 5246 habet
2889 5191 2941 5244 in
2984 5199 3200 5255 natura,
3231 5199 3317 5244 est
3340 5189 3534 5244 durans
3569 5203 3758 5258 usque

2154 5291 2206 5342 in
2252 5291 2504 5341 sa’culum
2556 5287 2816 5348 futurum,
2861 5283 2914 5336 id
2951 5292 3034 5336 est
3071 5282 3126 5334 in
3157 5292 3445 5336 tuternum.
3476 5279 3639 5346 Quod
3671 5293 3759 5336 est

2155 5381 2336 5435 dicere
2370 5398 2381 5432 :
2412 5377 2471 5432 in
2500 5388 2760 5432 aatcruum
2790 5377 3096 5432 misericors
3117 5387 3220 5441 est,
3252 5377 3374 5430 dico
3401 5375 3757 5442 conﬁtemini,

2156 5482 2210 5530 ct
2238 5482 2360 5544 post
2390 5470 2786 5528 confessionem
2817 5481 3184 5539 peccatorum,
3219 5472 3338 5540 quis
3376 5471 3618 5539 loquitur
3646 5489 3756 5544 ipo-

2155 5543 2346 5620 teutias
2372 5565 2608 5629 Domini,
2641 5574 2688 5618 et
2715 5565 2926 5618 auditas
2956 5565 3113 5632 faciet
3138 5565 3326 5619 laudes
3350 5566 3494 5634 ejus?
3525 5543 3761 5635 Ρτεὲβῡ-

2152 5666 2332 5714 sterus
2372 5657 2524 5712 ordo.
2565 5655 2722 5711 Prius
2766 5656 2911 5710 enim
2951 5665 3035 5711 est
3071 5657 3258 5712 laudes
3310 5657 3499 5720 facere,
3555 5669 3762 5726 postea

2153 5763 2286 5806 vero
2311 5748 2566 5820 potentias
2593 5745 2760 5818 loqui,
2786 5755 2841 5802 et
2864 5748 2968 5805 hoc
2990 5748 3137 5817 quod
3163 5748 3232 5805 ad
3260 5749 3512 5820 majorem
3543 5749 3762 5806 exhor-
