  <div class='ocr_page' id='page_1' title='image "/cluster/home/n/w/nwhite01/storage/ocr_20150623/152/hvd.32044015473804/604.png"; bbox 0 0 3840 6338; ppageno 0'>
   <div class='ocr_carea' id='block_1_1' title="bbox 134 330 242 388">
    <p class='ocr_par' dir='ltr' id='par_1_1' title="bbox 134 330 242 388">
     <span class='ocr_line' id='line_1_1' title="bbox 134 330 242 388; baseline -0.056 0"><span class='ocrx_word' id='word_1_1' title='bbox 134 330 242 388; x_wconf 78' lang='lat' dir='ltr'><strong>ll9‘i</strong></span> 
     </span>
    </p>
   </div>
   <div class='ocr_carea' id='block_1_2' title="bbox 1066 311 2328 374">
    <p class='ocr_par' dir='ltr' id='par_1_2' title="bbox 1066 311 2328 374">
     <span class='ocr_line' id='line_1_2' title="bbox 1066 311 2328 374; baseline -0.002 -2"><span class='ocrx_word' id='word_1_2' title='bbox 1066 317 1429 374; x_wconf 74' lang='lat' dir='ltr'><strong>EXPOSITIO</strong></span> <span class='ocrx_word' id='word_1_3' title='bbox 1468 315 1532 371; x_wconf 77' lang='lat' dir='ltr'><strong>iN</strong></span> <span class='ocrx_word' id='word_1_4' title='bbox 1560 313 2179 371; x_wconf 70' lang='lat' dir='ltr'><strong>l’SALMOS.—PSAL.</strong></span> <span class='ocrx_word' id='word_1_5' title='bbox 2222 311 2328 372; x_wconf 71' lang='lat' dir='ltr'><strong>CV.</strong></span> 
     </span>
    </p>
   </div>
   <div class='ocr_carea' id='block_1_3' title="bbox 3191 319 3324 375">
    <p class='ocr_par' dir='ltr' id='par_1_3' title="bbox 3191 319 3324 375">
     <span class='ocr_line' id='line_1_3' title="bbox 3191 319 3324 375; baseline 0.023 -3"><span class='ocrx_word' id='word_1_6' title='bbox 3191 319 3324 375; x_wconf 73' lang='lat'><strong>“98</strong></span> 
     </span>
    </p>
   </div>
   <div class='ocr_carea' id='block_1_4' title="bbox 132 429 3320 504">
    <p class='ocr_par' dir='ltr' id='par_1_4' title="bbox 132 429 3320 504">
     <span class='ocr_line' id='line_1_4' title="bbox 132 429 3320 504; baseline -0.004 -4"><span class='ocrx_word' id='word_1_7' title='bbox 132 445 346 501; x_wconf 84' lang='lat' dir='ltr'><strong>tationem</strong></span> <span class='ocrx_word' id='word_1_8' title='bbox 393 437 487 492; x_wconf 89' lang='lat' dir='ltr'><strong>sub</strong></span> <span class='ocrx_word' id='word_1_9' title='bbox 534 433 956 504; x_wconf 83' lang='lat' dir='ltr'><strong>interrogatione</strong></span> <span class='ocrx_word' id='word_1_10' title='bbox 1005 433 1243 503; x_wconf 89' lang='lat' dir='ltr'><strong>ponitur,</strong></span> <span class='ocrx_word' id='word_1_11' title='bbox 1293 429 1647 502; x_wconf 67' lang='lat' dir='ltr'><strong>tequipollens</strong></span> <span class='ocrx_word' id='word_1_12' title='bbox 1677 437 1722 492; x_wconf 76' lang='grc' dir='ltr'>Α</span> <span class='ocrx_word' id='word_1_13' title='bbox 1755 438 1839 484; x_wconf 89' lang='lat' dir='ltr'><strong>est</strong></span> <span class='ocrx_word' id='word_1_14' title='bbox 1867 429 2050 486; x_wconf 86' lang='lat' dir='ltr'><strong>dicere</strong></span> <span class='ocrx_word' id='word_1_15' title='bbox 2075 448 2088 484; x_wconf 92' lang='lat'>:</span> <span class='ocrx_word' id='word_1_16' title='bbox 2117 430 2418 486; x_wconf 91' lang='lat' dir='ltr'><strong>Occasione</strong></span> <span class='ocrx_word' id='word_1_17' title='bbox 2449 429 2710 488; x_wconf 88' lang='lat' dir='ltr'><strong>bonorum</strong></span> <span class='ocrx_word' id='word_1_18' title='bbox 2742 446 2964 501; x_wconf 85' lang='lat' dir='ltr'><strong>operum</strong></span> <span class='ocrx_word' id='word_1_19' title='bbox 2992 440 3320 496; x_wconf 90' lang='lat' dir='ltr'><strong>nostrorum,</strong></span> 
     </span>
    </p>
   </div>
   <div class='ocr_carea' id='block_1_5' title="bbox 130 523 1650 598">
    <p class='ocr_par' dir='ltr' id='par_1_5' title="bbox 130 523 1650 598">
     <span class='ocr_line' id='line_1_5' title="bbox 130 523 1650 598; baseline -0.01 -9"><span class='ocrx_word' id='word_1_20' title='bbox 130 545 212 598; x_wconf 89' lang='lat' dir='ltr'><strong>est,</strong></span> <span class='ocrx_word' id='word_1_21' title='bbox 251 547 305 586; x_wconf 88' lang='lat' dir='ltr'><strong>ac</strong></span> <span class='ocrx_word' id='word_1_22' title='bbox 331 530 372 584; x_wconf 88' lang='lat' dir='ltr'><strong>si</strong></span> <span class='ocrx_word' id='word_1_23' title='bbox 405 528 603 582; x_wconf 89' lang='lat' dir='ltr'><strong>diceret</strong></span> <span class='ocrx_word' id='word_1_24' title='bbox 635 543 648 580; x_wconf 91' lang='lat'><strong>:</strong></span> <span class='ocrx_word' id='word_1_25' title='bbox 694 525 824 579; x_wconf 79' lang='lat' dir='ltr'><strong>Post</strong></span> <span class='ocrx_word' id='word_1_26' title='bbox 865 523 1260 579; x_wconf 88' lang='lat' dir='ltr'><strong>confessionem</strong></span> <span class='ocrx_word' id='word_1_27' title='bbox 1305 529 1650 592; x_wconf 86' lang='lat' dir='ltr'><strong>peccatorum</strong></span> 
     </span>
    </p>
   </div>
   <div class='ocr_carea' id='block_1_6' title="bbox 131 612 1652 686">
    <p class='ocr_par' dir='ltr' id='par_1_6' title="bbox 131 612 1652 686">
     <span class='ocr_line' id='line_1_6' title="bbox 131 612 1652 686; baseline -0.008 -8"><span class='ocrx_word' id='word_1_28' title='bbox 131 624 262 678; x_wconf 85' lang='lat' dir='ltr'><strong>facite</strong></span> <span class='ocrx_word' id='word_1_29' title='bbox 293 618 461 672; x_wconf 83' lang='lat' dir='ltr'><strong>laudes</strong></span> <span class='ocrx_word' id='word_1_30' title='bbox 501 617 631 686; x_wconf 86' lang='lat' dir='ltr'><strong>ejus,</strong></span> <span class='ocrx_word' id='word_1_31' title='bbox 668 615 720 670; x_wconf 92' lang='lat' dir='ltr'><strong>id</strong></span> <span class='ocrx_word' id='word_1_32' title='bbox 768 623 852 669; x_wconf 90' lang='lat' dir='ltr'><strong>est</strong></span> <span class='ocrx_word' id='word_1_33' title='bbox 896 612 1159 682; x_wconf 88' lang='lat' dir='ltr'><strong>complete</strong></span> <span class='ocrx_word' id='word_1_34' title='bbox 1197 614 1337 668; x_wconf 90' lang='lat' dir='ltr'><strong>bona</strong></span> <span class='ocrx_word' id='word_1_35' title='bbox 1387 628 1552 682; x_wconf 94' lang='lat' dir='ltr'><strong>opera</strong></span> <span class='ocrx_word' id='word_1_36' title='bbox 1601 612 1652 666; x_wconf 85' lang='lat' dir='ltr'><strong>in</strong></span> 
     </span>
    </p>
   </div>
   <div class='ocr_carea' id='block_1_7' title="bbox 131 703 1654 782">
    <p class='ocr_par' dir='ltr' id='par_1_7' title="bbox 131 703 1654 782">
     <span class='ocr_line' id='line_1_7' title="bbox 131 703 1654 782; baseline -0.007 -16"><span class='ocrx_word' id='word_1_37' title='bbox 131 712 288 782; x_wconf 83' lang='lat' dir='ltr'><strong>quibus</strong></span> <span class='ocrx_word' id='word_1_38' title='bbox 313 709 416 780; x_wconf 90' lang='lat' dir='ltr'><strong>ipse</strong></span> <span class='ocrx_word' id='word_1_39' title='bbox 441 706 703 770; x_wconf 74' lang='lat' dir='ltr'><strong>laudetur,</strong></span> <span class='ocrx_word' id='word_1_40' title='bbox 737 713 792 760; x_wconf 86' lang='lat' dir='ltr'><strong>et</strong></span> <span class='ocrx_word' id='word_1_41' title='bbox 821 704 945 774; x_wconf 83' lang='lat' dir='ltr'><strong>quia</strong></span> <span class='ocrx_word' id='word_1_42' title='bbox 980 711 1166 772; x_wconf 82' lang='lat' dir='ltr'><strong>posset</strong></span> <span class='ocrx_word' id='word_1_43' title='bbox 1195 703 1303 756; x_wconf 88' lang='lat' dir='ltr'><strong>dici</strong></span> <span class='ocrx_word' id='word_1_44' title='bbox 1342 703 1654 767; x_wconf 74' lang='lat' dir='ltr'><strong>ignoramus</strong></span> 
     </span>
    </p>
   </div>
   <div class='ocr_carea' id='block_1_8' title="bbox 129 790 1656 858">
    <p class='ocr_par' dir='ltr' id='par_1_8' title="bbox 129 790 1656 858">
     <span class='ocr_line' id='line_1_8' title="bbox 129 790 1656 858; baseline -0.005 -6"><span class='ocrx_word' id='word_1_45' title='bbox 129 799 279 854; x_wconf 84' lang='lat' dir='ltr'><strong>laudes</strong></span> <span class='ocrx_word' id='word_1_46' title='bbox 313 796 439 858; x_wconf 88' lang='lat' dir='ltr'><strong>illas,</strong></span> <span class='ocrx_word' id='word_1_47' title='bbox 469 793 615 847; x_wconf 90' lang='lat' dir='ltr'><strong>addit</strong></span> <span class='ocrx_word' id='word_1_48' title='bbox 655 793 864 846; x_wconf 85' lang='lat' dir='ltr'><strong>auditas</strong></span> <span class='ocrx_word' id='word_1_49' title='bbox 896 807 960 846; x_wconf 91' lang='lat' dir='ltr'><strong>ac</strong></span> <span class='ocrx_word' id='word_1_50' title='bbox 1001 791 1046 846; x_wconf 86' lang='lat' dir='ltr'><strong>si</strong></span> <span class='ocrx_word' id='word_1_51' title='bbox 1076 791 1222 846; x_wconf 92' lang='lat' dir='ltr'><strong>dicat</strong></span> <span class='ocrx_word' id='word_1_52' title='bbox 1249 791 1428 857; x_wconf 88' lang='lat' dir='ltr'><strong>:Quas</strong></span> <span class='ocrx_word' id='word_1_53' title='bbox 1471 790 1656 844; x_wconf 79' lang='lat' dir='ltr'><strong>laudes</strong></span> 
     </span>
    </p>
   </div>
   <div class='ocr_carea' id='block_1_9' title="bbox 128 880 1658 956">
    <p class='ocr_par' dir='ltr' id='par_1_9' title="bbox 128 880 1658 956">
     <span class='ocr_line' id='line_1_9' title="bbox 128 880 1658 956; baseline -0.007 -14"><span class='ocrx_word' id='word_1_54' title='bbox 128 889 233 943; x_wconf 86' lang='lat' dir='ltr'><strong>satis</strong></span> <span class='ocrx_word' id='word_1_55' title='bbox 253 885 353 955; x_wconf 85' lang='lat' dir='ltr'><strong>jam</strong></span> <span class='ocrx_word' id='word_1_56' title='bbox 381 899 472 953; x_wconf 91' lang='lat' dir='ltr'><strong>per</strong></span> <span class='ocrx_word' id='word_1_57' title='bbox 499 882 809 952; x_wconf 83' lang='lat' dir='ltr'><strong>Scripturas</strong></span> <span class='ocrx_word' id='word_1_58' title='bbox 835 882 1084 937; x_wconf 81' lang='lat' dir='ltr'><strong>audistis.</strong></span> <span class='ocrx_word' id='word_1_59' title='bbox 1123 881 1188 934; x_wconf 89' lang='lat' dir='ltr'><strong>Et</strong></span> <span class='ocrx_word' id='word_1_60' title='bbox 1223 890 1506 950; x_wconf 86' lang='lat' dir='ltr'><strong>postquam</strong></span> <span class='ocrx_word' id='word_1_61' title='bbox 1533 880 1658 956; x_wconf 28' lang='lat' dir='ltr'><strong>lau-I</strong></span> 
     </span>
    </p>
   </div>
   <div class='ocr_carea' id='block_1_10' title="bbox 128 971 1658 1043">
    <p class='ocr_par' dir='ltr' id='par_1_10' title="bbox 128 971 1658 1043">
     <span class='ocr_line' id='line_1_10' title="bbox 128 971 1658 1043; baseline -0.005 -13"><span class='ocrx_word' id='word_1_62' title='bbox 128 979 198 1030; x_wconf 84' lang='lat' dir='ltr'><strong>des</strong></span> <span class='ocrx_word' id='word_1_63' title='bbox 232 977 331 1043; x_wconf 82' lang='lat' dir='ltr'><strong>ejus</strong></span> <span class='ocrx_word' id='word_1_64' title='bbox 363 975 414 1027; x_wconf 90' lang='lat' dir='ltr'><strong>in</strong></span> <span class='ocrx_word' id='word_1_65' title='bbox 462 973 611 1027; x_wconf 84' lang='lat' dir='ltr'><strong>vobis</strong></span> <span class='ocrx_word' id='word_1_66' title='bbox 651 971 909 1034; x_wconf 86' lang='lat' dir='ltr'><strong>feceritis,</strong></span> <span class='ocrx_word' id='word_1_67' title='bbox 956 971 1238 1040; x_wconf 84' lang='lat' dir='ltr'><strong>loquimini</strong></span> <span class='ocrx_word' id='word_1_68' title='bbox 1279 971 1402 1025; x_wconf 86' lang='lat' dir='ltr'><strong>aliis</strong></span> <span class='ocrx_word' id='word_1_69' title='bbox 1445 986 1658 1023; x_wconf 90' lang='lat' dir='ltr'><strong>annun-</strong></span> 
     </span>
    </p>
   </div>
   <div class='ocr_carea' id='block_1_11' title="bbox 128 1049 1656 1133">
    <p class='ocr_par' dir='ltr' id='par_1_11' title="bbox 128 1049 1656 1133">
     <span class='ocr_line' id='line_1_11' title="bbox 128 1049 1656 1133; baseline -0.003 -16"><span class='ocrx_word' id='word_1_70' title='bbox 128 1065 276 1120; x_wconf 87' lang='lat' dir='ltr'><strong>tiando</strong></span> <span class='ocrx_word' id='word_1_71' title='bbox 297 1049 542 1133; x_wconf 84' lang='lat' dir='ltr'><strong>potentias</strong></span> <span class='ocrx_word' id='word_1_72' title='bbox 571 1061 808 1125; x_wconf 78' lang='lat' dir='ltr'><strong>Domini,</strong></span> <span class='ocrx_word' id='word_1_73' title='bbox 845 1061 1052 1115; x_wconf 88' lang='lat' dir='ltr'><strong>scilicet</strong></span> <span class='ocrx_word' id='word_1_74' title='bbox 1081 1059 1401 1115; x_wconf 89' lang='lat' dir='ltr'><strong>annuntiate</strong></span> <span class='ocrx_word' id='word_1_75' title='bbox 1439 1059 1506 1113; x_wconf 89' lang='lat' dir='ltr'><strong>ad</strong></span> <span class='ocrx_word' id='word_1_76' title='bbox 1536 1073 1656 1113; x_wconf 89' lang='lat' dir='ltr'><strong>cor-</strong></span> 
     </span>
    </p>
   </div>
   <div class='ocr_carea' id='block_1_12' title="bbox 127 1153 1654 1223">
    <p class='ocr_par' dir='ltr' id='par_1_12' title="bbox 127 1153 1654 1223">
     <span class='ocr_line' id='line_1_12' title="bbox 127 1153 1654 1223; baseline -0.003 -14"><span class='ocrx_word' id='word_1_77' title='bbox 127 1157 376 1211; x_wconf 81' lang='lat' dir='ltr'><strong>rectionem</strong></span> <span class='ocrx_word' id='word_1_78' title='bbox 404 1155 630 1208; x_wconf 88' lang='lat' dir='ltr'><strong>aliorum</strong></span> <span class='ocrx_word' id='word_1_79' title='bbox 680 1168 804 1207; x_wconf 92' lang='lat' dir='ltr'><strong>eum</strong></span> <span class='ocrx_word' id='word_1_80' title='bbox 847 1161 1123 1223; x_wconf 89' lang='lat' dir='ltr'><strong>potentem</strong></span> <span class='ocrx_word' id='word_1_81' title='bbox 1154 1167 1274 1208; x_wconf 89' lang='lat' dir='ltr'><strong>esse</strong></span> <span class='ocrx_word' id='word_1_82' title='bbox 1310 1153 1377 1206; x_wconf 91' lang='lat' dir='ltr'><strong>ad</strong></span> <span class='ocrx_word' id='word_1_83' title='bbox 1429 1160 1654 1221; x_wconf 88' lang='lat' dir='ltr'><strong>peccata</strong></span> 
     </span>
    </p>
   </div>
   <div class='ocr_carea' id='block_1_13' title="bbox 125 1233 1656 1312">
    <p class='ocr_par' dir='ltr' id='par_1_13' title="bbox 125 1233 1656 1312">
     <span class='ocr_line' id='line_1_13' title="bbox 125 1233 1656 1312; baseline -0.002 -13"><span class='ocrx_word' id='word_1_84' title='bbox 125 1245 508 1308; x_wconf 76' lang='lat' dir='ltr'><strong>continuandum,</strong></span> <span class='ocrx_word' id='word_1_85' title='bbox 553 1253 608 1298; x_wconf 91' lang='lat' dir='ltr'><strong>et</strong></span> <span class='ocrx_word' id='word_1_86' title='bbox 654 1252 928 1312; x_wconf 88' lang='lat' dir='ltr'><strong>potentem</strong></span> <span class='ocrx_word' id='word_1_87' title='bbox 972 1244 1039 1298; x_wconf 85' lang='lat' dir='ltr'><strong>ad</strong></span> <span class='ocrx_word' id='word_1_88' title='bbox 1082 1243 1254 1298; x_wconf 88' lang='lat' dir='ltr'><strong>bonos</strong></span> <span class='ocrx_word' id='word_1_89' title='bbox 1303 1233 1656 1298; x_wconf 87' lang='lat' dir='ltr'><strong>remuneran-</strong></span> 
     </span>
    </p>
   </div>
   <div class='ocr_carea' id='block_1_14' title="bbox 126 1334 1653 1406">
    <p class='ocr_par' dir='ltr' id='par_1_14' title="bbox 126 1334 1653 1406">
     <span class='ocr_line' id='line_1_14' title="bbox 126 1334 1653 1406; baseline -0.001 -16"><span class='ocrx_word' id='word_1_90' title='bbox 126 1337 244 1400; x_wconf 89' lang='lat' dir='ltr'><strong>dum,</strong></span> <span class='ocrx_word' id='word_1_91' title='bbox 268 1344 526 1405; x_wconf 90' lang='lat' dir='ltr'><strong>potentem</strong></span> <span class='ocrx_word' id='word_1_92' title='bbox 569 1350 781 1406; x_wconf 87' lang='lat' dir='ltr'><strong>quoque</strong></span> <span class='ocrx_word' id='word_1_93' title='bbox 826 1336 892 1388; x_wconf 84' lang='lat' dir='ltr'><strong>ad</strong></span> <span class='ocrx_word' id='word_1_94' title='bbox 926 1335 1095 1390; x_wconf 88' lang='lat' dir='ltr'><strong>malos</strong></span> <span class='ocrx_word' id='word_1_95' title='bbox 1139 1337 1488 1404; x_wconf 91' lang='lat' dir='ltr'><strong>puniendum.</strong></span> <span class='ocrx_word' id='word_1_96' title='bbox 1539 1334 1653 1389; x_wconf 77' lang='lat' dir='ltr'><strong>Non</strong></span> 
     </span>
    </p>
   </div>
   <div class='ocr_carea' id='block_1_15' title="bbox 123 1423 1652 1494">
    <p class='ocr_par' dir='ltr' id='par_1_15' title="bbox 123 1423 1652 1494">
     <span class='ocr_line' id='line_1_15' title="bbox 123 1423 1652 1494; baseline -0.001 -14"><span class='ocrx_word' id='word_1_97' title='bbox 123 1427 238 1480; x_wconf 86' lang='lat' dir='ltr'><strong>enim</strong></span> <span class='ocrx_word' id='word_1_98' title='bbox 263 1433 460 1494; x_wconf 86' lang='lat' dir='ltr'><strong>oportet</strong></span> <span class='ocrx_word' id='word_1_99' title='bbox 487 1425 638 1494; x_wconf 89' lang='lat' dir='ltr'><strong>prius</strong></span> <span class='ocrx_word' id='word_1_100' title='bbox 663 1425 897 1493; x_wconf 84' lang='lat' dir='ltr'><strong>aliquem</strong></span> <span class='ocrx_word' id='word_1_101' title='bbox 929 1423 1048 1479; x_wconf 90' lang='lat' dir='ltr'><strong>aliis</strong></span> <span class='ocrx_word' id='word_1_102' title='bbox 1081 1425 1376 1493; x_wconf 83' lang='lat' dir='ltr'><strong>praedicare</strong></span> <span class='ocrx_word' id='word_1_103' title='bbox 1409 1440 1569 1493; x_wconf 89' lang='lat' dir='ltr'><strong>quam</strong></span> <span class='ocrx_word' id='word_1_104' title='bbox 1600 1424 1652 1478; x_wconf 91' lang='lat' dir='ltr'><strong>in</strong></span> 
     </span>
    </p>
   </div>
   <div class='ocr_carea' id='block_1_16' title="bbox 124 1515 1653 1586">
    <p class='ocr_par' dir='ltr' id='par_1_16' title="bbox 124 1515 1653 1586">
     <span class='ocr_line' id='line_1_16' title="bbox 124 1515 1653 1586; baseline 0.001 -17"><span class='ocrx_word' id='word_1_105' title='bbox 124 1531 170 1571; x_wconf 86' lang='lat' dir='ltr'><strong>se</strong></span> <span class='ocrx_word' id='word_1_106' title='bbox 185 1518 302 1572; x_wconf 89' lang='lat' dir='ltr'><strong>bona</strong></span> <span class='ocrx_word' id='word_1_107' title='bbox 319 1531 477 1586; x_wconf 86' lang='lat' dir='ltr'><strong>opera</strong></span> <span class='ocrx_word' id='word_1_108' title='bbox 503 1515 794 1584; x_wconf 90' lang='lat' dir='ltr'><strong>complere.</strong></span> <span class='ocrx_word' id='word_1_109' title='bbox 826 1515 981 1571; x_wconf 91' lang='lat' dir='ltr'><strong>Unde</strong></span> <span class='ocrx_word' id='word_1_110' title='bbox 1007 1516 1298 1586; x_wconf 77' lang='lat' dir='ltr'><strong>Apostolus</strong></span> <span class='ocrx_word' id='word_1_111' title='bbox 1326 1535 1338 1569; x_wconf 92' lang='lat'>:</span> <span class='ocrx_word' id='word_1_112' title='bbox 1380 1535 1398 1566; x_wconf 83' lang='grc' dir='ltr'><strong>ι</strong></span> <span class='ocrx_word' id='word_1_113' title='bbox 1433 1517 1653 1586; x_wconf 86' lang='lat' dir='ltr'><strong>Castigo</strong></span> 
     </span>
    </p>
   </div>
   <div class='ocr_carea' id='block_1_17' title="bbox 121 1607 1656 1678">
    <p class='ocr_par' dir='ltr' id='par_1_17' title="bbox 121 1607 1656 1678">
     <span class='ocr_line' id='line_1_17' title="bbox 121 1607 1656 1678; baseline 0.001 -18"><span class='ocrx_word' id='word_1_114' title='bbox 121 1623 278 1676; x_wconf 84' lang='lat' dir='ltr'><strong>corpus</strong></span> <span class='ocrx_word' id='word_1_115' title='bbox 299 1623 489 1672; x_wconf 88' lang='lat' dir='ltr'><strong>meum,</strong></span> <span class='ocrx_word' id='word_1_116' title='bbox 522 1607 654 1662; x_wconf 89' lang='lat' dir='ltr'><strong>etin</strong></span> <span class='ocrx_word' id='word_1_117' title='bbox 686 1607 999 1662; x_wconf 90' lang='lat' dir='ltr'><strong>servitutem</strong></span> <span class='ocrx_word' id='word_1_118' title='bbox 1031 1609 1234 1678; x_wconf 80' lang='lat' dir='ltr'><strong>redigo,</strong></span> <span class='ocrx_word' id='word_1_119' title='bbox 1270 1623 1356 1674; x_wconf 88' lang='lat' dir='ltr'><strong>ne,</strong></span> <span class='ocrx_word' id='word_1_120' title='bbox 1381 1624 1502 1662; x_wconf 93' lang='lat' dir='ltr'><strong>cum</strong></span> <span class='ocrx_word' id='word_1_121' title='bbox 1537 1607 1656 1662; x_wconf 90' lang='lat' dir='ltr'><strong>aliis</strong></span> 
     </span>
    </p>
   </div>
   <div class='ocr_carea' id='block_1_18' title="bbox 121 1699 1648 1771">
    <p class='ocr_par' dir='ltr' id='par_1_18' title="bbox 121 1699 1648 1771">
     <span class='ocr_line' id='line_1_18' title="bbox 121 1699 1648 1771; baseline -0.001 -18"><span class='ocrx_word' id='word_1_122' title='bbox 121 1701 498 1767; x_wconf 79' lang='lat' dir='ltr'><strong>pnedicarerim,</strong></span> <span class='ocrx_word' id='word_1_123' title='bbox 517 1702 632 1770; x_wconf 83' lang='lat' dir='ltr'><strong>ipse</strong></span> <span class='ocrx_word' id='word_1_124' title='bbox 647 1701 907 1768; x_wconf 86' lang='lat' dir='ltr'><strong>reprobus</strong></span> <span class='ocrx_word' id='word_1_125' title='bbox 927 1700 1130 1754; x_wconf 85' lang='lat' dir='ltr'><strong>elticiar</strong></span> <span class='ocrx_word' id='word_1_126' title='bbox 1155 1699 1202 1771; x_wconf 85' lang='grc'><strong>(1</strong></span> <span class='ocrx_word' id='word_1_127' title='bbox 1228 1699 1350 1754; x_wconf 88' lang='lat' dir='ltr'><strong>Cor.</strong></span> <span class='ocrx_word' id='word_1_128' title='bbox 1378 1717 1454 1765; x_wconf 69' lang='grc' dir='ltr'>ιις,</span> <span class='ocrx_word' id='word_1_129' title='bbox 1482 1701 1596 1768; x_wconf 74' lang='lat'><strong>27).</strong></span> <span class='ocrx_word' id='word_1_130' title='bbox 1629 1720 1648 1752; x_wconf 71' lang='grc' dir='ltr'><strong>ι</strong></span> 
     </span>
    </p>
   </div>
   <div class='ocr_carea' id='block_1_19' title="bbox 1754 520 3324 588">
    <p class='ocr_par' dir='ltr' id='par_1_19' title="bbox 1754 520 3324 588">
     <span class='ocr_line' id='line_1_19' title="bbox 1754 520 3324 588; baseline 0.002 -14"><span class='ocrx_word' id='word_1_131' title='bbox 1754 528 1809 574; x_wconf 90' lang='lat' dir='ltr'><strong>et</strong></span> <span class='ocrx_word' id='word_1_132' title='bbox 1839 535 1936 575; x_wconf 92' lang='lat' dir='ltr'><strong>nos</strong></span> <span class='ocrx_word' id='word_1_133' title='bbox 1973 520 2273 584; x_wconf 88' lang='lat' dir='ltr'><strong>laudemus,</strong></span> <span class='ocrx_word' id='word_1_134' title='bbox 2300 529 2354 574; x_wconf 79' lang='lat' dir='ltr'><strong>et</strong></span> <span class='ocrx_word' id='word_1_135' title='bbox 2383 530 2435 576; x_wconf 91' lang='lat' dir='ltr'><strong>tn</strong></span> <span class='ocrx_word' id='word_1_136' title='bbox 2467 521 2746 576; x_wconf 87' lang='lat' dir='ltr'><strong>nobiscum</strong></span> <span class='ocrx_word' id='word_1_137' title='bbox 2791 537 2886 588; x_wconf 92' lang='lat' dir='ltr'><strong>per</strong></span> <span class='ocrx_word' id='word_1_138' title='bbox 2927 539 3024 578; x_wconf 91' lang='lat' dir='ltr'><strong>nos</strong></span> <span class='ocrx_word' id='word_1_139' title='bbox 3067 524 3324 579; x_wconf 85' lang='lat' dir='ltr'><strong>lauderis.</strong></span> 
     </span>
    </p>
   </div>
   <div class='ocr_carea' id='block_1_20' title="bbox 1754 609 3328 682">
    <p class='ocr_par' dir='ltr' id='par_1_20' title="bbox 1754 609 3328 682">
     <span class='ocr_line' id='line_1_20' title="bbox 1754 609 3328 682; baseline 0.003 -19"><span class='ocrx_word' id='word_1_140' title='bbox 1754 609 1985 663; x_wconf 88' lang='lat' dir='ltr'><strong>Ostenso</strong></span> <span class='ocrx_word' id='word_1_141' title='bbox 2041 609 2144 663; x_wconf 93' lang='lat' dir='ltr'><strong>hoc</strong></span> <span class='ocrx_word' id='word_1_142' title='bbox 2193 609 2462 679; x_wconf 89' lang='lat' dir='ltr'><strong>quomodo</strong></span> <span class='ocrx_word' id='word_1_143' title='bbox 2504 618 2694 674; x_wconf 87' lang='lat' dir='ltr'><strong>orent,</strong></span> <span class='ocrx_word' id='word_1_144' title='bbox 2746 611 2979 664; x_wconf 78' lang='lat' dir='ltr'><strong>ostendit</strong></span> <span class='ocrx_word' id='word_1_145' title='bbox 3013 613 3116 667; x_wconf 87' lang='lat' dir='ltr'><strong>late</strong></span> <span class='ocrx_word' id='word_1_146' title='bbox 3157 627 3328 682; x_wconf 86' lang='lat' dir='ltr'><strong>usque</strong></span> 
     </span>
    </p>
   </div>
   <div class='ocr_carea' id='block_1_21' title="bbox 1756 698 3326 772">
    <p class='ocr_par' dir='ltr' id='par_1_21' title="bbox 1756 698 3326 772">
     <span class='ocr_line' id='line_1_21' title="bbox 1756 698 3326 772; baseline 0.003 -19"><span class='ocrx_word' id='word_1_147' title='bbox 1756 699 1897 753; x_wconf 88' lang='lat' dir='ltr'><strong>circa</strong></span> <span class='ocrx_word' id='word_1_148' title='bbox 1931 699 2092 752; x_wconf 84' lang='lat' dir='ltr'><strong>ﬁnem</strong></span> <span class='ocrx_word' id='word_1_149' title='bbox 2123 698 2344 767; x_wconf 87' lang='lat' dir='ltr'><strong>psalmi,</strong></span> <span class='ocrx_word' id='word_1_150' title='bbox 2377 700 2648 770; x_wconf 89' lang='lat' dir='ltr'><strong>quomodo</strong></span> <span class='ocrx_word' id='word_1_151' title='bbox 2675 699 2740 752; x_wconf 90' lang='lat' dir='ltr'><strong>ad</strong></span> <span class='ocrx_word' id='word_1_152' title='bbox 2771 699 3198 757; x_wconf 84' lang='lat' dir='ltr'><strong>eonformitatem</strong></span> <span class='ocrx_word' id='word_1_153' title='bbox 3227 719 3326 772; x_wconf 86' lang='lat' dir='ltr'><strong>pa-</strong></span> 
     </span>
    </p>
   </div>
   <div class='ocr_carea' id='block_1_22' title="bbox 1758 789 3336 862">
    <p class='ocr_par' dir='ltr' id='par_1_22' title="bbox 1758 789 3336 862">
     <span class='ocr_line' id='line_1_22' title="bbox 1758 789 3336 862; baseline 0.001 -20"><span class='ocrx_word' id='word_1_154' title='bbox 1758 797 1898 842; x_wconf 89' lang='lat' dir='ltr'><strong>trum</strong></span> <span class='ocrx_word' id='word_1_155' title='bbox 1925 802 1982 842; x_wconf 90' lang='lat' dir='ltr'><strong>se</strong></span> <span class='ocrx_word' id='word_1_156' title='bbox 2013 803 2264 856; x_wconf 83' lang='lat' dir='ltr'><strong>peccasse</strong></span> <span class='ocrx_word' id='word_1_157' title='bbox 2289 789 2522 843; x_wconf 84' lang='lat' dir='ltr'><strong>debeant</strong></span> <span class='ocrx_word' id='word_1_158' title='bbox 2556 789 2824 844; x_wconf 79' lang='lat' dir='ltr'><strong>conﬁteri.</strong></span> <span class='ocrx_word' id='word_1_159' title='bbox 2860 790 2989 844; x_wconf 90' lang='lat' dir='ltr'><strong>Dico</strong></span> <span class='ocrx_word' id='word_1_160' title='bbox 3014 793 3336 862; x_wconf 82' lang='lat' dir='ltr'><strong>conﬁtemini</strong></span> 
     </span>
    </p>
   </div>
   <div class='ocr_carea' id='block_1_23' title="bbox 1755 877 3330 950">
    <p class='ocr_par' dir='ltr' id='par_1_23' title="bbox 1755 877 3330 950">
     <span class='ocr_line' id='line_1_23' title="bbox 1755 877 3330 950; baseline 0.001 -18"><span class='ocrx_word' id='word_1_161' title='bbox 1755 877 1863 944; x_wconf 88' lang='lat' dir='ltr'><strong>sic,</strong></span> <span class='ocrx_word' id='word_1_162' title='bbox 1912 878 2150 941; x_wconf 87' lang='lat' dir='ltr'><strong>scilicet,</strong></span> <span class='ocrx_word' id='word_1_163' title='bbox 2199 894 2232 931; x_wconf 92' lang='lat'><strong>0</strong></span> <span class='ocrx_word' id='word_1_164' title='bbox 2260 877 2530 945; x_wconf 75' lang='lat' dir='ltr'><strong>Domine,</strong></span> <span class='ocrx_word' id='word_1_165' title='bbox 2573 881 2898 949; x_wconf 81' lang='lat' dir='ltr'><strong>peccavimus</strong></span> <span class='ocrx_word' id='word_1_166' title='bbox 2939 897 3056 933; x_wconf 84' lang='lat' dir='ltr'><strong>cum</strong></span> <span class='ocrx_word' id='word_1_167' title='bbox 3095 882 3330 950; x_wconf 79' lang='lat' dir='ltr'><strong>patribus</strong></span> 
     </span>
    </p>
   </div>
   <div class='ocr_carea' id='block_1_24' title="bbox 1756 957 3330 1040">
    <p class='ocr_par' dir='ltr' id='par_1_24' title="bbox 1756 957 3330 1040">
     <span class='ocr_line' id='line_1_24' title="bbox 1756 957 3330 1040; baseline 0.002 -19"><span class='ocrx_word' id='word_1_168' title='bbox 1756 968 1966 1034; x_wconf 80' lang='lat' dir='ltr'><strong>nostris,</strong></span> <span class='ocrx_word' id='word_1_169' title='bbox 1993 967 2043 1022; x_wconf 91' lang='lat' dir='ltr'><strong>id</strong></span> <span class='ocrx_word' id='word_1_170' title='bbox 2073 977 2156 1022; x_wconf 90' lang='lat' dir='ltr'><strong>est</strong></span> <span class='ocrx_word' id='word_1_171' title='bbox 2181 957 2528 1037; x_wconf 80' lang='lat' dir='ltr'><strong>peccavimus</strong></span> <span class='ocrx_word' id='word_1_172' title='bbox 2551 970 2617 1022; x_wconf 89' lang='lat' dir='ltr'><strong>ad</strong></span> <span class='ocrx_word' id='word_1_173' title='bbox 2650 969 3086 1024; x_wconf 88' lang='lat' dir='ltr'><strong>conformitatcm</strong></span> <span class='ocrx_word' id='word_1_174' title='bbox 3112 978 3330 1040; x_wconf 85' lang='lat' dir='ltr'><strong>patrum</strong></span> 
     </span>
    </p>
   </div>
   <div class='ocr_carea' id='block_1_25' title="bbox 1756 1059 3333 1129">
    <p class='ocr_par' dir='ltr' id='par_1_25' title="bbox 1756 1059 3333 1129">
     <span class='ocr_line' id='line_1_25' title="bbox 1756 1059 3333 1129; baseline 0.001 -17"><span class='ocrx_word' id='word_1_175' title='bbox 1756 1066 2063 1112; x_wconf 88' lang='lat' dir='ltr'><strong>nostrorum</strong></span> <span class='ocrx_word' id='word_1_176' title='bbox 2087 1097 2102 1121; x_wconf 94' lang='lat'><strong>,</strong></span> <span class='ocrx_word' id='word_1_177' title='bbox 2139 1066 2286 1112; x_wconf 88' lang='lat' dir='ltr'><strong>tanto</strong></span> <span class='ocrx_word' id='word_1_178' title='bbox 2316 1065 2442 1111; x_wconf 87' lang='lat' dir='ltr'><strong>ante</strong></span> <span class='ocrx_word' id='word_1_179' title='bbox 2475 1068 2716 1127; x_wconf 90' lang='lat' dir='ltr'><strong>tempore</strong></span> <span class='ocrx_word' id='word_1_180' title='bbox 2749 1059 3127 1124; x_wconf 82' lang='lat' dir='ltr'><strong>existentium,</strong></span> <span class='ocrx_word' id='word_1_181' title='bbox 3160 1062 3246 1129; x_wconf 90' lang='lat' dir='ltr'><strong>qui</strong></span> <span class='ocrx_word' id='word_1_182' title='bbox 3283 1071 3333 1114; x_wconf 88' lang='lat' dir='ltr'><strong>te</strong></span> 
     </span>
    </p>
   </div>
   <div class='ocr_carea' id='block_1_26' title="bbox 1756 1147 3330 1220">
    <p class='ocr_par' dir='ltr' id='par_1_26' title="bbox 1756 1147 3330 1220">
     <span class='ocr_line' id='line_1_26' title="bbox 1756 1147 3330 1220; baseline 0.003 -18"><span class='ocrx_word' id='word_1_183' title='bbox 1756 1149 1996 1220; x_wconf 79' lang='lat' dir='ltr'><strong>graviter</strong></span> <span class='ocrx_word' id='word_1_184' title='bbox 2019 1147 2388 1203; x_wconf 80' lang='lat' dir='ltr'><strong>oilenderunt:</strong></span> <span class='ocrx_word' id='word_1_185' title='bbox 2419 1157 2473 1202; x_wconf 90' lang='lat' dir='ltr'><strong>et</strong></span> <span class='ocrx_word' id='word_1_186' title='bbox 2496 1149 2598 1202; x_wconf 89' lang='lat' dir='ltr'><strong>hoc</strong></span> <span class='ocrx_word' id='word_1_187' title='bbox 2628 1149 2866 1203; x_wconf 83' lang='lat' dir='ltr'><strong>ostendit</strong></span> <span class='ocrx_word' id='word_1_188' title='bbox 2891 1165 2991 1218; x_wconf 88' lang='lat' dir='ltr'><strong>per</strong></span> <span class='ocrx_word' id='word_1_189' title='bbox 3019 1159 3201 1220; x_wconf 90' lang='lat' dir='ltr'><strong>partes</strong></span> <span class='ocrx_word' id='word_1_190' title='bbox 3229 1152 3330 1207; x_wconf 90' lang='lat' dir='ltr'><strong>sic.</strong></span> 
     </span>
    </p>
   </div>
   <div class='ocr_carea' id='block_1_27' title="bbox 1759 1225 3333 1311">
    <p class='ocr_par' dir='ltr' id='par_1_27' title="bbox 1759 1225 3333 1311">
     <span class='ocr_line' id='line_1_27' title="bbox 1759 1225 3333 1311; baseline 0 -15"><span class='ocrx_word' id='word_1_191' title='bbox 1759 1241 1898 1296; x_wconf 84' lang='lat' dir='ltr'><strong>Vere</strong></span> <span class='ocrx_word' id='word_1_192' title='bbox 1947 1243 2272 1310; x_wconf 82' lang='lat' dir='ltr'><strong>peccavimus</strong></span> <span class='ocrx_word' id='word_1_193' title='bbox 2325 1250 2384 1295; x_wconf 95' lang='lat' dir='ltr'><strong>ut</strong></span> <span class='ocrx_word' id='word_1_194' title='bbox 2428 1249 2648 1310; x_wconf 90' lang='lat' dir='ltr'><strong>patres;</strong></span> <span class='ocrx_word' id='word_1_195' title='bbox 2697 1225 2891 1309; x_wconf 83' lang='lat' dir='ltr'><strong>injuste</strong></span> <span class='ocrx_word' id='word_1_196' title='bbox 2935 1241 3078 1294; x_wconf 89' lang='lat' dir='ltr'><strong>enim</strong></span> <span class='ocrx_word' id='word_1_197' title='bbox 3134 1243 3333 1311; x_wconf 87' lang='lat' dir='ltr'><strong>egimus</strong></span> 
     </span>
    </p>
   </div>
   <div class='ocr_carea' id='block_1_28' title="bbox 1757 1333 3334 1404">
    <p class='ocr_par' dir='ltr' id='par_1_28' title="bbox 1757 1333 3334 1404">
     <span class='ocr_line' id='line_1_28' title="bbox 1757 1333 3334 1404; baseline 0 -20"><span class='ocrx_word' id='word_1_198' title='bbox 1757 1343 2015 1404; x_wconf 87' lang='lat' dir='ltr'><strong>quantum</strong></span> <span class='ocrx_word' id='word_1_199' title='bbox 2049 1334 2114 1387; x_wconf 91' lang='lat' dir='ltr'><strong>ad</strong></span> <span class='ocrx_word' id='word_1_200' title='bbox 2167 1334 2508 1403; x_wconf 82' lang='lat' dir='ltr'><strong>proximum,</strong></span> <span class='ocrx_word' id='word_1_201' title='bbox 2551 1333 2691 1388; x_wconf 85' lang='lat' dir='ltr'><strong>sicut</strong></span> <span class='ocrx_word' id='word_1_202' title='bbox 2733 1333 2866 1403; x_wconf 87' lang='lat' dir='ltr'><strong>ipsi;</strong></span> <span class='ocrx_word' id='word_1_203' title='bbox 2917 1341 2972 1386; x_wconf 90' lang='lat' dir='ltr'><strong>et</strong></span> <span class='ocrx_word' id='word_1_204' title='bbox 3010 1333 3334 1403; x_wconf 74' lang='lat' dir='ltr'><strong>iniquitatem</strong></span> 
     </span>
    </p>
   </div>
   <div class='ocr_carea' id='block_1_29' title="bbox 1757 1424 3330 1494">
    <p class='ocr_par' dir='ltr' id='par_1_29' title="bbox 1757 1424 3330 1494">
     <span class='ocr_line' id='line_1_29' title="bbox 1757 1424 3330 1494; baseline 0.001 -17"><span class='ocrx_word' id='word_1_205' title='bbox 1757 1425 1997 1494; x_wconf 78' lang='lat' dir='ltr'><strong>fecimus,</strong></span> <span class='ocrx_word' id='word_1_206' title='bbox 2029 1433 2290 1492; x_wconf 90' lang='lat' dir='ltr'><strong>quantum</strong></span> <span class='ocrx_word' id='word_1_207' title='bbox 2320 1425 2386 1478; x_wconf 87' lang='lat' dir='ltr'><strong>ad</strong></span> <span class='ocrx_word' id='word_1_208' title='bbox 2434 1439 2530 1479; x_wconf 92' lang='lat' dir='ltr'><strong>nos</strong></span> <span class='ocrx_word' id='word_1_209' title='bbox 2561 1425 2698 1478; x_wconf 87' lang='lat' dir='ltr'><strong>sicut</strong></span> <span class='ocrx_word' id='word_1_210' title='bbox 2731 1425 2852 1494; x_wconf 84' lang='lat' dir='ltr'><strong>ipsi.</strong></span> <span class='ocrx_word' id='word_1_211' title='bbox 2903 1424 3094 1478; x_wconf 89' lang='lat' dir='ltr'><strong>Posset</strong></span> <span class='ocrx_word' id='word_1_212' title='bbox 3122 1427 3287 1493; x_wconf 77' lang='lat' dir='ltr'><strong>quan-i</strong></span> <span class='ocrx_word' id='word_1_213' title='bbox 3318 1443 3330 1478; x_wconf 93' lang='lat'><strong>:</strong></span> 
     </span>
    </p>
   </div>
   <div class='ocr_carea' id='block_1_30' title="bbox 1757 1515 3333 1585">
    <p class='ocr_par' dir='ltr' id='par_1_30' title="bbox 1757 1515 3333 1585">
     <span class='ocr_line' id='line_1_30' title="bbox 1757 1515 3333 1585; baseline -0.003 -15"><span class='ocrx_word' id='word_1_214' title='bbox 1757 1516 2197 1570; x_wconf 85' lang='lat' dir='ltr'><strong>Peccavernutne</strong></span> <span class='ocrx_word' id='word_1_215' title='bbox 2236 1525 2417 1585; x_wconf 84' lang='lat' dir='ltr'><strong>patres</strong></span> <span class='ocrx_word' id='word_1_216' title='bbox 2447 1515 2652 1569; x_wconf 83' lang='lat' dir='ltr'><strong>vestri?</strong></span> <span class='ocrx_word' id='word_1_217' title='bbox 2681 1515 2761 1568; x_wconf 77' lang='lat' dir='ltr'><strong>Ad</strong></span> <span class='ocrx_word' id='word_1_218' title='bbox 2806 1516 2947 1584; x_wconf 90' lang='lat' dir='ltr'><strong>quod</strong></span> <span class='ocrx_word' id='word_1_219' title='bbox 3005 1516 3082 1569; x_wconf 90' lang='lat' dir='ltr'><strong>sic</strong></span> <span class='ocrx_word' id='word_1_220' title='bbox 3111 1530 3333 1584; x_wconf 84' lang='lat' dir='ltr'><strong>respou-</strong></span> 
     </span>
    </p>
   </div>
   <div class='ocr_carea' id='block_1_31' title="bbox 1759 1603 3334 1674">
    <p class='ocr_par' dir='ltr' id='par_1_31' title="bbox 1759 1603 3334 1674">
     <span class='ocr_line' id='line_1_31' title="bbox 1759 1603 3334 1674; baseline -0.001 -15"><span class='ocrx_word' id='word_1_221' title='bbox 1759 1605 1993 1660; x_wconf 88' lang='lat' dir='ltr'><strong>dendum</strong></span> <span class='ocrx_word' id='word_1_222' title='bbox 2023 1614 2133 1660; x_wconf 92' lang='lat' dir='ltr'><strong>est:</strong></span> <span class='ocrx_word' id='word_1_223' title='bbox 2166 1605 2534 1660; x_wconf 79' lang='lat' dir='ltr'><strong>Peccaverunt</strong></span> <span class='ocrx_word' id='word_1_224' title='bbox 2554 1606 2757 1674; x_wconf 88' lang='lat' dir='ltr'><strong>utique.</strong></span> <span class='ocrx_word' id='word_1_225' title='bbox 2784 1603 2968 1658; x_wconf 83' lang='lat' dir='ltr'><strong>Patres</strong></span> <span class='ocrx_word' id='word_1_226' title='bbox 2997 1605 3138 1659; x_wconf 88' lang='lat' dir='ltr'><strong>enim</strong></span> <span class='ocrx_word' id='word_1_227' title='bbox 3171 1609 3334 1658; x_wconf 78' lang='lat' dir='ltr'><strong>nostri</strong></span> 
     </span>
    </p>
   </div>
   <div class='ocr_carea' id='block_1_32' title="bbox 1759 1685 3334 1767">
    <p class='ocr_par' dir='ltr' id='par_1_32' title="bbox 1759 1685 3334 1767">
     <span class='ocr_line' id='line_1_32' title="bbox 1759 1685 3334 1767; baseline 0.001 -18"><span class='ocrx_word' id='word_1_228' title='bbox 1759 1698 1813 1750; x_wconf 91' lang='lat' dir='ltr'><strong>iu</strong></span> <span class='ocrx_word' id='word_1_229' title='bbox 1844 1696 2097 1767; x_wconf 62' lang='lat' dir='ltr'><strong>zEgypto,</strong></span> <span class='ocrx_word' id='word_1_230' title='bbox 2131 1698 2218 1752; x_wconf 84' lang='lat' dir='ltr'><strong>tibi</strong></span> <span class='ocrx_word' id='word_1_231' title='bbox 2247 1706 2299 1751; x_wconf 90' lang='lat' dir='ltr'><strong>tu</strong></span> <span class='ocrx_word' id='word_1_232' title='bbox 2325 1697 2459 1751; x_wconf 74' lang='lat' dir='ltr'><strong>Deus</strong></span> <span class='ocrx_word' id='word_1_233' title='bbox 2487 1713 2583 1767; x_wconf 87' lang='lat' dir='ltr'><strong>pro</strong></span> <span class='ocrx_word' id='word_1_234' title='bbox 2613 1697 2692 1751; x_wconf 89' lang='lat' dir='ltr'><strong>eis</strong></span> <span class='ocrx_word' id='word_1_235' title='bbox 2724 1685 2888 1750; x_wconf 87' lang='lat' dir='ltr'><strong>multa</strong></span> <span class='ocrx_word' id='word_1_236' title='bbox 2913 1695 3176 1750; x_wconf 89' lang='lat' dir='ltr'><strong>mirabilia</strong></span> <span class='ocrx_word' id='word_1_237' title='bbox 3205 1711 3334 1764; x_wconf 77' lang='lat' dir='ltr'><strong>ope-</strong></span> 
     </span>
    </p>
   </div>
   <div class='ocr_carea' id='block_1_33' title="bbox 123 1785 3338 1863">
    <p class='ocr_par' dir='ltr' id='par_1_33' title="bbox 123 1785 3338 1863">
     <span class='ocr_line' id='line_1_33' title="bbox 123 1785 3338 1863; baseline -0.001 -21"><span class='ocrx_word' id='word_1_238' title='bbox 123 1791 171 1843; x_wconf 78' lang='grc' dir='ltr'>Ει</span> <span class='ocrx_word' id='word_1_239' title='bbox 193 1792 334 1846; x_wconf 86' lang='lat' dir='ltr'><strong>etiam</strong></span> <span class='ocrx_word' id='word_1_240' title='bbox 361 1793 422 1846; x_wconf 87' lang='lat' dir='ltr'><strong>de</strong></span> <span class='ocrx_word' id='word_1_241' title='bbox 447 1791 579 1846; x_wconf 84' lang='lat' dir='ltr'><strong>Jesu</strong></span> <span class='ocrx_word' id='word_1_242' title='bbox 607 1792 801 1862; x_wconf 88' lang='lat' dir='ltr'><strong>legitur</strong></span> <span class='ocrx_word' id='word_1_243' title='bbox 825 1809 838 1846; x_wconf 93' lang='lat'><strong>:</strong></span> <span class='ocrx_word' id='word_1_244' title='bbox 891 1810 909 1843; x_wconf 79' lang='grc' dir='ltr'><strong>ι</strong></span> <span class='ocrx_word' id='word_1_245' title='bbox 941 1792 1070 1859; x_wconf 67' lang='lat' dir='ltr'><strong>Quae</strong></span> <span class='ocrx_word' id='word_1_246' title='bbox 1093 1793 1256 1863; x_wconf 71' lang='lat' dir='ltr'><strong>cwpit</strong></span> <span class='ocrx_word' id='word_1_247' title='bbox 1283 1792 1441 1848; x_wconf 84' lang='lat' dir='ltr'><strong>Jcsus</strong></span> <span class='ocrx_word' id='word_1_248' title='bbox 1473 1791 1654 1848; x_wconf 86' lang='lat' dir='ltr'><strong>facere</strong></span> <span class='ocrx_word' id='word_1_249' title='bbox 1687 1785 1727 1842; x_wconf 83' lang='grc' dir='ltr'><strong>Β</strong></span> <span class='ocrx_word' id='word_1_250' title='bbox 1761 1798 2114 1854; x_wconf 89' lang='lat' dir='ltr'><strong>ratuses,non</strong></span> <span class='ocrx_word' id='word_1_251' title='bbox 2133 1787 2514 1850; x_wconf 67' lang='lat' dir='ltr'><strong>intellexerant,</strong></span> <span class='ocrx_word' id='word_1_252' title='bbox 2533 1788 2583 1841; x_wconf 94' lang='lat' dir='ltr'><strong>id</strong></span> <span class='ocrx_word' id='word_1_253' title='bbox 2607 1797 2686 1843; x_wconf 89' lang='lat' dir='ltr'><strong>est</strong></span> <span class='ocrx_word' id='word_1_254' title='bbox 2710 1803 2812 1841; x_wconf 92' lang='lat' dir='ltr'><strong>non</strong></span> <span class='ocrx_word' id='word_1_255' title='bbox 2837 1787 3338 1841; x_wconf 82' lang='lat' dir='ltr'><strong>animadverterunt</strong></span> 
     </span>
    </p>
   </div>
   <div class='ocr_carea' id='block_1_34' title="bbox 121 1889 1656 1959">
    <p class='ocr_par' dir='ltr' id='par_1_34' title="bbox 121 1889 1656 1959">
     <span class='ocr_line' id='line_1_34' title="bbox 121 1889 1656 1959; baseline 0.005 -22"><span class='ocrx_word' id='word_1_256' title='bbox 121 1897 161 1940; x_wconf 79' lang='lat' dir='ltr'><strong>et</strong></span> <span class='ocrx_word' id='word_1_257' title='bbox 181 1890 352 1943; x_wconf 88' lang='lat' dir='ltr'><strong>docere</strong></span> <span class='ocrx_word' id='word_1_258' title='bbox 386 1889 524 1959; x_wconf 75' lang='grc' dir='ltr'><strong>(Αει.</strong></span> <span class='ocrx_word' id='word_1_259' title='bbox 559 1905 601 1953; x_wconf 86' lang='lat' dir='ltr'><strong>t,</strong></span> <span class='ocrx_word' id='word_1_260' title='bbox 635 1890 709 1956; x_wconf 87' lang='lat' dir='ltr'><strong>l).</strong></span> <span class='ocrx_word' id='word_1_261' title='bbox 751 1907 770 1939; x_wconf 76' lang='grc' dir='ltr'><strong>ι</strong></span> <span class='ocrx_word' id='word_1_262' title='bbox 807 1889 925 1942; x_wconf 78' lang='lat' dir='ltr'><strong>Dixi</strong></span> <span class='ocrx_word' id='word_1_263' title='bbox 958 1889 1282 1957; x_wconf 80' lang='lat' dir='ltr'><strong>conﬁtemini</strong></span> <span class='ocrx_word' id='word_1_264' title='bbox 1325 1899 1570 1959; x_wconf 89' lang='lat' dir='ltr'><strong>peccata,</strong></span> <span class='ocrx_word' id='word_1_265' title='bbox 1601 1899 1656 1946; x_wconf 93' lang='lat' dir='ltr'><strong>et</strong></span> 
     </span>
    </p>
   </div>
   <div class='ocr_carea' id='block_1_35' title="bbox 121 1979 1658 2049">
    <p class='ocr_par' dir='ltr' id='par_1_35' title="bbox 121 1979 1658 2049">
     <span class='ocr_line' id='line_1_35' title="bbox 121 1979 1658 2049; baseline 0.004 -19"><span class='ocrx_word' id='word_1_266' title='bbox 121 1994 302 2034; x_wconf 83' lang='lat' dir='ltr'><strong>necesse</strong></span> <span class='ocrx_word' id='word_1_267' title='bbox 321 1982 534 2049; x_wconf 87' lang='lat' dir='ltr'><strong>quidem</strong></span> <span class='ocrx_word' id='word_1_268' title='bbox 567 1981 719 2034; x_wconf 89' lang='lat' dir='ltr'><strong>vobis</strong></span> <span class='ocrx_word' id='word_1_269' title='bbox 742 1989 848 2035; x_wconf 82' lang='lat' dir='ltr'><strong>est.</strong></span> <span class='ocrx_word' id='word_1_270' title='bbox 877 1979 1028 2034; x_wconf 84' lang='lat' dir='ltr'><strong>Beati</strong></span> <span class='ocrx_word' id='word_1_271' title='bbox 1056 1981 1203 2035; x_wconf 91' lang='lat' dir='ltr'><strong>enim</strong></span> <span class='ocrx_word' id='word_1_272' title='bbox 1232 1990 1286 2034; x_wconf 89' lang='lat' dir='ltr'><strong>et</strong></span> <span class='ocrx_word' id='word_1_273' title='bbox 1317 1982 1404 2036; x_wconf 93' lang='lat' dir='ltr'><strong>hic</strong></span> <span class='ocrx_word' id='word_1_274' title='bbox 1429 1989 1574 2048; x_wconf 90' lang='lat' dir='ltr'><strong>sunt,</strong></span> <span class='ocrx_word' id='word_1_275' title='bbox 1605 1990 1658 2036; x_wconf 87' lang='lat' dir='ltr'><strong>et</strong></span> 
     </span>
    </p>
   </div>
   <div class='ocr_carea' id='block_1_36' title="bbox 120 2068 1654 2141">
    <p class='ocr_par' dir='ltr' id='par_1_36' title="bbox 120 2068 1654 2141">
     <span class='ocr_line' id='line_1_36' title="bbox 120 2068 1654 2141; baseline 0.006 -23"><span class='ocrx_word' id='word_1_276' title='bbox 120 2068 158 2119; x_wconf 94' lang='lat' dir='ltr'><strong>in</strong></span> <span class='ocrx_word' id='word_1_277' title='bbox 178 2068 334 2124; x_wconf 88' lang='lat' dir='ltr'><strong>futuro</strong></span> <span class='ocrx_word' id='word_1_278' title='bbox 361 2073 528 2125; x_wconf 90' lang='lat' dir='ltr'><strong>multo</strong></span> <span class='ocrx_word' id='word_1_279' title='bbox 556 2071 726 2141; x_wconf 88' lang='lat' dir='ltr'><strong>magis</strong></span> <span class='ocrx_word' id='word_1_280' title='bbox 746 2081 904 2125; x_wconf 89' lang='lat' dir='ltr'><strong>erunt</strong></span> <span class='ocrx_word' id='word_1_281' title='bbox 929 2070 1031 2135; x_wconf 85' lang='lat' dir='ltr'><strong>illi,</strong></span> <span class='ocrx_word' id='word_1_282' title='bbox 1059 2072 1149 2141; x_wconf 86' lang='lat' dir='ltr'><strong>qui</strong></span> <span class='ocrx_word' id='word_1_283' title='bbox 1171 2073 1468 2125; x_wconf 82' lang='lat' dir='ltr'><strong>custodiant</strong></span> <span class='ocrx_word' id='word_1_284' title='bbox 1497 2073 1547 2126; x_wconf 91' lang='lat' dir='ltr'><strong>in</strong></span> <span class='ocrx_word' id='word_1_285' title='bbox 1574 2089 1654 2136; x_wconf 88' lang='lat' dir='ltr'><strong>se,</strong></span> 
     </span>
    </p>
   </div>
   <div class='ocr_carea' id='block_1_37' title="bbox 119 2156 1658 2232">
    <p class='ocr_par' dir='ltr' id='par_1_37' title="bbox 119 2156 1658 2232">
     <span class='ocr_line' id='line_1_37' title="bbox 119 2156 1658 2232; baseline 0.006 -24"><span class='ocrx_word' id='word_1_286' title='bbox 119 2156 247 2212; x_wconf 87' lang='lat' dir='ltr'><strong>idest</strong></span> <span class='ocrx_word' id='word_1_287' title='bbox 283 2160 700 2230; x_wconf 85' lang='lat' dir='ltr'><strong>amplectuntur,</strong></span> <span class='ocrx_word' id='word_1_288' title='bbox 733 2177 837 2215; x_wconf 90' lang='lat' dir='ltr'><strong>non</strong></span> <span class='ocrx_word' id='word_1_289' title='bbox 873 2161 1148 2231; x_wconf 80' lang='lat' dir='ltr'><strong>negligant</strong></span> <span class='ocrx_word' id='word_1_290' title='bbox 1170 2161 1434 2231; x_wconf 85' lang='lat' dir='ltr'><strong>judicium</strong></span> <span class='ocrx_word' id='word_1_291' title='bbox 1467 2178 1658 2232; x_wconf 84' lang='lat' dir='ltr'><strong>pecca-</strong></span> 
     </span>
    </p>
   </div>
   <div class='ocr_carea' id='block_1_38' title="bbox 120 2240 1657 2321">
    <p class='ocr_par' dir='ltr' id='par_1_38' title="bbox 120 2240 1657 2321">
     <span class='ocr_line' id='line_1_38' title="bbox 120 2240 1657 2321; baseline 0.007 -23"><span class='ocrx_word' id='word_1_292' title='bbox 120 2254 279 2314; x_wconf 87' lang='lat' dir='ltr'><strong>torum,</strong></span> <span class='ocrx_word' id='word_1_293' title='bbox 308 2251 354 2304; x_wconf 89' lang='lat' dir='ltr'><strong>id</strong></span> <span class='ocrx_word' id='word_1_294' title='bbox 385 2240 469 2306; x_wconf 74' lang='lat' dir='ltr'><strong>est</strong></span> <span class='ocrx_word' id='word_1_295' title='bbox 514 2250 938 2315; x_wconf 76' lang='lat' dir='ltr'><strong>confessionem,</strong></span> <span class='ocrx_word' id='word_1_296' title='bbox 968 2251 1178 2306; x_wconf 82' lang='lat' dir='ltr'><strong>scilicet</strong></span> <span class='ocrx_word' id='word_1_297' title='bbox 1217 2253 1304 2321; x_wconf 91' lang='lat' dir='ltr'><strong>qui</strong></span> <span class='ocrx_word' id='word_1_298' title='bbox 1336 2253 1416 2308; x_wconf 90' lang='lat' dir='ltr'><strong>sic</strong></span> <span class='ocrx_word' id='word_1_299' title='bbox 1446 2254 1657 2308; x_wconf 87' lang='lat' dir='ltr'><strong>confes-</strong></span> 
     </span>
    </p>
   </div>
   <div class='ocr_carea' id='block_1_39' title="bbox 118 2342 1659 2412">
    <p class='ocr_par' dir='ltr' id='par_1_39' title="bbox 118 2342 1659 2412">
     <span class='ocr_line' id='line_1_39' title="bbox 118 2342 1659 2412; baseline 0.004 -22"><span class='ocrx_word' id='word_1_300' title='bbox 118 2350 286 2393; x_wconf 81' lang='lat' dir='ltr'><strong>sionem</strong></span> <span class='ocrx_word' id='word_1_301' title='bbox 331 2343 642 2396; x_wconf 90' lang='lat' dir='ltr'><strong>custodiunt</strong></span> <span class='ocrx_word' id='word_1_302' title='bbox 690 2351 748 2396; x_wconf 91' lang='lat' dir='ltr'><strong>ut</strong></span> <span class='ocrx_word' id='word_1_303' title='bbox 799 2342 1114 2412; x_wconf 86' lang='lat' dir='ltr'><strong>frequenter</strong></span> <span class='ocrx_word' id='word_1_304' title='bbox 1171 2343 1555 2409; x_wconf 80' lang='lat' dir='ltr'><strong>confiteantur,</strong></span> <span class='ocrx_word' id='word_1_305' title='bbox 1606 2351 1659 2398; x_wconf 91' lang='lat' dir='ltr'><strong>et</strong></span> 
     </span>
    </p>
   </div>
   <div class='ocr_carea' id='block_1_40' title="bbox 115 2432 1655 2497">
    <p class='ocr_par' dir='ltr' id='par_1_40' title="bbox 115 2432 1655 2497">
     <span class='ocr_line' id='line_1_40' title="bbox 115 2432 1655 2497; baseline 0.003 -15"><span class='ocrx_word' id='word_1_306' title='bbox 115 2439 213 2497; x_wconf 87' lang='lat' dir='ltr'><strong>post</strong></span> <span class='ocrx_word' id='word_1_307' title='bbox 258 2432 646 2488; x_wconf 80' lang='lat' dir='ltr'><strong>confessionem</strong></span> <span class='ocrx_word' id='word_1_308' title='bbox 687 2433 750 2487; x_wconf 90' lang='lat' dir='ltr'><strong>ad</strong></span> <span class='ocrx_word' id='word_1_309' title='bbox 775 2435 1034 2487; x_wconf 90' lang='lat' dir='ltr'><strong>vomitum</strong></span> <span class='ocrx_word' id='word_1_310' title='bbox 1073 2447 1176 2486; x_wconf 90' lang='lat' dir='ltr'><strong>non</strong></span> <span class='ocrx_word' id='word_1_311' title='bbox 1215 2433 1455 2487; x_wconf 80' lang='lat' dir='ltr'><strong>redeant.</strong></span> <span class='ocrx_word' id='word_1_312' title='bbox 1490 2433 1609 2488; x_wconf 79' lang='lat' dir='ltr'><strong>Dixi</strong></span> <span class='ocrx_word' id='word_1_313' title='bbox 1643 2451 1655 2486; x_wconf 89' lang='lat'>:</span> 
     </span>
    </p>
   </div>
   <div class='ocr_carea' id='block_1_41' title="bbox 118 2519 1660 2594">
    <p class='ocr_par' dir='ltr' id='par_1_41' title="bbox 118 2519 1660 2594">
     <span class='ocr_line' id='line_1_41' title="bbox 118 2519 1660 2594; baseline 0.005 -23"><span class='ocrx_word' id='word_1_314' title='bbox 118 2519 222 2582; x_wconf 75' lang='lat' dir='ltr'><strong>Qui:</strong></span> <span class='ocrx_word' id='word_1_315' title='bbox 245 2521 388 2590; x_wconf 79' lang='lat' dir='ltr'><strong>faciet</strong></span> <span class='ocrx_word' id='word_1_316' title='bbox 413 2524 603 2577; x_wconf 82' lang='lat' dir='ltr'><strong>laudes</strong></span> <span class='ocrx_word' id='word_1_317' title='bbox 625 2524 762 2594; x_wconf 88' lang='lat' dir='ltr'><strong>ejus,</strong></span> <span class='ocrx_word' id='word_1_318' title='bbox 791 2525 944 2578; x_wconf 83' lang='lat' dir='ltr'><strong>idest</strong></span> <span class='ocrx_word' id='word_1_319' title='bbox 972 2538 1136 2593; x_wconf 85' lang='lat' dir='ltr'><strong>opera</strong></span> <span class='ocrx_word' id='word_1_320' title='bbox 1169 2523 1330 2588; x_wconf 88' lang='lat' dir='ltr'><strong>bona,</strong></span> <span class='ocrx_word' id='word_1_321' title='bbox 1355 2535 1410 2578; x_wconf 90' lang='lat' dir='ltr'><strong>et</strong></span> <span class='ocrx_word' id='word_1_322' title='bbox 1437 2539 1660 2579; x_wconf 87' lang='lat' dir='ltr'><strong>necesse</strong></span> 
     </span>
    </p>
   </div>
   <div class='ocr_carea' id='block_1_42' title="bbox 114 2612 1660 2684">
    <p class='ocr_par' dir='ltr' id='par_1_42' title="bbox 114 2612 1660 2684">
     <span class='ocr_line' id='line_1_42' title="bbox 114 2612 1660 2684; baseline 0.005 -25"><span class='ocrx_word' id='word_1_323' title='bbox 114 2618 178 2662; x_wconf 88' lang='lat' dir='ltr'><strong>est</strong></span> <span class='ocrx_word' id='word_1_324' title='bbox 206 2613 400 2680; x_wconf 87' lang='lat' dir='ltr'><strong>quidem</strong></span> <span class='ocrx_word' id='word_1_325' title='bbox 433 2623 492 2668; x_wconf 90' lang='lat' dir='ltr'><strong>ut</strong></span> <span class='ocrx_word' id='word_1_326' title='bbox 550 2612 783 2680; x_wconf 81' lang='lat' dir='ltr'><strong>faciatis,</strong></span> <span class='ocrx_word' id='word_1_327' title='bbox 820 2615 942 2682; x_wconf 89' lang='lat' dir='ltr'><strong>quia</strong></span> <span class='ocrx_word' id='word_1_328' title='bbox 975 2615 1110 2667; x_wconf 90' lang='lat' dir='ltr'><strong>beati</strong></span> <span class='ocrx_word' id='word_1_329' title='bbox 1140 2623 1300 2669; x_wconf 87' lang='lat' dir='ltr'><strong>erunt</strong></span> <span class='ocrx_word' id='word_1_330' title='bbox 1331 2615 1421 2684; x_wconf 83' lang='lat' dir='ltr'><strong>qui</strong></span> <span class='ocrx_word' id='word_1_331' title='bbox 1456 2614 1660 2683; x_wconf 80' lang='lat' dir='ltr'><strong>faciant</strong></span> 
     </span>
    </p>
   </div>
   <div class='ocr_carea' id='block_1_43' title="bbox 117 2699 1659 2774">
    <p class='ocr_par' dir='ltr' id='par_1_43' title="bbox 117 2699 1659 2774">
     <span class='ocr_line' id='line_1_43' title="bbox 117 2699 1659 2774; baseline 0.004 -22"><span class='ocrx_word' id='word_1_332' title='bbox 117 2699 350 2770; x_wconf 80' lang='lat' dir='ltr'><strong>iustitiam,</strong></span> <span class='ocrx_word' id='word_1_333' title='bbox 381 2706 429 2759; x_wconf 91' lang='lat' dir='ltr'><strong>id</strong></span> <span class='ocrx_word' id='word_1_334' title='bbox 457 2715 550 2760; x_wconf 85' lang='lat' dir='ltr'><strong>est</strong></span> <span class='ocrx_word' id='word_1_335' title='bbox 585 2705 728 2774; x_wconf 88' lang='lat' dir='ltr'><strong>justa</strong></span> <span class='ocrx_word' id='word_1_336' title='bbox 760 2719 946 2774; x_wconf 80' lang='lat' dir='ltr'><strong>Opera,</strong></span> <span class='ocrx_word' id='word_1_337' title='bbox 974 2712 1027 2758; x_wconf 94' lang='lat' dir='ltr'><strong>ct</strong></span> <span class='ocrx_word' id='word_1_338' title='bbox 1065 2719 1172 2757; x_wconf 90' lang='lat' dir='ltr'><strong>non</strong></span> <span class='ocrx_word' id='word_1_339' title='bbox 1209 2704 1275 2757; x_wconf 91' lang='lat' dir='ltr'><strong>ad</strong></span> <span class='ocrx_word' id='word_1_340' title='bbox 1319 2705 1535 2769; x_wconf 86' lang='lat' dir='ltr'><strong>horam,</strong></span> <span class='ocrx_word' id='word_1_341' title='bbox 1565 2703 1659 2758; x_wconf 87' lang='lat' dir='ltr'><strong>sed</strong></span> 
     </span>
    </p>
   </div>
   <div class='ocr_carea' id='block_1_44' title="bbox 114 2788 1515 2866">
    <p class='ocr_par' dir='ltr' id='par_1_44' title="bbox 114 2788 1515 2866">
     <span class='ocr_line' id='line_1_44' title="bbox 114 2788 1515 2866; baseline 0.006 -26"><span class='ocrx_word' id='word_1_342' title='bbox 114 2788 153 2841; x_wconf 91' lang='lat' dir='ltr'><strong>in</strong></span> <span class='ocrx_word' id='word_1_343' title='bbox 177 2795 301 2846; x_wconf 89' lang='lat' dir='ltr'><strong>omni</strong></span> <span class='ocrx_word' id='word_1_344' title='bbox 335 2804 618 2866; x_wconf 82' lang='lat' dir='ltr'><strong>tempore;</strong></span> <span class='ocrx_word' id='word_1_345' title='bbox 649 2795 767 2850; x_wconf 90' lang='lat' dir='ltr'><strong>dico</strong></span> <span class='ocrx_word' id='word_1_346' title='bbox 791 2793 1109 2863; x_wconf 81' lang='lat' dir='ltr'><strong>conﬁtemini</strong></span> <span class='ocrx_word' id='word_1_347' title='bbox 1139 2795 1211 2848; x_wconf 85' lang='lat' dir='ltr'><strong>ita</strong></span> <span class='ocrx_word' id='word_1_348' title='bbox 1241 2804 1460 2848; x_wconf 87' lang='lat' dir='ltr'><strong>orantes</strong></span> <span class='ocrx_word' id='word_1_349' title='bbox 1502 2812 1515 2848; x_wconf 86' lang='lat'><strong>:</strong></span> 
     </span>
    </p>
   </div>
   <div class='ocr_carea' id='block_1_45' title="bbox 165 2881 1660 2956">
    <p class='ocr_par' dir='ltr' id='par_1_45' title="bbox 165 2881 1660 2956">
     <span class='ocr_line' id='line_1_45' title="bbox 165 2881 1660 2956; baseline 0.003 -23"><span class='ocrx_word' id='word_1_350' title='bbox 165 2881 397 2939; x_wconf 76' lang='lat' dir='ltr'><strong>Memento</strong></span> <span class='ocrx_word' id='word_1_351' title='bbox 426 2888 625 2949; x_wconf 73' lang='lat' dir='ltr'><strong>nostri,</strong></span> <span class='ocrx_word' id='word_1_352' title='bbox 664 2886 906 2949; x_wconf 85' lang='lat' dir='ltr'><strong>Domine,</strong></span> <span class='ocrx_word' id='word_1_353' title='bbox 933 2885 1258 2956; x_wconf 84' lang='lat' dir='ltr'><strong>indulgendo</strong></span> <span class='ocrx_word' id='word_1_354' title='bbox 1291 2895 1536 2955; x_wconf 85' lang='lat' dir='ltr'><strong>peccata,</strong></span> <span class='ocrx_word' id='word_1_355' title='bbox 1567 2885 1660 2954; x_wconf 90' lang='lat' dir='ltr'><strong>qui</strong></span> 
     </span>
    </p>
   </div>
   <div class='ocr_carea' id='block_1_46' title="bbox 109 2974 1664 3048">
    <p class='ocr_par' dir='ltr' id='par_1_46' title="bbox 109 2974 1664 3048">
     <span class='ocr_line' id='line_1_46' title="bbox 109 2974 1664 3048; baseline 0.005 -24"><span class='ocrx_word' id='word_1_356' title='bbox 109 2974 228 3030; x_wconf 85' lang='lat' dir='ltr'><strong>visus</strong></span> <span class='ocrx_word' id='word_1_357' title='bbox 245 2992 298 3031; x_wconf 90' lang='lat' dir='ltr'><strong>es</strong></span> <span class='ocrx_word' id='word_1_358' title='bbox 313 2995 405 3034; x_wconf 91' lang='lat' dir='ltr'><strong>nos</strong></span> <span class='ocrx_word' id='word_1_359' title='bbox 419 2980 508 3033; x_wconf 91' lang='lat' dir='ltr'><strong>diu</strong></span> <span class='ocrx_word' id='word_1_360' title='bbox 546 2978 801 3034; x_wconf 88' lang='lat' dir='ltr'><strong>oblivioni</strong></span> <span class='ocrx_word' id='word_1_361' title='bbox 819 2977 1050 3044; x_wconf 89' lang='lat' dir='ltr'><strong>dedisse,</strong></span> <span class='ocrx_word' id='word_1_362' title='bbox 1073 2979 1196 3032; x_wconf 90' lang='lat' dir='ltr'><strong>dum</strong></span> <span class='ocrx_word' id='word_1_363' title='bbox 1219 2993 1404 3032; x_wconf 88' lang='lat' dir='ltr'><strong>sumus</strong></span> <span class='ocrx_word' id='word_1_364' title='bbox 1425 2980 1525 3033; x_wconf 89' lang='lat' dir='ltr'><strong>sub</strong></span> <span class='ocrx_word' id='word_1_365' title='bbox 1540 2993 1664 3048; x_wconf 84' lang='lat' dir='ltr'><strong>pec-</strong></span> 
     </span>
    </p>
   </div>
   <div class='ocr_carea' id='block_1_47' title="bbox 109 3055 1662 3139">
    <p class='ocr_par' dir='ltr' id='par_1_47' title="bbox 109 3055 1662 3139">
     <span class='ocr_line' id='line_1_47' title="bbox 109 3055 1662 3139; baseline 0.005 -23"><span class='ocrx_word' id='word_1_366' title='bbox 109 3067 191 3118; x_wconf 83' lang='lat' dir='ltr'><strong>cati</strong></span> <span class='ocrx_word' id='word_1_367' title='bbox 215 3055 482 3139; x_wconf 81' lang='lat' dir='ltr'><strong>originalis</strong></span> <span class='ocrx_word' id='word_1_368' title='bbox 508 3071 847 3126; x_wconf 85' lang='lat' dir='ltr'><strong>conditione.</strong></span> <span class='ocrx_word' id='word_1_369' title='bbox 876 3072 1026 3135; x_wconf 91' lang='lat' dir='ltr'><strong>Dico,</strong></span> <span class='ocrx_word' id='word_1_370' title='bbox 1052 3080 1325 3132; x_wconf 88' lang='lat' dir='ltr'><strong>memento,</strong></span> <span class='ocrx_word' id='word_1_371' title='bbox 1361 3078 1417 3122; x_wconf 92' lang='lat' dir='ltr'><strong>et</strong></span> <span class='ocrx_word' id='word_1_372' title='bbox 1445 3085 1550 3123; x_wconf 92' lang='lat' dir='ltr'><strong>non</strong></span> <span class='ocrx_word' id='word_1_373' title='bbox 1578 3084 1662 3123; x_wconf 90' lang='lat' dir='ltr'><strong>se-</strong></span> 
     </span>
    </p>
   </div>
   <div class='ocr_carea' id='block_1_48' title="bbox 107 3133 1734 3231">
    <p class='ocr_par' dir='ltr' id='par_1_48' title="bbox 107 3133 1734 3231">
     <span class='ocr_line' id='line_1_48' title="bbox 107 3133 1734 3231; baseline 0.015 -24"><span class='ocrx_word' id='word_1_374' title='bbox 107 3159 302 3212; x_wconf 66' lang='lat' dir='ltr'><strong>cundum</strong></span> <span class='ocrx_word' id='word_1_375' title='bbox 357 3163 560 3216; x_wconf 88' lang='lat' dir='ltr'><strong>merita</strong></span> <span class='ocrx_word' id='word_1_376' title='bbox 618 3175 822 3224; x_wconf 85' lang='lat' dir='ltr'><strong>nostra,</strong></span> <span class='ocrx_word' id='word_1_377' title='bbox 879 3163 972 3214; x_wconf 88' lang='lat' dir='ltr'><strong>sed</strong></span> <span class='ocrx_word' id='word_1_378' title='bbox 1021 3161 1074 3214; x_wconf 82' lang='lat' dir='ltr'><strong>in</strong></span> <span class='ocrx_word' id='word_1_379' title='bbox 1123 3161 1445 3226; x_wconf 56' lang='lat' dir='ltr'><strong>benep’m‘ilo</strong></span> <span class='ocrx_word' id='word_1_380' title='bbox 1499 3133 1734 3231; x_wconf 58' lang='lat' dir='ltr'><strong>423C</strong></span> 
     </span>
    </p>
   </div>
   <div class='ocr_carea' id='block_1_49' title="bbox 113 3249 1662 3320">
    <p class='ocr_par' dir='ltr' id='par_1_49' title="bbox 113 3249 1662 3320">
     <span class='ocr_line' id='line_1_49' title="bbox 113 3249 1662 3320; baseline 0.005 -24"><span class='ocrx_word' id='word_1_381' title='bbox 113 3249 257 3314; x_wconf 85' lang='lat' dir='ltr'><strong>populi</strong></span> <span class='ocrx_word' id='word_1_382' title='bbox 285 3252 387 3316; x_wconf 90' lang='lat' dir='ltr'><strong>tui,</strong></span> <span class='ocrx_word' id='word_1_383' title='bbox 437 3253 487 3306; x_wconf 91' lang='lat' dir='ltr'><strong>id</strong></span> <span class='ocrx_word' id='word_1_384' title='bbox 533 3263 619 3308; x_wconf 87' lang='lat' dir='ltr'><strong>est</strong></span> <span class='ocrx_word' id='word_1_385' title='bbox 652 3253 702 3306; x_wconf 94' lang='lat' dir='ltr'><strong>in</strong></span> <span class='ocrx_word' id='word_1_386' title='bbox 737 3251 1069 3320; x_wconf 86' lang='lat' dir='ltr'><strong>beucplaeito</strong></span> <span class='ocrx_word' id='word_1_387' title='bbox 1107 3251 1492 3306; x_wconf 74' lang='lat' dir='ltr'><strong>misericordia:</strong></span> <span class='ocrx_word' id='word_1_388' title='bbox 1535 3261 1662 3315; x_wconf 74' lang='lat' dir='ltr'><strong>Iure,</strong></span> 
     </span>
    </p>
   </div>
   <div class='ocr_carea' id='block_1_50' title="bbox 111 3341 1664 3411">
    <p class='ocr_par' dir='ltr' id='par_1_50' title="bbox 111 3341 1664 3411">
     <span class='ocr_line' id='line_1_50' title="bbox 111 3341 1664 3411; baseline 0.006 -25"><span class='ocrx_word' id='word_1_389' title='bbox 111 3341 368 3394; x_wconf 75' lang='lat' dir='ltr'><strong>secundum</strong></span> <span class='ocrx_word' id='word_1_390' title='bbox 403 3344 548 3411; x_wconf 88' lang='lat' dir='ltr'><strong>quod</strong></span> <span class='ocrx_word' id='word_1_391' title='bbox 605 3343 746 3396; x_wconf 89' lang='lat' dir='ltr'><strong>soles</strong></span> <span class='ocrx_word' id='word_1_392' title='bbox 777 3341 1022 3396; x_wconf 85' lang='lat' dir='ltr'><strong>misereri</strong></span> <span class='ocrx_word' id='word_1_393' title='bbox 1075 3341 1253 3411; x_wconf 86' lang='lat' dir='ltr'><strong>p0pnli</strong></span> <span class='ocrx_word' id='word_1_394' title='bbox 1307 3341 1414 3406; x_wconf 87' lang='lat' dir='ltr'><strong>lui,</strong></span> <span class='ocrx_word' id='word_1_395' title='bbox 1459 3349 1516 3394; x_wconf 90' lang='lat' dir='ltr'><strong>et</strong></span> <span class='ocrx_word' id='word_1_396' title='bbox 1563 3341 1664 3395; x_wconf 86' lang='lat' dir='ltr'><strong>hoc</strong></span> 
     </span>
    </p>
   </div>
   <div class='ocr_carea' id='block_1_51' title="bbox 112 3431 1665 3509">
    <p class='ocr_par' dir='ltr' id='par_1_51' title="bbox 112 3431 1665 3509">
     <span class='ocr_line' id='line_1_51' title="bbox 112 3431 1665 3509; baseline 0.006 -32"><span class='ocrx_word' id='word_1_397' title='bbox 112 3431 243 3483; x_wconf 74' lang='lat' dir='ltr'><strong>modo</strong></span> <span class='ocrx_word' id='word_1_398' title='bbox 267 3434 769 3509; x_wconf 87' lang='lat' dir='ltr'><strong>quidemmemento</strong></span> <span class='ocrx_word' id='word_1_399' title='bbox 798 3437 994 3498; x_wconf 82' lang='lat' dir='ltr'><strong>nostri,</strong></span> <span class='ocrx_word' id='word_1_400' title='bbox 1032 3437 1182 3487; x_wconf 80' lang='lat' dir='ltr'><strong>visita</strong></span> <span class='ocrx_word' id='word_1_401' title='bbox 1222 3450 1316 3486; x_wconf 89' lang='lat' dir='ltr'><strong>nos</strong></span> <span class='ocrx_word' id='word_1_402' title='bbox 1363 3432 1568 3487; x_wconf 87' lang='lat' dir='ltr'><strong>scilicet</strong></span> <span class='ocrx_word' id='word_1_403' title='bbox 1609 3433 1665 3486; x_wconf 85' lang='lat' dir='ltr'><strong>in</strong></span> 
     </span>
    </p>
   </div>
   <div class='ocr_carea' id='block_1_52' title="bbox 110 3519 1668 3594">
    <p class='ocr_par' dir='ltr' id='par_1_52' title="bbox 110 3519 1668 3594">
     <span class='ocr_line' id='line_1_52' title="bbox 110 3519 1668 3594; baseline 0.004 -25"><span class='ocrx_word' id='word_1_404' title='bbox 110 3519 301 3577; x_wconf 83' lang='lat' dir='ltr'><strong>salutari</strong></span> <span class='ocrx_word' id='word_1_405' title='bbox 346 3536 466 3590; x_wconf 87' lang='lat' dir='ltr'><strong>tuo,</strong></span> <span class='ocrx_word' id='word_1_406' title='bbox 529 3526 582 3581; x_wconf 90' lang='lat' dir='ltr'><strong>id</strong></span> <span class='ocrx_word' id='word_1_407' title='bbox 639 3536 724 3581; x_wconf 91' lang='lat' dir='ltr'><strong>est</strong></span> <span class='ocrx_word' id='word_1_408' title='bbox 773 3543 870 3582; x_wconf 89' lang='lat' dir='ltr'><strong>nos</strong></span> <span class='ocrx_word' id='word_1_409' title='bbox 919 3526 1166 3580; x_wconf 90' lang='lat' dir='ltr'><strong>infirmos</strong></span> <span class='ocrx_word' id='word_1_410' title='bbox 1217 3525 1269 3577; x_wconf 92' lang='lat' dir='ltr'><strong>in</strong></span> <span class='ocrx_word' id='word_1_411' title='bbox 1319 3526 1558 3594; x_wconf 88' lang='lat' dir='ltr'><strong>peccatis</strong></span> <span class='ocrx_word' id='word_1_412' title='bbox 1613 3531 1668 3578; x_wconf 92' lang='lat' dir='ltr'><strong>et</strong></span> 
     </span>
    </p>
   </div>
   <div class='ocr_carea' id='block_1_53' title="bbox 111 3610 1664 3686">
    <p class='ocr_par' dir='ltr' id='par_1_53' title="bbox 111 3610 1664 3686">
     <span class='ocr_line' id='line_1_53' title="bbox 111 3610 1664 3686; baseline 0.003 -23"><span class='ocrx_word' id='word_1_413' title='bbox 111 3610 335 3670; x_wconf 78' lang='lat' dir='ltr'><strong>obnoxios</strong></span> <span class='ocrx_word' id='word_1_414' title='bbox 353 3619 516 3672; x_wconf 86' lang='lat' dir='ltr'><strong>morti</strong></span> <span class='ocrx_word' id='word_1_415' title='bbox 539 3617 697 3671; x_wconf 89' lang='lat' dir='ltr'><strong>visita</strong></span> <span class='ocrx_word' id='word_1_416' title='bbox 721 3633 816 3686; x_wconf 91' lang='lat' dir='ltr'><strong>per</strong></span> <span class='ocrx_word' id='word_1_417' title='bbox 837 3618 1109 3672; x_wconf 84' lang='lat' dir='ltr'><strong>Christum</strong></span> <span class='ocrx_word' id='word_1_418' title='bbox 1134 3615 1468 3670; x_wconf 88' lang='lat' dir='ltr'><strong>Salvatorem</strong></span> <span class='ocrx_word' id='word_1_419' title='bbox 1493 3624 1664 3679; x_wconf 90' lang='lat' dir='ltr'><strong>tuum,</strong></span> 
     </span>
    </p>
   </div>
   <div class='ocr_carea' id='block_1_54' title="bbox 112 3703 1669 3778">
    <p class='ocr_par' dir='ltr' id='par_1_54' title="bbox 112 3703 1669 3778">
     <span class='ocr_line' id='line_1_54' title="bbox 112 3703 1669 3778; baseline 0.003 -23"><span class='ocrx_word' id='word_1_420' title='bbox 112 3709 156 3754; x_wconf 88' lang='grc' dir='ltr'><strong>ιιι</strong></span> <span class='ocrx_word' id='word_1_421' title='bbox 197 3703 302 3771; x_wconf 86' lang='lat' dir='ltr'><strong>ejus</strong></span> <span class='ocrx_word' id='word_1_422' title='bbox 353 3711 552 3764; x_wconf 90' lang='lat' dir='ltr'><strong>mortis</strong></span> <span class='ocrx_word' id='word_1_423' title='bbox 597 3710 771 3778; x_wconf 89' lang='lat' dir='ltr'><strong>pretio</strong></span> <span class='ocrx_word' id='word_1_424' title='bbox 819 3709 885 3763; x_wconf 85' lang='lat' dir='ltr'><strong>ad</strong></span> <span class='ocrx_word' id='word_1_425' title='bbox 937 3709 1102 3761; x_wconf 85' lang='lat' dir='ltr'><strong>vitam</strong></span> <span class='ocrx_word' id='word_1_426' title='bbox 1153 3707 1498 3761; x_wconf 87' lang='lat' dir='ltr'><strong>reducamur.</strong></span> <span class='ocrx_word' id='word_1_427' title='bbox 1541 3706 1669 3760; x_wconf 90' lang='lat' dir='ltr'><strong>Dico</strong></span> 
     </span>
    </p>
   </div>
   <div class='ocr_carea' id='block_1_55' title="bbox 110 3793 1669 3864">
    <p class='ocr_par' dir='ltr' id='par_1_55' title="bbox 110 3793 1669 3864">
     <span class='ocr_line' id='line_1_55' title="bbox 110 3793 1669 3864; baseline 0.007 -23"><span class='ocrx_word' id='word_1_428' title='bbox 110 3793 234 3846; x_wconf 82' lang='lat' dir='ltr'><strong>risita</strong></span> <span class='ocrx_word' id='word_1_429' title='bbox 269 3813 356 3850; x_wconf 90' lang='lat' dir='ltr'><strong>nos</strong></span> <span class='ocrx_word' id='word_1_430' title='bbox 406 3799 461 3852; x_wconf 92' lang='lat' dir='ltr'><strong>in</strong></span> <span class='ocrx_word' id='word_1_431' title='bbox 511 3799 822 3853; x_wconf 87' lang='lat' dir='ltr'><strong>obedientia</strong></span> <span class='ocrx_word' id='word_1_432' title='bbox 863 3798 1162 3854; x_wconf 88' lang='lat' dir='ltr'><strong>Salvatoris</strong></span> <span class='ocrx_word' id='word_1_433' title='bbox 1193 3799 1300 3864; x_wconf 93' lang='lat' dir='ltr'><strong>tui,</strong></span> <span class='ocrx_word' id='word_1_434' title='bbox 1335 3799 1539 3853; x_wconf 89' lang='lat' dir='ltr'><strong>ducens</strong></span> <span class='ocrx_word' id='word_1_435' title='bbox 1569 3814 1669 3852; x_wconf 90' lang='lat' dir='ltr'><strong>nos</strong></span> 
     </span>
    </p>
   </div>
   <div class='ocr_carea' id='block_1_56' title="bbox 106 3885 1666 3954">
    <p class='ocr_par' dir='ltr' id='par_1_56' title="bbox 106 3885 1666 3954">
     <span class='ocr_line' id='line_1_56' title="bbox 106 3885 1666 3954; baseline 0.003 -16"><span class='ocrx_word' id='word_1_436' title='bbox 106 3896 187 3950; x_wconf 82' lang='lat' dir='ltr'><strong>per</strong></span> <span class='ocrx_word' id='word_1_437' title='bbox 211 3885 371 3954; x_wconf 89' lang='lat' dir='ltr'><strong>ipsius</strong></span> <span class='ocrx_word' id='word_1_438' title='bbox 417 3889 729 3944; x_wconf 88' lang='lat' dir='ltr'><strong>Salvatoris</strong></span> <span class='ocrx_word' id='word_1_439' title='bbox 771 3890 1019 3944; x_wconf 88' lang='lat' dir='ltr'><strong>notitiam</strong></span> <span class='ocrx_word' id='word_1_440' title='bbox 1056 3891 1123 3942; x_wconf 82' lang='lat' dir='ltr'><strong>ad</strong></span> <span class='ocrx_word' id='word_1_441' title='bbox 1151 3889 1430 3946; x_wconf 82' lang='lat' dir='ltr'><strong>videndam</strong></span> <span class='ocrx_word' id='word_1_442' title='bbox 1463 3899 1544 3954; x_wconf 89' lang='lat' dir='ltr'><strong>te,</strong></span> <span class='ocrx_word' id='word_1_443' title='bbox 1580 3889 1666 3943; x_wconf 90' lang='lat' dir='ltr'><strong>in-</strong></span> 
     </span>
    </p>
   </div>
   <div class='ocr_carea' id='block_1_57' title="bbox 107 3976 1667 4052">
    <p class='ocr_par' dir='ltr' id='par_1_57' title="bbox 107 3976 1667 4052">
     <span class='ocr_line' id='line_1_57' title="bbox 107 3976 1667 4052; baseline 0.005 -28"><span class='ocrx_word' id='word_1_444' title='bbox 107 3976 263 4031; x_wconf 86' lang='lat' dir='ltr'><strong>teriori</strong></span> <span class='ocrx_word' id='word_1_445' title='bbox 289 3981 776 4052; x_wconf 85' lang='lat' dir='ltr'><strong>contemplatione,</strong></span> <span class='ocrx_word' id='word_1_446' title='bbox 813 3996 934 4044; x_wconf 88' lang='lat' dir='ltr'><strong>nos,</strong></span> <span class='ocrx_word' id='word_1_447' title='bbox 962 3981 1181 4050; x_wconf 88' lang='lat' dir='ltr'><strong>inquam</strong></span> <span class='ocrx_word' id='word_1_448' title='bbox 1203 4019 1217 4044; x_wconf 95' lang='lat'><strong>,</strong></span> <span class='ocrx_word' id='word_1_449' title='bbox 1263 3979 1466 4048; x_wconf 88' lang='lat' dir='ltr'><strong>positos</strong></span> <span class='ocrx_word' id='word_1_450' title='bbox 1494 3980 1546 4032; x_wconf 87' lang='lat' dir='ltr'><strong>in</strong></span> <span class='ocrx_word' id='word_1_451' title='bbox 1576 3979 1667 4032; x_wconf 87' lang='lat' dir='ltr'><strong>bo-</strong></span> 
     </span>
    </p>
   </div>
   <div class='ocr_carea' id='block_1_58' title="bbox 105 4066 1665 4140">
    <p class='ocr_par' dir='ltr' id='par_1_58' title="bbox 105 4066 1665 4140">
     <span class='ocr_line' id='line_1_58' title="bbox 105 4066 1665 4140; baseline 0.005 -26"><span class='ocrx_word' id='word_1_452' title='bbox 105 4066 242 4122; x_wconf 80' lang='lat' dir='ltr'><strong>nitate</strong></span> <span class='ocrx_word' id='word_1_453' title='bbox 284 4088 498 4140; x_wconf 78' lang='lat' dir='ltr'><strong>operam</strong></span> <span class='ocrx_word' id='word_1_454' title='bbox 545 4072 829 4125; x_wconf 82' lang='lat' dir='ltr'><strong>electorum</strong></span> <span class='ocrx_word' id='word_1_455' title='bbox 862 4082 1096 4124; x_wconf 87' lang='lat' dir='ltr'><strong>tuorum.</strong></span> <span class='ocrx_word' id='word_1_456' title='bbox 1132 4071 1284 4137; x_wconf 84' lang='lat' dir='ltr'><strong>Quod</strong></span> <span class='ocrx_word' id='word_1_457' title='bbox 1325 4078 1411 4124; x_wconf 84' lang='lat' dir='ltr'><strong>est</strong></span> <span class='ocrx_word' id='word_1_458' title='bbox 1447 4071 1665 4124; x_wconf 87' lang='lat' dir='ltr'><strong>dicere:</strong></span> 
     </span>
    </p>
   </div>
   <div class='ocr_carea' id='block_1_59' title="bbox 105 4151 1663 4234">
    <p class='ocr_par' dir='ltr' id='par_1_59' title="bbox 105 4151 1663 4234">
     <span class='ocr_line' id='line_1_59' title="bbox 105 4151 1663 4234; baseline 0.002 -23"><span class='ocrx_word' id='word_1_459' title='bbox 105 4157 178 4214; x_wconf 81' lang='lat' dir='ltr'><strong>Sic</strong></span> <span class='ocrx_word' id='word_1_460' title='bbox 201 4179 290 4217; x_wconf 91' lang='lat' dir='ltr'><strong>nos</strong></span> <span class='ocrx_word' id='word_1_461' title='bbox 320 4180 417 4234; x_wconf 89' lang='lat' dir='ltr'><strong>per</strong></span> <span class='ocrx_word' id='word_1_462' title='bbox 449 4180 579 4220; x_wconf 87' lang='lat' dir='ltr'><strong>eum</strong></span> <span class='ocrx_word' id='word_1_463' title='bbox 627 4164 783 4218; x_wconf 83' lang='lat' dir='ltr'><strong>visita</strong></span> <span class='ocrx_word' id='word_1_464' title='bbox 819 4151 890 4218; x_wconf 54' lang='grc' dir='ltr'><strong>ἰιι</strong></span> <span class='ocrx_word' id='word_1_465' title='bbox 935 4163 1201 4217; x_wconf 86' lang='lat' dir='ltr'><strong>visitando</strong></span> <span class='ocrx_word' id='word_1_466' title='bbox 1245 4176 1344 4232; x_wconf 86' lang='lat' dir='ltr'><strong>per</strong></span> <span class='ocrx_word' id='word_1_467' title='bbox 1375 4161 1663 4232; x_wconf 88' lang='lat' dir='ltr'><strong>indulgen-</strong></span> 
     </span>
    </p>
   </div>
   <div class='ocr_carea' id='block_1_60' title="bbox 106 4249 1668 4326">
    <p class='ocr_par' dir='ltr' id='par_1_60' title="bbox 106 4249 1668 4326">
     <span class='ocr_line' id='line_1_60' title="bbox 106 4249 1668 4326; baseline 0.006 -27"><span class='ocrx_word' id='word_1_468' title='bbox 106 4249 211 4306; x_wconf 86' lang='lat' dir='ltr'><strong>tiam</strong></span> <span class='ocrx_word' id='word_1_469' title='bbox 249 4257 413 4311; x_wconf 89' lang='lat' dir='ltr'><strong>ducas</strong></span> <span class='ocrx_word' id='word_1_470' title='bbox 461 4272 569 4312; x_wconf 89' lang='lat' dir='ltr'><strong>nos</strong></span> <span class='ocrx_word' id='word_1_471' title='bbox 621 4255 687 4309; x_wconf 86' lang='lat' dir='ltr'><strong>ad</strong></span> <span class='ocrx_word' id='word_1_472' title='bbox 734 4255 1248 4326; x_wconf 82' lang='lat' dir='ltr'><strong>contemplationem</strong></span> <span class='ocrx_word' id='word_1_473' title='bbox 1291 4255 1492 4308; x_wconf 73' lang='lat' dir='ltr'><strong>notititc</strong></span> <span class='ocrx_word' id='word_1_474' title='bbox 1533 4263 1668 4320; x_wconf 74' lang='lat' dir='ltr'><strong>tute,</strong></span> 
     </span>
    </p>
   </div>
   <div class='ocr_carea' id='block_1_61' title="bbox 101 4346 1672 4419">
    <p class='ocr_par' dir='ltr' id='par_1_61' title="bbox 101 4346 1672 4419">
     <span class='ocr_line' id='line_1_61' title="bbox 101 4346 1672 4419; baseline 0.004 -24"><span class='ocrx_word' id='word_1_475' title='bbox 101 4356 199 4408; x_wconf 81' lang='lat' dir='ltr'><strong>nos,</strong></span> <span class='ocrx_word' id='word_1_476' title='bbox 231 4346 478 4416; x_wconf 89' lang='lat' dir='ltr'><strong>inquam,</strong></span> <span class='ocrx_word' id='word_1_477' title='bbox 500 4349 711 4419; x_wconf 89' lang='lat' dir='ltr'><strong>positos</strong></span> <span class='ocrx_word' id='word_1_478' title='bbox 738 4349 791 4402; x_wconf 88' lang='lat' dir='ltr'><strong>in</strong></span> <span class='ocrx_word' id='word_1_479' title='bbox 821 4349 1078 4413; x_wconf 81' lang='lat' dir='ltr'><strong>bonitate,</strong></span> <span class='ocrx_word' id='word_1_480' title='bbox 1099 4347 1148 4401; x_wconf 88' lang='lat' dir='ltr'><strong>id</strong></span> <span class='ocrx_word' id='word_1_481' title='bbox 1181 4356 1261 4400; x_wconf 73' lang='lat' dir='ltr'><strong>est</strong></span> <span class='ocrx_word' id='word_1_482' title='bbox 1289 4347 1340 4400; x_wconf 88' lang='lat' dir='ltr'><strong>in</strong></span> <span class='ocrx_word' id='word_1_483' title='bbox 1363 4347 1518 4402; x_wconf 87' lang='lat' dir='ltr'><strong>bonis</strong></span> <span class='ocrx_word' id='word_1_484' title='bbox 1541 4361 1672 4416; x_wconf 89' lang='lat' dir='ltr'><strong>ope-</strong></span> 
     </span>
    </p>
   </div>
   <div class='ocr_carea' id='block_1_62' title="bbox 105 4433 1669 4510">
    <p class='ocr_par' dir='ltr' id='par_1_62' title="bbox 105 4433 1669 4510">
     <span class='ocr_line' id='line_1_62' title="bbox 105 4433 1669 4510; baseline 0.004 -22"><span class='ocrx_word' id='word_1_485' title='bbox 105 4433 267 4506; x_wconf 83' lang='lat' dir='ltr'><strong>ribus,</strong></span> <span class='ocrx_word' id='word_1_486' title='bbox 317 4457 486 4510; x_wconf 91' lang='lat' dir='ltr'><strong>quam</strong></span> <span class='ocrx_word' id='word_1_487' title='bbox 549 4441 848 4495; x_wconf 88' lang='lat' dir='ltr'><strong>bonitatem</strong></span> <span class='ocrx_word' id='word_1_488' title='bbox 906 4440 1107 4495; x_wconf 80' lang='lat' dir='ltr'><strong>habent</strong></span> <span class='ocrx_word' id='word_1_489' title='bbox 1151 4440 1304 4495; x_wconf 90' lang='lat' dir='ltr'><strong>electi</strong></span> <span class='ocrx_word' id='word_1_490' title='bbox 1359 4440 1454 4493; x_wconf 90' lang='lat' dir='ltr'><strong>tui.</strong></span> <span class='ocrx_word' id='word_1_491' title='bbox 1501 4440 1580 4494; x_wconf 83' lang='lat' dir='ltr'><strong>Ac</strong></span> <span class='ocrx_word' id='word_1_492' title='bbox 1626 4439 1669 4494; x_wconf 92' lang='lat' dir='ltr'><strong>si</strong></span> 
     </span>
    </p>
   </div>
   <div class='ocr_carea' id='block_1_63' title="bbox 101 4526 1672 4600">
    <p class='ocr_par' dir='ltr' id='par_1_63' title="bbox 101 4526 1672 4600">
     <span class='ocr_line' id='line_1_63' title="bbox 101 4526 1672 4600; baseline 0.004 -24"><span class='ocrx_word' id='word_1_493' title='bbox 101 4526 249 4584; x_wconf 87' lang='lat' dir='ltr'><strong>dicat:</strong></span> <span class='ocrx_word' id='word_1_494' title='bbox 282 4531 392 4587; x_wconf 82' lang='lat' dir='ltr'><strong>Nos</strong></span> <span class='ocrx_word' id='word_1_495' title='bbox 420 4534 678 4588; x_wconf 84' lang='lat' dir='ltr'><strong>visitatus</strong></span> <span class='ocrx_word' id='word_1_496' title='bbox 705 4530 787 4584; x_wconf 73' lang='lat' dir='ltr'><strong>fac</strong></span> <span class='ocrx_word' id='word_1_497' title='bbox 819 4532 955 4586; x_wconf 91' lang='lat' dir='ltr'><strong>bene</strong></span> <span class='ocrx_word' id='word_1_498' title='bbox 984 4531 1196 4600; x_wconf 85' lang='lat' dir='ltr'><strong>operari</strong></span> <span class='ocrx_word' id='word_1_499' title='bbox 1228 4532 1294 4583; x_wconf 89' lang='lat' dir='ltr'><strong>ad</strong></span> <span class='ocrx_word' id='word_1_500' title='bbox 1320 4529 1672 4584; x_wconf 79' lang='lat' dir='ltr'><strong>conformita-</strong></span> 
     </span>
    </p>
   </div>
   <div class='ocr_carea' id='block_1_64' title="bbox 103 4620 1673 4690">
    <p class='ocr_par' dir='ltr' id='par_1_64' title="bbox 103 4620 1673 4690">
     <span class='ocr_line' id='line_1_64' title="bbox 103 4620 1673 4690; baseline 0.003 -24"><span class='ocrx_word' id='word_1_501' title='bbox 103 4623 187 4670; x_wconf 86' lang='lat' dir='ltr'><strong>tcin</strong></span> <span class='ocrx_word' id='word_1_502' title='bbox 224 4620 462 4677; x_wconf 84' lang='lat' dir='ltr'><strong>ﬁdelium</strong></span> <span class='ocrx_word' id='word_1_503' title='bbox 501 4632 718 4676; x_wconf 90' lang='lat' dir='ltr'><strong>tuorum</strong></span> <span class='ocrx_word' id='word_1_504' title='bbox 741 4661 755 4685; x_wconf 93' lang='lat'><strong>,</strong></span> <span class='ocrx_word' id='word_1_505' title='bbox 793 4621 882 4690; x_wconf 91' lang='lat' dir='ltr'><strong>qui</strong></span> <span class='ocrx_word' id='word_1_506' title='bbox 916 4620 981 4674; x_wconf 90' lang='lat' dir='ltr'><strong>ad</strong></span> <span class='ocrx_word' id='word_1_507' title='bbox 1030 4622 1194 4674; x_wconf 90' lang='lat' dir='ltr'><strong>vitam</strong></span> <span class='ocrx_word' id='word_1_508' title='bbox 1226 4620 1382 4673; x_wconf 89' lang='lat' dir='ltr'><strong>electi</strong></span> <span class='ocrx_word' id='word_1_509' title='bbox 1424 4629 1582 4685; x_wconf 91' lang='lat' dir='ltr'><strong>sunt,</strong></span> <span class='ocrx_word' id='word_1_510' title='bbox 1614 4627 1673 4672; x_wconf 89' lang='grc' dir='ltr'><strong>ιιι</strong></span> 
     </span>
    </p>
   </div>
   <div class='ocr_carea' id='block_1_65' title="bbox 98 4709 1665 4780">
    <p class='ocr_par' dir='ltr' id='par_1_65' title="bbox 98 4709 1665 4780">
     <span class='ocr_line' id='line_1_65' title="bbox 98 4709 1665 4780; baseline 0.004 -25"><span class='ocrx_word' id='word_1_511' title='bbox 98 4709 269 4764; x_wconf 88' lang='lat' dir='ltr'><strong>merito</strong></span> <span class='ocrx_word' id='word_1_512' title='bbox 298 4713 580 4767; x_wconf 85' lang='lat' dir='ltr'><strong>bonorum</strong></span> <span class='ocrx_word' id='word_1_513' title='bbox 613 4726 835 4780; x_wconf 86' lang='lat' dir='ltr'><strong>operum</strong></span> <span class='ocrx_word' id='word_1_514' title='bbox 871 4720 918 4764; x_wconf 93' lang='lat' dir='ltr'><strong>te</strong></span> <span class='ocrx_word' id='word_1_515' title='bbox 947 4709 1301 4778; x_wconf 86' lang='lat' dir='ltr'><strong>contemplari</strong></span> <span class='ocrx_word' id='word_1_516' title='bbox 1336 4723 1665 4762; x_wconf 88' lang='lat' dir='ltr'><strong>mereamur.</strong></span> 
     </span>
    </p>
   </div>
   <div class='ocr_carea' id='block_1_66' title="bbox 67 4795 1673 4869">
    <p class='ocr_par' dir='ltr' id='par_1_66' title="bbox 67 4795 1673 4869">
     <span class='ocr_line' id='line_1_66' title="bbox 67 4795 1673 4869; baseline 0.004 -20"><span class='ocrx_word' id='word_1_517' title='bbox 67 4865 70 4868; x_wconf 93' lang='lat'><em>_</em></span> <span class='ocrx_word' id='word_1_518' title='bbox 99 4795 209 4853; x_wconf 89' lang='lat' dir='ltr'><strong>Dico</strong></span> <span class='ocrx_word' id='word_1_519' title='bbox 238 4804 389 4857; x_wconf 83' lang='lat' dir='ltr'><strong>visita</strong></span> <span class='ocrx_word' id='word_1_520' title='bbox 425 4821 552 4867; x_wconf 85' lang='lat' dir='ltr'><strong>nos,</strong></span> <span class='ocrx_word' id='word_1_521' title='bbox 583 4805 784 4856; x_wconf 90' lang='lat' dir='ltr'><strong>ducens</strong></span> <span class='ocrx_word' id='word_1_522' title='bbox 814 4817 914 4855; x_wconf 91' lang='lat' dir='ltr'><strong>nos</strong></span> <span class='ocrx_word' id='word_1_523' title='bbox 944 4802 1011 4856; x_wconf 92' lang='lat' dir='ltr'><strong>ad</strong></span> <span class='ocrx_word' id='word_1_524' title='bbox 1043 4801 1331 4854; x_wconf 88' lang='lat' dir='ltr'><strong>videndum</strong></span> <span class='ocrx_word' id='word_1_525' title='bbox 1365 4809 1415 4855; x_wconf 92' lang='lat' dir='ltr'><strong>te</strong></span> <span class='ocrx_word' id='word_1_526' title='bbox 1467 4800 1673 4869; x_wconf 90' lang='lat' dir='ltr'><strong>positos</strong></span> 
     </span>
    </p>
   </div>
   <div class='ocr_carea' id='block_1_67' title="bbox 94 4893 1672 4964">
    <p class='ocr_par' dir='ltr' id='par_1_67' title="bbox 94 4893 1672 4964">
     <span class='ocr_line' id='line_1_67' title="bbox 94 4893 1672 4964; baseline -0.001 -16"><span class='ocrx_word' id='word_1_527' title='bbox 94 4893 136 4944; x_wconf 77' lang='lat' dir='ltr'><strong>in</strong></span> <span class='ocrx_word' id='word_1_528' title='bbox 162 4897 422 4964; x_wconf 86' lang='lat' dir='ltr'><strong>bonitate,</strong></span> <span class='ocrx_word' id='word_1_529' title='bbox 472 4909 534 4953; x_wconf 88' lang='lat' dir='ltr'><strong>et</strong></span> <span class='ocrx_word' id='word_1_530' title='bbox 577 4899 782 4951; x_wconf 86' lang='lat' dir='ltr'><strong>ducens</strong></span> <span class='ocrx_word' id='word_1_531' title='bbox 827 4897 988 4950; x_wconf 88' lang='lat' dir='ltr'><strong>etiam</strong></span> <span class='ocrx_word' id='word_1_532' title='bbox 1033 4896 1100 4948; x_wconf 83' lang='lat' dir='ltr'><strong>ad</strong></span> <span class='ocrx_word' id='word_1_533' title='bbox 1138 4893 1422 4948; x_wconf 72' lang='lat' dir='ltr'><strong>[tutandum</strong></span> <span class='ocrx_word' id='word_1_534' title='bbox 1459 4897 1526 4946; x_wconf 88' lang='lat' dir='ltr'><strong>de</strong></span> <span class='ocrx_word' id='word_1_535' title='bbox 1575 4895 1672 4948; x_wconf 87' lang='lat' dir='ltr'><strong>bo-</strong></span> 
     </span>
    </p>
   </div>
   <div class='ocr_carea' id='block_1_68' title="bbox 96 4983 1672 5059">
    <p class='ocr_par' dir='ltr' id='par_1_68' title="bbox 96 4983 1672 5059">
     <span class='ocr_line' id='line_1_68' title="bbox 96 4983 1672 5059; baseline -0.004 -16"><span class='ocrx_word' id='word_1_536' title='bbox 96 4987 241 5043; x_wconf 70' lang='lat' dir='ltr'><strong>nitate</strong></span> <span class='ocrx_word' id='word_1_537' title='bbox 266 5007 499 5059; x_wconf 90' lang='lat' dir='ltr'><strong>operum</strong></span> <span class='ocrx_word' id='word_1_538' title='bbox 545 4991 602 5043; x_wconf 87' lang='lat' dir='ltr'><strong>in</strong></span> <span class='ocrx_word' id='word_1_539' title='bbox 634 4990 815 5042; x_wconf 69' lang='lat' dir='ltr'><strong>(iutilia</strong></span> <span class='ocrx_word' id='word_1_540' title='bbox 851 4988 1017 5057; x_wconf 85' lang='lat' dir='ltr'><strong>gentis</strong></span> <span class='ocrx_word' id='word_1_541' title='bbox 1047 4995 1152 5039; x_wconf 81' lang='lat' dir='ltr'><strong>tua:</strong></span> <span class='ocrx_word' id='word_1_542' title='bbox 1175 5025 1188 5050; x_wconf 97' lang='lat'><strong>,</strong></span> <span class='ocrx_word' id='word_1_543' title='bbox 1232 4984 1282 5038; x_wconf 88' lang='lat' dir='ltr'><strong>id</strong></span> <span class='ocrx_word' id='word_1_544' title='bbox 1331 4992 1415 5036; x_wconf 88' lang='lat' dir='ltr'><strong>est</strong></span> <span class='ocrx_word' id='word_1_545' title='bbox 1452 4983 1504 5036; x_wconf 91' lang='lat' dir='ltr'><strong>in</strong></span> <span class='ocrx_word' id='word_1_546' title='bbox 1538 4999 1672 5038; x_wconf 90' lang='lat' dir='ltr'><strong>con-</strong></span> 
     </span>
    </p>
   </div>
   <div class='ocr_carea' id='block_1_69' title="bbox 93 5073 1659 5149">
    <p class='ocr_par' dir='ltr' id='par_1_69' title="bbox 93 5073 1659 5149">
     <span class='ocr_line' id='line_1_69' title="bbox 93 5073 1659 5149; baseline 0.001 -21"><span class='ocrx_word' id='word_1_547' title='bbox 93 5073 346 5149; x_wconf 79' lang='lat' dir='ltr'><strong>formitate</strong></span> <span class='ocrx_word' id='word_1_548' title='bbox 379 5082 594 5136; x_wconf 74' lang='lat' dir='ltr'><strong>laetitia:</strong></span> <span class='ocrx_word' id='word_1_549' title='bbox 617 5079 886 5148; x_wconf 83' lang='lat' dir='ltr'><strong>jttstorntn</strong></span> <span class='ocrx_word' id='word_1_550' title='bbox 919 5078 1010 5148; x_wconf 86' lang='lat' dir='ltr'><strong>qui</strong></span> <span class='ocrx_word' id='word_1_551' title='bbox 1049 5085 1174 5131; x_wconf 89' lang='lat' dir='ltr'><strong>sunt</strong></span> <span class='ocrx_word' id='word_1_552' title='bbox 1197 5091 1332 5145; x_wconf 85' lang='lat' dir='ltr'><strong>gens</strong></span> <span class='ocrx_word' id='word_1_553' title='bbox 1365 5085 1475 5129; x_wconf 89' lang='lat' dir='ltr'><strong>tua.</strong></span> <span class='ocrx_word' id='word_1_554' title='bbox 1507 5076 1659 5141; x_wconf 88' lang='lat' dir='ltr'><strong>Quod</strong></span> 
     </span>
    </p>
   </div>
   <div class='ocr_carea' id='block_1_70' title="bbox 93 5169 1673 5238">
    <p class='ocr_par' dir='ltr' id='par_1_70' title="bbox 93 5169 1673 5238">
     <span class='ocr_line' id='line_1_70' title="bbox 93 5169 1673 5238; baseline 0.004 -22"><span class='ocrx_word' id='word_1_555' title='bbox 93 5171 404 5228; x_wconf 83' lang='lat' dir='ltr'><strong>estdicere:</strong></span> <span class='ocrx_word' id='word_1_556' title='bbox 449 5173 551 5228; x_wconf 90' lang='lat' dir='ltr'><strong>Sic</strong></span> <span class='ocrx_word' id='word_1_557' title='bbox 590 5187 689 5227; x_wconf 91' lang='lat' dir='ltr'><strong>nos</strong></span> <span class='ocrx_word' id='word_1_558' title='bbox 729 5171 814 5225; x_wconf 91' lang='lat' dir='ltr'><strong>fac</strong></span> <span class='ocrx_word' id='word_1_559' title='bbox 849 5171 988 5232; x_wconf 87' lang='lat' dir='ltr'><strong>bene</strong></span> <span class='ocrx_word' id='word_1_560' title='bbox 1027 5169 1238 5238; x_wconf 88' lang='lat' dir='ltr'><strong>operari</strong></span> <span class='ocrx_word' id='word_1_561' title='bbox 1290 5177 1346 5222; x_wconf 92' lang='lat' dir='ltr'><strong>ut</strong></span> <span class='ocrx_word' id='word_1_562' title='bbox 1394 5169 1532 5223; x_wconf 88' lang='lat' dir='ltr'><strong>hanc</strong></span> <span class='ocrx_word' id='word_1_563' title='bbox 1573 5170 1673 5222; x_wconf 93' lang='lat' dir='ltr'><strong>bo-</strong></span> 
     </span>
    </p>
   </div>
   <div class='ocr_carea' id='block_1_71' title="bbox 91 5261 1673 5335">
    <p class='ocr_par' dir='ltr' id='par_1_71' title="bbox 91 5261 1673 5335">
     <span class='ocr_line' id='line_1_71' title="bbox 91 5261 1673 5335; baseline 0.004 -25"><span class='ocrx_word' id='word_1_564' title='bbox 91 5275 198 5316; x_wconf 85' lang='lat' dir='ltr'><strong>nam</strong></span> <span class='ocrx_word' id='word_1_565' title='bbox 247 5266 640 5335; x_wconf 88' lang='lat' dir='ltr'><strong>operationcm</strong></span> <span class='ocrx_word' id='word_1_566' title='bbox 693 5279 798 5317; x_wconf 92' lang='lat' dir='ltr'><strong>non</strong></span> <span class='ocrx_word' id='word_1_567' title='bbox 849 5279 970 5318; x_wconf 90' lang='lat' dir='ltr'><strong>cum</strong></span> <span class='ocrx_word' id='word_1_568' title='bbox 1025 5261 1242 5315; x_wconf 84' lang='lat' dir='ltr'><strong>tristitia</strong></span> <span class='ocrx_word' id='word_1_569' title='bbox 1284 5277 1538 5331; x_wconf 88' lang='lat' dir='ltr'><strong>agamus,</strong></span> <span class='ocrx_word' id='word_1_570' title='bbox 1579 5263 1673 5316; x_wconf 88' lang='lat' dir='ltr'><strong>sed</strong></span> 
     </span>
    </p>
   </div>
   <div class='ocr_carea' id='block_1_72' title="bbox 89 5345 1674 5428">
    <p class='ocr_par' dir='ltr' id='par_1_72' title="bbox 89 5345 1674 5428">
     <span class='ocr_line' id='line_1_72' title="bbox 89 5345 1674 5428; baseline 0.003 -26"><span class='ocrx_word' id='word_1_571' title='bbox 89 5345 342 5428; x_wconf 62' lang='lat' dir='ltr'><strong>ltetanter,</strong></span> <span class='ocrx_word' id='word_1_572' title='bbox 385 5357 459 5410; x_wconf 87' lang='lat' dir='ltr'><strong>ad</strong></span> <span class='ocrx_word' id='word_1_573' title='bbox 500 5354 943 5409; x_wconf 86' lang='lat' dir='ltr'><strong>conformitatem</strong></span> <span class='ocrx_word' id='word_1_574' title='bbox 977 5352 1177 5406; x_wconf 62' lang='lat' dir='ltr'><strong>lectitizc</strong></span> <span class='ocrx_word' id='word_1_575' title='bbox 1206 5350 1498 5418; x_wconf 73' lang='lat' dir='ltr'><strong>iustorum.</strong></span> <span class='ocrx_word' id='word_1_576' title='bbox 1530 5370 1548 5402; x_wconf 81' lang='grc' dir='ltr'><strong>ι</strong></span> <span class='ocrx_word' id='word_1_577' title='bbox 1581 5351 1674 5407; x_wconf 89' lang='lat' dir='ltr'><strong>lli-</strong></span> 
     </span>
    </p>
   </div>
   <div class='ocr_carea' id='block_1_73' title="bbox 87 5438 1666 5515">
    <p class='ocr_par' dir='ltr' id='par_1_73' title="bbox 87 5438 1666 5515">
     <span class='ocr_line' id='line_1_73' title="bbox 87 5438 1666 5515; baseline 0.003 -21"><span class='ocrx_word' id='word_1_578' title='bbox 87 5438 239 5501; x_wconf 80' lang='lat' dir='ltr'><strong>larcm</strong></span> <span class='ocrx_word' id='word_1_579' title='bbox 283 5449 437 5504; x_wconf 89' lang='lat' dir='ltr'><strong>enim</strong></span> <span class='ocrx_word' id='word_1_580' title='bbox 473 5449 730 5502; x_wconf 86' lang='lat' dir='ltr'><strong>datorem</strong></span> <span class='ocrx_word' id='word_1_581' title='bbox 764 5447 936 5515; x_wconf 82' lang='lat' dir='ltr'><strong>diligit</strong></span> <span class='ocrx_word' id='word_1_582' title='bbox 973 5446 1112 5499; x_wconf 87' lang='lat' dir='ltr'><strong>Deus</strong></span> <span class='ocrx_word' id='word_1_583' title='bbox 1141 5444 1224 5514; x_wconf 74' lang='grc' dir='ltr'><strong>(ΙΙ</strong></span> <span class='ocrx_word' id='word_1_584' title='bbox 1255 5444 1379 5498; x_wconf 82' lang='lat' dir='ltr'><strong>Cor.</strong></span> <span class='ocrx_word' id='word_1_585' title='bbox 1411 5461 1464 5498; x_wconf 81' lang='lat' dir='ltr'><strong>ix</strong></span> <span class='ocrx_word' id='word_1_586' title='bbox 1487 5485 1502 5509; x_wconf 94' lang='lat'><strong>,</strong></span> <span class='ocrx_word' id='word_1_587' title='bbox 1533 5446 1608 5515; x_wconf 84' lang='lat'><strong>7).</strong></span> <span class='ocrx_word' id='word_1_588' title='bbox 1647 5464 1666 5498; x_wconf 75' lang='grc' dir='ltr'><strong>ι</strong></span> 
     </span>
    </p>
   </div>
   <div class='ocr_carea' id='block_1_74' title="bbox 90 5527 1671 5609">
    <p class='ocr_par' dir='ltr' id='par_1_74' title="bbox 90 5527 1671 5609">
     <span class='ocr_line' id='line_1_74' title="bbox 90 5527 1671 5609; baseline 0.004 -23"><span class='ocrx_word' id='word_1_589' title='bbox 90 5527 195 5591; x_wconf 73' lang='grc' dir='ltr'><strong>Ι)υὸ</strong></span> <span class='ocrx_word' id='word_1_590' title='bbox 224 5556 354 5606; x_wconf 86' lang='lat' dir='ltr'><strong>nos,</strong></span> <span class='ocrx_word' id='word_1_591' title='bbox 405 5541 674 5609; x_wconf 86' lang='lat' dir='ltr'><strong>inquam,</strong></span> <span class='ocrx_word' id='word_1_592' title='bbox 720 5538 788 5592; x_wconf 92' lang='lat' dir='ltr'><strong>ad</strong></span> <span class='ocrx_word' id='word_1_593' title='bbox 838 5538 1077 5592; x_wconf 61' lang='lat' dir='ltr'><strong>laetitiam</strong></span> <span class='ocrx_word' id='word_1_594' title='bbox 1110 5538 1263 5591; x_wconf 76' lang='lat' dir='ltr'><strong>bonte</strong></span> <span class='ocrx_word' id='word_1_595' title='bbox 1309 5538 1671 5607; x_wconf 79' lang='lat' dir='ltr'><strong>Operationis,</strong></span> 
     </span>
    </p>
   </div>
   <div class='ocr_carea' id='block_1_75' title="bbox 87 5613 1672 5699">
    <p class='ocr_par' dir='ltr' id='par_1_75' title="bbox 87 5613 1672 5699">
     <span class='ocr_line' id='line_1_75' title="bbox 87 5613 1672 5699; baseline -0.001 -15"><span class='ocrx_word' id='word_1_596' title='bbox 87 5613 312 5687; x_wconf 60' lang='lat' dir='ltr'><strong>&quot;nobis</strong></span> <span class='ocrx_word' id='word_1_597' title='bbox 350 5631 616 5687; x_wconf 69' lang='lat' dir='ltr'><strong>laetanter</strong></span> <span class='ocrx_word' id='word_1_598' title='bbox 658 5630 793 5684; x_wconf 90' lang='lat' dir='ltr'><strong>bene</strong></span> <span class='ocrx_word' id='word_1_599' title='bbox 822 5644 916 5699; x_wconf 90' lang='lat' dir='ltr'><strong>per</strong></span> <span class='ocrx_word' id='word_1_600' title='bbox 959 5637 1009 5683; x_wconf 90' lang='lat' dir='ltr'><strong>te</strong></span> <span class='ocrx_word' id='word_1_601' title='bbox 1048 5626 1396 5696; x_wconf 88' lang='lat' dir='ltr'><strong>operantibus</strong></span> <span class='ocrx_word' id='word_1_602' title='bbox 1441 5628 1672 5684; x_wconf 85' lang='lat' dir='ltr'><strong>lauderis</strong></span> 
     </span>
    </p>
   </div>
   <div class='ocr_carea' id='block_1_76' title="bbox 87 5718 1670 5792">
    <p class='ocr_par' dir='ltr' id='par_1_76' title="bbox 87 5718 1670 5792">
     <span class='ocr_line' id='line_1_76' title="bbox 87 5718 1670 5792; baseline 0.006 -19"><span class='ocrx_word' id='word_1_603' title='bbox 87 5718 148 5774; x_wconf 83' lang='lat' dir='ltr'><strong>ab</strong></span> <span class='ocrx_word' id='word_1_604' title='bbox 175 5723 291 5778; x_wconf 79' lang='lat' dir='ltr'><strong>aliis</strong></span> <span class='ocrx_word' id='word_1_605' title='bbox 319 5742 444 5778; x_wconf 85' lang='lat' dir='ltr'><strong>cum</strong></span> <span class='ocrx_word' id='word_1_606' title='bbox 473 5724 788 5780; x_wconf 63' lang='lat' dir='ltr'><strong>haereditate</strong></span> <span class='ocrx_word' id='word_1_607' title='bbox 811 5734 924 5791; x_wconf 87' lang='lat' dir='ltr'><strong>tua,</strong></span> <span class='ocrx_word' id='word_1_608' title='bbox 959 5723 1234 5780; x_wconf 86' lang='lat' dir='ltr'><strong>nobiscum</strong></span> <span class='ocrx_word' id='word_1_609' title='bbox 1264 5724 1489 5780; x_wconf 88' lang='lat' dir='ltr'><strong>scilicet.</strong></span> <span class='ocrx_word' id='word_1_610' title='bbox 1513 5725 1670 5792; x_wconf 85' lang='lat' dir='ltr'><strong>Quod</strong></span> 
     </span>
    </p>
   </div>
   <div class='ocr_carea' id='block_1_77' title="bbox 1760 1863 3344 1954">
    <p class='ocr_par' dir='ltr' id='par_1_77' title="bbox 1760 1863 3344 1954">
     <span class='ocr_line' id='line_1_77' title="bbox 1760 1863 3344 1954; baseline 0 -24"><span class='ocrx_word' id='word_1_611' title='bbox 1760 1863 2021 1932; x_wconf 78' lang='lat' dir='ltr'><strong>mirabilia</strong></span> <span class='ocrx_word' id='word_1_612' title='bbox 2040 1894 2157 1946; x_wconf 75' lang='lat' dir='ltr'><strong>qum</strong></span> <span class='ocrx_word' id='word_1_613' title='bbox 2174 1893 2271 1947; x_wconf 91' lang='lat' dir='ltr'><strong>pro</strong></span> <span class='ocrx_word' id='word_1_614' title='bbox 2287 1879 2365 1932; x_wconf 94' lang='lat' dir='ltr'><strong>eis</strong></span> <span class='ocrx_word' id='word_1_615' title='bbox 2378 1888 2632 1948; x_wconf 86' lang='lat' dir='ltr'><strong>operatus</strong></span> <span class='ocrx_word' id='word_1_616' title='bbox 2645 1887 2781 1941; x_wconf 88' lang='lat' dir='ltr'><strong>es,ut</strong></span> <span class='ocrx_word' id='word_1_617' title='bbox 2800 1893 2982 1930; x_wconf 88' lang='lat' dir='ltr'><strong>eorum</strong></span> <span class='ocrx_word' id='word_1_618' title='bbox 2999 1877 3344 1954; x_wconf 77' lang='lat' dir='ltr'><strong>mirabilium</strong></span> 
     </span>
    </p>
   </div>
   <div class='ocr_carea' id='block_1_78' title="bbox 1758 1967 3336 2022">
    <p class='ocr_par' dir='ltr' id='par_1_78' title="bbox 1758 1967 3336 2022">
     <span class='ocr_line' id='line_1_78' title="bbox 1758 1967 3336 2022; baseline -0.001 -1"><span class='ocrx_word' id='word_1_619' title='bbox 1758 1968 1998 2021; x_wconf 88' lang='lat' dir='ltr'><strong>contuitu</strong></span> <span class='ocrx_word' id='word_1_620' title='bbox 2018 1967 2111 2020; x_wconf 88' lang='lat' dir='ltr'><strong>tibi</strong></span> <span class='ocrx_word' id='word_1_621' title='bbox 2135 1976 2314 2021; x_wconf 87' lang='lat' dir='ltr'><strong>essent</strong></span> <span class='ocrx_word' id='word_1_622' title='bbox 2335 1969 2618 2022; x_wconf 89' lang='lat' dir='ltr'><strong>credentes</strong></span> <span class='ocrx_word' id='word_1_623' title='bbox 2645 1976 2698 2022; x_wconf 92' lang='lat' dir='ltr'><strong>et</strong></span> <span class='ocrx_word' id='word_1_624' title='bbox 2727 1967 3058 2022; x_wconf 89' lang='lat' dir='ltr'><strong>obedientes.</strong></span> <span class='ocrx_word' id='word_1_625' title='bbox 3087 1967 3215 2022; x_wconf 89' lang='lat' dir='ltr'><strong>Dico</strong></span> <span class='ocrx_word' id='word_1_626' title='bbox 3232 1983 3336 2021; x_wconf 87' lang='lat' dir='ltr'><strong>non</strong></span> 
     </span>
    </p>
   </div>
   <div class='ocr_carea' id='block_1_79' title="bbox 1760 2056 3334 2126">
    <p class='ocr_par' dir='ltr' id='par_1_79' title="bbox 1760 2056 3334 2126">
     <span class='ocr_line' id='line_1_79' title="bbox 1760 2056 3334 2126; baseline 0 -16"><span class='ocrx_word' id='word_1_627' title='bbox 1760 2056 2143 2122; x_wconf 67' lang='lat' dir='ltr'><strong>intellexerant,</strong></span> <span class='ocrx_word' id='word_1_628' title='bbox 2158 2065 2210 2110; x_wconf 90' lang='lat' dir='ltr'><strong>et</strong></span> <span class='ocrx_word' id='word_1_629' title='bbox 2227 2057 2269 2110; x_wconf 89' lang='lat' dir='ltr'><strong>si</strong></span> <span class='ocrx_word' id='word_1_630' title='bbox 2287 2057 2350 2111; x_wconf 82' lang='lat' dir='ltr'><strong>ad</strong></span> <span class='ocrx_word' id='word_1_631' title='bbox 2367 2066 2573 2126; x_wconf 86' lang='lat' dir='ltr'><strong>tempus</strong></span> <span class='ocrx_word' id='word_1_632' title='bbox 2587 2057 2986 2122; x_wconf 79' lang='lat' dir='ltr'><strong>intellexerunt,</strong></span> <span class='ocrx_word' id='word_1_633' title='bbox 3005 2072 3106 2111; x_wconf 88' lang='lat' dir='ltr'><strong>non</strong></span> <span class='ocrx_word' id='word_1_634' title='bbox 3120 2057 3334 2126; x_wconf 81' lang='lat' dir='ltr'><strong>[uerunt</strong></span> 
     </span>
    </p>
   </div>
   <div class='ocr_carea' id='block_1_80' title="bbox 1760 2147 3340 2210">
    <p class='ocr_par' dir='ltr' id='par_1_80' title="bbox 1760 2147 3340 2210">
     <span class='ocr_line' id='line_1_80' title="bbox 1760 2147 3340 2210; baseline -0.002 -6"><span class='ocrx_word' id='word_1_635' title='bbox 1760 2149 1848 2204; x_wconf 90' lang='lat' dir='ltr'><strong>diu</strong></span> <span class='ocrx_word' id='word_1_636' title='bbox 1866 2165 2114 2202; x_wconf 82' lang='lat' dir='ltr'><strong>memores</strong></span> <span class='ocrx_word' id='word_1_637' title='bbox 2129 2147 2478 2201; x_wconf 76' lang='lat' dir='ltr'><strong>multitudinis</strong></span> <span class='ocrx_word' id='word_1_638' title='bbox 2499 2149 2871 2202; x_wconf 74' lang='lat' dir='ltr'><strong>misericordim</strong></span> <span class='ocrx_word' id='word_1_639' title='bbox 2893 2147 3018 2210; x_wconf 69' lang='lat' dir='ltr'><strong>tate,</strong></span> <span class='ocrx_word' id='word_1_640' title='bbox 3039 2149 3089 2202; x_wconf 91' lang='lat' dir='ltr'><strong>id</strong></span> <span class='ocrx_word' id='word_1_641' title='bbox 3105 2157 3186 2202; x_wconf 85' lang='lat' dir='ltr'><strong>est</strong></span> <span class='ocrx_word' id='word_1_642' title='bbox 3203 2149 3340 2202; x_wconf 89' lang='lat' dir='ltr'><strong>mul-</strong></span> 
     </span>
    </p>
   </div>
   <div class='ocr_carea' id='block_1_81' title="bbox 1763 2237 3340 2310">
    <p class='ocr_par' dir='ltr' id='par_1_81' title="bbox 1763 2237 3340 2310">
     <span class='ocr_line' id='line_1_81' title="bbox 1763 2237 3340 2310; baseline -0.001 -18"><span class='ocrx_word' id='word_1_643' title='bbox 1763 2248 1938 2294; x_wconf 92' lang='lat' dir='ltr'><strong>torum</strong></span> <span class='ocrx_word' id='word_1_644' title='bbox 1970 2237 2296 2293; x_wconf 89' lang='lat' dir='ltr'><strong>mirabilium</strong></span> <span class='ocrx_word' id='word_1_645' title='bbox 2327 2239 2744 2307; x_wconf 77' lang='lat' dir='ltr'><strong>beneficiorum,</strong></span> <span class='ocrx_word' id='word_1_646' title='bbox 2772 2254 2895 2310; x_wconf 76' lang='lat' dir='ltr'><strong>qua:</strong></span> <span class='ocrx_word' id='word_1_647' title='bbox 2921 2255 3018 2309; x_wconf 86' lang='lat' dir='ltr'><strong>per</strong></span> <span class='ocrx_word' id='word_1_648' title='bbox 3043 2239 3209 2294; x_wconf 88' lang='lat' dir='ltr'><strong>solam</strong></span> <span class='ocrx_word' id='word_1_649' title='bbox 3239 2241 3340 2294; x_wconf 82' lang='lat' dir='ltr'><strong>ini-</strong></span> 
     </span>
    </p>
   </div>
   <div class='ocr_carea' id='block_1_82' title="bbox 1759 2332 2559 2388">
    <p class='ocr_par' dir='ltr' id='par_1_82' title="bbox 1759 2332 2559 2388">
     <span class='ocr_line' id='line_1_82' title="bbox 1759 2332 2559 2388; baseline -0.003 -1"><span class='ocrx_word' id='word_1_650' title='bbox 1759 2333 2111 2387; x_wconf 87' lang='lat' dir='ltr'><strong>sericordiam</strong></span> <span class='ocrx_word' id='word_1_651' title='bbox 2155 2333 2234 2386; x_wconf 84' lang='lat' dir='ltr'><strong>eis</strong></span> <span class='ocrx_word' id='word_1_652' title='bbox 2265 2332 2559 2388; x_wconf 90' lang='lat' dir='ltr'><strong>contulisti.</strong></span> 
     </span>
    </p>
   </div>
   <div class='ocr_carea' id='block_1_83' title="bbox 1831 2423 3340 2496">
    <p class='ocr_par' dir='ltr' id='par_1_83' title="bbox 1831 2423 3340 2496">
     <span class='ocr_line' id='line_1_83' title="bbox 1831 2423 3340 2496; baseline 0.002 -18"><span class='ocrx_word' id='word_1_653' title='bbox 1831 2423 2090 2486; x_wconf 87' lang='lat' dir='ltr'><strong>Dicimus,</strong></span> <span class='ocrx_word' id='word_1_654' title='bbox 2125 2439 2157 2479; x_wconf 92' lang='grc' dir='ltr'><strong>ο</strong></span> <span class='ocrx_word' id='word_1_655' title='bbox 2187 2425 2487 2492; x_wconf 88' lang='lat' dir='ltr'><strong>auditores,</strong></span> <span class='ocrx_word' id='word_1_656' title='bbox 2526 2425 2670 2496; x_wconf 88' lang='lat' dir='ltr'><strong>quod</strong></span> <span class='ocrx_word' id='word_1_657' title='bbox 2722 2425 2941 2481; x_wconf 89' lang='lat' dir='ltr'><strong>fuerunt</strong></span> <span class='ocrx_word' id='word_1_658' title='bbox 2992 2427 3340 2482; x_wconf 88' lang='lat' dir='ltr'><strong>immemores</strong></span> 
     </span>
    </p>
   </div>
   <div class='ocr_carea' id='block_1_84' title="bbox 1763 2516 3344 2588">
    <p class='ocr_par' dir='ltr' id='par_1_84' title="bbox 1763 2516 3344 2588">
     <span class='ocr_line' id='line_1_84' title="bbox 1763 2516 3344 2588; baseline 0.003 -18"><span class='ocrx_word' id='word_1_659' title='bbox 1763 2516 2150 2572; x_wconf 82' lang='lat' dir='ltr'><strong>misericordiae</strong></span> <span class='ocrx_word' id='word_1_660' title='bbox 2215 2516 2426 2570; x_wconf 89' lang='lat' dir='ltr'><strong>Domini</strong></span> <span class='ocrx_word' id='word_1_661' title='bbox 2485 2517 2839 2588; x_wconf 88' lang='lat' dir='ltr'><strong>multiplicis,</strong></span> <span class='ocrx_word' id='word_1_662' title='bbox 2891 2528 2944 2573; x_wconf 91' lang='lat' dir='ltr'><strong>ct</strong></span> <span class='ocrx_word' id='word_1_663' title='bbox 2994 2519 3344 2575; x_wconf 84' lang='lat' dir='ltr'><strong>immemores</strong></span> 
     </span>
    </p>
   </div>
   <div class='ocr_carea' id='block_1_85' title="bbox 1761 2610 3345 2684">
    <p class='ocr_par' dir='ltr' id='par_1_85' title="bbox 1761 2610 3345 2684">
     <span class='ocr_line' id='line_1_85' title="bbox 1761 2610 3345 2684; baseline 0 -18"><span class='ocrx_word' id='word_1_664' title='bbox 1761 2610 2076 2677; x_wconf 80' lang='lat' dir='ltr'><strong>existentes,</strong></span> <span class='ocrx_word' id='word_1_665' title='bbox 2104 2611 2480 2678; x_wconf 82' lang='lat' dir='ltr'><strong>irritaverant,</strong></span> <span class='ocrx_word' id='word_1_666' title='bbox 2524 2611 2576 2666; x_wconf 88' lang='lat' dir='ltr'><strong>id</strong></span> <span class='ocrx_word' id='word_1_667' title='bbox 2627 2613 2814 2684; x_wconf 89' lang='lat' dir='ltr'><strong>estad</strong></span> <span class='ocrx_word' id='word_1_668' title='bbox 2841 2612 3174 2667; x_wconf 85' lang='lat' dir='ltr'><strong>iracundiam</strong></span> <span class='ocrx_word' id='word_1_669' title='bbox 3221 2628 3345 2667; x_wconf 91' lang='lat' dir='ltr'><strong>eum</strong></span> 
     </span>
    </p>
   </div>
   <div class='ocr_carea' id='block_1_86' title="bbox 1761 2705 3345 2776">
    <p class='ocr_par' dir='ltr' id='par_1_86' title="bbox 1761 2705 3345 2776">
     <span class='ocr_line' id='line_1_86' title="bbox 1761 2705 3345 2776; baseline 0.002 -19"><span class='ocrx_word' id='word_1_670' title='bbox 1761 2713 2197 2773; x_wconf 88' lang='lat' dir='ltr'><strong>provocavernnt</strong></span> <span class='ocrx_word' id='word_1_671' title='bbox 2225 2705 2587 2769; x_wconf 84' lang='lat' dir='ltr'><strong>ascendentes,</strong></span> <span class='ocrx_word' id='word_1_672' title='bbox 2622 2705 2675 2759; x_wconf 91' lang='lat' dir='ltr'><strong>id</strong></span> <span class='ocrx_word' id='word_1_673' title='bbox 2707 2713 2788 2760; x_wconf 90' lang='lat' dir='ltr'><strong>est</strong></span> <span class='ocrx_word' id='word_1_674' title='bbox 2817 2705 2882 2759; x_wconf 86' lang='lat' dir='ltr'><strong>de</strong></span> <span class='ocrx_word' id='word_1_675' title='bbox 2909 2705 3142 2775; x_wconf 71' lang='lat' dir='ltr'><strong>Aigypto</strong></span> <span class='ocrx_word' id='word_1_676' title='bbox 3189 2721 3345 2776; x_wconf 83' lang='lat' dir='ltr'><strong>egre-</strong></span> 
     </span>
    </p>
   </div>
   <div class='ocr_carea' id='block_1_87' title="bbox 1762 2793 3342 2857">
    <p class='ocr_par' dir='ltr' id='par_1_87' title="bbox 1762 2793 3342 2857">
     <span class='ocr_line' id='line_1_87' title="bbox 1762 2793 3342 2857; baseline -0.001 -10"><span class='ocrx_word' id='word_1_677' title='bbox 1762 2795 2006 2857; x_wconf 90' lang='lat' dir='ltr'><strong>dientes,</strong></span> <span class='ocrx_word' id='word_1_678' title='bbox 2067 2800 2120 2846; x_wconf 92' lang='lat' dir='ltr'><strong>ct</strong></span> <span class='ocrx_word' id='word_1_679' title='bbox 2186 2793 2321 2847; x_wconf 89' lang='lat' dir='ltr'><strong>bene</strong></span> <span class='ocrx_word' id='word_1_680' title='bbox 2397 2793 2529 2846; x_wconf 90' lang='lat' dir='ltr'><strong>dicit</strong></span> <span class='ocrx_word' id='word_1_681' title='bbox 2581 2795 2935 2847; x_wconf 81' lang='lat' dir='ltr'><strong>ascendentes.</strong></span> <span class='ocrx_word' id='word_1_682' title='bbox 3011 2793 3144 2849; x_wconf 89' lang='lat' dir='ltr'><strong>Cum</strong></span> <span class='ocrx_word' id='word_1_683' title='bbox 3199 2797 3342 2849; x_wconf 89' lang='lat' dir='ltr'><strong>cnim</strong></span> 
     </span>
    </p>
   </div>
   <div class='ocr_carea' id='block_1_88' title="bbox 1763 2879 3343 2958">
    <p class='ocr_par' dir='ltr' id='par_1_88' title="bbox 1763 2879 3343 2958">
     <span class='ocr_line' id='line_1_88' title="bbox 1763 2879 3343 2958; baseline -0.001 -21"><span class='ocrx_word' id='word_1_684' title='bbox 1763 2881 2027 2953; x_wconf 65' lang='lat' dir='ltr'><strong>Egyptus</strong></span> <span class='ocrx_word' id='word_1_685' title='bbox 2057 2879 2279 2936; x_wconf 89' lang='lat' dir='ltr'><strong>inferior</strong></span> <span class='ocrx_word' id='word_1_686' title='bbox 2306 2882 2410 2936; x_wconf 90' lang='lat' dir='ltr'><strong>situ</strong></span> <span class='ocrx_word' id='word_1_687' title='bbox 2443 2882 2515 2936; x_wconf 91' lang='lat' dir='ltr'><strong>sit</strong></span> <span class='ocrx_word' id='word_1_688' title='bbox 2559 2883 2810 2938; x_wconf 89' lang='lat' dir='ltr'><strong>omnibus</strong></span> <span class='ocrx_word' id='word_1_689' title='bbox 2842 2883 3001 2958; x_wconf 85' lang='lat' dir='ltr'><strong>terris</strong></span> <span class='ocrx_word' id='word_1_690' title='bbox 3041 2885 3186 2937; x_wconf 90' lang='lat' dir='ltr'><strong>circa</strong></span> <span class='ocrx_word' id='word_1_691' title='bbox 3224 2898 3343 2937; x_wconf 86' lang='lat' dir='ltr'><strong>cum</strong></span> 
     </span>
    </p>
   </div>
   <div class='ocr_carea' id='block_1_89' title="bbox 1765 2971 3344 3045">
    <p class='ocr_par' dir='ltr' id='par_1_89' title="bbox 1765 2971 3344 3045">
     <span class='ocr_line' id='line_1_89' title="bbox 1765 2971 3344 3045; baseline 0.001 -18"><span class='ocrx_word' id='word_1_692' title='bbox 1765 2971 2155 3036; x_wconf 78' lang='lat' dir='ltr'><strong>existentibus,</strong></span> <span class='ocrx_word' id='word_1_693' title='bbox 2190 2971 2366 3026; x_wconf 88' lang='lat' dir='ltr'><strong>nullus</strong></span> <span class='ocrx_word' id='word_1_694' title='bbox 2399 2972 2521 3026; x_wconf 91' lang='lat' dir='ltr'><strong>inde</strong></span> <span class='ocrx_word' id='word_1_695' title='bbox 2558 2981 2734 3042; x_wconf 89' lang='lat' dir='ltr'><strong>potest</strong></span> <span class='ocrx_word' id='word_1_696' title='bbox 2773 2974 2954 3042; x_wconf 86' lang='lat' dir='ltr'><strong>egredi</strong></span> <span class='ocrx_word' id='word_1_697' title='bbox 2988 2982 3138 3044; x_wconf 88' lang='lat' dir='ltr'><strong>parte</strong></span> <span class='ocrx_word' id='word_1_698' title='bbox 3167 2974 3344 3045; x_wconf 83' lang='lat' dir='ltr'><strong>aliqua</strong></span> 
     </span>
    </p>
   </div>
   <div class='ocr_carea' id='block_1_90' title="bbox 1764 3063 3347 3132">
    <p class='ocr_par' dir='ltr' id='par_1_90' title="bbox 1764 3063 3347 3132">
     <span class='ocr_line' id='line_1_90' title="bbox 1764 3063 3347 3132; baseline 0 -16"><span class='ocrx_word' id='word_1_699' title='bbox 1764 3063 1865 3116; x_wconf 89' lang='lat' dir='ltr'><strong>nisi</strong></span> <span class='ocrx_word' id='word_1_700' title='bbox 1895 3078 2014 3116; x_wconf 90' lang='lat' dir='ltr'><strong>cum</strong></span> <span class='ocrx_word' id='word_1_701' title='bbox 2058 3077 2308 3116; x_wconf 90' lang='lat' dir='ltr'><strong>ascensu.</strong></span> <span class='ocrx_word' id='word_1_702' title='bbox 2340 3064 2707 3128; x_wconf 80' lang='lat' dir='ltr'><strong>Asccndentes,</strong></span> <span class='ocrx_word' id='word_1_703' title='bbox 2746 3064 2989 3132; x_wconf 88' lang='lat' dir='ltr'><strong>inquam,</strong></span> <span class='ocrx_word' id='word_1_704' title='bbox 3011 3063 3347 3118; x_wconf 81' lang='lat' dir='ltr'><strong>irritaverant</strong></span> 
     </span>
    </p>
   </div>
   <div class='ocr_carea' id='block_1_91' title="bbox 1765 3157 3347 3225">
    <p class='ocr_par' dir='ltr' id='par_1_91' title="bbox 1765 3157 3347 3225">
     <span class='ocr_line' id='line_1_91' title="bbox 1765 3157 3347 3225; baseline 0.003 -15"><span class='ocrx_word' id='word_1_705' title='bbox 1765 3173 1881 3210; x_wconf 86' lang='lat' dir='ltr'><strong>eam</strong></span> <span class='ocrx_word' id='word_1_706' title='bbox 1904 3198 1918 3222; x_wconf 94' lang='lat'><strong>,</strong></span> <span class='ocrx_word' id='word_1_707' title='bbox 1949 3165 2003 3212; x_wconf 88' lang='lat' dir='ltr'><strong>et</strong></span> <span class='ocrx_word' id='word_1_708' title='bbox 2037 3159 2138 3211; x_wconf 87' lang='lat' dir='ltr'><strong>hoc</strong></span> <span class='ocrx_word' id='word_1_709' title='bbox 2165 3159 2218 3212; x_wconf 87' lang='lat' dir='ltr'><strong>in</strong></span> <span class='ocrx_word' id='word_1_710' title='bbox 2249 3159 2414 3223; x_wconf 87' lang='lat' dir='ltr'><strong>mari,</strong></span> <span class='ocrx_word' id='word_1_711' title='bbox 2451 3160 2583 3212; x_wconf 87' lang='lat' dir='ltr'><strong>mari</strong></span> <span class='ocrx_word' id='word_1_712' title='bbox 2616 3157 2823 3225; x_wconf 82' lang='lat' dir='ltr'><strong>Rubro,</strong></span> <span class='ocrx_word' id='word_1_713' title='bbox 2857 3160 3067 3215; x_wconf 87' lang='lat' dir='ltr'><strong>scilicet</strong></span> <span class='ocrx_word' id='word_1_714' title='bbox 3107 3160 3194 3216; x_wconf 85' lang='lat' dir='ltr'><strong>tibi</strong></span> <span class='ocrx_word' id='word_1_715' title='bbox 3239 3177 3347 3214; x_wconf 85' lang='lat' dir='ltr'><strong>non</strong></span> 
     </span>
    </p>
   </div>
   <div class='ocr_carea' id='block_1_92' title="bbox 1767 3250 3345 3322">
    <p class='ocr_par' dir='ltr' id='par_1_92' title="bbox 1767 3250 3345 3322">
     <span class='ocr_line' id='line_1_92' title="bbox 1767 3250 3345 3322; baseline 0.001 -18"><span class='ocrx_word' id='word_1_716' title='bbox 1767 3259 1908 3304; x_wconf 89' lang='lat' dir='ltr'><strong>esset</strong></span> <span class='ocrx_word' id='word_1_717' title='bbox 1940 3250 2254 3316; x_wconf 89' lang='lat' dir='ltr'><strong>irritandus,</strong></span> <span class='ocrx_word' id='word_1_718' title='bbox 2286 3266 2395 3321; x_wconf 66' lang='lat' dir='ltr'><strong>prae</strong></span> <span class='ocrx_word' id='word_1_719' title='bbox 2442 3251 2725 3306; x_wconf 83' lang='lat' dir='ltr'><strong>nimietate</strong></span> <span class='ocrx_word' id='word_1_720' title='bbox 2769 3253 3015 3322; x_wconf 88' lang='lat' dir='ltr'><strong>periculi.</strong></span> <span class='ocrx_word' id='word_1_721' title='bbox 3051 3252 3184 3308; x_wconf 77' lang='lat' dir='ltr'><strong>Nam</strong></span> <span class='ocrx_word' id='word_1_722' title='bbox 3223 3269 3345 3308; x_wconf 89' lang='lat' dir='ltr'><strong>cum</strong></span> 
     </span>
    </p>
   </div>
   <div class='ocr_carea' id='block_1_93' title="bbox 1766 3337 3345 3409">
    <p class='ocr_par' dir='ltr' id='par_1_93' title="bbox 1766 3337 3345 3409">
     <span class='ocr_line' id='line_1_93' title="bbox 1766 3337 3345 3409; baseline 0.003 -18"><span class='ocrx_word' id='word_1_723' title='bbox 1766 3337 1950 3394; x_wconf 86' lang='lat' dir='ltr'><strong>hostes</strong></span> <span class='ocrx_word' id='word_1_724' title='bbox 2007 3339 2358 3409; x_wconf 87' lang='lat' dir='ltr'><strong>insequentes</strong></span> <span class='ocrx_word' id='word_1_725' title='bbox 2393 3355 2470 3409; x_wconf 84' lang='lat' dir='ltr'><strong>se</strong></span> <span class='ocrx_word' id='word_1_726' title='bbox 2502 3341 2780 3406; x_wconf 88' lang='lat' dir='ltr'><strong>viderent,</strong></span> <span class='ocrx_word' id='word_1_727' title='bbox 2813 3348 2868 3396; x_wconf 89' lang='lat' dir='ltr'><strong>et</strong></span> <span class='ocrx_word' id='word_1_728' title='bbox 2911 3358 3059 3397; x_wconf 84' lang='lat' dir='ltr'><strong>mare</strong></span> <span class='ocrx_word' id='word_1_729' title='bbox 3102 3342 3345 3397; x_wconf 80' lang='lat' dir='ltr'><strong>Rubrum</strong></span> 
     </span>
    </p>
   </div>
   <div class='ocr_carea' id='block_1_94' title="bbox 1768 3435 3352 3506">
    <p class='ocr_par' dir='ltr' id='par_1_94' title="bbox 1768 3435 3352 3506">
     <span class='ocr_line' id='line_1_94' title="bbox 1768 3435 3352 3506; baseline 0.003 -18"><span class='ocrx_word' id='word_1_730' title='bbox 1768 3443 1915 3496; x_wconf 90' lang='lat' dir='ltr'><strong>ante,</strong></span> <span class='ocrx_word' id='word_1_731' title='bbox 1950 3435 2329 3490; x_wconf 85' lang='lat' dir='ltr'><strong>dubitaverunt</strong></span> <span class='ocrx_word' id='word_1_732' title='bbox 2365 3450 2430 3489; x_wconf 90' lang='lat' dir='ltr'><strong>an</strong></span> <span class='ocrx_word' id='word_1_733' title='bbox 2463 3435 2606 3490; x_wconf 89' lang='lat' dir='ltr'><strong>Dens</strong></span> <span class='ocrx_word' id='word_1_734' title='bbox 2644 3445 2827 3506; x_wconf 84' lang='lat' dir='ltr'><strong>posset</strong></span> <span class='ocrx_word' id='word_1_735' title='bbox 2867 3451 2962 3491; x_wconf 90' lang='lat' dir='ltr'><strong>eos</strong></span> <span class='ocrx_word' id='word_1_736' title='bbox 2994 3437 3227 3492; x_wconf 88' lang='lat' dir='ltr'><strong>liberare</strong></span> <span class='ocrx_word' id='word_1_737' title='bbox 3249 3479 3262 3500; x_wconf 91' lang='lat'><strong>,</strong></span> <span class='ocrx_word' id='word_1_738' title='bbox 3295 3450 3352 3492; x_wconf 84' lang='lat' dir='ltr'><strong>et</strong></span> 
     </span>
    </p>
   </div>
   <div class='ocr_carea' id='block_1_95' title="bbox 1769 3523 3353 3595">
    <p class='ocr_par' dir='ltr' id='par_1_95' title="bbox 1769 3523 3353 3595">
     <span class='ocr_line' id='line_1_95' title="bbox 1769 3523 3353 3595; baseline 0 -17"><span class='ocrx_word' id='word_1_739' title='bbox 1769 3523 1849 3579; x_wconf 87' lang='lat' dir='ltr'><strong>sic</strong></span> <span class='ocrx_word' id='word_1_740' title='bbox 1905 3538 2028 3578; x_wconf 89' lang='lat' dir='ltr'><strong>eum</strong></span> <span class='ocrx_word' id='word_1_741' title='bbox 2087 3524 2463 3578; x_wconf 82' lang='lat' dir='ltr'><strong>irritaverant.</strong></span> <span class='ocrx_word' id='word_1_742' title='bbox 2522 3525 2618 3580; x_wconf 78' lang='lat' dir='ltr'><strong>Vel</strong></span> <span class='ocrx_word' id='word_1_743' title='bbox 2675 3526 2794 3582; x_wconf 89' lang='lat' dir='ltr'><strong>sic:</strong></span> <span class='ocrx_word' id='word_1_744' title='bbox 2833 3525 3200 3595; x_wconf 86' lang='lat' dir='ltr'><strong>Irritaverant_</strong></span> <span class='ocrx_word' id='word_1_745' title='bbox 3232 3544 3353 3580; x_wconf 88' lang='lat' dir='ltr'><strong>eum</strong></span> 
     </span>
    </p>
   </div>
   <div class='ocr_carea' id='block_1_96' title="bbox 1769 3616 3351 3690">
    <p class='ocr_par' dir='ltr' id='par_1_96' title="bbox 1769 3616 3351 3690">
     <span class='ocr_line' id='line_1_96' title="bbox 1769 3616 3351 3690; baseline 0.004 -22"><span class='ocrx_word' id='word_1_746' title='bbox 1769 3616 2103 3670; x_wconf 83' lang='lat' dir='ltr'><strong>ascendentes</strong></span> <span class='ocrx_word' id='word_1_747' title='bbox 2148 3616 2214 3670; x_wconf 91' lang='lat' dir='ltr'><strong>de</strong></span> <span class='ocrx_word' id='word_1_748' title='bbox 2263 3616 2494 3688; x_wconf 59' lang='lat' dir='ltr'><strong>Egypto</strong></span> <span class='ocrx_word' id='word_1_749' title='bbox 2542 3618 2596 3671; x_wconf 85' lang='lat' dir='ltr'><strong>in</strong></span> <span class='ocrx_word' id='word_1_750' title='bbox 2641 3635 2819 3683; x_wconf 88' lang='lat' dir='ltr'><strong>mare,</strong></span> <span class='ocrx_word' id='word_1_751' title='bbox 2864 3634 3048 3685; x_wconf 88' lang='lat' dir='ltr'><strong>mare,</strong></span> <span class='ocrx_word' id='word_1_752' title='bbox 3095 3621 3351 3690; x_wconf 87' lang='lat' dir='ltr'><strong>inquam,</strong></span> 
     </span>
    </p>
   </div>
   <div class='ocr_carea' id='block_1_97' title="bbox 1771 3707 3354 3785">
    <p class='ocr_par' dir='ltr' id='par_1_97' title="bbox 1771 3707 3354 3785">
     <span class='ocr_line' id='line_1_97' title="bbox 1771 3707 3354 3785; baseline 0.006 -25"><span class='ocrx_word' id='word_1_753' title='bbox 1771 3707 2034 3762; x_wconf 82' lang='lat' dir='ltr'><strong>Rubrum.</strong></span> <span class='ocrx_word' id='word_1_754' title='bbox 2069 3708 2214 3764; x_wconf 82' lang='lat' dir='ltr'><strong>Mare</strong></span> <span class='ocrx_word' id='word_1_755' title='bbox 2250 3710 2449 3779; x_wconf 89' lang='lat' dir='ltr'><strong>quippe</strong></span> <span class='ocrx_word' id='word_1_756' title='bbox 2482 3709 2724 3765; x_wconf 81' lang='lat' dir='ltr'><strong>Rubrum</strong></span> <span class='ocrx_word' id='word_1_757' title='bbox 2767 3711 2929 3767; x_wconf 86' lang='lat' dir='ltr'><strong>altius</strong></span> <span class='ocrx_word' id='word_1_758' title='bbox 2959 3723 3044 3768; x_wconf 89' lang='lat' dir='ltr'><strong>est</strong></span> <span class='ocrx_word' id='word_1_759' title='bbox 3087 3713 3354 3785; x_wconf 62' lang='lat' dir='ltr'><strong>JEgyptO,</strong></span> 
     </span>
    </p>
   </div>
   <div class='ocr_carea' id='block_1_98' title="bbox 1769 3799 3350 3868">
    <p class='ocr_par' dir='ltr' id='par_1_98' title="bbox 1769 3799 3350 3868">
     <span class='ocr_line' id='line_1_98' title="bbox 1769 3799 3350 3868; baseline 0.001 -15"><span class='ocrx_word' id='word_1_760' title='bbox 1769 3801 1910 3854; x_wconf 90' lang='lat' dir='ltr'><strong>sicut</strong></span> <span class='ocrx_word' id='word_1_761' title='bbox 1948 3808 2001 3852; x_wconf 91' lang='lat' dir='ltr'><strong>et</strong></span> <span class='ocrx_word' id='word_1_762' title='bbox 2032 3808 2174 3852; x_wconf 88' lang='lat' dir='ltr'><strong>terra</strong></span> <span class='ocrx_word' id='word_1_763' title='bbox 2207 3799 2263 3851; x_wconf 89' lang='lat' dir='ltr'><strong>in</strong></span> <span class='ocrx_word' id='word_1_764' title='bbox 2291 3815 2394 3868; x_wconf 91' lang='lat' dir='ltr'><strong>qua</strong></span> <span class='ocrx_word' id='word_1_765' title='bbox 2425 3809 2527 3855; x_wconf 90' lang='lat' dir='ltr'><strong>est.</strong></span> <span class='ocrx_word' id='word_1_766' title='bbox 2563 3800 2655 3856; x_wconf 89' lang='lat' dir='ltr'><strong>Vel</strong></span> <span class='ocrx_word' id='word_1_767' title='bbox 2687 3801 2799 3855; x_wconf 89' lang='lat' dir='ltr'><strong>sic:</strong></span> <span class='ocrx_word' id='word_1_768' title='bbox 2849 3801 3196 3858; x_wconf 80' lang='lat' dir='ltr'><strong>lrritaverunt</strong></span> <span class='ocrx_word' id='word_1_769' title='bbox 3233 3821 3350 3856; x_wconf 88' lang='lat' dir='ltr'><strong>eum</strong></span> 
     </span>
    </p>
   </div>
   <div class='ocr_carea' id='block_1_99' title="bbox 1771 3891 3352 3955">
    <p class='ocr_par' dir='ltr' id='par_1_99' title="bbox 1771 3891 3352 3955">
     <span class='ocr_line' id='line_1_99' title="bbox 1771 3891 3352 3955; baseline 0.003 -10"><span class='ocrx_word' id='word_1_770' title='bbox 1771 3892 2101 3946; x_wconf 83' lang='lat' dir='ltr'><strong>ascendentes</strong></span> <span class='ocrx_word' id='word_1_771' title='bbox 2149 3891 2202 3942; x_wconf 87' lang='lat' dir='ltr'><strong>in</strong></span> <span class='ocrx_word' id='word_1_772' title='bbox 2243 3891 2419 3955; x_wconf 89' lang='lat' dir='ltr'><strong>mari,</strong></span> <span class='ocrx_word' id='word_1_773' title='bbox 2469 3893 2604 3944; x_wconf 87' lang='lat' dir='ltr'><strong>mari</strong></span> <span class='ocrx_word' id='word_1_774' title='bbox 2665 3893 2872 3949; x_wconf 86' lang='lat' dir='ltr'><strong>scilicet</strong></span> <span class='ocrx_word' id='word_1_775' title='bbox 2925 3894 3108 3951; x_wconf 82' lang='lat' dir='ltr'><strong>Rubro</strong></span> <span class='ocrx_word' id='word_1_776' title='bbox 3163 3896 3352 3951; x_wconf 81' lang='lat' dir='ltr'><strong>formi-</strong></span> 
     </span>
    </p>
   </div>
   <div class='ocr_carea' id='block_1_100' title="bbox 1772 3979 3352 4055">
    <p class='ocr_par' dir='ltr' id='par_1_100' title="bbox 1772 3979 3352 4055">
     <span class='ocr_line' id='line_1_100' title="bbox 1772 3979 3352 4055; baseline 0.004 -21"><span class='ocrx_word' id='word_1_777' title='bbox 1772 3982 1915 4035; x_wconf 85' lang='lat' dir='ltr'><strong>dato.</strong></span> <span class='ocrx_word' id='word_1_778' title='bbox 1961 3981 2090 4035; x_wconf 82' lang='lat' dir='ltr'><strong>Mari</strong></span> <span class='ocrx_word' id='word_1_779' title='bbox 2145 3979 2332 4034; x_wconf 80' lang='lat' dir='ltr'><strong>Rubro</strong></span> <span class='ocrx_word' id='word_1_780' title='bbox 2383 3981 2766 4038; x_wconf 85' lang='lat' dir='ltr'><strong>determinatio</strong></span> <span class='ocrx_word' id='word_1_781' title='bbox 2817 3993 2898 4038; x_wconf 88' lang='lat' dir='ltr'><strong>est</strong></span> <span class='ocrx_word' id='word_1_782' title='bbox 2955 3986 3190 4055; x_wconf 86' lang='lat' dir='ltr'><strong>qualiter</strong></span> <span class='ocrx_word' id='word_1_783' title='bbox 3231 4003 3352 4040; x_wconf 82' lang='lat' dir='ltr'><strong>eum</strong></span> 
     </span>
    </p>
   </div>
   <div class='ocr_carea' id='block_1_101' title="bbox 1771 4073 3352 4142">
    <p class='ocr_par' dir='ltr' id='par_1_101' title="bbox 1771 4073 3352 4142">
     <span class='ocr_line' id='line_1_101' title="bbox 1771 4073 3352 4142; baseline 0.004 -16"><span class='ocrx_word' id='word_1_784' title='bbox 1771 4073 2143 4137; x_wconf 82' lang='lat' dir='ltr'><strong>irritaverant,</strong></span> <span class='ocrx_word' id='word_1_785' title='bbox 2185 4081 2239 4127; x_wconf 90' lang='lat' dir='ltr'><strong>et</strong></span> <span class='ocrx_word' id='word_1_786' title='bbox 2288 4073 2539 4142; x_wconf 88' lang='lat' dir='ltr'><strong>quamvis</strong></span> <span class='ocrx_word' id='word_1_787' title='bbox 2597 4089 2720 4129; x_wconf 91' lang='lat' dir='ltr'><strong>cum</strong></span> <span class='ocrx_word' id='word_1_788' title='bbox 2773 4077 3119 4142; x_wconf 87' lang='lat' dir='ltr'><strong>irritassent,</strong></span> <span class='ocrx_word' id='word_1_789' title='bbox 3175 4089 3352 4133; x_wconf 88' lang='lat' dir='ltr'><strong>tamen</strong></span> 
     </span>
    </p>
   </div>
   <div class='ocr_carea' id='block_1_102' title="bbox 1771 4164 3354 4236">
    <p class='ocr_par' dir='ltr' id='par_1_102' title="bbox 1771 4164 3354 4236">
     <span class='ocr_line' id='line_1_102' title="bbox 1771 4164 3354 4236; baseline 0.004 -18"><span class='ocrx_word' id='word_1_790' title='bbox 1771 4164 1985 4219; x_wconf 79' lang='lat' dir='ltr'><strong>saluauit</strong></span> <span class='ocrx_word' id='word_1_791' title='bbox 2037 4173 2251 4232; x_wconf 24' lang='lat' dir='ltr'><strong>eos,.et</strong></span> <span class='ocrx_word' id='word_1_792' title='bbox 2303 4181 2409 4219; x_wconf 92' lang='lat' dir='ltr'><strong>non</strong></span> <span class='ocrx_word' id='word_1_793' title='bbox 2457 4177 2674 4236; x_wconf 86' lang='lat' dir='ltr'><strong>propter</strong></span> <span class='ocrx_word' id='word_1_794' title='bbox 2725 4169 2919 4222; x_wconf 89' lang='lat' dir='ltr'><strong>merita</strong></span> <span class='ocrx_word' id='word_1_795' title='bbox 2977 4183 3165 4224; x_wconf 87' lang='lat' dir='ltr'><strong>eorum</strong></span> <span class='ocrx_word' id='word_1_796' title='bbox 3191 4177 3220 4234; x_wconf 81' lang='lat'><strong>,‘</strong></span> <span class='ocrx_word' id='word_1_797' title='bbox 3259 4173 3354 4225; x_wconf 88' lang='lat' dir='ltr'><strong>sed</strong></span> 
     </span>
    </p>
   </div>
   <div class='ocr_carea' id='block_1_103' title="bbox 1772 4257 3355 4327">
    <p class='ocr_par' dir='ltr' id='par_1_103' title="bbox 1772 4257 3355 4327">
     <span class='ocr_line' id='line_1_103' title="bbox 1772 4257 3355 4327; baseline 0.007 -23"><span class='ocrx_word' id='word_1_798' title='bbox 1772 4267 1979 4323; x_wconf 82' lang='lat' dir='ltr'><strong>propter</strong></span> <span class='ocrx_word' id='word_1_799' title='bbox 2008 4270 2191 4308; x_wconf 88' lang='lat' dir='ltr'><strong>nomen</strong></span> <span class='ocrx_word' id='word_1_800' title='bbox 2225 4272 2380 4308; x_wconf 82' lang='lat' dir='ltr'><strong>suam</strong></span> <span class='ocrx_word' id='word_1_801' title='bbox 2414 4257 2844 4326; x_wconf 78' lang='lat' dir='ltr'><strong>gloriﬁcandum,</strong></span> <span class='ocrx_word' id='word_1_802' title='bbox 2875 4269 2930 4310; x_wconf 88' lang='lat' dir='ltr'><strong>at</strong></span> <span class='ocrx_word' id='word_1_803' title='bbox 2962 4273 3057 4327; x_wconf 89' lang='lat' dir='ltr'><strong>per</strong></span> <span class='ocrx_word' id='word_1_804' title='bbox 3087 4261 3186 4314; x_wconf 90' lang='lat' dir='ltr'><strong>hoc</strong></span> <span class='ocrx_word' id='word_1_805' title='bbox 3211 4260 3355 4315; x_wconf 90' lang='lat' dir='ltr'><strong>scili-</strong></span> 
     </span>
    </p>
   </div>
   <div class='ocr_carea' id='block_1_104' title="bbox 1772 4347 3358 4417">
    <p class='ocr_par' dir='ltr' id='par_1_104' title="bbox 1772 4347 3358 4417">
     <span class='ocr_line' id='line_1_104' title="bbox 1772 4347 3358 4417; baseline 0.003 -18"><span class='ocrx_word' id='word_1_806' title='bbox 1772 4356 1859 4399; x_wconf 88' lang='lat' dir='ltr'><strong>cet</strong></span> <span class='ocrx_word' id='word_1_807' title='bbox 1891 4354 2066 4398; x_wconf 88' lang='lat' dir='ltr'><strong>notam</strong></span> <span class='ocrx_word' id='word_1_808' title='bbox 2107 4347 2300 4414; x_wconf 73' lang='lat' dir='ltr'><strong>faceret</strong></span> <span class='ocrx_word' id='word_1_809' title='bbox 2345 4349 2578 4416; x_wconf 80' lang='lat' dir='ltr'><strong>posteris</strong></span> <span class='ocrx_word' id='word_1_810' title='bbox 2614 4351 2899 4417; x_wconf 86' lang='lat' dir='ltr'><strong>potentiam</strong></span> <span class='ocrx_word' id='word_1_811' title='bbox 2951 4366 3134 4417; x_wconf 73' lang='lat' dir='ltr'><strong>suam,</strong></span> <span class='ocrx_word' id='word_1_812' title='bbox 3182 4351 3358 4406; x_wconf 70' lang='lat' dir='ltr'><strong>itl&#39;cs&#39;.</strong></span> 
     </span>
    </p>
   </div>
   <div class='ocr_carea' id='block_1_105' title="bbox 1777 4440 3357 4510">
    <p class='ocr_par' dir='ltr' id='par_1_105' title="bbox 1777 4440 3357 4510">
     <span class='ocr_line' id='line_1_105' title="bbox 1777 4440 3357 4510; baseline 0.004 -18"><span class='ocrx_word' id='word_1_813' title='bbox 1777 4453 1833 4493; x_wconf 87' lang='lat' dir='ltr'><strong>se</strong></span> <span class='ocrx_word' id='word_1_814' title='bbox 1861 4446 2129 4507; x_wconf 89' lang='lat' dir='ltr'><strong>potentem</strong></span> <span class='ocrx_word' id='word_1_815' title='bbox 2163 4455 2314 4506; x_wconf 90' lang='lat' dir='ltr'><strong>esse,</strong></span> <span class='ocrx_word' id='word_1_816' title='bbox 2351 4451 2407 4496; x_wconf 93' lang='lat' dir='ltr'><strong>ct</strong></span> <span class='ocrx_word' id='word_1_817' title='bbox 2437 4442 2539 4496; x_wconf 88' lang='lat' dir='ltr'><strong>hoc</strong></span> <span class='ocrx_word' id='word_1_818' title='bbox 2585 4441 2744 4504; x_wconf 86' lang='lat' dir='ltr'><strong>modo</strong></span> <span class='ocrx_word' id='word_1_819' title='bbox 2776 4457 2970 4496; x_wconf 92' lang='lat' dir='ltr'><strong>nomen</strong></span> <span class='ocrx_word' id='word_1_820' title='bbox 3003 4440 3119 4510; x_wconf 87' lang='lat' dir='ltr'><strong>ejus</strong></span> <span class='ocrx_word' id='word_1_821' title='bbox 3165 4443 3233 4497; x_wconf 84' lang='lat' dir='ltr'><strong>ab</strong></span> <span class='ocrx_word' id='word_1_822' title='bbox 3276 4445 3357 4498; x_wconf 86' lang='lat' dir='ltr'><strong>eis</strong></span> 
     </span>
    </p>
   </div>
   <div class='ocr_carea' id='block_1_106' title="bbox 1777 4529 3358 4601">
    <p class='ocr_par' dir='ltr' id='par_1_106' title="bbox 1777 4529 3358 4601">
     <span class='ocr_line' id='line_1_106' title="bbox 1777 4529 3358 4601; baseline 0.005 -20"><span class='ocrx_word' id='word_1_823' title='bbox 1777 4529 2190 4599; x_wconf 82' lang='lat' dir='ltr'><strong>glorificaretur.</strong></span> <span class='ocrx_word' id='word_1_824' title='bbox 2247 4532 2374 4586; x_wconf 91' lang='lat' dir='ltr'><strong>Dico</strong></span> <span class='ocrx_word' id='word_1_825' title='bbox 2412 4531 2668 4601; x_wconf 90' lang='lat' dir='ltr'><strong>quoniam</strong></span> <span class='ocrx_word' id='word_1_826' title='bbox 2717 4545 2810 4586; x_wconf 90' lang='lat' dir='ltr'><strong>eos</strong></span> <span class='ocrx_word' id='word_1_827' title='bbox 2861 4531 3120 4597; x_wconf 86' lang='lat' dir='ltr'><strong>salvavit,</strong></span> <span class='ocrx_word' id='word_1_828' title='bbox 3157 4543 3203 4586; x_wconf 89' lang='lat' dir='ltr'><strong>et</strong></span> <span class='ocrx_word' id='word_1_829' title='bbox 3253 4535 3358 4590; x_wconf 87' lang='lat' dir='ltr'><strong>hoc</strong></span> 
     </span>
    </p>
   </div>
   <div class='ocr_carea' id='block_1_107' title="bbox 1776 4623 3356 4698">
    <p class='ocr_par' dir='ltr' id='par_1_107' title="bbox 1776 4623 3356 4698">
     <span class='ocr_line' id='line_1_107' title="bbox 1776 4623 3356 4698; baseline 0.004 -22"><span class='ocrx_word' id='word_1_830' title='bbox 1776 4623 1934 4677; x_wconf 89' lang='lat' dir='ltr'><strong>modo</strong></span> <span class='ocrx_word' id='word_1_831' title='bbox 1964 4625 2178 4692; x_wconf 89' lang='lat' dir='ltr'><strong>quidem</strong></span> <span class='ocrx_word' id='word_1_832' title='bbox 2209 4624 2437 4680; x_wconf 88' lang='lat' dir='ltr'><strong>salvavit</strong></span> <span class='ocrx_word' id='word_1_833' title='bbox 2458 4675 2470 4689; x_wconf 86' lang='lat'><strong>,</strong></span> <span class='ocrx_word' id='word_1_834' title='bbox 2504 4625 2760 4696; x_wconf 82' lang='lat' dir='ltr'><strong>increpuit</strong></span> <span class='ocrx_word' id='word_1_835' title='bbox 2799 4625 2966 4679; x_wconf 89' lang='lat' dir='ltr'><strong>tacito</strong></span> <span class='ocrx_word' id='word_1_836' title='bbox 3006 4627 3232 4696; x_wconf 90' lang='lat' dir='ltr'><strong>imperio</strong></span> <span class='ocrx_word' id='word_1_837' title='bbox 3259 4643 3356 4698; x_wconf 86' lang='lat' dir='ltr'><strong>po-</strong></span> 
     </span>
    </p>
   </div>
   <div class='ocr_carea' id='block_1_108' title="bbox 1778 4715 3359 4793">
    <p class='ocr_par' dir='ltr' id='par_1_108' title="bbox 1778 4715 3359 4793">
     <span class='ocr_line' id='line_1_108' title="bbox 1778 4715 3359 4793; baseline 0.002 -23"><span class='ocrx_word' id='word_1_838' title='bbox 1778 4715 1957 4770; x_wconf 68' lang='lat' dir='ltr'><strong>lentia:</strong></span> <span class='ocrx_word' id='word_1_839' title='bbox 2011 4733 2124 4772; x_wconf 73' lang='lat' dir='ltr'><strong>sua:</strong></span> <span class='ocrx_word' id='word_1_840' title='bbox 2172 4735 2314 4773; x_wconf 86' lang='lat' dir='ltr'><strong>mare</strong></span> <span class='ocrx_word' id='word_1_841' title='bbox 2365 4718 2633 4784; x_wconf 81' lang='lat' dir='ltr'><strong>Rubrum,</strong></span> <span class='ocrx_word' id='word_1_842' title='bbox 2687 4734 2755 4776; x_wconf 88' lang='lat' dir='ltr'><strong>ne</strong></span> <span class='ocrx_word' id='word_1_843' title='bbox 2803 4735 2896 4777; x_wconf 85' lang='lat' dir='ltr'><strong>cos</strong></span> <span class='ocrx_word' id='word_1_844' title='bbox 2943 4718 3264 4793; x_wconf 72' lang='lat' dir='ltr'><strong>impediret,</strong></span> <span class='ocrx_word' id='word_1_845' title='bbox 3309 4730 3359 4774; x_wconf 83' lang='lat' dir='ltr'><strong>et</strong></span> 
     </span>
    </p>
   </div>
   <div class='ocr_carea' id='block_1_109' title="bbox 1775 4807 3356 4884">
    <p class='ocr_par' dir='ltr' id='par_1_109' title="bbox 1775 4807 3356 4884">
     <span class='ocr_line' id='line_1_109' title="bbox 1775 4807 3356 4884; baseline 0.004 -22"><span class='ocrx_word' id='word_1_846' title='bbox 1775 4822 1872 4876; x_wconf 87' lang='lat' dir='ltr'><strong>per</strong></span> <span class='ocrx_word' id='word_1_847' title='bbox 1898 4807 1998 4862; x_wconf 90' lang='lat' dir='ltr'><strong>hoc</strong></span> <span class='ocrx_word' id='word_1_848' title='bbox 2025 4809 2376 4863; x_wconf 66' lang='lat' dir='ltr'><strong>exsciccatant</strong></span> <span class='ocrx_word' id='word_1_849' title='bbox 2417 4821 2490 4864; x_wconf 83' lang='lat' dir='ltr'><strong>est</strong></span> <span class='ocrx_word' id='word_1_850' title='bbox 2529 4811 2581 4864; x_wconf 87' lang='lat' dir='ltr'><strong>in</strong></span> <span class='ocrx_word' id='word_1_851' title='bbox 2628 4813 2826 4878; x_wconf 79' lang='lat' dir='ltr'><strong>medio,</strong></span> <span class='ocrx_word' id='word_1_852' title='bbox 2856 4814 2981 4869; x_wconf 88' lang='lat' dir='ltr'><strong>hinc</strong></span> <span class='ocrx_word' id='word_1_853' title='bbox 3008 4825 3063 4868; x_wconf 87' lang='lat' dir='ltr'><strong>et</strong></span> <span class='ocrx_word' id='word_1_854' title='bbox 3088 4815 3211 4869; x_wconf 89' lang='lat' dir='ltr'><strong>hinc</strong></span> <span class='ocrx_word' id='word_1_855' title='bbox 3259 4831 3356 4884; x_wconf 87' lang='lat' dir='ltr'><strong>pro</strong></span> 
     </span>
    </p>
   </div>
   <div class='ocr_carea' id='block_1_110' title="bbox 1778 4901 3354 4970">
    <p class='ocr_par' dir='ltr' id='par_1_110' title="bbox 1778 4901 3354 4970">
     <span class='ocr_line' id='line_1_110' title="bbox 1778 4901 3354 4970; baseline 0.003 -16"><span class='ocrx_word' id='word_1_856' title='bbox 1778 4915 1934 4954; x_wconf 91' lang='lat' dir='ltr'><strong>muro</strong></span> <span class='ocrx_word' id='word_1_857' title='bbox 1962 4901 2120 4969; x_wconf 88' lang='lat' dir='ltr'><strong>aquis</strong></span> <span class='ocrx_word' id='word_1_858' title='bbox 2156 4902 2512 4957; x_wconf 87' lang='lat' dir='ltr'><strong>accnmulatis</strong></span> <span class='ocrx_word' id='word_1_859' title='bbox 2540 4913 2592 4958; x_wconf 85' lang='lat' dir='ltr'><strong>et</strong></span> <span class='ocrx_word' id='word_1_860' title='bbox 2624 4907 2916 4970; x_wconf 84' lang='lat' dir='ltr'><strong>stantibus,</strong></span> <span class='ocrx_word' id='word_1_861' title='bbox 2949 4917 2995 4959; x_wconf 92' lang='lat' dir='ltr'><strong>et</strong></span> <span class='ocrx_word' id='word_1_862' title='bbox 3027 4907 3241 4961; x_wconf 69' lang='lat' dir='ltr'><strong>deduxit</strong></span> <span class='ocrx_word' id='word_1_863' title='bbox 3267 4923 3354 4959; x_wconf 81' lang='lat' dir='ltr'><strong>eos</strong></span> 
     </span>
    </p>
   </div>
   <div class='ocr_carea' id='block_1_111' title="bbox 1778 4991 3352 5066">
    <p class='ocr_par' dir='ltr' id='par_1_111' title="bbox 1778 4991 3352 5066">
     <span class='ocr_line' id='line_1_111' title="bbox 1778 4991 3352 5066; baseline 0.004 -22"><span class='ocrx_word' id='word_1_864' title='bbox 1778 4991 1833 5054; x_wconf 84' lang='lat' dir='ltr'><strong>in</strong></span> <span class='ocrx_word' id='word_1_865' title='bbox 1867 4991 2090 5060; x_wconf 80' lang='lat' dir='ltr'><strong>abyssis,</strong></span> <span class='ocrx_word' id='word_1_866' title='bbox 2145 4991 2195 5045; x_wconf 90' lang='lat' dir='ltr'><strong>id</strong></span> <span class='ocrx_word' id='word_1_867' title='bbox 2245 5001 2329 5047; x_wconf 89' lang='lat' dir='ltr'><strong>est</strong></span> <span class='ocrx_word' id='word_1_868' title='bbox 2373 4993 2444 5046; x_wconf 91' lang='lat' dir='ltr'><strong>ita</strong></span> <span class='ocrx_word' id='word_1_869' title='bbox 2494 4995 2654 5049; x_wconf 71' lang='lat' dir='ltr'><strong>sicca:</strong></span> <span class='ocrx_word' id='word_1_870' title='bbox 2699 4995 2854 5050; x_wconf 81' lang='lat' dir='ltr'><strong>duxit</strong></span> <span class='ocrx_word' id='word_1_871' title='bbox 2898 5012 2992 5050; x_wconf 91' lang='lat' dir='ltr'><strong>eos</strong></span> <span class='ocrx_word' id='word_1_872' title='bbox 3034 5013 3129 5066; x_wconf 89' lang='lat' dir='ltr'><strong>per</strong></span> <span class='ocrx_word' id='word_1_873' title='bbox 3178 4997 3352 5052; x_wconf 89' lang='lat' dir='ltr'><strong>locum</strong></span> 
     </span>
    </p>
   </div>
   <div class='ocr_carea' id='block_1_112' title="bbox 1777 5079 3353 5156">
    <p class='ocr_par' dir='ltr' id='par_1_112' title="bbox 1777 5079 3353 5156">
     <span class='ocr_line' id='line_1_112' title="bbox 1777 5079 3353 5156; baseline 0.005 -23"><span class='ocrx_word' id='word_1_874' title='bbox 1777 5079 1941 5152; x_wconf 66' lang='grc'><strong>424.</strong></span> <span class='ocrx_word' id='word_1_875' title='bbox 1970 5082 2060 5135; x_wconf 92' lang='lat' dir='ltr'><strong>ubi</strong></span> <span class='ocrx_word' id='word_1_876' title='bbox 2092 5081 2331 5138; x_wconf 85' lang='lat' dir='ltr'><strong>solebant</strong></span> <span class='ocrx_word' id='word_1_877' title='bbox 2361 5099 2482 5138; x_wconf 88' lang='lat' dir='ltr'><strong>esse</strong></span> <span class='ocrx_word' id='word_1_878' title='bbox 2520 5085 2732 5155; x_wconf 85' lang='lat' dir='ltr'><strong>abyssi,</strong></span> <span class='ocrx_word' id='word_1_879' title='bbox 2767 5086 2819 5140; x_wconf 87' lang='lat' dir='ltr'><strong>id</strong></span> <span class='ocrx_word' id='word_1_880' title='bbox 2850 5096 2934 5140; x_wconf 91' lang='lat' dir='ltr'><strong>est</strong></span> <span class='ocrx_word' id='word_1_881' title='bbox 2978 5102 3184 5155; x_wconf 68' lang='lat' dir='ltr'><strong>magna!</strong></span> <span class='ocrx_word' id='word_1_882' title='bbox 3228 5102 3353 5156; x_wconf 80' lang='lat' dir='ltr'><strong>pro-</strong></span> 
     </span>
    </p>
   </div>
   <div class='ocr_carea' id='block_1_113' title="bbox 1781 5171 3342 5242">
    <p class='ocr_par' dir='ltr' id='par_1_113' title="bbox 1781 5171 3342 5242">
     <span class='ocr_line' id='line_1_113' title="bbox 1781 5171 3342 5242; baseline 0.004 -20"><span class='ocrx_word' id='word_1_883' title='bbox 1781 5171 2090 5235; x_wconf 88' lang='lat' dir='ltr'><strong>funditatcs,</strong></span> <span class='ocrx_word' id='word_1_884' title='bbox 2129 5172 2262 5224; x_wconf 79' lang='lat' dir='ltr'><strong>sicut</strong></span> <span class='ocrx_word' id='word_1_885' title='bbox 2290 5175 2342 5226; x_wconf 89' lang='lat' dir='ltr'><strong>in</strong></span> <span class='ocrx_word' id='word_1_886' title='bbox 2369 5173 2566 5227; x_wconf 79' lang='lat' dir='ltr'><strong>deserto</strong></span> <span class='ocrx_word' id='word_1_887' title='bbox 2586 5215 2599 5236; x_wconf 93' lang='lat'><strong>,</strong></span> <span class='ocrx_word' id='word_1_888' title='bbox 2629 5174 2679 5226; x_wconf 93' lang='lat' dir='ltr'><strong>id</strong></span> <span class='ocrx_word' id='word_1_889' title='bbox 2710 5182 2791 5226; x_wconf 88' lang='lat' dir='ltr'><strong>est</strong></span> <span class='ocrx_word' id='word_1_890' title='bbox 2835 5175 2984 5242; x_wconf 85' lang='lat' dir='ltr'><strong>quasi</strong></span> <span class='ocrx_word' id='word_1_891' title='bbox 3020 5189 3117 5241; x_wconf 86' lang='lat' dir='ltr'><strong>per</strong></span> <span class='ocrx_word' id='word_1_892' title='bbox 3157 5177 3342 5232; x_wconf 88' lang='lat' dir='ltr'><strong>deser-</strong></span> 
     </span>
    </p>
   </div>
   <div class='ocr_carea' id='block_1_114' title="bbox 1780 5260 3355 5332">
    <p class='ocr_par' dir='ltr' id='par_1_114' title="bbox 1780 5260 3355 5332">
     <span class='ocr_line' id='line_1_114' title="bbox 1780 5260 3355 5332; baseline 0.006 -22"><span class='ocrx_word' id='word_1_893' title='bbox 1780 5268 1926 5322; x_wconf 93' lang='lat' dir='ltr'><strong>tum,</strong></span> <span class='ocrx_word' id='word_1_894' title='bbox 1973 5261 2060 5324; x_wconf 85' lang='lat' dir='ltr'><strong>ubi</strong></span> <span class='ocrx_word' id='word_1_895' title='bbox 2107 5276 2376 5331; x_wconf 89' lang='lat' dir='ltr'><strong>nunquam</strong></span> <span class='ocrx_word' id='word_1_896' title='bbox 2413 5277 2565 5330; x_wconf 65' lang='lat' dir='ltr'><strong>aquae</strong></span> <span class='ocrx_word' id='word_1_897' title='bbox 2602 5260 2836 5315; x_wconf 84' lang='lat' dir='ltr'><strong>fuerunt.</strong></span> <span class='ocrx_word' id='word_1_898' title='bbox 2870 5260 2942 5314; x_wconf 81' lang='lat' dir='ltr'><strong>Et</strong></span> <span class='ocrx_word' id='word_1_899' title='bbox 2992 5271 3116 5318; x_wconf 91' lang='lat' dir='ltr'><strong>tunc</strong></span> <span class='ocrx_word' id='word_1_900' title='bbox 3155 5267 3355 5332; x_wconf 83' lang='lat' dir='ltr'><strong>aperuit</strong></span> 
     </span>
    </p>
   </div>
   <div class='ocr_carea' id='block_1_115' title="bbox 1779 5351 3352 5425">
    <p class='ocr_par' dir='ltr' id='par_1_115' title="bbox 1779 5351 3352 5425">
     <span class='ocr_line' id='line_1_115' title="bbox 1779 5351 3352 5425; baseline 0.005 -23"><span class='ocrx_word' id='word_1_901' title='bbox 1779 5367 1916 5420; x_wconf 83' lang='lat' dir='ltr'><strong>aqua</strong></span> <span class='ocrx_word' id='word_1_902' title='bbox 1947 5351 2114 5406; x_wconf 89' lang='lat' dir='ltr'><strong>maris</strong></span> <span class='ocrx_word' id='word_1_903' title='bbox 2148 5353 2458 5407; x_wconf 82' lang='lat' dir='ltr'><strong>tribalantes</strong></span> <span class='ocrx_word' id='word_1_904' title='bbox 2498 5369 2616 5418; x_wconf 88' lang='lat' dir='ltr'><strong>eos,</strong></span> <span class='ocrx_word' id='word_1_905' title='bbox 2655 5353 2861 5408; x_wconf 90' lang='lat' dir='ltr'><strong>scilicet</strong></span> <span class='ocrx_word' id='word_1_906' title='bbox 2895 5352 3176 5425; x_wconf 57' lang='lat' dir='ltr'><strong>iEgyptios</strong></span> <span class='ocrx_word' id='word_1_907' title='bbox 3205 5356 3352 5412; x_wconf 87' lang='lat' dir='ltr'><strong>scili-</strong></span> 
     </span>
    </p>
   </div>
   <div class='ocr_carea' id='block_1_116' title="bbox 1779 5445 3354 5519">
    <p class='ocr_par' dir='ltr' id='par_1_116' title="bbox 1779 5445 3354 5519">
     <span class='ocr_line' id='line_1_116' title="bbox 1779 5445 3354 5519; baseline 0.003 -20"><span class='ocrx_word' id='word_1_908' title='bbox 1779 5455 1866 5499; x_wconf 84' lang='lat' dir='ltr'><strong>cet</strong></span> <span class='ocrx_word' id='word_1_909' title='bbox 1897 5455 2100 5500; x_wconf 86' lang='lat' dir='ltr'><strong>temere</strong></span> <span class='ocrx_word' id='word_1_910' title='bbox 2130 5445 2432 5516; x_wconf 80' lang='lat' dir='ltr'><strong>ingressos,</strong></span> <span class='ocrx_word' id='word_1_911' title='bbox 2473 5454 2527 5499; x_wconf 90' lang='lat' dir='ltr'><strong>et</strong></span> <span class='ocrx_word' id='word_1_912' title='bbox 2563 5445 2639 5499; x_wconf 87' lang='lat' dir='ltr'><strong>sic</strong></span> <span class='ocrx_word' id='word_1_913' title='bbox 2673 5447 2815 5519; x_wconf 85' lang='lat' dir='ltr'><strong>quod</strong></span> <span class='ocrx_word' id='word_1_914' title='bbox 2869 5463 3003 5500; x_wconf 86' lang='lat' dir='ltr'><strong>unus</strong></span> <span class='ocrx_word' id='word_1_915' title='bbox 3031 5463 3097 5502; x_wconf 76' lang='lat' dir='ltr'><strong>ea;</strong></span> <span class='ocrx_word' id='word_1_916' title='bbox 3133 5451 3206 5504; x_wconf 85' lang='lat' dir='ltr'><strong>eis</strong></span> <span class='ocrx_word' id='word_1_917' title='bbox 3251 5467 3354 5504; x_wconf 87' lang='lat' dir='ltr'><strong>non</strong></span> 
     </span>
    </p>
   </div>
   <div class='ocr_carea' id='block_1_117' title="bbox 1781 5537 3356 5606">
    <p class='ocr_par' dir='ltr' id='par_1_117' title="bbox 1781 5537 3356 5606">
     <span class='ocr_line' id='line_1_117' title="bbox 1781 5537 3356 5606; baseline 0.003 -17"><span class='ocrx_word' id='word_1_918' title='bbox 1781 5537 2029 5591; x_wconf 85' lang='lat' dir='ltr'><strong>remansit</strong></span> <span class='ocrx_word' id='word_1_919' title='bbox 2046 5537 2135 5606; x_wconf 89' lang='lat' dir='ltr'><strong>qui</strong></span> <span class='ocrx_word' id='word_1_920' title='bbox 2170 5551 2264 5591; x_wconf 90' lang='lat' dir='ltr'><strong>eos</strong></span> <span class='ocrx_word' id='word_1_921' title='bbox 2293 5537 2669 5605; x_wconf 83' lang='lat' dir='ltr'><strong>insequeretur</strong></span> <span class='ocrx_word' id='word_1_922' title='bbox 2699 5545 2917 5606; x_wconf 88' lang='lat' dir='ltr'><strong>postea:</strong></span> <span class='ocrx_word' id='word_1_923' title='bbox 2951 5550 2996 5592; x_wconf 88' lang='lat' dir='ltr'><strong>et</strong></span> <span class='ocrx_word' id='word_1_924' title='bbox 3029 5547 3156 5594; x_wconf 90' lang='lat' dir='ltr'><strong>tunc</strong></span> <span class='ocrx_word' id='word_1_925' title='bbox 3188 5543 3356 5596; x_wconf 80' lang='lat' dir='ltr'><strong>cretii-</strong></span> 
     </span>
    </p>
   </div>
   <div class='ocr_carea' id='block_1_118' title="bbox 1780 5629 3353 5701">
    <p class='ocr_par' dir='ltr' id='par_1_118' title="bbox 1780 5629 3353 5701">
     <span class='ocr_line' id='line_1_118' title="bbox 1780 5629 3353 5701; baseline 0.004 -19"><span class='ocrx_word' id='word_1_926' title='bbox 1780 5629 1966 5682; x_wconf 87' lang='lat' dir='ltr'><strong>derant</strong></span> <span class='ocrx_word' id='word_1_927' title='bbox 1999 5629 2109 5684; x_wconf 90' lang='lat' dir='ltr'><strong>Deo</strong></span> <span class='ocrx_word' id='word_1_928' title='bbox 2140 5629 2191 5682; x_wconf 93' lang='lat' dir='ltr'><strong>in</strong></span> <span class='ocrx_word' id='word_1_929' title='bbox 2222 5629 2386 5682; x_wconf 83' lang='lat' dir='ltr'><strong>verbis</strong></span> <span class='ocrx_word' id='word_1_930' title='bbox 2413 5629 2524 5698; x_wconf 80' lang='lat' dir='ltr'><strong>ejus</strong></span> <span class='ocrx_word' id='word_1_931' title='bbox 2556 5633 2855 5701; x_wconf 85' lang='lat' dir='ltr'><strong>completis,</strong></span> <span class='ocrx_word' id='word_1_932' title='bbox 2889 5635 2942 5687; x_wconf 89' lang='lat' dir='ltr'><strong>id</strong></span> <span class='ocrx_word' id='word_1_933' title='bbox 2977 5644 3059 5688; x_wconf 90' lang='lat' dir='ltr'><strong>cst</strong></span> <span class='ocrx_word' id='word_1_934' title='bbox 3088 5636 3140 5688; x_wconf 92' lang='lat' dir='ltr'><strong>in</strong></span> <span class='ocrx_word' id='word_1_935' title='bbox 3171 5637 3353 5689; x_wconf 88' lang='lat' dir='ltr'><strong>cousi-</strong></span> 
     </span>
    </p>
   </div>
   <div class='ocr_carea' id='block_1_119' title="bbox 1782 5723 3352 5802">
    <p class='ocr_par' dir='ltr' id='par_1_119' title="bbox 1782 5723 3352 5802">
     <span class='ocr_line' id='line_1_119' title="bbox 1782 5723 3352 5802; baseline -0.002 -21"><span class='ocrx_word' id='word_1_936' title='bbox 1782 5723 2064 5781; x_wconf 79' lang='lat' dir='ltr'><strong>deratione</strong></span> <span class='ocrx_word' id='word_1_937' title='bbox 2094 5723 2378 5802; x_wconf 76' lang='lat' dir='ltr'><strong>verborum</strong></span> <span class='ocrx_word' id='word_1_938' title='bbox 2406 5726 2806 5796; x_wconf 37' lang='lat' dir='ltr'><strong>&#39;completornm</strong></span> <span class='ocrx_word' id='word_1_939' title='bbox 2827 5768 2841 5796; x_wconf 96' lang='lat'><strong>,</strong></span> <span class='ocrx_word' id='word_1_940' title='bbox 2875 5731 3080 5787; x_wconf 89' lang='lat' dir='ltr'><strong>scilicet</strong></span> <span class='ocrx_word' id='word_1_941' title='bbox 3105 5733 3352 5788; x_wconf 81' lang='lat' dir='ltr'><strong>conside.</strong></span> 
     </span>
    </p>
   </div>
   <div class='ocr_carea' id='block_1_120' title="bbox 1890 5904 1913 5920">
    <p class='ocr_par' dir='ltr' id='par_1_120' title="bbox 1890 5904 1913 5920">
     <span class='ocr_line' id='line_1_120' title="bbox 1890 5904 1913 5920; baseline 0 0"><span class='ocrx_word' id='word_1_942' title='bbox 1890 5904 1913 5920; x_wconf 56' lang='grc' dir='ltr'><strong>κ</strong></span> 
     </span>
    </p>
   </div>
  </div>
