  <div class='ocr_page' id='page_1' title='image "/cluster/home/n/w/nwhite01/storage/ocr_20150623/152/hvd.32044015473804/605.png"; bbox 0 0 3840 6338; ppageno 0'>
   <div class='ocr_carea' id='block_1_1' title="bbox 522 352 658 408">
    <p class='ocr_par' dir='ltr' id='par_1_1' title="bbox 522 352 658 408">
     <span class='ocr_line' id='line_1_1' title="bbox 522 352 658 408; baseline -0.015 0"><span class='ocrx_word' id='word_1_1' title='bbox 522 352 658 408; x_wconf 78' lang='lat'><strong>“99</strong></span> 
     </span>
    </p>
   </div>
   <div class='ocr_carea' id='block_1_2' title="bbox 1080 327 3188 407">
    <p class='ocr_par' dir='ltr' id='par_1_2' title="bbox 1080 327 3188 407">
     <span class='ocr_line' id='line_1_2' title="bbox 1080 327 3188 407; baseline -0.001 -5"><span class='ocrx_word' id='word_1_2' title='bbox 1080 347 1140 402; x_wconf 64' lang='grc' dir='ltr'><strong>ὃ.</strong></span> <span class='ocrx_word' id='word_1_3' title='bbox 1182 337 1527 407; x_wconf 77' lang='lat' dir='ltr'><strong>BRUNONIS</strong></span> <span class='ocrx_word' id='word_1_4' title='bbox 1563 343 2201 405; x_wconf 76' lang='lat' dir='ltr'><strong>CARTHUSIANORUM</strong></span> <span class='ocrx_word' id='word_1_5' title='bbox 2244 339 2729 401; x_wconf 77' lang='lat' dir='ltr'><strong>lNSTlTUTORlS</strong></span> <span class='ocrx_word' id='word_1_6' title='bbox 2769 327 2918 401; x_wconf 80' lang='lat' dir='ltr'><strong>OPP.</strong></span> <span class='ocrx_word' id='word_1_7' title='bbox 2962 343 3130 400; x_wconf 78' lang='lat' dir='ltr'><strong>PARS</strong></span> <span class='ocrx_word' id='word_1_8' title='bbox 3151 342 3188 401; x_wconf 86' lang='grc' dir='ltr'><strong>Ι.</strong></span> 
     </span>
    </p>
   </div>
   <div class='ocr_carea' id='block_1_3' title="bbox 3547 351 3644 408">
    <p class='ocr_par' dir='ltr' id='par_1_3' title="bbox 3547 351 3644 408">
     <span class='ocr_line' id='line_1_3' title="bbox 3547 351 3644 408; baseline 0.01 -1"><span class='ocrx_word' id='word_1_9' title='bbox 3547 351 3644 408; x_wconf 71' lang='lat' dir='ltr'><strong>eos</strong></span> 
     </span>
    </p>
   </div>
   <div class='ocr_carea' id='block_1_4' title="bbox 519 459 3644 534">
    <p class='ocr_par' dir='ltr' id='par_1_4' title="bbox 519 459 3644 534">
     <span class='ocr_line' id='line_1_4' title="bbox 519 459 3644 534; baseline -0.002 -12"><span class='ocrx_word' id='word_1_10' title='bbox 519 467 688 523; x_wconf 87' lang='lat' dir='ltr'><strong>rando</strong></span> <span class='ocrx_word' id='word_1_11' title='bbox 717 480 839 520; x_wconf 90' lang='lat' dir='ltr'><strong>eum</strong></span> <span class='ocrx_word' id='word_1_12' title='bbox 869 463 1167 534; x_wconf 79' lang='lat' dir='ltr'><strong>complesse</strong></span> <span class='ocrx_word' id='word_1_13' title='bbox 1195 465 1357 521; x_wconf 88' lang='lat' dir='ltr'><strong>verba</strong></span> <span class='ocrx_word' id='word_1_14' title='bbox 1399 479 1528 530; x_wconf 88' lang='lat' dir='ltr'><strong>sua,</strong></span> <span class='ocrx_word' id='word_1_15' title='bbox 1570 477 1692 534; x_wconf 85' lang='lat' dir='ltr'><strong>quae</strong></span> <span class='ocrx_word' id='word_1_16' title='bbox 1734 477 1833 533; x_wconf 84' lang='lat' dir='ltr'><strong>per</strong></span> <span class='ocrx_word' id='word_1_17' title='bbox 1877 459 2094 532; x_wconf 80' lang='lat' dir='ltr'><strong>Moysen</strong></span> <span class='ocrx_word' id='word_1_18' title='bbox 2125 463 2173 520; x_wconf 80' lang='grc' dir='ltr'>Α</span> <span class='ocrx_word' id='word_1_19' title='bbox 2201 469 2310 524; x_wconf 88' lang='lat' dir='ltr'><strong>est,</strong></span> <span class='ocrx_word' id='word_1_20' title='bbox 2342 461 2397 514; x_wconf 88' lang='lat' dir='ltr'><strong>in</strong></span> <span class='ocrx_word' id='word_1_21' title='bbox 2427 460 2822 515; x_wconf 72' lang='lat' dir='ltr'><strong>similitudinem</strong></span> <span class='ocrx_word' id='word_1_22' title='bbox 2859 459 3006 514; x_wconf 84' lang='lat' dir='ltr'><strong>vituli</strong></span> <span class='ocrx_word' id='word_1_23' title='bbox 3049 461 3336 514; x_wconf 71' lang='lat' dir='ltr'><strong>comedenti:</strong></span> <span class='ocrx_word' id='word_1_24' title='bbox 3363 465 3644 534; x_wconf 66' lang='lat' dir='ltr'><strong>[etiamquod</strong></span> 
     </span>
    </p>
   </div>
   <div class='ocr_carea' id='block_1_5' title="bbox 519 553 2096 626">
    <p class='ocr_par' dir='ltr' id='par_1_5' title="bbox 519 553 2096 626">
     <span class='ocr_line' id='line_1_5' title="bbox 519 553 2096 626; baseline -0.005 -13"><span class='ocrx_word' id='word_1_25' title='bbox 519 559 601 613; x_wconf 88' lang='lat' dir='ltr'><strong>eis</strong></span> <span class='ocrx_word' id='word_1_26' title='bbox 644 556 997 610; x_wconf 93' lang='lat' dir='ltr'><strong>mandaverat</strong></span> <span class='ocrx_word' id='word_1_27' title='bbox 1045 556 1111 611; x_wconf 90' lang='lat' dir='ltr'><strong>de</strong></span> <span class='ocrx_word' id='word_1_28' title='bbox 1161 571 1351 612; x_wconf 90' lang='lat' dir='ltr'><strong>eorum</strong></span> <span class='ocrx_word' id='word_1_29' title='bbox 1401 555 1710 626; x_wconf 76' lang='lat' dir='ltr'><strong>ereptione;</strong></span> <span class='ocrx_word' id='word_1_30' title='bbox 1765 553 2096 608; x_wconf 82' lang='lat' dir='ltr'><strong>crediderunt</strong></span> 
     </span>
    </p>
   </div>
   <div class='ocr_carea' id='block_1_6' title="bbox 519 645 2094 717">
    <p class='ocr_par' dir='ltr' id='par_1_6' title="bbox 519 645 2094 717">
     <span class='ocr_line' id='line_1_6' title="bbox 519 645 2094 717; baseline -0.005 -14"><span class='ocrx_word' id='word_1_31' title='bbox 519 665 644 704; x_wconf 91' lang='lat' dir='ltr'><strong>eum</strong></span> <span class='ocrx_word' id='word_1_32' title='bbox 673 649 1102 717; x_wconf 71' lang='lat' dir='ltr'><strong>omnipotentem</strong></span> <span class='ocrx_word' id='word_1_33' title='bbox 1147 661 1290 712; x_wconf 89' lang='lat' dir='ltr'><strong>esse,</strong></span> <span class='ocrx_word' id='word_1_34' title='bbox 1337 657 1384 701; x_wconf 86' lang='lat' dir='ltr'><strong>et</strong></span> <span class='ocrx_word' id='word_1_35' title='bbox 1416 657 1544 702; x_wconf 90' lang='lat' dir='ltr'><strong>tunc</strong></span> <span class='ocrx_word' id='word_1_36' title='bbox 1577 645 1923 699; x_wconf 78' lang='lat' dir='ltr'><strong>laudauerunt</strong></span> <span class='ocrx_word' id='word_1_37' title='bbox 1973 658 2094 699; x_wconf 91' lang='lat' dir='ltr'><strong>eum</strong></span> 
     </span>
    </p>
   </div>
   <div class='ocr_carea' id='block_1_7' title="bbox 520 733 2096 809">
    <p class='ocr_par' dir='ltr' id='par_1_7' title="bbox 520 733 2096 809">
     <span class='ocr_line' id='line_1_7' title="bbox 520 733 2096 809; baseline -0.006 -11"><span class='ocrx_word' id='word_1_38' title='bbox 520 741 699 798; x_wconf 86' lang='lat' dir='ltr'><strong>cordis</strong></span> <span class='ocrx_word' id='word_1_39' title='bbox 728 739 1034 803; x_wconf 80' lang='lat' dir='ltr'><strong>aﬂectione,</strong></span> <span class='ocrx_word' id='word_1_40' title='bbox 1063 738 1387 809; x_wconf 87' lang='lat' dir='ltr'><strong>proferendo</strong></span> <span class='ocrx_word' id='word_1_41' title='bbox 1415 737 1624 792; x_wconf 88' lang='lat' dir='ltr'><strong>laudem</strong></span> <span class='ocrx_word' id='word_1_42' title='bbox 1651 736 1764 806; x_wconf 86' lang='lat' dir='ltr'><strong>ejus</strong></span> <span class='ocrx_word' id='word_1_43' title='bbox 1801 751 1916 791; x_wconf 92' lang='lat' dir='ltr'><strong>ore.</strong></span> <span class='ocrx_word' id='word_1_44' title='bbox 1943 733 2096 802; x_wconf 89' lang='lat' dir='ltr'><strong>Quod</strong></span> 
     </span>
    </p>
   </div>
   <div class='ocr_carea' id='block_1_8' title="bbox 519 825 2098 894">
    <p class='ocr_par' dir='ltr' id='par_1_8' title="bbox 519 825 2098 894">
     <span class='ocr_line' id='line_1_8' title="bbox 519 825 2098 894; baseline -0.004 -9"><span class='ocrx_word' id='word_1_45' title='bbox 519 839 605 885; x_wconf 88' lang='lat' dir='ltr'><strong>est</strong></span> <span class='ocrx_word' id='word_1_46' title='bbox 645 831 861 885; x_wconf 88' lang='lat' dir='ltr'><strong>dicere:</strong></span> <span class='ocrx_word' id='word_1_47' title='bbox 910 828 1296 883; x_wconf 87' lang='lat' dir='ltr'><strong>Laudaverunt</strong></span> <span class='ocrx_word' id='word_1_48' title='bbox 1337 842 1493 894; x_wconf 89' lang='lat' dir='ltr'><strong>eum,</strong></span> <span class='ocrx_word' id='word_1_49' title='bbox 1545 834 1601 880; x_wconf 90' lang='lat' dir='ltr'><strong>et</strong></span> <span class='ocrx_word' id='word_1_50' title='bbox 1641 840 1767 892; x_wconf 90' lang='lat' dir='ltr'><strong>ore,</strong></span> <span class='ocrx_word' id='word_1_51' title='bbox 1798 835 1854 881; x_wconf 90' lang='lat' dir='ltr'><strong>et</strong></span> <span class='ocrx_word' id='word_1_52' title='bbox 1893 825 2054 880; x_wconf 89' lang='lat' dir='ltr'><strong>corde</strong></span> <span class='ocrx_word' id='word_1_53' title='bbox 2083 865 2098 891; x_wconf 89' lang='lat'><strong>,</strong></span> 
     </span>
    </p>
   </div>
   <div class='ocr_carea' id='block_1_9' title="bbox 520 917 2096 986">
    <p class='ocr_par' dir='ltr' id='par_1_9' title="bbox 520 917 2096 986">
     <span class='ocr_line' id='line_1_9' title="bbox 520 917 2096 986; baseline -0.003 -8"><span class='ocrx_word' id='word_1_54' title='bbox 520 923 616 978; x_wconf 88' lang='lat' dir='ltr'><strong>sed</strong></span> <span class='ocrx_word' id='word_1_55' title='bbox 645 923 746 976; x_wconf 87' lang='lat' dir='ltr'><strong>hoc</strong></span> <span class='ocrx_word' id='word_1_56' title='bbox 775 920 1018 986; x_wconf 86' lang='lat' dir='ltr'><strong>credere,</strong></span> <span class='ocrx_word' id='word_1_57' title='bbox 1047 929 1101 975; x_wconf 90' lang='lat' dir='ltr'><strong>et</strong></span> <span class='ocrx_word' id='word_1_58' title='bbox 1131 920 1233 975; x_wconf 91' lang='lat' dir='ltr'><strong>hoc</strong></span> <span class='ocrx_word' id='word_1_59' title='bbox 1271 919 1492 974; x_wconf 89' lang='lat' dir='ltr'><strong>laudare</strong></span> <span class='ocrx_word' id='word_1_60' title='bbox 1523 919 1656 984; x_wconf 91' lang='lat' dir='ltr'><strong>cito,</strong></span> <span class='ocrx_word' id='word_1_61' title='bbox 1691 917 1744 973; x_wconf 92' lang='lat' dir='ltr'><strong><em>id</em></strong></span> <span class='ocrx_word' id='word_1_62' title='bbox 1774 927 1856 973; x_wconf 91' lang='lat' dir='ltr'><strong>est</strong></span> <span class='ocrx_word' id='word_1_63' title='bbox 1899 919 1964 972; x_wconf 86' lang='lat' dir='ltr'><strong>ad</strong></span> <span class='ocrx_word' id='word_1_64' title='bbox 1999 918 2096 973; x_wconf 82' lang='lat' dir='ltr'><strong>ho-</strong></span> 
     </span>
    </p>
   </div>
   <div class='ocr_carea' id='block_1_10' title="bbox 519 1005 2097 1081">
    <p class='ocr_par' dir='ltr' id='par_1_10' title="bbox 519 1005 2097 1081">
     <span class='ocr_line' id='line_1_10' title="bbox 519 1005 2097 1081; baseline -0.006 -14"><span class='ocrx_word' id='word_1_65' title='bbox 519 1029 636 1068; x_wconf 91' lang='lat' dir='ltr'><strong>ram</strong></span> <span class='ocrx_word' id='word_1_66' title='bbox 677 1012 910 1081; x_wconf 79' lang='lat' dir='ltr'><strong>fecerunt</strong></span> <span class='ocrx_word' id='word_1_67' title='bbox 953 1025 1058 1065; x_wconf 91' lang='lat' dir='ltr'><strong>non</strong></span> <span class='ocrx_word' id='word_1_68' title='bbox 1112 1009 1240 1075; x_wconf 88' lang='lat' dir='ltr'><strong>diu;</strong></span> <span class='ocrx_word' id='word_1_69' title='bbox 1293 1021 1339 1063; x_wconf 88' lang='lat' dir='ltr'><strong>et</strong></span> <span class='ocrx_word' id='word_1_70' title='bbox 1383 1017 1507 1079; x_wconf 88' lang='lat' dir='ltr'><strong>post</strong></span> <span class='ocrx_word' id='word_1_71' title='bbox 1552 1007 1736 1062; x_wconf 91' lang='lat' dir='ltr'><strong>statim</strong></span> <span class='ocrx_word' id='word_1_72' title='bbox 1786 1005 1932 1061; x_wconf 79' lang='lat' dir='ltr'><strong><em>obliti</em></strong></span> <span class='ocrx_word' id='word_1_73' title='bbox 1978 1015 2097 1059; x_wconf 80' lang='lat' dir='ltr'><strong>stmt</strong></span> 
     </span>
    </p>
   </div>
   <div class='ocr_carea' id='block_1_11' title="bbox 528 1093 2100 1174">
    <p class='ocr_par' dir='ltr' id='par_1_11' title="bbox 528 1093 2100 1174">
     <span class='ocr_line' id='line_1_11' title="bbox 528 1093 2100 1174; baseline -0.004 -16"><span class='ocrx_word' id='word_1_74' title='bbox 528 1093 740 1174; x_wconf 85' lang='lat' dir='ltr'><strong>operum</strong></span> <span class='ocrx_word' id='word_1_75' title='bbox 765 1103 900 1172; x_wconf 85' lang='lat' dir='ltr'><strong>ejus,</strong></span> <span class='ocrx_word' id='word_1_76' title='bbox 930 1116 1159 1170; x_wconf 88' lang='lat' dir='ltr'><strong>quorum</strong></span> <span class='ocrx_word' id='word_1_77' title='bbox 1183 1099 1401 1157; x_wconf 87' lang='lat' dir='ltr'><strong>assiduo</strong></span> <span class='ocrx_word' id='word_1_78' title='bbox 1427 1098 1670 1154; x_wconf 90' lang='lat' dir='ltr'><strong>contuitu</strong></span> <span class='ocrx_word' id='word_1_79' title='bbox 1703 1096 1960 1152; x_wconf 76' lang='lat' dir='ltr'><strong>deberent</strong></span> <span class='ocrx_word' id='word_1_80' title='bbox 1982 1110 2100 1151; x_wconf 89' lang='lat' dir='ltr'><strong>cre-</strong></span> 
     </span>
    </p>
   </div>
   <div class='ocr_carea' id='block_1_12' title="bbox 531 1191 999 1248">
    <p class='ocr_par' dir='ltr' id='par_1_12' title="bbox 531 1191 999 1248">
     <span class='ocr_line' id='line_1_12' title="bbox 531 1191 999 1248; baseline -0.006 -1"><span class='ocrx_word' id='word_1_81' title='bbox 531 1195 659 1248; x_wconf 87' lang='lat' dir='ltr'><strong>dere</strong></span> <span class='ocrx_word' id='word_1_82' title='bbox 683 1201 738 1247; x_wconf 88' lang='lat' dir='ltr'><strong>et</strong></span> <span class='ocrx_word' id='word_1_83' title='bbox 764 1191 999 1246; x_wconf 89' lang='lat' dir='ltr'><strong>laudare.</strong></span> 
     </span>
    </p>
   </div>
   <div class='ocr_carea' id='block_1_13' title="bbox 599 1278 2098 1351">
    <p class='ocr_par' dir='ltr' id='par_1_13' title="bbox 599 1278 2098 1351">
     <span class='ocr_line' id='line_1_13' title="bbox 599 1278 2098 1351; baseline -0.003 -17"><span class='ocrx_word' id='word_1_84' title='bbox 599 1281 666 1335; x_wconf 85' lang='lat' dir='ltr'><strong>Et</strong></span> <span class='ocrx_word' id='word_1_85' title='bbox 696 1298 817 1336; x_wconf 90' lang='lat' dir='ltr'><strong>cum</strong></span> <span class='ocrx_word' id='word_1_86' title='bbox 852 1282 967 1351; x_wconf 92' lang='lat' dir='ltr'><strong>ipse</strong></span> <span class='ocrx_word' id='word_1_87' title='bbox 1012 1279 1239 1336; x_wconf 90' lang='lat' dir='ltr'><strong>consilio</strong></span> <span class='ocrx_word' id='word_1_88' title='bbox 1269 1293 1469 1334; x_wconf 90' lang='lat' dir='ltr'><strong>arcano</strong></span> <span class='ocrx_word' id='word_1_89' title='bbox 1499 1278 1852 1347; x_wconf 89' lang='lat' dir='ltr'><strong>disposuisset</strong></span> <span class='ocrx_word' id='word_1_90' title='bbox 1878 1291 1971 1332; x_wconf 90' lang='lat' dir='ltr'><strong>eos</strong></span> <span class='ocrx_word' id='word_1_91' title='bbox 1995 1291 2098 1330; x_wconf 92' lang='lat' dir='ltr'><strong>non</strong></span> 
     </span>
    </p>
   </div>
   <div class='ocr_carea' id='block_1_14' title="bbox 520 1368 2101 1441">
    <p class='ocr_par' dir='ltr' id='par_1_14' title="bbox 520 1368 2101 1441">
     <span class='ocr_line' id='line_1_14' title="bbox 520 1368 2101 1441; baseline -0.006 -12"><span class='ocrx_word' id='word_1_92' title='bbox 520 1375 703 1429; x_wconf 83' lang='lat' dir='ltr'><strong>statim</strong></span> <span class='ocrx_word' id='word_1_93' title='bbox 753 1383 955 1428; x_wconf 88' lang='lat' dir='ltr'><strong>terram</strong></span> <span class='ocrx_word' id='word_1_94' title='bbox 989 1372 1249 1426; x_wconf 85' lang='lat' dir='ltr'><strong>Chanaan</strong></span> <span class='ocrx_word' id='word_1_95' title='bbox 1296 1370 1658 1441; x_wconf 79' lang='lat' dir='ltr'><strong>ingressurus,</strong></span> <span class='ocrx_word' id='word_1_96' title='bbox 1689 1385 1790 1422; x_wconf 79' lang='lat' dir='ltr'><strong>non</strong></span> <span class='ocrx_word' id='word_1_97' title='bbox 1837 1368 2101 1422; x_wconf 89' lang='lat' dir='ltr'><strong>sustinue-</strong></span> 
     </span>
    </p>
   </div>
   <div class='ocr_carea' id='block_1_15' title="bbox 521 1460 2100 1535">
    <p class='ocr_par' dir='ltr' id='par_1_15' title="bbox 521 1460 2100 1535">
     <span class='ocr_line' id='line_1_15' title="bbox 521 1460 2100 1535; baseline -0.006 -13"><span class='ocrx_word' id='word_1_98' title='bbox 521 1478 682 1533; x_wconf 88' lang='lat' dir='ltr'><strong>runt,</strong></span> <span class='ocrx_word' id='word_1_99' title='bbox 727 1467 779 1522; x_wconf 92' lang='lat' dir='ltr'><strong>id</strong></span> <span class='ocrx_word' id='word_1_100' title='bbox 826 1475 909 1522; x_wconf 90' lang='lat' dir='ltr'><strong>est</strong></span> <span class='ocrx_word' id='word_1_101' title='bbox 963 1482 1068 1522; x_wconf 92' lang='lat' dir='ltr'><strong>non</strong></span> <span class='ocrx_word' id='word_1_102' title='bbox 1119 1465 1386 1535; x_wconf 89' lang='lat' dir='ltr'><strong>patienter</strong></span> <span class='ocrx_word' id='word_1_103' title='bbox 1434 1471 1888 1533; x_wconf 82' lang='lat' dir='ltr'><strong>exspectaverunt</strong></span> <span class='ocrx_word' id='word_1_104' title='bbox 1926 1460 2100 1514; x_wconf 81' lang='lat' dir='ltr'><strong>consi-</strong></span> 
     </span>
    </p>
   </div>
   <div class='ocr_carea' id='block_1_16' title="bbox 521 1553 2103 1627">
    <p class='ocr_par' dir='ltr' id='par_1_16' title="bbox 521 1553 2103 1627">
     <span class='ocr_line' id='line_1_16' title="bbox 521 1553 2103 1627; baseline -0.004 -17"><span class='ocrx_word' id='word_1_105' title='bbox 521 1557 651 1612; x_wconf 86' lang='lat' dir='ltr'><strong>lium</strong></span> <span class='ocrx_word' id='word_1_106' title='bbox 685 1557 834 1627; x_wconf 89' lang='lat' dir='ltr'><strong>ejus,</strong></span> <span class='ocrx_word' id='word_1_107' title='bbox 887 1564 1290 1620; x_wconf 72' lang='lat' dir='ltr'><strong>murmurantes</strong></span> <span class='ocrx_word' id='word_1_108' title='bbox 1323 1563 1378 1608; x_wconf 89' lang='lat' dir='ltr'><strong>ct</strong></span> <span class='ocrx_word' id='word_1_109' title='bbox 1425 1553 1490 1609; x_wconf 91' lang='lat' dir='ltr'><strong>de</strong></span> <span class='ocrx_word' id='word_1_110' title='bbox 1537 1553 1896 1624; x_wconf 84' lang='lat' dir='ltr'><strong>promissione</strong></span> <span class='ocrx_word' id='word_1_111' title='bbox 1945 1560 2103 1605; x_wconf 73' lang='lat' dir='ltr'><strong>terra:</strong></span> 
     </span>
    </p>
   </div>
   <div class='ocr_carea' id='block_1_17' title="bbox 519 1643 2103 1714">
    <p class='ocr_par' dir='ltr' id='par_1_17' title="bbox 519 1643 2103 1714">
     <span class='ocr_line' id='line_1_17' title="bbox 519 1643 2103 1714; baseline -0.004 -11"><span class='ocrx_word' id='word_1_112' title='bbox 519 1649 774 1703; x_wconf 84' lang='lat' dir='ltr'><strong>Chanaan</strong></span> <span class='ocrx_word' id='word_1_113' title='bbox 804 1646 1139 1711; x_wconf 85' lang='lat' dir='ltr'><strong>dilIidentes,</strong></span> <span class='ocrx_word' id='word_1_114' title='bbox 1184 1653 1239 1701; x_wconf 88' lang='lat' dir='ltr'><strong>et</strong></span> <span class='ocrx_word' id='word_1_115' title='bbox 1284 1653 1407 1714; x_wconf 90' lang='lat' dir='ltr'><strong>post</strong></span> <span class='ocrx_word' id='word_1_116' title='bbox 1449 1645 1503 1699; x_wconf 92' lang='lat' dir='ltr'><strong>in</strong></span> <span class='ocrx_word' id='word_1_117' title='bbox 1559 1644 1761 1698; x_wconf 88' lang='lat' dir='ltr'><strong>deserto</strong></span> <span class='ocrx_word' id='word_1_118' title='bbox 1807 1643 2103 1699; x_wconf 81' lang='lat' dir='ltr'><strong>existentes</strong></span> 
     </span>
    </p>
   </div>
   <div class='ocr_carea' id='block_1_18' title="bbox 517 1733 2098 1804">
    <p class='ocr_par' dir='ltr' id='par_1_18' title="bbox 517 1733 2098 1804">
     <span class='ocr_line' id='line_1_18' title="bbox 517 1733 2098 1804; baseline -0.004 -12"><span class='ocrx_word' id='word_1_119' title='bbox 517 1739 612 1794; x_wconf 87' lang='lat' dir='ltr'><strong>ubi</strong></span> <span class='ocrx_word' id='word_1_120' title='bbox 642 1737 773 1792; x_wconf 84' lang='lat' dir='ltr'><strong>nihil</strong></span> <span class='ocrx_word' id='word_1_121' title='bbox 802 1737 1043 1792; x_wconf 88' lang='lat' dir='ltr'><strong>ciborum</strong></span> <span class='ocrx_word' id='word_1_122' title='bbox 1068 1745 1184 1791; x_wconf 85' lang='lat' dir='ltr'><strong>erat</strong></span> <span class='ocrx_word' id='word_1_123' title='bbox 1207 1736 1576 1804; x_wconf 84' lang='lat' dir='ltr'><strong>concupierunt</strong></span> <span class='ocrx_word' id='word_1_124' title='bbox 1608 1733 2098 1804; x_wconf 83' lang='lat' dir='ltr'><strong>concupiscentiam,</strong></span> 
     </span>
    </p>
   </div>
   <div class='ocr_carea' id='block_1_19' title="bbox 2200 549 3648 618">
    <p class='ocr_par' dir='ltr' id='par_1_19' title="bbox 2200 549 3648 618">
     <span class='ocr_line' id='line_1_19' title="bbox 2200 549 3648 618; baseline 0.004 -14"><span class='ocrx_word' id='word_1_125' title='bbox 2200 551 2517 606; x_wconf 86' lang='lat' dir='ltr'><strong>estdicere:</strong></span> <span class='ocrx_word' id='word_1_126' title='bbox 2549 549 2786 606; x_wconf 77' lang='lat' dir='ltr'><strong>Vitulum</strong></span> <span class='ocrx_word' id='word_1_127' title='bbox 2814 549 3166 614; x_wconf 83' lang='lat' dir='ltr'><strong>conﬂatiicm,</strong></span> <span class='ocrx_word' id='word_1_128' title='bbox 3207 550 3286 618; x_wconf 88' lang='lat' dir='ltr'><strong>qui</strong></span> <span class='ocrx_word' id='word_1_129' title='bbox 3312 552 3550 610; x_wconf 81' lang='lat' dir='ltr'><strong>similitudo</strong></span> <span class='ocrx_word' id='word_1_130' title='bbox 3565 567 3648 610; x_wconf 82' lang='lat' dir='ltr'><strong>erat</strong></span> 
     </span>
    </p>
   </div>
   <div class='ocr_carea' id='block_1_20' title="bbox 2195 640 3648 711">
    <p class='ocr_par' dir='ltr' id='par_1_20' title="bbox 2195 640 3648 711">
     <span class='ocr_line' id='line_1_20' title="bbox 2195 640 3648 711; baseline 0.004 -15"><span class='ocrx_word' id='word_1_131' title='bbox 2195 643 2309 697; x_wconf 89' lang='lat' dir='ltr'><strong>veri</strong></span> <span class='ocrx_word' id='word_1_132' title='bbox 2336 641 2525 708; x_wconf 87' lang='lat' dir='ltr'><strong>vituli,</strong></span> <span class='ocrx_word' id='word_1_133' title='bbox 2559 640 2731 696; x_wconf 91' lang='lat' dir='ltr'><strong>Deum</strong></span> <span class='ocrx_word' id='word_1_134' title='bbox 2759 655 2881 696; x_wconf 89' lang='lat' dir='ltr'><strong>esse</strong></span> <span class='ocrx_word' id='word_1_135' title='bbox 2931 648 3318 711; x_wconf 82' lang='lat' dir='ltr'><strong>reputavcrunt.</strong></span> <span class='ocrx_word' id='word_1_136' title='bbox 3362 641 3486 710; x_wconf 83' lang='lat' dir='ltr'><strong>Quod</strong></span> <span class='ocrx_word' id='word_1_137' title='bbox 3522 657 3648 702; x_wconf 82' lang='lat' dir='ltr'><strong>autem</strong></span> 
     </span>
    </p>
   </div>
   <div class='ocr_carea' id='block_1_21' title="bbox 2199 731 3652 801">
    <p class='ocr_par' dir='ltr' id='par_1_21' title="bbox 2199 731 3652 801">
     <span class='ocr_line' id='line_1_21' title="bbox 2199 731 3652 801; baseline 0.003 -17"><span class='ocrx_word' id='word_1_138' title='bbox 2199 731 2382 796; x_wconf 85' lang='lat' dir='ltr'><strong>addit,</strong></span> <span class='ocrx_word' id='word_1_139' title='bbox 2410 731 2725 785; x_wconf 87' lang='lat' dir='ltr'><strong>comedentis</strong></span> <span class='ocrx_word' id='word_1_140' title='bbox 2764 731 2976 800; x_wconf 75' lang='lat' dir='ltr'><strong>lenuns,</strong></span> <span class='ocrx_word' id='word_1_141' title='bbox 3021 745 3123 784; x_wconf 88' lang='lat' dir='ltr'><strong>non</strong></span> <span class='ocrx_word' id='word_1_142' title='bbox 3167 739 3246 784; x_wconf 87' lang='lat' dir='ltr'><strong>est</strong></span> <span class='ocrx_word' id='word_1_143' title='bbox 3277 732 3474 801; x_wconf 84' lang='lat' dir='ltr'><strong>positum</strong></span> <span class='ocrx_word' id='word_1_144' title='bbox 3501 737 3552 788; x_wconf 90' lang='lat' dir='ltr'><strong>ad</strong></span> <span class='ocrx_word' id='word_1_145' title='bbox 3579 737 3652 792; x_wconf 83' lang='lat' dir='ltr'><strong>dil-</strong></span> 
     </span>
    </p>
   </div>
   <div class='ocr_carea' id='block_1_22' title="bbox 2199 818 3655 892">
    <p class='ocr_par' dir='ltr' id='par_1_22' title="bbox 2199 818 3655 892">
     <span class='ocr_line' id='line_1_22' title="bbox 2199 818 3655 892; baseline 0.004 -18"><span class='ocrx_word' id='word_1_146' title='bbox 2199 819 2482 875; x_wconf 87' lang='lat' dir='ltr'><strong>ferentiam</strong></span> <span class='ocrx_word' id='word_1_147' title='bbox 2500 859 2516 886; x_wconf 95' lang='lat'><strong>,</strong></span> <span class='ocrx_word' id='word_1_148' title='bbox 2541 818 2637 875; x_wconf 91' lang='lat' dir='ltr'><strong>sed</strong></span> <span class='ocrx_word' id='word_1_149' title='bbox 2665 820 2732 874; x_wconf 90' lang='lat' dir='ltr'><strong>ad</strong></span> <span class='ocrx_word' id='word_1_150' title='bbox 2755 835 2942 875; x_wconf 87' lang='lat' dir='ltr'><strong>eorum</strong></span> <span class='ocrx_word' id='word_1_151' title='bbox 2973 819 3330 890; x_wconf 82' lang='lat' dir='ltr'><strong>ignominiam,</strong></span> <span class='ocrx_word' id='word_1_152' title='bbox 3351 824 3455 892; x_wconf 88' lang='lat' dir='ltr'><strong>quia</strong></span> <span class='ocrx_word' id='word_1_153' title='bbox 3477 825 3655 880; x_wconf 78' lang='lat' dir='ltr'><strong>videlicet</strong></span> 
     </span>
    </p>
   </div>
   <div class='ocr_carea' id='block_1_23' title="bbox 2200 911 3657 984">
    <p class='ocr_par' dir='ltr' id='par_1_23' title="bbox 2200 911 3657 984">
     <span class='ocr_line' id='line_1_23' title="bbox 2200 911 3657 984; baseline 0.003 -17"><span class='ocrx_word' id='word_1_154' title='bbox 2200 911 2341 967; x_wconf 89' lang='lat' dir='ltr'><strong>illius</strong></span> <span class='ocrx_word' id='word_1_155' title='bbox 2353 912 2760 967; x_wconf 90' lang='lat' dir='ltr'><strong>similitudinem</strong></span> <span class='ocrx_word' id='word_1_156' title='bbox 2773 911 2941 966; x_wconf 90' lang='lat' dir='ltr'><strong>Deum</strong></span> <span class='ocrx_word' id='word_1_157' title='bbox 2955 927 3074 968; x_wconf 84' lang='lat' dir='ltr'><strong>esse</strong></span> <span class='ocrx_word' id='word_1_158' title='bbox 3096 912 3345 979; x_wconf 87' lang='lat' dir='ltr'><strong>dixerunt,</strong></span> <span class='ocrx_word' id='word_1_159' title='bbox 3361 915 3464 984; x_wconf 85' lang='lat' dir='ltr'><strong>quia</strong></span> <span class='ocrx_word' id='word_1_160' title='bbox 3480 917 3580 971; x_wconf 85' lang='lat' dir='ltr'><strong>adeo</strong></span> <span class='ocrx_word' id='word_1_161' title='bbox 3596 933 3657 971; x_wconf 81' lang='lat' dir='ltr'><strong>res</strong></span> 
     </span>
    </p>
   </div>
   <div class='ocr_carea' id='block_1_24' title="bbox 2198 1000 3346 1072">
    <p class='ocr_par' dir='ltr' id='par_1_24' title="bbox 2198 1000 3346 1072">
     <span class='ocr_line' id='line_1_24' title="bbox 2198 1000 3346 1072; baseline 0.002 -18"><span class='ocrx_word' id='word_1_162' title='bbox 2198 1000 2390 1056; x_wconf 86' lang='lat' dir='ltr'><strong>debilis</strong></span> <span class='ocrx_word' id='word_1_163' title='bbox 2415 1009 2501 1056; x_wconf 90' lang='lat' dir='ltr'><strong>est</strong></span> <span class='ocrx_word' id='word_1_164' title='bbox 2522 1010 2579 1056; x_wconf 91' lang='lat' dir='ltr'><strong>et</strong></span> <span class='ocrx_word' id='word_1_165' title='bbox 2599 1000 2742 1067; x_wconf 84' lang='lat' dir='ltr'><strong>vilis,</strong></span> <span class='ocrx_word' id='word_1_166' title='bbox 2772 1001 2914 1070; x_wconf 89' lang='lat' dir='ltr'><strong>quod</strong></span> <span class='ocrx_word' id='word_1_167' title='bbox 2945 1000 3068 1056; x_wconf 90' lang='lat' dir='ltr'><strong>feno</strong></span> <span class='ocrx_word' id='word_1_168' title='bbox 3098 1002 3346 1072; x_wconf 87' lang='lat' dir='ltr'><strong>pascitur.</strong></span> 
     </span>
    </p>
   </div>
   <div class='ocr_carea' id='block_1_25' title="bbox 2270 1091 3658 1162">
    <p class='ocr_par' dir='ltr' id='par_1_25' title="bbox 2270 1091 3658 1162">
     <span class='ocr_line' id='line_1_25' title="bbox 2270 1091 3658 1162; baseline 0.002 -15"><span class='ocrx_word' id='word_1_169' title='bbox 2270 1091 2399 1147; x_wconf 89' lang='lat' dir='ltr'><strong>Dico</strong></span> <span class='ocrx_word' id='word_1_170' title='bbox 2425 1091 2566 1162; x_wconf 90' lang='lat' dir='ltr'><strong>quod</strong></span> <span class='ocrx_word' id='word_1_171' title='bbox 2594 1093 2947 1146; x_wconf 82' lang='lat' dir='ltr'><strong>adoravernnt</strong></span> <span class='ocrx_word' id='word_1_172' title='bbox 2985 1092 3252 1162; x_wconf 80' lang='lat' dir='ltr'><strong>sculptile,</strong></span> <span class='ocrx_word' id='word_1_173' title='bbox 3279 1103 3326 1148; x_wconf 86' lang='lat' dir='ltr'><strong>et</strong></span> <span class='ocrx_word' id='word_1_174' title='bbox 3347 1097 3414 1150; x_wconf 89' lang='lat' dir='ltr'><strong>sic</strong></span> <span class='ocrx_word' id='word_1_175' title='bbox 3437 1095 3550 1149; x_wconf 89' lang='lat' dir='ltr'><strong>obliti</strong></span> <span class='ocrx_word' id='word_1_176' title='bbox 3574 1107 3658 1150; x_wconf 75' lang='lat' dir='ltr'><strong>sunt</strong></span> 
     </span>
    </p>
   </div>
   <div class='ocr_carea' id='block_1_26' title="bbox 2200 1178 3660 1254">
    <p class='ocr_par' dir='ltr' id='par_1_26' title="bbox 2200 1178 3660 1254">
     <span class='ocr_line' id='line_1_26' title="bbox 2200 1178 3660 1254; baseline 0.002 -21"><span class='ocrx_word' id='word_1_177' title='bbox 2200 1178 2366 1234; x_wconf 85' lang='lat' dir='ltr'><strong>Deum</strong></span> <span class='ocrx_word' id='word_1_178' title='bbox 2379 1179 2468 1250; x_wconf 88' lang='lat' dir='ltr'><strong>qui</strong></span> <span class='ocrx_word' id='word_1_179' title='bbox 2488 1180 2708 1236; x_wconf 85' lang='lat' dir='ltr'><strong>minime</strong></span> <span class='ocrx_word' id='word_1_180' title='bbox 2719 1180 3114 1236; x_wconf 75' lang='lat' dir='ltr'><strong>obliviscendus</strong></span> <span class='ocrx_word' id='word_1_181' title='bbox 3128 1191 3278 1236; x_wconf 85' lang='lat' dir='ltr'><strong>esset:</strong></span> <span class='ocrx_word' id='word_1_182' title='bbox 3293 1183 3372 1254; x_wconf 80' lang='lat' dir='ltr'><strong>qui</strong></span> <span class='ocrx_word' id='word_1_183' title='bbox 3384 1183 3575 1237; x_wconf 78' lang='lat' dir='ltr'><strong>nimirum</strong></span> <span class='ocrx_word' id='word_1_184' title='bbox 3587 1185 3660 1237; x_wconf 79' lang='lat' dir='ltr'><strong>sal-</strong></span> 
     </span>
    </p>
   </div>
   <div class='ocr_carea' id='block_1_27' title="bbox 2199 1269 3661 1343">
    <p class='ocr_par' dir='ltr' id='par_1_27' title="bbox 2199 1269 3661 1343">
     <span class='ocr_line' id='line_1_27' title="bbox 2199 1269 3661 1343; baseline 0.001 -19"><span class='ocrx_word' id='word_1_185' title='bbox 2199 1272 2332 1324; x_wconf 71' lang='lat' dir='ltr'><strong>t&#39;avit</strong></span> <span class='ocrx_word' id='word_1_186' title='bbox 2349 1287 2458 1336; x_wconf 84' lang='lat' dir='ltr'><strong>eos,</strong></span> <span class='ocrx_word' id='word_1_187' title='bbox 2479 1269 2546 1325; x_wconf 90' lang='lat' dir='ltr'><strong>de</strong></span> <span class='ocrx_word' id='word_1_188' title='bbox 2563 1269 2846 1325; x_wconf 81' lang='lat' dir='ltr'><strong>Pharaone</strong></span> <span class='ocrx_word' id='word_1_189' title='bbox 2868 1280 2920 1326; x_wconf 89' lang='lat' dir='ltr'><strong>et</strong></span> <span class='ocrx_word' id='word_1_190' title='bbox 2953 1272 3019 1324; x_wconf 91' lang='lat' dir='ltr'><strong>de</strong></span> <span class='ocrx_word' id='word_1_191' title='bbox 3042 1273 3176 1325; x_wconf 88' lang='lat' dir='ltr'><strong>mari</strong></span> <span class='ocrx_word' id='word_1_192' title='bbox 3198 1272 3438 1337; x_wconf 78' lang='lat' dir='ltr'><strong>llubro,et</strong></span> <span class='ocrx_word' id='word_1_193' title='bbox 3453 1275 3661 1343; x_wconf 76' lang='lat' dir='ltr'><strong>quiprocis</strong></span> 
     </span>
    </p>
   </div>
   <div class='ocr_carea' id='block_1_28' title="bbox 2201 1359 3660 1434">
    <p class='ocr_par' dir='ltr' id='par_1_28' title="bbox 2201 1359 3660 1434">
     <span class='ocr_line' id='line_1_28' title="bbox 2201 1359 3660 1434; baseline 0.003 -21"><span class='ocrx_word' id='word_1_194' title='bbox 2201 1360 2322 1430; x_wconf 74' lang='lat' dir='ltr'><strong>fecit</strong></span> <span class='ocrx_word' id='word_1_195' title='bbox 2350 1359 2620 1431; x_wconf 88' lang='lat' dir='ltr'><strong>magnalia</strong></span> <span class='ocrx_word' id='word_1_196' title='bbox 2639 1362 2694 1416; x_wconf 89' lang='lat' dir='ltr'><strong>in</strong></span> <span class='ocrx_word' id='word_1_197' title='bbox 2725 1361 2981 1432; x_wconf 61' lang='lat' dir='ltr'><strong>Afgypto,</strong></span> <span class='ocrx_word' id='word_1_198' title='bbox 3013 1372 3068 1417; x_wconf 91' lang='lat' dir='ltr'><strong>et</strong></span> <span class='ocrx_word' id='word_1_199' title='bbox 3116 1378 3218 1417; x_wconf 92' lang='lat' dir='ltr'><strong>non</strong></span> <span class='ocrx_word' id='word_1_200' title='bbox 3241 1363 3573 1434; x_wconf 84' lang='lat' dir='ltr'><strong>qualiacunque,</strong></span> <span class='ocrx_word' id='word_1_201' title='bbox 3591 1365 3660 1418; x_wconf 88' lang='lat' dir='ltr'><strong>sed</strong></span> 
     </span>
    </p>
   </div>
   <div class='ocr_carea' id='block_1_29' title="bbox 2199 1453 3658 1524">
    <p class='ocr_par' dir='ltr' id='par_1_29' title="bbox 2199 1453 3658 1524">
     <span class='ocr_line' id='line_1_29' title="bbox 2199 1453 3658 1524; baseline 0.001 -18"><span class='ocrx_word' id='word_1_202' title='bbox 2199 1453 2465 1508; x_wconf 85' lang='lat' dir='ltr'><strong>mirabilia</strong></span> <span class='ocrx_word' id='word_1_203' title='bbox 2482 1456 2537 1508; x_wconf 91' lang='lat' dir='ltr'><strong>in</strong></span> <span class='ocrx_word' id='word_1_204' title='bbox 2555 1463 2696 1508; x_wconf 89' lang='lat' dir='ltr'><strong>terra</strong></span> <span class='ocrx_word' id='word_1_205' title='bbox 2711 1453 3075 1524; x_wconf 88' lang='lat' dir='ltr'><strong>Cham;ctpro</strong></span> <span class='ocrx_word' id='word_1_206' title='bbox 3085 1455 3162 1510; x_wconf 90' lang='lat' dir='ltr'><strong>eis</strong></span> <span class='ocrx_word' id='word_1_207' title='bbox 3183 1455 3336 1510; x_wconf 88' lang='lat' dir='ltr'><strong>etiam</strong></span> <span class='ocrx_word' id='word_1_208' title='bbox 3359 1455 3460 1510; x_wconf 86' lang='lat' dir='ltr'><strong>fecit</strong></span> <span class='ocrx_word' id='word_1_209' title='bbox 3475 1456 3658 1508; x_wconf 74' lang='lat' dir='ltr'><strong>terribilia</strong></span> 
     </span>
    </p>
   </div>
   <div class='ocr_carea' id='block_1_30' title="bbox 2201 1544 3663 1616">
    <p class='ocr_par' dir='ltr' id='par_1_30' title="bbox 2201 1544 3663 1616">
     <span class='ocr_line' id='line_1_30' title="bbox 2201 1544 3663 1616; baseline 0.001 -19"><span class='ocrx_word' id='word_1_210' title='bbox 2201 1545 2255 1598; x_wconf 89' lang='lat' dir='ltr'><strong>in</strong></span> <span class='ocrx_word' id='word_1_211' title='bbox 2278 1546 2410 1598; x_wconf 90' lang='lat' dir='ltr'><strong>mari</strong></span> <span class='ocrx_word' id='word_1_212' title='bbox 2432 1544 2630 1612; x_wconf 80' lang='lat' dir='ltr'><strong>Rubra,</strong></span> <span class='ocrx_word' id='word_1_213' title='bbox 2648 1545 2699 1600; x_wconf 88' lang='lat' dir='ltr'><strong>id</strong></span> <span class='ocrx_word' id='word_1_214' title='bbox 2725 1556 2806 1601; x_wconf 86' lang='lat' dir='ltr'><strong>est</strong></span> <span class='ocrx_word' id='word_1_215' title='bbox 2823 1546 2948 1601; x_wconf 84' lang='lat' dir='ltr'><strong>talia</strong></span> <span class='ocrx_word' id='word_1_216' title='bbox 2971 1561 3136 1616; x_wconf 87' lang='lat' dir='ltr'><strong>opera</strong></span> <span class='ocrx_word' id='word_1_217' title='bbox 3160 1547 3294 1601; x_wconf 89' lang='lat' dir='ltr'><strong>unde</strong></span> <span class='ocrx_word' id='word_1_218' title='bbox 3309 1547 3527 1602; x_wconf 88' lang='lat' dir='ltr'><strong>timendus</strong></span> <span class='ocrx_word' id='word_1_219' title='bbox 3544 1557 3663 1613; x_wconf 79' lang='lat' dir='ltr'><strong>esset,</strong></span> 
     </span>
    </p>
   </div>
   <div class='ocr_carea' id='block_1_31' title="bbox 2202 1635 3663 1709">
    <p class='ocr_par' dir='ltr' id='par_1_31' title="bbox 2202 1635 3663 1709">
     <span class='ocr_line' id='line_1_31' title="bbox 2202 1635 3663 1709; baseline 0.001 -21"><span class='ocrx_word' id='word_1_220' title='bbox 2202 1649 2322 1689; x_wconf 88' lang='lat' dir='ltr'><strong>cum</strong></span> <span class='ocrx_word' id='word_1_221' title='bbox 2341 1635 2680 1691; x_wconf 86' lang='lat' dir='ltr'><strong>Pharaonem</strong></span> <span class='ocrx_word' id='word_1_222' title='bbox 2709 1651 2830 1692; x_wconf 91' lang='lat' dir='ltr'><strong>cum</strong></span> <span class='ocrx_word' id='word_1_223' title='bbox 2844 1635 3008 1709; x_wconf 67' lang='grc'><strong>425</strong></span> <span class='ocrx_word' id='word_1_224' title='bbox 3021 1638 3258 1692; x_wconf 74' lang='lat' dir='ltr'><strong>exercitu</strong></span> <span class='ocrx_word' id='word_1_225' title='bbox 3283 1648 3380 1692; x_wconf 91' lang='lat' dir='ltr'><strong>toto</strong></span> <span class='ocrx_word' id='word_1_226' title='bbox 3402 1638 3663 1699; x_wconf 80' lang='lat' dir='ltr'><strong>demerserit;</strong></span> 
     </span>
    </p>
   </div>
   <div class='ocr_carea' id='block_1_32' title="bbox 2201 1727 3669 1794">
    <p class='ocr_par' dir='ltr' id='par_1_32' title="bbox 2201 1727 3669 1794">
     <span class='ocr_line' id='line_1_32' title="bbox 2201 1727 3669 1794; baseline 0.001 -16"><span class='ocrx_word' id='word_1_227' title='bbox 2201 1735 2248 1778; x_wconf 94' lang='lat' dir='ltr'><strong>et</strong></span> <span class='ocrx_word' id='word_1_228' title='bbox 2272 1727 2525 1794; x_wconf 88' lang='lat' dir='ltr'><strong>quoniam</strong></span> <span class='ocrx_word' id='word_1_229' title='bbox 2556 1727 2726 1782; x_wconf 88' lang='lat' dir='ltr'><strong>Deum</strong></span> <span class='ocrx_word' id='word_1_230' title='bbox 2753 1727 2898 1782; x_wconf 82' lang='lat' dir='ltr'><strong>obliti</strong></span> <span class='ocrx_word' id='word_1_231' title='bbox 2914 1739 3054 1792; x_wconf 88' lang='lat' dir='ltr'><strong>sunt,</strong></span> <span class='ocrx_word' id='word_1_232' title='bbox 3077 1728 3216 1783; x_wconf 87' lang='lat' dir='ltr'><strong>Deus</strong></span> <span class='ocrx_word' id='word_1_233' title='bbox 3231 1729 3371 1793; x_wconf 70' lang='lat' dir='ltr'><strong>dixit,</strong></span> <span class='ocrx_word' id='word_1_234' title='bbox 3387 1729 3429 1781; x_wconf 90' lang='lat' dir='ltr'><strong>id</strong></span> <span class='ocrx_word' id='word_1_235' title='bbox 3452 1737 3515 1782; x_wconf 77' lang='lat' dir='ltr'><strong>est</strong></span> <span class='ocrx_word' id='word_1_236' title='bbox 3536 1727 3669 1781; x_wconf 80' lang='lat' dir='ltr'><strong>statuit</strong></span> 
     </span>
    </p>
   </div>
   <div class='ocr_carea' id='block_1_33' title="bbox 520 1809 2099 1906">
    <p class='ocr_par' dir='ltr' id='par_1_33' title="bbox 520 1827 2096 1899">
     <span class='ocr_line' id='line_1_33' title="bbox 520 1827 2096 1899; baseline -0.002 -15"><span class='ocrx_word' id='word_1_237' title='bbox 520 1831 574 1884; x_wconf 89' lang='lat' dir='ltr'><strong>id</strong></span> <span class='ocrx_word' id='word_1_238' title='bbox 601 1839 688 1885; x_wconf 90' lang='lat' dir='ltr'><strong>est</strong></span> <span class='ocrx_word' id='word_1_239' title='bbox 729 1843 925 1886; x_wconf 91' lang='lat' dir='ltr'><strong>manna</strong></span> <span class='ocrx_word' id='word_1_240' title='bbox 958 1829 1100 1899; x_wconf 91' lang='lat' dir='ltr'><strong>quod</strong></span> <span class='ocrx_word' id='word_1_241' title='bbox 1129 1828 1566 1897; x_wconf 89' lang='lat' dir='ltr'><strong>concupiscentia</strong></span> <span class='ocrx_word' id='word_1_242' title='bbox 1602 1827 1817 1893; x_wconf 92' lang='lat' dir='ltr'><strong>dicitur,</strong></span> <span class='ocrx_word' id='word_1_243' title='bbox 1859 1841 1924 1882; x_wconf 93' lang='lat' dir='ltr'><strong>eo</strong></span> <span class='ocrx_word' id='word_1_244' title='bbox 1954 1827 2096 1897; x_wconf 91' lang='lat' dir='ltr'><strong>quod</strong></span> 
     </span>
    </p>
   </div>
   <div class='ocr_carea' id='block_1_34' title="bbox 2204 1809 3670 1906">
    <p class='ocr_par' dir='ltr' id='par_1_34' title="bbox 2204 1815 3670 1888">
     <span class='ocr_line' id='line_1_34' title="bbox 2204 1815 3670 1888; baseline 0 -20"><span class='ocrx_word' id='word_1_245' title='bbox 2204 1824 2252 1868; x_wconf 88' lang='lat' dir='ltr'><strong>ut</strong></span> <span class='ocrx_word' id='word_1_246' title='bbox 2278 1815 2601 1884; x_wconf 81' lang='lat' dir='ltr'><strong>disperderet</strong></span> <span class='ocrx_word' id='word_1_247' title='bbox 2624 1833 2732 1882; x_wconf 81' lang='lat' dir='ltr'><strong>eos,</strong></span> <span class='ocrx_word' id='word_1_248' title='bbox 2776 1817 2824 1871; x_wconf 90' lang='lat' dir='ltr'><strong>si</strong></span> <span class='ocrx_word' id='word_1_249' title='bbox 2844 1833 2946 1871; x_wconf 90' lang='lat' dir='ltr'><strong>non</strong></span> <span class='ocrx_word' id='word_1_250' title='bbox 2992 1815 3202 1888; x_wconf 82' lang='lat' dir='ltr'><strong>Moyses</strong></span> <span class='ocrx_word' id='word_1_251' title='bbox 3235 1818 3405 1872; x_wconf 78' lang='lat' dir='ltr'><strong>electus</strong></span> <span class='ocrx_word' id='word_1_252' title='bbox 3427 1816 3531 1886; x_wconf 83' lang='lat' dir='ltr'><strong>ejus,</strong></span> <span class='ocrx_word' id='word_1_253' title='bbox 3554 1817 3592 1871; x_wconf 83' lang='lat' dir='ltr'><strong>id</strong></span> <span class='ocrx_word' id='word_1_254' title='bbox 3613 1825 3670 1870; x_wconf 88' lang='lat' dir='ltr'><strong>est</strong></span> 
     </span>
    </p>
   </div>
   <div class='ocr_carea' id='block_1_35' title="bbox 519 1917 2100 1992">
    <p class='ocr_par' dir='ltr' id='par_1_35' title="bbox 519 1917 2100 1992">
     <span class='ocr_line' id='line_1_35' title="bbox 519 1917 2100 1992; baseline -0.003 -15"><span class='ocrx_word' id='word_1_255' title='bbox 519 1921 962 1991; x_wconf 86' lang='lat' dir='ltr'><strong>concupiscentia</strong></span> <span class='ocrx_word' id='word_1_256' title='bbox 1013 1919 1268 1992; x_wconf 87' lang='lat' dir='ltr'><strong>ingluviei</strong></span> <span class='ocrx_word' id='word_1_257' title='bbox 1310 1919 1411 1974; x_wconf 85' lang='lat' dir='ltr'><strong>fuit</strong></span> <span class='ocrx_word' id='word_1_258' title='bbox 1455 1928 1740 1990; x_wconf 88' lang='lat' dir='ltr'><strong>optatum;</strong></span> <span class='ocrx_word' id='word_1_259' title='bbox 1777 1917 1860 1973; x_wconf 82' lang='lat' dir='ltr'><strong>vel</strong></span> <span class='ocrx_word' id='word_1_260' title='bbox 1911 1935 2100 1972; x_wconf 85' lang='lat' dir='ltr'><strong>concu-</strong></span> 
     </span>
    </p>
   </div>
   <div class='ocr_carea' id='block_1_36' title="bbox 449 2012 2100 2094">
    <p class='ocr_par' dir='ltr' id='par_1_36' title="bbox 449 2012 2100 2094">
     <span class='ocr_line' id='line_1_36' title="bbox 449 2012 2100 2094; baseline -0.004 -21"><span class='ocrx_word' id='word_1_261' title='bbox 449 2092 456 2094; x_wconf 88' lang='lat'>_</span> <span class='ocrx_word' id='word_1_262' title='bbox 517 2019 846 2090; x_wconf 85' lang='lat' dir='ltr'><strong>piscentiam,</strong></span> <span class='ocrx_word' id='word_1_263' title='bbox 878 2017 931 2073; x_wconf 90' lang='lat' dir='ltr'><strong>id</strong></span> <span class='ocrx_word' id='word_1_264' title='bbox 961 2025 1042 2073; x_wconf 90' lang='lat' dir='ltr'><strong>est</strong></span> <span class='ocrx_word' id='word_1_265' title='bbox 1081 2015 1220 2072; x_wconf 90' lang='lat' dir='ltr'><strong>ollas</strong></span> <span class='ocrx_word' id='word_1_266' title='bbox 1267 2015 1546 2083; x_wconf 91' lang='lat' dir='ltr'><strong>carnium,</strong></span> <span class='ocrx_word' id='word_1_267' title='bbox 1579 2029 1715 2085; x_wconf 89' lang='lat' dir='ltr'><strong>quas</strong></span> <span class='ocrx_word' id='word_1_268' title='bbox 1761 2015 1813 2070; x_wconf 92' lang='lat' dir='ltr'><strong>in</strong></span> <span class='ocrx_word' id='word_1_269' title='bbox 1866 2012 2100 2085; x_wconf 67' lang='lat' dir='ltr'><strong>Algypto</strong></span> 
     </span>
    </p>
   </div>
   <div class='ocr_carea' id='block_1_37' title="bbox 519 2103 2097 2179">
    <p class='ocr_par' dir='ltr' id='par_1_37' title="bbox 519 2103 2097 2179">
     <span class='ocr_line' id='line_1_37' title="bbox 519 2103 2097 2179; baseline -0.004 -15"><span class='ocrx_word' id='word_1_270' title='bbox 519 2111 868 2175; x_wconf 86' lang='lat' dir='ltr'><strong>habuerant,</strong></span> <span class='ocrx_word' id='word_1_271' title='bbox 920 2119 966 2163; x_wconf 91' lang='lat' dir='ltr'><strong>et</strong></span> <span class='ocrx_word' id='word_1_272' title='bbox 1023 2108 1456 2179; x_wconf 87' lang='lat' dir='ltr'><strong>concupiscendo</strong></span> <span class='ocrx_word' id='word_1_273' title='bbox 1511 2115 1841 2161; x_wconf 84' lang='lat' dir='ltr'><strong>tentaveruttt</strong></span> <span class='ocrx_word' id='word_1_274' title='bbox 1890 2103 2097 2169; x_wconf 85' lang='lat' dir='ltr'><strong>Deum,</strong></span> 
     </span>
    </p>
   </div>
   <div class='ocr_carea' id='block_1_38' title="bbox 521 2193 2103 2266">
    <p class='ocr_par' dir='ltr' id='par_1_38' title="bbox 521 2193 2103 2266">
     <span class='ocr_line' id='line_1_38' title="bbox 521 2193 2103 2266; baseline -0.004 -15"><span class='ocrx_word' id='word_1_275' title='bbox 521 2197 814 2252; x_wconf 70' lang='lat' dir='ltr'><strong>diuidendo</strong></span> <span class='ocrx_word' id='word_1_276' title='bbox 844 2197 908 2251; x_wconf 90' lang='lat' dir='ltr'><strong>de</strong></span> <span class='ocrx_word' id='word_1_277' title='bbox 945 2196 1183 2266; x_wconf 92' lang='lat' dir='ltr'><strong>potentia</strong></span> <span class='ocrx_word' id='word_1_278' title='bbox 1217 2196 1352 2266; x_wconf 84' lang='lat' dir='ltr'><strong>ejus,</strong></span> <span class='ocrx_word' id='word_1_279' title='bbox 1400 2202 1455 2249; x_wconf 92' lang='lat' dir='ltr'><strong>et</strong></span> <span class='ocrx_word' id='word_1_280' title='bbox 1504 2193 1799 2249; x_wconf 90' lang='lat' dir='ltr'><strong>dubitando</strong></span> <span class='ocrx_word' id='word_1_281' title='bbox 1824 2208 1890 2246; x_wconf 89' lang='lat' dir='ltr'><strong>an</strong></span> <span class='ocrx_word' id='word_1_282' title='bbox 1923 2201 2103 2262; x_wconf 82' lang='lat' dir='ltr'><strong>posset</strong></span> 
     </span>
    </p>
   </div>
   <div class='ocr_carea' id='block_1_39' title="bbox 520 2280 2099 2352">
    <p class='ocr_par' dir='ltr' id='par_1_39' title="bbox 520 2280 2099 2352">
     <span class='ocr_line' id='line_1_39' title="bbox 520 2280 2099 2352; baseline -0.003 -11"><span class='ocrx_word' id='word_1_283' title='bbox 520 2287 606 2341; x_wconf 92' lang='lat' dir='ltr'><strong>eis</strong></span> <span class='ocrx_word' id='word_1_284' title='bbox 637 2301 792 2340; x_wconf 88' lang='lat' dir='ltr'><strong>escas</strong></span> <span class='ocrx_word' id='word_1_285' title='bbox 821 2286 971 2348; x_wconf 91' lang='lat' dir='ltr'><strong>dare,</strong></span> <span class='ocrx_word' id='word_1_286' title='bbox 1001 2291 1057 2338; x_wconf 89' lang='lat' dir='ltr'><strong>et</strong></span> <span class='ocrx_word' id='word_1_287' title='bbox 1089 2285 1196 2338; x_wconf 88' lang='lat' dir='ltr'><strong>hoc</strong></span> <span class='ocrx_word' id='word_1_288' title='bbox 1238 2285 1292 2337; x_wconf 87' lang='lat' dir='ltr'><strong>in</strong></span> <span class='ocrx_word' id='word_1_289' title='bbox 1337 2283 1624 2352; x_wconf 89' lang='lat' dir='ltr'><strong>inaquoso,</strong></span> <span class='ocrx_word' id='word_1_290' title='bbox 1661 2281 1715 2336; x_wconf 88' lang='lat' dir='ltr'><strong>id</strong></span> <span class='ocrx_word' id='word_1_291' title='bbox 1762 2290 1873 2346; x_wconf 88' lang='lat' dir='ltr'><strong>est,</strong></span> <span class='ocrx_word' id='word_1_292' title='bbox 1909 2281 1962 2334; x_wconf 94' lang='lat' dir='ltr'><strong>in</strong></span> <span class='ocrx_word' id='word_1_293' title='bbox 2009 2280 2099 2336; x_wconf 82' lang='lat' dir='ltr'><strong>de-</strong></span> 
     </span>
    </p>
   </div>
   <div class='ocr_carea' id='block_1_40' title="bbox 521 2369 2102 2428">
    <p class='ocr_par' dir='ltr' id='par_1_40' title="bbox 521 2369 2102 2428">
     <span class='ocr_line' id='line_1_40' title="bbox 521 2369 2102 2428; baseline -0.004 0"><span class='ocrx_word' id='word_1_294' title='bbox 521 2381 670 2428; x_wconf 91' lang='lat' dir='ltr'><strong>serto</strong></span> <span class='ocrx_word' id='word_1_295' title='bbox 715 2373 804 2426; x_wconf 89' lang='lat' dir='ltr'><strong>ubi</strong></span> <span class='ocrx_word' id='word_1_296' title='bbox 859 2371 1048 2425; x_wconf 84' lang='lat' dir='ltr'><strong>saltem</strong></span> <span class='ocrx_word' id='word_1_297' title='bbox 1109 2372 1303 2425; x_wconf 89' lang='lat' dir='ltr'><strong>timore</strong></span> <span class='ocrx_word' id='word_1_298' title='bbox 1357 2370 1677 2426; x_wconf 87' lang='lat' dir='ltr'><strong>debuissent</strong></span> <span class='ocrx_word' id='word_1_299' title='bbox 1723 2383 1752 2422; x_wconf 92' lang='lat' dir='ltr'><strong>a</strong></span> <span class='ocrx_word' id='word_1_300' title='bbox 1804 2369 2102 2423; x_wconf 90' lang='lat' dir='ltr'><strong>tentatione</strong></span> 
     </span>
    </p>
   </div>
   <div class='ocr_carea' id='block_1_41' title="bbox 521 2457 2102 2527">
    <p class='ocr_par' dir='ltr' id='par_1_41' title="bbox 521 2457 2102 2527">
     <span class='ocr_line' id='line_1_41' title="bbox 521 2457 2102 2527; baseline -0.004 -11"><span class='ocrx_word' id='word_1_301' title='bbox 521 2474 794 2523; x_wconf 89' lang='lat' dir='ltr'><strong>cessasse;</strong></span> <span class='ocrx_word' id='word_1_302' title='bbox 837 2468 892 2514; x_wconf 89' lang='lat' dir='ltr'><strong>et</strong></span> <span class='ocrx_word' id='word_1_303' title='bbox 941 2458 1070 2514; x_wconf 90' lang='lat' dir='ltr'><strong>licet</strong></span> <span class='ocrx_word' id='word_1_304' title='bbox 1100 2465 1431 2522; x_wconf 89' lang='lat' dir='ltr'><strong>tentassent,</strong></span> <span class='ocrx_word' id='word_1_305' title='bbox 1461 2457 1603 2512; x_wconf 83' lang='lat' dir='ltr'><strong>dedit</strong></span> <span class='ocrx_word' id='word_1_306' title='bbox 1653 2465 1830 2510; x_wconf 89' lang='lat' dir='ltr'><strong>tamen</strong></span> <span class='ocrx_word' id='word_1_307' title='bbox 1869 2457 1942 2511; x_wconf 90' lang='lat' dir='ltr'><strong>eis</strong></span> <span class='ocrx_word' id='word_1_308' title='bbox 1973 2459 2102 2527; x_wconf 86' lang='lat' dir='ltr'><strong>peti-</strong></span> 
     </span>
    </p>
   </div>
   <div class='ocr_carea' id='block_1_42' title="bbox 521 2545 2102 2619">
    <p class='ocr_par' dir='ltr' id='par_1_42' title="bbox 521 2545 2102 2619">
     <span class='ocr_line' id='line_1_42' title="bbox 521 2545 2102 2619; baseline -0.004 -15"><span class='ocrx_word' id='word_1_309' title='bbox 521 2551 713 2604; x_wconf 87' lang='lat' dir='ltr'><strong>tionem</strong></span> <span class='ocrx_word' id='word_1_310' title='bbox 759 2550 1024 2619; x_wconf 88' lang='lat' dir='ltr'><strong>ipsorum,</strong></span> <span class='ocrx_word' id='word_1_311' title='bbox 1055 2555 1111 2601; x_wconf 92' lang='lat' dir='ltr'><strong>et</strong></span> <span class='ocrx_word' id='word_1_312' title='bbox 1159 2547 1261 2602; x_wconf 90' lang='lat' dir='ltr'><strong>hoc</strong></span> <span class='ocrx_word' id='word_1_313' title='bbox 1289 2546 1452 2601; x_wconf 90' lang='lat' dir='ltr'><strong>modo</strong></span> <span class='ocrx_word' id='word_1_314' title='bbox 1496 2545 1715 2616; x_wconf 88' lang='lat' dir='ltr'><strong>quidem</strong></span> <span class='ocrx_word' id='word_1_315' title='bbox 1766 2545 1942 2609; x_wconf 85' lang='lat' dir='ltr'><strong>dedit,</strong></span> <span class='ocrx_word' id='word_1_316' title='bbox 1974 2546 2102 2615; x_wconf 88' lang='lat' dir='ltr'><strong>quia</strong></span> 
     </span>
    </p>
   </div>
   <div class='ocr_carea' id='block_1_43' title="bbox 519 2637 2097 2704">
    <p class='ocr_par' dir='ltr' id='par_1_43' title="bbox 519 2637 2097 2704">
     <span class='ocr_line' id='line_1_43' title="bbox 519 2637 2097 2704; baseline -0.003 -7"><span class='ocrx_word' id='word_1_317' title='bbox 519 2642 786 2698; x_wconf 88' lang='lat' dir='ltr'><strong>mittendo</strong></span> <span class='ocrx_word' id='word_1_318' title='bbox 815 2657 1012 2696; x_wconf 85' lang='lat' dir='ltr'><strong>manna</strong></span> <span class='ocrx_word' id='word_1_319' title='bbox 1037 2640 1178 2695; x_wconf 80' lang='lat' dir='ltr'><strong>misit</strong></span> <span class='ocrx_word' id='word_1_320' title='bbox 1207 2639 1535 2694; x_wconf 75' lang='lat' dir='ltr'><strong>saturitatem</strong></span> <span class='ocrx_word' id='word_1_321' title='bbox 1571 2637 1627 2691; x_wconf 91' lang='lat' dir='ltr'><strong>in</strong></span> <span class='ocrx_word' id='word_1_322' title='bbox 1654 2637 1860 2692; x_wconf 88' lang='lat' dir='ltr'><strong>animas</strong></span> <span class='ocrx_word' id='word_1_323' title='bbox 1886 2654 2097 2704; x_wconf 87' lang='lat' dir='ltr'><strong>eorum,</strong></span> 
     </span>
    </p>
   </div>
   <div class='ocr_carea' id='block_1_44' title="bbox 519 2727 2103 2804">
    <p class='ocr_par' dir='ltr' id='par_1_44' title="bbox 519 2727 2103 2804">
     <span class='ocr_line' id='line_1_44' title="bbox 519 2727 2103 2804; baseline -0.003 -15"><span class='ocrx_word' id='word_1_324' title='bbox 519 2736 574 2791; x_wconf 89' lang='lat' dir='ltr'><strong>id</strong></span> <span class='ocrx_word' id='word_1_325' title='bbox 603 2745 686 2790; x_wconf 88' lang='lat' dir='ltr'><strong>est</strong></span> <span class='ocrx_word' id='word_1_326' title='bbox 711 2734 973 2790; x_wconf 86' lang='lat' dir='ltr'><strong>saturavit</strong></span> <span class='ocrx_word' id='word_1_327' title='bbox 1003 2731 1460 2804; x_wconf 82' lang='lat' dir='ltr'><strong>vegetabilitatem</strong></span> <span class='ocrx_word' id='word_1_328' title='bbox 1495 2745 1714 2796; x_wconf 90' lang='lat' dir='ltr'><strong>eorum;</strong></span> <span class='ocrx_word' id='word_1_329' title='bbox 1760 2739 1806 2783; x_wconf 89' lang='lat' dir='ltr'><strong>et</strong></span> <span class='ocrx_word' id='word_1_330' title='bbox 1830 2729 1958 2784; x_wconf 87' lang='lat' dir='ltr'><strong>licet</strong></span> <span class='ocrx_word' id='word_1_331' title='bbox 1987 2727 2103 2785; x_wconf 64' lang='lat' dir='ltr'><strong>haec</strong></span> 
     </span>
    </p>
   </div>
   <div class='ocr_carea' id='block_1_45' title="bbox 518 2819 2098 2890">
    <p class='ocr_par' dir='ltr' id='par_1_45' title="bbox 518 2819 2098 2890">
     <span class='ocr_line' id='line_1_45' title="bbox 518 2819 2098 2890; baseline -0.006 -8"><span class='ocrx_word' id='word_1_332' title='bbox 518 2827 598 2882; x_wconf 88' lang='lat' dir='ltr'><strong>eis</strong></span> <span class='ocrx_word' id='word_1_333' title='bbox 625 2825 886 2881; x_wconf 83' lang='lat' dir='ltr'><strong>beneficia</strong></span> <span class='ocrx_word' id='word_1_334' title='bbox 920 2824 1222 2888; x_wconf 88' lang='lat' dir='ltr'><strong>conferret,</strong></span> <span class='ocrx_word' id='word_1_335' title='bbox 1258 2831 1436 2877; x_wconf 89' lang='lat' dir='ltr'><strong>tamen</strong></span> <span class='ocrx_word' id='word_1_336' title='bbox 1467 2822 1813 2876; x_wconf 76' lang='lat' dir='ltr'><strong>irritaverant</strong></span> <span class='ocrx_word' id='word_1_337' title='bbox 1845 2819 2098 2890; x_wconf 84' lang='lat' dir='ltr'><strong>Moysen,</strong></span> 
     </span>
    </p>
   </div>
   <div class='ocr_carea' id='block_1_46' title="bbox 517 2912 2100 2980">
    <p class='ocr_par' dir='ltr' id='par_1_46' title="bbox 517 2912 2100 2980">
     <span class='ocr_line' id='line_1_46' title="bbox 517 2912 2100 2980; baseline -0.003 -8"><span class='ocrx_word' id='word_1_338' title='bbox 517 2927 572 2972; x_wconf 88' lang='lat' dir='ltr'><strong>et</strong></span> <span class='ocrx_word' id='word_1_339' title='bbox 605 2917 706 2972; x_wconf 90' lang='lat' dir='ltr'><strong>hoc</strong></span> <span class='ocrx_word' id='word_1_340' title='bbox 735 2920 790 2970; x_wconf 89' lang='lat' dir='ltr'><strong>in</strong></span> <span class='ocrx_word' id='word_1_341' title='bbox 816 2916 1025 2980; x_wconf 86' lang='lat' dir='ltr'><strong>castris,</strong></span> <span class='ocrx_word' id='word_1_342' title='bbox 1060 2915 1148 2970; x_wconf 87' lang='lat' dir='ltr'><strong>ubi</strong></span> <span class='ocrx_word' id='word_1_343' title='bbox 1195 2915 1346 2970; x_wconf 90' lang='lat' dir='ltr'><strong>locus</strong></span> <span class='ocrx_word' id='word_1_344' title='bbox 1376 2921 1494 2969; x_wconf 90' lang='lat' dir='ltr'><strong>erat</strong></span> <span class='ocrx_word' id='word_1_345' title='bbox 1535 2912 1774 2977; x_wconf 91' lang='lat' dir='ltr'><strong>timoris,</strong></span> <span class='ocrx_word' id='word_1_346' title='bbox 1823 2921 1878 2967; x_wconf 92' lang='lat' dir='ltr'><strong>et</strong></span> <span class='ocrx_word' id='word_1_347' title='bbox 1923 2912 2100 2967; x_wconf 78' lang='lat' dir='ltr'><strong>Aaron</strong></span> 
     </span>
    </p>
   </div>
   <div class='ocr_carea' id='block_1_47' title="bbox 516 3004 2102 3076">
    <p class='ocr_par' dir='ltr' id='par_1_47' title="bbox 516 3004 2102 3076">
     <span class='ocr_line' id='line_1_47' title="bbox 516 3004 2102 3076; baseline -0.002 -13"><span class='ocrx_word' id='word_1_348' title='bbox 516 3009 1139 3064; x_wconf 87' lang='lat' dir='ltr'><strong>irritaveruntsanctum</strong></span> <span class='ocrx_word' id='word_1_349' title='bbox 1181 3006 1518 3062; x_wconf 88' lang='lat' dir='ltr'><strong>sacerdotem</strong></span> <span class='ocrx_word' id='word_1_350' title='bbox 1577 3004 1815 3059; x_wconf 87' lang='lat' dir='ltr'><strong>Domini.</strong></span> <span class='ocrx_word' id='word_1_351' title='bbox 1877 3004 2102 3076; x_wconf 87' lang='lat' dir='ltr'><strong>Legitur</strong></span> 
     </span>
    </p>
   </div>
   <div class='ocr_carea' id='block_1_48' title="bbox 516 3093 2098 3169">
    <p class='ocr_par' dir='ltr' id='par_1_48' title="bbox 516 3093 2098 3169">
     <span class='ocr_line' id='line_1_48' title="bbox 516 3093 2098 3169; baseline -0.003 -15"><span class='ocrx_word' id='word_1_352' title='bbox 516 3099 662 3155; x_wconf 89' lang='lat' dir='ltr'><strong>enim</strong></span> <span class='ocrx_word' id='word_1_353' title='bbox 689 3099 858 3169; x_wconf 89' lang='lat' dir='ltr'><strong>quod,</strong></span> <span class='ocrx_word' id='word_1_354' title='bbox 891 3113 1015 3153; x_wconf 89' lang='lat' dir='ltr'><strong>cum</strong></span> <span class='ocrx_word' id='word_1_355' title='bbox 1064 3096 1273 3169; x_wconf 82' lang='lat' dir='ltr'><strong>Moyses</strong></span> <span class='ocrx_word' id='word_1_356' title='bbox 1302 3094 1457 3165; x_wconf 86' lang='lat' dir='ltr'><strong>jussu</strong></span> <span class='ocrx_word' id='word_1_357' title='bbox 1495 3095 1709 3150; x_wconf 88' lang='lat' dir='ltr'><strong>Domini</strong></span> <span class='ocrx_word' id='word_1_358' title='bbox 1759 3096 1941 3150; x_wconf 80' lang='lat' dir='ltr'><strong>Aaron</strong></span> <span class='ocrx_word' id='word_1_359' title='bbox 1987 3093 2098 3149; x_wconf 89' lang='lat' dir='ltr'><strong>fra-</strong></span> 
     </span>
    </p>
   </div>
   <div class='ocr_carea' id='block_1_49' title="bbox 2203 1905 3668 1977">
    <p class='ocr_par' dir='ltr' id='par_1_49' title="bbox 2203 1905 3668 1977">
     <span class='ocr_line' id='line_1_49' title="bbox 2203 1905 3668 1977; baseline -0.002 -17"><span class='ocrx_word' id='word_1_360' title='bbox 2203 1906 2414 1962; x_wconf 87' lang='lat' dir='ltr'><strong>amieus</strong></span> <span class='ocrx_word' id='word_1_361' title='bbox 2443 1905 2578 1975; x_wconf 86' lang='lat' dir='ltr'><strong>ejus,</strong></span> <span class='ocrx_word' id='word_1_362' title='bbox 2605 1921 2705 1977; x_wconf 91' lang='lat' dir='ltr'><strong>pro</strong></span> <span class='ocrx_word' id='word_1_363' title='bbox 2734 1921 2842 1977; x_wconf 91' lang='lat' dir='ltr'><strong>quo</strong></span> <span class='ocrx_word' id='word_1_364' title='bbox 2869 1908 2984 1977; x_wconf 89' lang='lat' dir='ltr'><strong>ipse</strong></span> <span class='ocrx_word' id='word_1_365' title='bbox 3029 1907 3254 1962; x_wconf 90' lang='lat' dir='ltr'><strong>multum</strong></span> <span class='ocrx_word' id='word_1_366' title='bbox 3295 1907 3491 1961; x_wconf 83' lang='lat' dir='ltr'><strong>debebat</strong></span> <span class='ocrx_word' id='word_1_367' title='bbox 3528 1907 3668 1964; x_wconf 81' lang='lat' dir='ltr'><strong>facere.</strong></span> 
     </span>
    </p>
   </div>
   <div class='ocr_carea' id='block_1_50' title="bbox 2203 1996 3673 2069">
    <p class='ocr_par' dir='ltr' id='par_1_50' title="bbox 2203 1996 3673 2069">
     <span class='ocr_line' id='line_1_50' title="bbox 2203 1996 3673 2069; baseline -0.004 -16"><span class='ocrx_word' id='word_1_368' title='bbox 2203 1999 2424 2053; x_wconf 83' lang='lat' dir='ltr'><strong>stetisset</strong></span> <span class='ocrx_word' id='word_1_369' title='bbox 2449 2013 2547 2069; x_wconf 88' lang='lat' dir='ltr'><strong>pro</strong></span> <span class='ocrx_word' id='word_1_370' title='bbox 2577 1998 2676 2065; x_wconf 89' lang='lat' dir='ltr'><strong>eis,</strong></span> <span class='ocrx_word' id='word_1_371' title='bbox 2707 2003 2763 2053; x_wconf 73' lang='lat' dir='ltr'><strong>in</strong></span> <span class='ocrx_word' id='word_1_372' title='bbox 2805 1999 3186 2069; x_wconf 77' lang='lat' dir='ltr'><strong>confractione,</strong></span> <span class='ocrx_word' id='word_1_373' title='bbox 3239 1997 3288 2052; x_wconf 90' lang='lat' dir='ltr'><strong>id</strong></span> <span class='ocrx_word' id='word_1_374' title='bbox 3329 2009 3401 2052; x_wconf 88' lang='lat' dir='ltr'><strong>est</strong></span> <span class='ocrx_word' id='word_1_375' title='bbox 3433 1998 3477 2050; x_wconf 88' lang='lat' dir='ltr'><strong>in</strong></span> <span class='ocrx_word' id='word_1_376' title='bbox 3507 1996 3673 2049; x_wconf 73' lang='lat' dir='ltr'><strong>tuasinta</strong></span> 
     </span>
    </p>
   </div>
   <div class='ocr_carea' id='block_1_51' title="bbox 2203 2090 3673 2169">
    <p class='ocr_par' dir='ltr' id='par_1_51' title="bbox 2203 2090 3673 2169">
     <span class='ocr_line' id='line_1_51' title="bbox 2203 2090 3673 2169; baseline -0.004 -19"><span class='ocrx_word' id='word_1_377' title='bbox 2203 2097 2476 2154; x_wconf 83' lang='lat' dir='ltr'><strong>anxietate</strong></span> <span class='ocrx_word' id='word_1_378' title='bbox 2501 2097 2909 2161; x_wconf 85' lang='lat' dir='ltr'><strong>sollicitudinis,</strong></span> <span class='ocrx_word' id='word_1_379' title='bbox 2941 2113 3108 2154; x_wconf 87' lang='lat' dir='ltr'><strong>orans</strong></span> <span class='ocrx_word' id='word_1_380' title='bbox 3133 2107 3290 2154; x_wconf 72' lang='lat' dir='ltr'><strong>deum</strong></span> <span class='ocrx_word' id='word_1_381' title='bbox 3319 2112 3405 2169; x_wconf 89' lang='lat' dir='ltr'><strong>pro</strong></span> <span class='ocrx_word' id='word_1_382' title='bbox 3436 2096 3533 2165; x_wconf 86' lang='lat' dir='ltr'><strong>ipsis</strong></span> <span class='ocrx_word' id='word_1_383' title='bbox 3559 2090 3673 2146; x_wconf 87' lang='lat' dir='ltr'><strong>uteis</strong></span> 
     </span>
    </p>
   </div>
   <div class='ocr_carea' id='block_1_52' title="bbox 2201 2183 3676 2260">
    <p class='ocr_par' dir='ltr' id='par_1_52' title="bbox 2201 2183 3676 2260">
     <span class='ocr_line' id='line_1_52' title="bbox 2201 2183 3676 2260; baseline -0.007 -18"><span class='ocrx_word' id='word_1_384' title='bbox 2201 2198 2466 2260; x_wconf 86' lang='lat' dir='ltr'><strong>parceret.</strong></span> <span class='ocrx_word' id='word_1_385' title='bbox 2506 2188 2635 2243; x_wconf 91' lang='lat' dir='ltr'><strong>Dico</strong></span> <span class='ocrx_word' id='word_1_386' title='bbox 2661 2188 2705 2241; x_wconf 91' lang='lat' dir='ltr'><strong>si</strong></span> <span class='ocrx_word' id='word_1_387' title='bbox 2739 2204 2842 2241; x_wconf 88' lang='lat' dir='ltr'><strong>non</strong></span> <span class='ocrx_word' id='word_1_388' title='bbox 2870 2186 3093 2242; x_wconf 87' lang='lat' dir='ltr'><strong>stetisset</strong></span> <span class='ocrx_word' id='word_1_389' title='bbox 3124 2185 3176 2241; x_wconf 90' lang='lat' dir='ltr'><strong>in</strong></span> <span class='ocrx_word' id='word_1_390' title='bbox 3206 2186 3587 2256; x_wconf 74' lang='lat' dir='ltr'><strong>confractionc,et</strong></span> <span class='ocrx_word' id='word_1_391' title='bbox 3605 2183 3676 2233; x_wconf 86' lang='lat' dir='ltr'><strong>hoc</strong></span> 
     </span>
    </p>
   </div>
   <div class='ocr_carea' id='block_1_53' title="bbox 2201 2272 3678 2352">
    <p class='ocr_par' dir='ltr' id='par_1_53' title="bbox 2201 2272 3678 2352">
     <span class='ocr_line' id='line_1_53' title="bbox 2201 2272 3678 2352; baseline -0.007 -18"><span class='ocrx_word' id='word_1_392' title='bbox 2201 2283 2256 2335; x_wconf 90' lang='lat' dir='ltr'><strong>in</strong></span> <span class='ocrx_word' id='word_1_393' title='bbox 2280 2289 2554 2352; x_wconf 85' lang='lat' dir='ltr'><strong>conspectu</strong></span> <span class='ocrx_word' id='word_1_394' title='bbox 2577 2280 2714 2351; x_wconf 85' lang='lat' dir='ltr'><strong>ejus,</strong></span> <span class='ocrx_word' id='word_1_395' title='bbox 2747 2279 2799 2334; x_wconf 89' lang='lat' dir='ltr'><strong>id</strong></span> <span class='ocrx_word' id='word_1_396' title='bbox 2829 2289 2911 2334; x_wconf 88' lang='lat' dir='ltr'><strong>est</strong></span> <span class='ocrx_word' id='word_1_397' title='bbox 2934 2279 3164 2334; x_wconf 89' lang='lat' dir='ltr'><strong>interius</strong></span> <span class='ocrx_word' id='word_1_398' title='bbox 3196 2279 3245 2333; x_wconf 91' lang='lat' dir='ltr'><strong>in</strong></span> <span class='ocrx_word' id='word_1_399' title='bbox 3269 2277 3430 2332; x_wconf 91' lang='lat' dir='ltr'><strong>anima</strong></span> <span class='ocrx_word' id='word_1_400' title='bbox 3452 2290 3574 2344; x_wconf 87' lang='lat' dir='ltr'><strong>quam</strong></span> <span class='ocrx_word' id='word_1_401' title='bbox 3598 2272 3678 2340; x_wconf 79' lang='lat' dir='ltr'><strong>ipse</strong></span> 
     </span>
    </p>
   </div>
   <div class='ocr_carea' id='block_1_54' title="bbox 2204 2363 3680 2443">
    <p class='ocr_par' dir='ltr' id='par_1_54' title="bbox 2204 2363 3680 2443">
     <span class='ocr_line' id='line_1_54' title="bbox 2204 2363 3680 2443; baseline -0.01 -14"><span class='ocrx_word' id='word_1_402' title='bbox 2204 2373 2352 2429; x_wconf 84' lang='lat' dir='ltr'><strong>solus</strong></span> <span class='ocrx_word' id='word_1_403' title='bbox 2375 2371 2662 2443; x_wconf 83' lang='lat' dir='ltr'><strong>conSpicit.</strong></span> <span class='ocrx_word' id='word_1_404' title='bbox 2698 2371 2850 2437; x_wconf 85' lang='lat' dir='ltr'><strong>Quod</strong></span> <span class='ocrx_word' id='word_1_405' title='bbox 2874 2378 2954 2425; x_wconf 84' lang='lat' dir='ltr'><strong>est</strong></span> <span class='ocrx_word' id='word_1_406' title='bbox 2987 2370 3175 2425; x_wconf 88' lang='lat' dir='ltr'><strong>dicere</strong></span> <span class='ocrx_word' id='word_1_407' title='bbox 3201 2386 3214 2422; x_wconf 93' lang='lat'>:</span> <span class='ocrx_word' id='word_1_408' title='bbox 3242 2369 3370 2425; x_wconf 83' lang='lat' dir='ltr'><strong>Vere</strong></span> <span class='ocrx_word' id='word_1_409' title='bbox 3393 2383 3471 2422; x_wconf 91' lang='lat' dir='ltr'><strong>cos</strong></span> <span class='ocrx_word' id='word_1_410' title='bbox 3493 2363 3680 2433; x_wconf 85' lang='lat' dir='ltr'><strong>disperdi-</strong></span> 
     </span>
    </p>
   </div>
   <div class='ocr_carea' id='block_1_55' title="bbox 2204 2457 3680 2541">
    <p class='ocr_par' dir='ltr' id='par_1_55' title="bbox 2204 2457 3680 2541">
     <span class='ocr_line' id='line_1_55' title="bbox 2204 2457 3680 2541; baseline -0.008 -23"><span class='ocrx_word' id='word_1_411' title='bbox 2204 2465 2390 2529; x_wconf 89' lang='lat' dir='ltr'><strong>disset,</strong></span> <span class='ocrx_word' id='word_1_412' title='bbox 2419 2463 2521 2518; x_wconf 91' lang='lat' dir='ltr'><strong>nisi</strong></span> <span class='ocrx_word' id='word_1_413' title='bbox 2554 2478 2744 2541; x_wconf 87' lang='lat' dir='ltr'><strong>servus</strong></span> <span class='ocrx_word' id='word_1_414' title='bbox 2773 2461 2888 2531; x_wconf 85' lang='lat' dir='ltr'><strong>ejus</strong></span> <span class='ocrx_word' id='word_1_415' title='bbox 2919 2462 3130 2532; x_wconf 82' lang='lat' dir='ltr'><strong>Moyses</strong></span> <span class='ocrx_word' id='word_1_416' title='bbox 3151 2462 3230 2516; x_wconf 90' lang='lat' dir='ltr'><strong>eis</strong></span> <span class='ocrx_word' id='word_1_417' title='bbox 3261 2457 3595 2530; x_wconf 84' lang='lat' dir='ltr'><strong>compatiendo,</strong></span> <span class='ocrx_word' id='word_1_418' title='bbox 3613 2470 3680 2524; x_wconf 87' lang='lat' dir='ltr'><strong>pro</strong></span> 
     </span>
    </p>
   </div>
   <div class='ocr_carea' id='block_1_56' title="bbox 2205 2547 3677 2627">
    <p class='ocr_par' dir='ltr' id='par_1_56' title="bbox 2205 2547 3677 2627">
     <span class='ocr_line' id='line_1_56' title="bbox 2205 2547 3677 2627; baseline -0.008 -17"><span class='ocrx_word' id='word_1_419' title='bbox 2205 2555 2334 2627; x_wconf 91' lang='lat' dir='ltr'><strong>ipsis</strong></span> <span class='ocrx_word' id='word_1_420' title='bbox 2350 2555 2632 2612; x_wconf 76' lang='lat' dir='ltr'><strong>affectione</strong></span> <span class='ocrx_word' id='word_1_421' title='bbox 2648 2555 2826 2609; x_wconf 91' lang='lat' dir='ltr'><strong>cordis</strong></span> <span class='ocrx_word' id='word_1_422' title='bbox 2855 2563 3090 2609; x_wconf 88' lang='lat' dir='ltr'><strong>orasset.</strong></span> <span class='ocrx_word' id='word_1_423' title='bbox 3117 2554 3332 2608; x_wconf 77' lang='lat' dir='ltr'><strong>Dixerat</strong></span> <span class='ocrx_word' id='word_1_424' title='bbox 3357 2552 3481 2607; x_wconf 90' lang='lat' dir='ltr'><strong>enim</strong></span> <span class='ocrx_word' id='word_1_425' title='bbox 3502 2549 3539 2602; x_wconf 88' lang='lat' dir='ltr'><strong>ei</strong></span> <span class='ocrx_word' id='word_1_426' title='bbox 3555 2547 3677 2600; x_wconf 83' lang='lat' dir='ltr'><strong>Deus:</strong></span> 
     </span>
    </p>
   </div>
   <div class='ocr_carea' id='block_1_57' title="bbox 2211 2642 3681 2700">
    <p class='ocr_par' dir='ltr' id='par_1_57' title="bbox 2211 2642 3681 2700">
     <span class='ocr_line' id='line_1_57' title="bbox 2211 2642 3681 2700; baseline -0.01 -2"><span class='ocrx_word' id='word_1_427' title='bbox 2211 2665 2227 2698; x_wconf 87' lang='grc' dir='ltr'><strong>ι</strong></span> <span class='ocrx_word' id='word_1_428' title='bbox 2272 2646 2493 2700; x_wconf 88' lang='lat' dir='ltr'><strong>Dimitte</strong></span> <span class='ocrx_word' id='word_1_429' title='bbox 2525 2661 2613 2700; x_wconf 91' lang='lat' dir='ltr'><strong>me</strong></span> <span class='ocrx_word' id='word_1_430' title='bbox 2655 2652 2714 2699; x_wconf 91' lang='lat' dir='ltr'><strong>ut</strong></span> <span class='ocrx_word' id='word_1_431' title='bbox 2760 2644 3032 2698; x_wconf 88' lang='lat' dir='ltr'><strong>irascatur</strong></span> <span class='ocrx_word' id='word_1_432' title='bbox 3070 2642 3225 2698; x_wconf 90' lang='lat' dir='ltr'><strong>furor</strong></span> <span class='ocrx_word' id='word_1_433' title='bbox 3255 2655 3396 2696; x_wconf 90' lang='lat' dir='ltr'><strong>meus</strong></span> <span class='ocrx_word' id='word_1_434' title='bbox 3437 2648 3585 2694; x_wconf 87' lang='lat' dir='ltr'><strong>contra</strong></span> <span class='ocrx_word' id='word_1_435' title='bbox 3619 2649 3681 2687; x_wconf 73' lang='lat' dir='ltr'><strong>eos</strong></span> 
     </span>
    </p>
   </div>
   <div class='ocr_carea' id='block_1_58' title="bbox 2205 2726 3682 2808">
    <p class='ocr_par' dir='ltr' id='par_1_58' title="bbox 2205 2726 3682 2808">
     <span class='ocr_line' id='line_1_58' title="bbox 2205 2726 3682 2808; baseline -0.012 -15"><span class='ocrx_word' id='word_1_436' title='bbox 2205 2738 2405 2808; x_wconf 76' lang='lat' dir='ltr'><strong>(Exod.</strong></span> <span class='ocrx_word' id='word_1_437' title='bbox 2435 2753 2613 2800; x_wconf 74' lang='lat' dir='ltr'><strong>xxx&quot;,</strong></span> <span class='ocrx_word' id='word_1_438' title='bbox 2649 2735 2770 2808; x_wconf 68' lang='lat'><strong>10);</strong></span> <span class='ocrx_word' id='word_1_439' title='bbox 2810 2755 2829 2788; x_wconf 79' lang='grc' dir='ltr'><strong>ι</strong></span> <span class='ocrx_word' id='word_1_440' title='bbox 2869 2745 2924 2791; x_wconf 90' lang='lat' dir='ltr'><strong>et</strong></span> <span class='ocrx_word' id='word_1_441' title='bbox 2959 2739 3026 2790; x_wconf 90' lang='lat' dir='ltr'><strong>ad</strong></span> <span class='ocrx_word' id='word_1_442' title='bbox 3061 2735 3188 2800; x_wconf 82' lang='lat' dir='ltr'><strong>hoc,</strong></span> <span class='ocrx_word' id='word_1_443' title='bbox 3234 2733 3427 2790; x_wconf 89' lang='lat' dir='ltr'><strong>scilicet</strong></span> <span class='ocrx_word' id='word_1_444' title='bbox 3452 2731 3619 2785; x_wconf 78' lang='lat' dir='ltr'><strong>stetisset</strong></span> <span class='ocrx_word' id='word_1_445' title='bbox 3645 2726 3682 2776; x_wconf 80' lang='lat' dir='ltr'><strong>in</strong></span> 
     </span>
    </p>
   </div>
   <div class='ocr_carea' id='block_1_59' title="bbox 2205 2817 3682 2894">
    <p class='ocr_par' dir='ltr' id='par_1_59' title="bbox 2205 2817 3682 2894">
     <span class='ocr_line' id='line_1_59' title="bbox 2205 2817 3682 2894; baseline -0.009 -13"><span class='ocrx_word' id='word_1_446' title='bbox 2205 2826 2561 2894; x_wconf 80' lang='lat' dir='ltr'><strong>confractione</strong></span> <span class='ocrx_word' id='word_1_447' title='bbox 2586 2835 2640 2878; x_wconf 90' lang='lat' dir='ltr'><strong>ut</strong></span> <span class='ocrx_word' id='word_1_448' title='bbox 2670 2825 2874 2880; x_wconf 87' lang='lat' dir='ltr'><strong>orando</strong></span> <span class='ocrx_word' id='word_1_449' title='bbox 2902 2840 2998 2894; x_wconf 90' lang='lat' dir='ltr'><strong>pro</strong></span> <span class='ocrx_word' id='word_1_450' title='bbox 3027 2825 3111 2879; x_wconf 88' lang='lat' dir='ltr'><strong>eis</strong></span> <span class='ocrx_word' id='word_1_451' title='bbox 3142 2833 3379 2878; x_wconf 77' lang='lat' dir='ltr'><strong>averteret</strong></span> <span class='ocrx_word' id='word_1_452' title='bbox 3415 2823 3545 2884; x_wconf 87' lang='lat' dir='ltr'><strong>iram,</strong></span> <span class='ocrx_word' id='word_1_453' title='bbox 3572 2817 3682 2870; x_wconf 82' lang='lat' dir='ltr'><strong>idest</strong></span> 
     </span>
    </p>
   </div>
   <div class='ocr_carea' id='block_1_60' title="bbox 2204 2904 3687 2987">
    <p class='ocr_par' dir='ltr' id='par_1_60' title="bbox 2204 2904 3687 2987">
     <span class='ocr_line' id='line_1_60' title="bbox 2204 2904 3687 2987; baseline -0.007 -14"><span class='ocrx_word' id='word_1_454' title='bbox 2204 2919 2498 2978; x_wconf 75' lang='lat' dir='ltr'><strong>vindictam</strong></span> <span class='ocrx_word' id='word_1_455' title='bbox 2529 2918 2643 2987; x_wconf 83' lang='lat' dir='ltr'><strong>ejus</strong></span> <span class='ocrx_word' id='word_1_456' title='bbox 2677 2916 2746 2971; x_wconf 89' lang='lat' dir='ltr'><strong>ab</strong></span> <span class='ocrx_word' id='word_1_457' title='bbox 2784 2916 2866 2971; x_wconf 89' lang='lat' dir='ltr'><strong>eis</strong></span> <span class='ocrx_word' id='word_1_458' title='bbox 2896 2933 2956 2970; x_wconf 86' lang='lat' dir='ltr'><strong>nc</strong></span> <span class='ocrx_word' id='word_1_459' title='bbox 3003 2915 3321 2986; x_wconf 82' lang='lat' dir='ltr'><strong>disperderet</strong></span> <span class='ocrx_word' id='word_1_460' title='bbox 3347 2929 3442 2969; x_wconf 86' lang='lat' dir='ltr'><strong>eos.</strong></span> <span class='ocrx_word' id='word_1_461' title='bbox 3475 2910 3576 2965; x_wconf 89' lang='lat' dir='ltr'><strong>Dico</strong></span> <span class='ocrx_word' id='word_1_462' title='bbox 3591 2904 3687 2977; x_wconf 80' lang='lat' dir='ltr'><strong>quod</strong></span> 
     </span>
    </p>
   </div>
   <div class='ocr_carea' id='block_1_61' title="bbox 2205 3001 3686 3072">
    <p class='ocr_par' dir='ltr' id='par_1_61' title="bbox 2205 3001 3686 3072">
     <span class='ocr_line' id='line_1_61' title="bbox 2205 3001 3686 3072; baseline -0.003 -10"><span class='ocrx_word' id='word_1_463' title='bbox 2205 3009 2352 3062; x_wconf 84' lang='lat' dir='ltr'><strong>obliti</strong></span> <span class='ocrx_word' id='word_1_464' title='bbox 2373 3019 2492 3062; x_wconf 87' lang='lat' dir='ltr'><strong>sunt</strong></span> <span class='ocrx_word' id='word_1_465' title='bbox 2525 3007 2830 3072; x_wconf 89' lang='lat' dir='ltr'><strong>Dontinum,</strong></span> <span class='ocrx_word' id='word_1_466' title='bbox 2859 3015 2912 3061; x_wconf 89' lang='lat' dir='ltr'><strong>et</strong></span> <span class='ocrx_word' id='word_1_467' title='bbox 2938 3007 3106 3060; x_wconf 86' lang='lat' dir='ltr'><strong>etiam</strong></span> <span class='ocrx_word' id='word_1_468' title='bbox 3145 3017 3337 3060; x_wconf 86' lang='lat' dir='ltr'><strong>terram</strong></span> <span class='ocrx_word' id='word_1_469' title='bbox 3365 3001 3686 3058; x_wconf 49' lang='lat' dir='ltr'><strong>desiderabi&#39;tm,</strong></span> 
     </span>
    </p>
   </div>
   <div class='ocr_carea' id='block_1_62' title="bbox 2207 3089 3691 3169">
    <p class='ocr_par' dir='ltr' id='par_1_62' title="bbox 2207 3089 3691 3169">
     <span class='ocr_line' id='line_1_62' title="bbox 2207 3089 3691 3169; baseline -0.01 -12"><span class='ocrx_word' id='word_1_470' title='bbox 2207 3103 2259 3156; x_wconf 90' lang='lat' dir='ltr'><strong>id</strong></span> <span class='ocrx_word' id='word_1_471' title='bbox 2291 3109 2372 3157; x_wconf 92' lang='lat' dir='ltr'><strong>est</strong></span> <span class='ocrx_word' id='word_1_472' title='bbox 2421 3109 2619 3154; x_wconf 89' lang='lat' dir='ltr'><strong>terram</strong></span> <span class='ocrx_word' id='word_1_473' title='bbox 2657 3098 2948 3165; x_wconf 85' lang='lat' dir='ltr'><strong>Chanaan,</strong></span> <span class='ocrx_word' id='word_1_474' title='bbox 3009 3113 3135 3169; x_wconf 85' lang='lat' dir='ltr'><strong>quae</strong></span> <span class='ocrx_word' id='word_1_475' title='bbox 3180 3098 3339 3153; x_wconf 80' lang='lat' dir='ltr'><strong>nimis</strong></span> <span class='ocrx_word' id='word_1_476' title='bbox 3382 3104 3506 3150; x_wconf 88' lang='lat' dir='ltr'><strong>esset</strong></span> <span class='ocrx_word' id='word_1_477' title='bbox 3542 3089 3691 3146; x_wconf 60' lang='lat' dir='ltr'><strong>deside</strong></span> 
     </span>
    </p>
   </div>
   <div class='ocr_carea' id='block_1_63' title="bbox 517 3181 3693 3262">
    <p class='ocr_par' dir='ltr' id='par_1_63' title="bbox 517 3181 3693 3262">
     <span class='ocr_line' id='line_1_63' title="bbox 517 3181 3693 3262; baseline -0.005 -17"><span class='ocrx_word' id='word_1_478' title='bbox 517 3201 657 3246; x_wconf 88' lang='lat' dir='ltr'><strong>trem</strong></span> <span class='ocrx_word' id='word_1_479' title='bbox 696 3204 851 3246; x_wconf 85' lang='lat' dir='ltr'><strong>suum</strong></span> <span class='ocrx_word' id='word_1_480' title='bbox 897 3189 1237 3245; x_wconf 86' lang='lat' dir='ltr'><strong>sacerdotem</strong></span> <span class='ocrx_word' id='word_1_481' title='bbox 1285 3186 1694 3253; x_wconf 90' lang='lat' dir='ltr'><strong>constituisset,</strong></span> <span class='ocrx_word' id='word_1_482' title='bbox 1735 3185 1835 3257; x_wconf 90' lang='lat' dir='ltr'><strong>ipsi</strong></span> <span class='ocrx_word' id='word_1_483' title='bbox 1884 3185 1952 3242; x_wconf 85' lang='lat' dir='ltr'><strong>de</strong></span> <span class='ocrx_word' id='word_1_484' title='bbox 1993 3186 2098 3242; x_wconf 88' lang='lat' dir='ltr'><strong>hoc</strong></span> <span class='ocrx_word' id='word_1_485' title='bbox 2125 3181 2167 3238; x_wconf 90' lang='lat' dir='ltr'><strong>C</strong></span> <span class='ocrx_word' id='word_1_486' title='bbox 2205 3192 2372 3247; x_wconf 76' lang='lat' dir='ltr'><strong>randa</strong></span> <span class='ocrx_word' id='word_1_487' title='bbox 2404 3189 2595 3262; x_wconf 87' lang='lat' dir='ltr'><strong>(Num.</strong></span> <span class='ocrx_word' id='word_1_488' title='bbox 2632 3204 2744 3254; x_wconf 72' lang='lat' dir='ltr'><strong>xxv,</strong></span> <span class='ocrx_word' id='word_1_489' title='bbox 2778 3190 2857 3260; x_wconf 88' lang='lat'><strong>7),</strong></span> <span class='ocrx_word' id='word_1_490' title='bbox 2900 3189 3198 3243; x_wconf 79' lang='lat' dir='ltr'><strong>habuerunt</strong></span> <span class='ocrx_word' id='word_1_491' title='bbox 3230 3204 3320 3257; x_wconf 89' lang='lat' dir='ltr'><strong>pro</strong></span> <span class='ocrx_word' id='word_1_492' title='bbox 3367 3186 3525 3249; x_wconf 83' lang='lat' dir='ltr'><strong>nihilo,</strong></span> <span class='ocrx_word' id='word_1_493' title='bbox 3547 3181 3693 3236; x_wconf 83' lang='lat' dir='ltr'><strong>scilicet</strong></span> 
     </span>
    </p>
   </div>
   <div class='ocr_carea' id='block_1_64' title="bbox 516 3275 2100 3346">
    <p class='ocr_par' dir='ltr' id='par_1_64' title="bbox 516 3275 2100 3346">
     <span class='ocr_line' id='line_1_64' title="bbox 516 3275 2100 3346; baseline -0.003 -11"><span class='ocrx_word' id='word_1_494' title='bbox 516 3287 920 3336; x_wconf 84' lang='lat' dir='ltr'><strong>murmurantes</strong></span> <span class='ocrx_word' id='word_1_495' title='bbox 947 3293 1053 3333; x_wconf 94' lang='lat' dir='ltr'><strong>non</strong></span> <span class='ocrx_word' id='word_1_496' title='bbox 1080 3276 1499 3346; x_wconf 86' lang='lat' dir='ltr'><strong>acquieverunt,</strong></span> <span class='ocrx_word' id='word_1_497' title='bbox 1534 3276 1778 3332; x_wconf 87' lang='lat' dir='ltr'><strong>dicentes</strong></span> <span class='ocrx_word' id='word_1_498' title='bbox 1817 3290 1942 3330; x_wconf 84' lang='lat' dir='ltr'><strong>cum</strong></span> <span class='ocrx_word' id='word_1_499' title='bbox 1994 3275 2100 3331; x_wconf 89' lang='lat' dir='ltr'><strong>hoc</strong></span> 
     </span>
    </p>
   </div>
   <div class='ocr_carea' id='block_1_65' title="bbox 517 3365 2098 3439">
    <p class='ocr_par' dir='ltr' id='par_1_65' title="bbox 517 3365 2098 3439">
     <span class='ocr_line' id='line_1_65' title="bbox 517 3365 2098 3439; baseline -0.003 -13"><span class='ocrx_word' id='word_1_500' title='bbox 517 3373 642 3428; x_wconf 92' lang='lat' dir='ltr'><strong>ideo</strong></span> <span class='ocrx_word' id='word_1_501' title='bbox 669 3371 862 3426; x_wconf 83' lang='lat' dir='ltr'><strong>fecisse</strong></span> <span class='ocrx_word' id='word_1_502' title='bbox 887 3369 1028 3439; x_wconf 90' lang='lat' dir='ltr'><strong>quod</strong></span> <span class='ocrx_word' id='word_1_503' title='bbox 1052 3368 1251 3423; x_wconf 87' lang='lat' dir='ltr'><strong>tribum</strong></span> <span class='ocrx_word' id='word_1_504' title='bbox 1276 3383 1432 3422; x_wconf 89' lang='lat' dir='ltr'><strong>suam</strong></span> <span class='ocrx_word' id='word_1_505' title='bbox 1460 3365 1619 3422; x_wconf 86' lang='lat' dir='ltr'><strong>vellet</strong></span> <span class='ocrx_word' id='word_1_506' title='bbox 1642 3367 1885 3422; x_wconf 79' lang='lat' dir='ltr'><strong>exaltare</strong></span> <span class='ocrx_word' id='word_1_507' title='bbox 1909 3365 2098 3438; x_wconf 87' lang='lat' dir='ltr'><strong>(Num.</strong></span> 
     </span>
    </p>
   </div>
   <div class='ocr_carea' id='block_1_66' title="bbox 518 3456 2106 3529">
    <p class='ocr_par' dir='ltr' id='par_1_66' title="bbox 518 3456 2106 3529">
     <span class='ocr_line' id='line_1_66' title="bbox 518 3456 2106 3529; baseline -0.002 -15"><span class='ocrx_word' id='word_1_508' title='bbox 518 3476 644 3526; x_wconf 80' lang='lat' dir='ltr'><strong>xvt,</strong></span> <span class='ocrx_word' id='word_1_509' title='bbox 693 3459 814 3529; x_wconf 78' lang='grc' dir='ltr'><strong>Η),</strong></span> <span class='ocrx_word' id='word_1_510' title='bbox 859 3468 915 3514; x_wconf 90' lang='lat' dir='ltr'><strong>et</strong></span> <span class='ocrx_word' id='word_1_511' title='bbox 963 3458 1092 3528; x_wconf 90' lang='lat' dir='ltr'><strong>quia</strong></span> <span class='ocrx_word' id='word_1_512' title='bbox 1145 3457 1364 3529; x_wconf 80' lang='lat' dir='ltr'><strong>Moysen</strong></span> <span class='ocrx_word' id='word_1_513' title='bbox 1414 3467 1470 3512; x_wconf 91' lang='lat' dir='ltr'><strong>et</strong></span> <span class='ocrx_word' id='word_1_514' title='bbox 1519 3457 1701 3512; x_wconf 86' lang='lat' dir='ltr'><strong>Aaron</strong></span> <span class='ocrx_word' id='word_1_515' title='bbox 1750 3456 2106 3512; x_wconf 85' lang='lat' dir='ltr'><strong>irritaverunt</strong></span> 
     </span>
    </p>
   </div>
   <div class='ocr_carea' id='block_1_67' title="bbox 520 3547 2098 3622">
    <p class='ocr_par' dir='ltr' id='par_1_67' title="bbox 520 3547 2098 3622">
     <span class='ocr_line' id='line_1_67' title="bbox 520 3547 2098 3622; baseline -0.001 -18"><span class='ocrx_word' id='word_1_516' title='bbox 520 3551 710 3622; x_wconf 85' lang='lat' dir='ltr'><strong>(lbid.,</strong></span> <span class='ocrx_word' id='word_1_517' title='bbox 743 3550 866 3622; x_wconf 83' lang='grc'><strong>18),</strong></span> <span class='ocrx_word' id='word_1_518' title='bbox 923 3559 1105 3619; x_wconf 85' lang='lat' dir='ltr'><strong>aperta</strong></span> <span class='ocrx_word' id='word_1_519' title='bbox 1142 3559 1216 3604; x_wconf 86' lang='lat' dir='ltr'><strong>est</strong></span> <span class='ocrx_word' id='word_1_520' title='bbox 1269 3559 1410 3604; x_wconf 87' lang='lat' dir='ltr'><strong>terra</strong></span> <span class='ocrx_word' id='word_1_521' title='bbox 1453 3558 1501 3603; x_wconf 86' lang='lat' dir='ltr'><strong>et</strong></span> <span class='ocrx_word' id='word_1_522' title='bbox 1551 3548 1821 3618; x_wconf 85' lang='lat' dir='ltr'><strong>deglutivit</strong></span> <span class='ocrx_word' id='word_1_523' title='bbox 1866 3547 2098 3603; x_wconf 84' lang='lat' dir='ltr'><strong>Dat/tan.</strong></span> 
     </span>
    </p>
   </div>
   <div class='ocr_carea' id='block_1_68' title="bbox 517 3639 2102 3711">
    <p class='ocr_par' dir='ltr' id='par_1_68' title="bbox 517 3639 2102 3711">
     <span class='ocr_line' id='line_1_68' title="bbox 517 3639 2102 3711; baseline 0 -17"><span class='ocrx_word' id='word_1_524' title='bbox 517 3641 932 3711; x_wconf 85' lang='lat' dir='ltr'><strong>Intelligendum</strong></span> <span class='ocrx_word' id='word_1_525' title='bbox 962 3650 1047 3694; x_wconf 89' lang='lat' dir='ltr'><strong>est</strong></span> <span class='ocrx_word' id='word_1_526' title='bbox 1083 3640 1339 3710; x_wconf 87' lang='lat' dir='ltr'><strong>quoniam</strong></span> <span class='ocrx_word' id='word_1_527' title='bbox 1387 3649 1434 3694; x_wconf 87' lang='lat' dir='ltr'><strong>et</strong></span> <span class='ocrx_word' id='word_1_528' title='bbox 1478 3639 1677 3695; x_wconf 84' lang='lat' dir='ltr'><strong>Abiron</strong></span> <span class='ocrx_word' id='word_1_529' title='bbox 1707 3639 2009 3710; x_wconf 87' lang='lat' dir='ltr'><strong>deglutivit,</strong></span> <span class='ocrx_word' id='word_1_530' title='bbox 2053 3649 2102 3694; x_wconf 88' lang='lat' dir='ltr'><strong>et</strong></span> 
     </span>
    </p>
   </div>
   <div class='ocr_carea' id='block_1_69' title="bbox 519 3730 2101 3803">
    <p class='ocr_par' dir='ltr' id='par_1_69' title="bbox 519 3730 2101 3803">
     <span class='ocr_line' id='line_1_69' title="bbox 519 3730 2101 3803; baseline -0.001 -17"><span class='ocrx_word' id='word_1_531' title='bbox 519 3732 754 3801; x_wconf 87' lang='lat' dir='ltr'><strong>operuit,</strong></span> <span class='ocrx_word' id='word_1_532' title='bbox 787 3732 839 3786; x_wconf 91' lang='lat' dir='ltr'><strong>id</strong></span> <span class='ocrx_word' id='word_1_533' title='bbox 868 3741 951 3786; x_wconf 91' lang='lat' dir='ltr'><strong>est</strong></span> <span class='ocrx_word' id='word_1_534' title='bbox 981 3730 1164 3786; x_wconf 87' lang='lat' dir='ltr'><strong>clausa</strong></span> <span class='ocrx_word' id='word_1_535' title='bbox 1209 3741 1294 3787; x_wconf 91' lang='lat' dir='ltr'><strong>est</strong></span> <span class='ocrx_word' id='word_1_536' title='bbox 1335 3748 1492 3802; x_wconf 87' lang='lat' dir='ltr'><strong>super</strong></span> <span class='ocrx_word' id='word_1_537' title='bbox 1537 3732 1993 3803; x_wconf 85' lang='lat' dir='ltr'><strong>congregationem</strong></span> <span class='ocrx_word' id='word_1_538' title='bbox 2022 3731 2101 3786; x_wconf 84' lang='lat' dir='ltr'><strong>fa-</strong></span> 
     </span>
    </p>
   </div>
   <div class='ocr_carea' id='block_1_70' title="bbox 519 3819 2104 3892">
    <p class='ocr_par' dir='ltr' id='par_1_70' title="bbox 519 3819 2104 3892">
     <span class='ocr_line' id='line_1_70' title="bbox 519 3819 2104 3892; baseline 0.002 -18"><span class='ocrx_word' id='word_1_539' title='bbox 519 3820 681 3874; x_wconf 71' lang='lat' dir='ltr'><strong>milia:</strong></span> <span class='ocrx_word' id='word_1_540' title='bbox 713 3819 908 3873; x_wconf 77' lang='lat' dir='ltr'><strong>Abit-on</strong></span> <span class='ocrx_word' id='word_1_541' title='bbox 939 3819 1272 3889; x_wconf 89' lang='lat' dir='ltr'><strong>absorptam.</strong></span> <span class='ocrx_word' id='word_1_542' title='bbox 1309 3820 1612 3877; x_wconf 88' lang='lat' dir='ltr'><strong>Notandum</strong></span> <span class='ocrx_word' id='word_1_543' title='bbox 1639 3837 1856 3892; x_wconf 89' lang='lat' dir='ltr'><strong>quoque</strong></span> <span class='ocrx_word' id='word_1_544' title='bbox 1879 3821 2021 3892; x_wconf 89' lang='lat' dir='ltr'><strong>quod</strong></span> <span class='ocrx_word' id='word_1_545' title='bbox 2048 3830 2104 3877; x_wconf 86' lang='lat' dir='ltr'><strong>et</strong></span> 
     </span>
    </p>
   </div>
   <div class='ocr_carea' id='block_1_71' title="bbox 515 3909 2102 3982">
    <p class='ocr_par' dir='ltr' id='par_1_71' title="bbox 515 3909 2102 3982">
     <span class='ocr_line' id='line_1_71' title="bbox 515 3909 2102 3982; baseline 0.001 -16"><span class='ocrx_word' id='word_1_546' title='bbox 515 3909 992 3982; x_wconf 81' lang='lat' dir='ltr'><strong>congregationem</strong></span> <span class='ocrx_word' id='word_1_547' title='bbox 1021 3909 1233 3964; x_wconf 87' lang='lat' dir='ltr'><strong>Dathan</strong></span> <span class='ocrx_word' id='word_1_548' title='bbox 1279 3911 1590 3978; x_wconf 88' lang='lat' dir='ltr'><strong>absorbuit,</strong></span> <span class='ocrx_word' id='word_1_549' title='bbox 1623 3913 1718 3968; x_wconf 87' lang='lat' dir='ltr'><strong>sed</strong></span> <span class='ocrx_word' id='word_1_550' title='bbox 1768 3927 1933 3968; x_wconf 90' lang='lat' dir='ltr'><strong>causa</strong></span> <span class='ocrx_word' id='word_1_551' title='bbox 1979 3911 2102 3969; x_wconf 88' lang='lat' dir='ltr'><strong>bre-</strong></span> 
     </span>
    </p>
   </div>
   <div class='ocr_carea' id='block_1_72' title="bbox 515 4001 2103 4076">
    <p class='ocr_par' dir='ltr' id='par_1_72' title="bbox 515 4001 2103 4076">
     <span class='ocr_line' id='line_1_72' title="bbox 515 4001 2103 4076; baseline 0.002 -20"><span class='ocrx_word' id='word_1_552' title='bbox 515 4003 700 4058; x_wconf 90' lang='lat' dir='ltr'><strong>vitatis</strong></span> <span class='ocrx_word' id='word_1_553' title='bbox 731 4004 803 4057; x_wconf 89' lang='lat' dir='ltr'><strong>ita</strong></span> <span class='ocrx_word' id='word_1_554' title='bbox 835 4003 1070 4072; x_wconf 88' lang='lat' dir='ltr'><strong>positum</strong></span> <span class='ocrx_word' id='word_1_555' title='bbox 1095 4011 1197 4056; x_wconf 89' lang='lat' dir='ltr'><strong>est.</strong></span> <span class='ocrx_word' id='word_1_556' title='bbox 1229 4001 1441 4057; x_wconf 87' lang='lat' dir='ltr'><strong>Dathan</strong></span> <span class='ocrx_word' id='word_1_557' title='bbox 1471 4019 1602 4058; x_wconf 90' lang='lat' dir='ltr'><strong>sane</strong></span> <span class='ocrx_word' id='word_1_558' title='bbox 1623 4012 1678 4058; x_wconf 87' lang='lat' dir='ltr'><strong>et</strong></span> <span class='ocrx_word' id='word_1_559' title='bbox 1703 4003 1908 4058; x_wconf 80' lang='lat' dir='ltr'><strong>Abiron</strong></span> <span class='ocrx_word' id='word_1_560' title='bbox 1941 4003 2103 4076; x_wconf 89' lang='lat' dir='ltr'><strong>hujus</strong></span> 
     </span>
    </p>
   </div>
   <div class='ocr_carea' id='block_1_73' title="bbox 515 4093 2100 4168">
    <p class='ocr_par' dir='ltr' id='par_1_73' title="bbox 515 4093 2100 4168">
     <span class='ocr_line' id='line_1_73' title="bbox 515 4093 2100 4168; baseline 0.004 -22"><span class='ocrx_word' id='word_1_561' title='bbox 515 4093 968 4149; x_wconf 88' lang='lat' dir='ltr'><strong>murmuratiouis</strong></span> <span class='ocrx_word' id='word_1_562' title='bbox 1004 4093 1333 4149; x_wconf 78' lang='lat' dir='ltr'><strong>exstiterunt</strong></span> <span class='ocrx_word' id='word_1_563' title='bbox 1383 4102 1655 4161; x_wconf 85' lang='lat' dir='ltr'><strong>auctores,</strong></span> <span class='ocrx_word' id='word_1_564' title='bbox 1697 4096 1927 4168; x_wconf 88' lang='lat' dir='ltr'><strong>ideoque</strong></span> <span class='ocrx_word' id='word_1_565' title='bbox 1977 4112 2100 4152; x_wconf 88' lang='lat' dir='ltr'><strong>cum</strong></span> 
     </span>
    </p>
   </div>
   <div class='ocr_carea' id='block_1_74' title="bbox 515 4183 2101 4256">
    <p class='ocr_par' dir='ltr' id='par_1_74' title="bbox 515 4183 2101 4256">
     <span class='ocr_line' id='line_1_74' title="bbox 515 4183 2101 4256; baseline 0.004 -19"><span class='ocrx_word' id='word_1_566' title='bbox 515 4183 666 4239; x_wconf 90' lang='lat' dir='ltr'><strong>omni</strong></span> <span class='ocrx_word' id='word_1_567' title='bbox 717 4183 922 4238; x_wconf 76' lang='lat' dir='ltr'><strong>familia</strong></span> <span class='ocrx_word' id='word_1_568' title='bbox 975 4199 1072 4240; x_wconf 88' lang='lat' dir='ltr'><strong>sua</strong></span> <span class='ocrx_word' id='word_1_569' title='bbox 1115 4184 1223 4239; x_wconf 91' lang='lat' dir='ltr'><strong>vivi</strong></span> <span class='ocrx_word' id='word_1_570' title='bbox 1265 4185 1509 4256; x_wconf 87' lang='lat' dir='ltr'><strong>absorpti</strong></span> <span class='ocrx_word' id='word_1_571' title='bbox 1559 4195 1704 4242; x_wconf 90' lang='lat' dir='ltr'><strong>sunt.</strong></span> <span class='ocrx_word' id='word_1_572' title='bbox 1757 4188 1875 4244; x_wconf 81' lang='lat' dir='ltr'><strong>Non</strong></span> <span class='ocrx_word' id='word_1_573' title='bbox 1927 4188 2101 4244; x_wconf 88' lang='lat' dir='ltr'><strong>solum</strong></span> 
     </span>
    </p>
   </div>
   <div class='ocr_carea' id='block_1_75' title="bbox 516 4277 2103 4352">
    <p class='ocr_par' dir='ltr' id='par_1_75' title="bbox 516 4277 2103 4352">
     <span class='ocr_line' id='line_1_75' title="bbox 516 4277 2103 4352; baseline 0.005 -23"><span class='ocrx_word' id='word_1_574' title='bbox 516 4286 697 4332; x_wconf 89' lang='lat' dir='ltr'><strong>autem</strong></span> <span class='ocrx_word' id='word_1_575' title='bbox 753 4292 849 4334; x_wconf 92' lang='lat' dir='ltr'><strong>eos</strong></span> <span class='ocrx_word' id='word_1_576' title='bbox 908 4286 1052 4332; x_wconf 87' lang='lat' dir='ltr'><strong>terra</strong></span> <span class='ocrx_word' id='word_1_577' title='bbox 1113 4291 1236 4332; x_wconf 91' lang='lat' dir='ltr'><strong>cum</strong></span> <span class='ocrx_word' id='word_1_578' title='bbox 1309 4277 1512 4333; x_wconf 90' lang='lat' dir='ltr'><strong>familia</strong></span> <span class='ocrx_word' id='word_1_579' title='bbox 1571 4295 1758 4336; x_wconf 92' lang='lat' dir='ltr'><strong>eorum</strong></span> <span class='ocrx_word' id='word_1_580' title='bbox 1829 4281 2103 4352; x_wconf 87' lang='lat' dir='ltr'><strong>absorpsit</strong></span> 
     </span>
    </p>
   </div>
   <div class='ocr_carea' id='block_1_76' title="bbox 516 4357 2103 4446">
    <p class='ocr_par' dir='ltr' id='par_1_76' title="bbox 516 4357 2103 4446">
     <span class='ocr_line' id='line_1_76' title="bbox 516 4357 2103 4446; baseline 0.006 -25"><span class='ocrx_word' id='word_1_581' title='bbox 516 4368 706 4438; x_wconf 84' lang='lat' dir='ltr'><strong>(Ibid.,</strong></span> <span class='ocrx_word' id='word_1_582' title='bbox 751 4357 868 4439; x_wconf 69' lang='lat'><strong>32),</strong></span> <span class='ocrx_word' id='word_1_583' title='bbox 898 4369 991 4424; x_wconf 89' lang='lat' dir='ltr'><strong>sed</strong></span> <span class='ocrx_word' id='word_1_584' title='bbox 1017 4378 1064 4422; x_wconf 90' lang='lat' dir='ltr'><strong>et</strong></span> <span class='ocrx_word' id='word_1_585' title='bbox 1092 4369 1288 4423; x_wconf 64' lang='lat' dir='ltr'><strong>exarsi;</strong></span> <span class='ocrx_word' id='word_1_586' title='bbox 1317 4369 1452 4440; x_wconf 83' lang='lat' dir='ltr'><strong>ignis</strong></span> <span class='ocrx_word' id='word_1_587' title='bbox 1491 4370 1546 4425; x_wconf 86' lang='lat' dir='ltr'><strong>in</strong></span> <span class='ocrx_word' id='word_1_588' title='bbox 1595 4370 1876 4446; x_wconf 79' lang='lat' dir='ltr'><strong>Synagoga</strong></span> <span class='ocrx_word' id='word_1_589' title='bbox 1895 4415 1909 4440; x_wconf 97' lang='lat'><strong>,</strong></span> <span class='ocrx_word' id='word_1_590' title='bbox 1940 4374 1993 4429; x_wconf 93' lang='lat' dir='ltr'><strong>id</strong></span> <span class='ocrx_word' id='word_1_591' title='bbox 2021 4383 2103 4430; x_wconf 84' lang='lat' dir='ltr'><strong>est</strong></span> 
     </span>
    </p>
   </div>
   <div class='ocr_carea' id='block_1_77' title="bbox 518 4461 2098 4536">
    <p class='ocr_par' dir='ltr' id='par_1_77' title="bbox 518 4461 2098 4536">
     <span class='ocr_line' id='line_1_77' title="bbox 518 4461 2098 4536; baseline 0.004 -23"><span class='ocrx_word' id='word_1_592' title='bbox 518 4461 573 4514; x_wconf 91' lang='lat' dir='ltr'><strong>in</strong></span> <span class='ocrx_word' id='word_1_593' title='bbox 604 4463 1024 4532; x_wconf 86' lang='lat' dir='ltr'><strong>congregatione</strong></span> <span class='ocrx_word' id='word_1_594' title='bbox 1052 4478 1234 4516; x_wconf 86' lang='lat' dir='ltr'><strong>eorum</strong></span> <span class='ocrx_word' id='word_1_595' title='bbox 1257 4502 1270 4527; x_wconf 94' lang='lat'><strong>,</strong></span> <span class='ocrx_word' id='word_1_596' title='bbox 1300 4471 1346 4516; x_wconf 89' lang='lat' dir='ltr'><strong>et</strong></span> <span class='ocrx_word' id='word_1_597' title='bbox 1374 4464 1452 4518; x_wconf 87' lang='lat' dir='ltr'><strong>sic</strong></span> <span class='ocrx_word' id='word_1_598' title='bbox 1478 4465 1686 4520; x_wconf 79' lang='lat' dir='ltr'><strong>exarsit</strong></span> <span class='ocrx_word' id='word_1_599' title='bbox 1713 4467 1856 4535; x_wconf 90' lang='lat' dir='ltr'><strong>quod</strong></span> <span class='ocrx_word' id='word_1_600' title='bbox 1882 4467 2098 4536; x_wconf 79' lang='lat' dir='ltr'><strong>ﬂamma</strong></span> 
     </span>
    </p>
   </div>
   <div class='ocr_carea' id='block_1_78' title="bbox 2202 3264 3693 3353">
    <p class='ocr_par' dir='ltr' id='par_1_78' title="bbox 2202 3264 3693 3353">
     <span class='ocr_line' id='line_1_78' title="bbox 2202 3264 3693 3353; baseline -0.009 -13"><span class='ocrx_word' id='word_1_601' title='bbox 2202 3285 2281 3340; x_wconf 87' lang='lat' dir='ltr'><strong>sic</strong></span> <span class='ocrx_word' id='word_1_602' title='bbox 2320 3284 2387 3339; x_wconf 92' lang='lat' dir='ltr'><strong>de</strong></span> <span class='ocrx_word' id='word_1_603' title='bbox 2431 3282 2547 3353; x_wconf 85' lang='lat' dir='ltr'><strong>ejus</strong></span> <span class='ocrx_word' id='word_1_604' title='bbox 2585 3280 2946 3352; x_wconf 91' lang='lat' dir='ltr'><strong>promissione</strong></span> <span class='ocrx_word' id='word_1_605' title='bbox 3001 3264 3330 3346; x_wconf 74' lang='lat' dir='ltr'><strong>dididerunt,</strong></span> <span class='ocrx_word' id='word_1_606' title='bbox 3375 3286 3432 3331; x_wconf 86' lang='lat' dir='ltr'><strong>ut</strong></span> <span class='ocrx_word' id='word_1_607' title='bbox 3470 3289 3566 3329; x_wconf 89' lang='lat' dir='ltr'><strong>eam</strong></span> <span class='ocrx_word' id='word_1_608' title='bbox 3587 3267 3693 3340; x_wconf 74' lang='lat' dir='ltr'><strong>quasi</strong></span> 
     </span>
    </p>
   </div>
   <div class='ocr_carea' id='block_1_79' title="bbox 2202 3363 3697 3446">
    <p class='ocr_par' dir='ltr' id='par_1_79' title="bbox 2202 3363 3697 3446">
     <span class='ocr_line' id='line_1_79' title="bbox 2202 3363 3697 3446; baseline -0.013 -14"><span class='ocrx_word' id='word_1_609' title='bbox 2202 3376 2430 3432; x_wconf 90' lang='lat' dir='ltr'><strong>nihilum</strong></span> <span class='ocrx_word' id='word_1_610' title='bbox 2465 3381 2804 3446; x_wconf 90' lang='lat' dir='ltr'><strong>reputarent,</strong></span> <span class='ocrx_word' id='word_1_611' title='bbox 2827 3388 2928 3428; x_wconf 91' lang='lat' dir='ltr'><strong>nec</strong></span> <span class='ocrx_word' id='word_1_612' title='bbox 2955 3372 3021 3426; x_wconf 90' lang='lat' dir='ltr'><strong>ad</strong></span> <span class='ocrx_word' id='word_1_613' title='bbox 3051 3387 3175 3427; x_wconf 88' lang='lat' dir='ltr'><strong>eam</strong></span> <span class='ocrx_word' id='word_1_614' title='bbox 3211 3368 3569 3440; x_wconf 87' lang='lat' dir='ltr'><strong>adipiscendam</strong></span> <span class='ocrx_word' id='word_1_615' title='bbox 3593 3363 3697 3415; x_wconf 81' lang='lat' dir='ltr'><strong>labo-</strong></span> 
     </span>
    </p>
   </div>
   <div class='ocr_carea' id='block_1_80' title="bbox 2202 3449 3698 3520">
    <p class='ocr_par' dir='ltr' id='par_1_80' title="bbox 2202 3449 3698 3520">
     <span class='ocr_line' id='line_1_80' title="bbox 2202 3449 3698 3520; baseline -0.012 -2"><span class='ocrx_word' id='word_1_616' title='bbox 2202 3478 2327 3519; x_wconf 90' lang='lat' dir='ltr'><strong>rare</strong></span> <span class='ocrx_word' id='word_1_617' title='bbox 2377 3460 2607 3520; x_wconf 87' lang='lat' dir='ltr'><strong>vellent;</strong></span> <span class='ocrx_word' id='word_1_618' title='bbox 2642 3468 2696 3513; x_wconf 91' lang='lat' dir='ltr'><strong>et</strong></span> <span class='ocrx_word' id='word_1_619' title='bbox 2742 3474 2865 3514; x_wconf 93' lang='lat' dir='ltr'><strong>cum</strong></span> <span class='ocrx_word' id='word_1_620' title='bbox 2899 3458 2979 3514; x_wconf 74' lang='lat' dir='ltr'><strong>eis</strong></span> <span class='ocrx_word' id='word_1_621' title='bbox 3021 3473 3145 3514; x_wconf 90' lang='lat' dir='ltr'><strong>eam</strong></span> <span class='ocrx_word' id='word_1_622' title='bbox 3186 3457 3434 3512; x_wconf 86' lang='lat' dir='ltr'><strong>Dominus</strong></span> <span class='ocrx_word' id='word_1_623' title='bbox 3471 3449 3698 3508; x_wconf 86' lang='lat' dir='ltr'><strong>certissime</strong></span> 
     </span>
    </p>
   </div>
   <div class='ocr_carea' id='block_1_81' title="bbox 2202 3521 3701 3624">
    <p class='ocr_par' dir='ltr' id='par_1_81' title="bbox 2202 3521 3701 3624">
     <span class='ocr_line' id='line_1_81' title="bbox 2202 3521 3701 3624; baseline -0.015 -16"><span class='ocrx_word' id='word_1_624' title='bbox 2202 3553 2544 3624; x_wconf 91' lang='lat' dir='ltr'><strong>promitteret</strong></span> <span class='ocrx_word' id='word_1_625' title='bbox 2573 3521 2760 3621; x_wconf 49' lang='lat' dir='ltr'><strong>(‘lbidn</strong></span> <span class='ocrx_word' id='word_1_626' title='bbox 2807 3547 2925 3620; x_wconf 79' lang='lat'><strong>50),</strong></span> <span class='ocrx_word' id='word_1_627' title='bbox 2964 3563 3074 3603; x_wconf 92' lang='lat' dir='ltr'><strong>non</strong></span> <span class='ocrx_word' id='word_1_628' title='bbox 3105 3536 3701 3605; x_wconf 65' lang='lat' dir='ltr'><strong>eredideruntverbiscjos</strong></span> 
     </span>
    </p>
   </div>
   <div class='ocr_carea' id='block_1_82' title="bbox 2203 3638 3700 3714">
    <p class='ocr_par' dir='ltr' id='par_1_82' title="bbox 2203 3638 3700 3714">
     <span class='ocr_line' id='line_1_82' title="bbox 2203 3638 3700 3714; baseline -0.013 -16"><span class='ocrx_word' id='word_1_629' title='bbox 2203 3642 2440 3714; x_wconf 89' lang='lat' dir='ltr'><strong>acceptis</strong></span> <span class='ocrx_word' id='word_1_630' title='bbox 2483 3657 2578 3712; x_wconf 91' lang='lat' dir='ltr'><strong>per</strong></span> <span class='ocrx_word' id='word_1_631' title='bbox 2618 3640 2855 3712; x_wconf 79' lang='lat' dir='ltr'><strong>Moysen,</strong></span> <span class='ocrx_word' id='word_1_632' title='bbox 2889 3650 2946 3697; x_wconf 92' lang='lat' dir='ltr'><strong>et</strong></span> <span class='ocrx_word' id='word_1_633' title='bbox 2993 3641 3170 3710; x_wconf 86' lang='lat' dir='ltr'><strong>magis</strong></span> <span class='ocrx_word' id='word_1_634' title='bbox 3195 3649 3250 3693; x_wconf 88' lang='lat' dir='ltr'><strong>et</strong></span> <span class='ocrx_word' id='word_1_635' title='bbox 3293 3638 3448 3708; x_wconf 80' lang='lat' dir='ltr'><strong>magis</strong></span> <span class='ocrx_word' id='word_1_636' title='bbox 3477 3643 3700 3688; x_wconf 80' lang='lat' dir='ltr'><strong>murmura-</strong></span> 
     </span>
    </p>
   </div>
   <div class='ocr_carea' id='block_1_83' title="bbox 2202 3722 3700 3802">
    <p class='ocr_par' dir='ltr' id='par_1_83' title="bbox 2202 3722 3700 3802">
     <span class='ocr_line' id='line_1_83' title="bbox 2202 3722 3700 3802; baseline -0.008 -12"><span class='ocrx_word' id='word_1_637' title='bbox 2202 3745 2408 3802; x_wconf 84' lang='lat' dir='ltr'><strong>verunt,</strong></span> <span class='ocrx_word' id='word_1_638' title='bbox 2434 3735 2809 3792; x_wconf 73' lang='lat' dir='ltr'><strong>existentesin</strong></span> <span class='ocrx_word' id='word_1_639' title='bbox 2833 3733 3189 3788; x_wconf 86' lang='lat' dir='ltr'><strong>tabernaculis</strong></span> <span class='ocrx_word' id='word_1_640' title='bbox 3215 3734 3342 3795; x_wconf 86' lang='lat' dir='ltr'><strong>suis,</strong></span> <span class='ocrx_word' id='word_1_641' title='bbox 3369 3731 3449 3786; x_wconf 88' lang='lat' dir='ltr'><strong>ubi</strong></span> <span class='ocrx_word' id='word_1_642' title='bbox 3477 3722 3700 3781; x_wconf 76' lang='lat' dir='ltr'><strong>timendum</strong></span> 
     </span>
    </p>
   </div>
   <div class='ocr_carea' id='block_1_84' title="bbox 2202 3820 3702 3892">
    <p class='ocr_par' dir='ltr' id='par_1_84' title="bbox 2202 3820 3702 3892">
     <span class='ocr_line' id='line_1_84' title="bbox 2202 3820 3702 3892; baseline -0.012 -7"><span class='ocrx_word' id='word_1_643' title='bbox 2202 3838 2348 3885; x_wconf 81' lang='lat' dir='ltr'><strong>esset</strong></span> <span class='ocrx_word' id='word_1_644' title='bbox 2375 3837 2428 3883; x_wconf 90' lang='lat' dir='ltr'><strong>et</strong></span> <span class='ocrx_word' id='word_1_645' title='bbox 2445 3843 2475 3883; x_wconf 90' lang='lat' dir='ltr'><strong>a</strong></span> <span class='ocrx_word' id='word_1_646' title='bbox 2500 3840 2778 3882; x_wconf 87' lang='lat' dir='ltr'><strong>murmure</strong></span> <span class='ocrx_word' id='word_1_647' title='bbox 2803 3826 3151 3892; x_wconf 84' lang='lat' dir='ltr'><strong>cessandum,</strong></span> <span class='ocrx_word' id='word_1_648' title='bbox 3169 3842 3289 3880; x_wconf 88' lang='lat' dir='ltr'><strong>eum</strong></span> <span class='ocrx_word' id='word_1_649' title='bbox 3319 3820 3528 3879; x_wconf 89' lang='lat' dir='ltr'><strong>nondum</strong></span> <span class='ocrx_word' id='word_1_650' title='bbox 3553 3822 3702 3868; x_wconf 74' lang='lat' dir='ltr'><strong>certam</strong></span> 
     </span>
    </p>
   </div>
   <div class='ocr_carea' id='block_1_85' title="bbox 2202 3906 3704 3984">
    <p class='ocr_par' dir='ltr' id='par_1_85' title="bbox 2202 3906 3704 3984">
     <span class='ocr_line' id='line_1_85' title="bbox 2202 3906 3704 3984; baseline -0.016 -6"><span class='ocrx_word' id='word_1_651' title='bbox 2202 3922 2386 3978; x_wconf 88' lang='lat' dir='ltr'><strong>sedem</strong></span> <span class='ocrx_word' id='word_1_652' title='bbox 2416 3919 2697 3984; x_wconf 87' lang='lat' dir='ltr'><strong>haberent,</strong></span> <span class='ocrx_word' id='word_1_653' title='bbox 2725 3926 2780 3972; x_wconf 90' lang='lat' dir='ltr'><strong>et</strong></span> <span class='ocrx_word' id='word_1_654' title='bbox 2812 3931 2936 3971; x_wconf 85' lang='lat' dir='ltr'><strong>cum</strong></span> <span class='ocrx_word' id='word_1_655' title='bbox 2979 3932 3074 3972; x_wconf 90' lang='lat' dir='ltr'><strong>eos</strong></span> <span class='ocrx_word' id='word_1_656' title='bbox 3117 3917 3378 3972; x_wconf 89' lang='lat' dir='ltr'><strong>Dominus</strong></span> <span class='ocrx_word' id='word_1_657' title='bbox 3419 3926 3506 3981; x_wconf 89' lang='lat' dir='ltr'><strong>per</strong></span> <span class='ocrx_word' id='word_1_658' title='bbox 3545 3906 3704 3974; x_wconf 73' lang='lat' dir='ltr'><strong>Moysen</strong></span> 
     </span>
    </p>
   </div>
   <div class='ocr_carea' id='block_1_86' title="bbox 2202 4007 3704 4087">
    <p class='ocr_par' dir='ltr' id='par_1_86' title="bbox 2202 4007 3704 4087">
     <span class='ocr_line' id='line_1_86' title="bbox 2202 4007 3704 4087; baseline -0.017 -15"><span class='ocrx_word' id='word_1_659' title='bbox 2202 4016 2498 4087; x_wconf 84' lang='lat' dir='ltr'><strong>castigaret</strong></span> <span class='ocrx_word' id='word_1_660' title='bbox 2525 4027 2592 4068; x_wconf 90' lang='lat' dir='ltr'><strong>ne</strong></span> <span class='ocrx_word' id='word_1_661' title='bbox 2629 4019 3056 4076; x_wconf 85' lang='lat' dir='ltr'><strong>murmurarent,</strong></span> <span class='ocrx_word' id='word_1_662' title='bbox 3087 4027 3196 4064; x_wconf 84' lang='lat' dir='ltr'><strong>non</strong></span> <span class='ocrx_word' id='word_1_663' title='bbox 3240 4008 3554 4064; x_wconf 71' lang='lat' dir='ltr'><strong>exaudierunt</strong></span> <span class='ocrx_word' id='word_1_664' title='bbox 3579 4007 3704 4050; x_wconf 70' lang='lat' dir='ltr'><strong>rotati</strong></span> 
     </span>
    </p>
   </div>
   <div class='ocr_carea' id='block_1_87' title="bbox 2203 4092 3707 4176">
    <p class='ocr_par' dir='ltr' id='par_1_87' title="bbox 2203 4092 3707 4176">
     <span class='ocr_line' id='line_1_87' title="bbox 2203 4092 3707 4176; baseline -0.016 -13"><span class='ocrx_word' id='word_1_665' title='bbox 2203 4109 2416 4163; x_wconf 90' lang='lat' dir='ltr'><strong>Domini</strong></span> <span class='ocrx_word' id='word_1_666' title='bbox 2474 4121 2570 4176; x_wconf 93' lang='lat' dir='ltr'><strong>per</strong></span> <span class='ocrx_word' id='word_1_667' title='bbox 2622 4104 2840 4175; x_wconf 84' lang='lat' dir='ltr'><strong>Moysen</strong></span> <span class='ocrx_word' id='word_1_668' title='bbox 2877 4103 3076 4164; x_wconf 88' lang='lat' dir='ltr'><strong>datam,</strong></span> <span class='ocrx_word' id='word_1_669' title='bbox 3119 4112 3182 4158; x_wconf 93' lang='lat' dir='ltr'><strong>ut</strong></span> <span class='ocrx_word' id='word_1_670' title='bbox 3217 4104 3495 4157; x_wconf 84' lang='lat' dir='ltr'><strong>cessarent.</strong></span> <span class='ocrx_word' id='word_1_671' title='bbox 3534 4092 3586 4146; x_wconf 85' lang='lat' dir='ltr'><strong>Et</strong></span> <span class='ocrx_word' id='word_1_672' title='bbox 3621 4097 3707 4176; x_wconf 67' lang='lat' dir='ltr'><strong>cura</strong></span> 
     </span>
    </p>
   </div>
   <div class='ocr_carea' id='block_1_88' title="bbox 2203 4172 3708 4265">
    <p class='ocr_par' dir='ltr' id='par_1_88' title="bbox 2203 4172 3708 4265">
     <span class='ocr_line' id='line_1_88' title="bbox 2203 4172 3708 4265; baseline -0.014 -9"><span class='ocrx_word' id='word_1_673' title='bbox 2203 4201 2308 4256; x_wconf 87' lang='lat' dir='ltr'><strong>hac</strong></span> <span class='ocrx_word' id='word_1_674' title='bbox 2333 4197 2622 4254; x_wconf 88' lang='lat' dir='ltr'><strong>occasione</strong></span> <span class='ocrx_word' id='word_1_675' title='bbox 2649 4194 2796 4265; x_wconf 87' lang='lat' dir='ltr'><strong>digni</strong></span> <span class='ocrx_word' id='word_1_676' title='bbox 2824 4202 3007 4250; x_wconf 87' lang='lat' dir='ltr'><strong>essent</strong></span> <span class='ocrx_word' id='word_1_677' title='bbox 3051 4193 3420 4252; x_wconf 88' lang='lat' dir='ltr'><strong>damnatione,</strong></span> <span class='ocrx_word' id='word_1_678' title='bbox 3457 4179 3648 4241; x_wconf 70' lang='lat' dir='ltr'><strong>eleuarit.</strong></span> <span class='ocrx_word' id='word_1_679' title='bbox 3671 4172 3708 4226; x_wconf 68' lang='lat' dir='ltr'><strong>id</strong></span> 
     </span>
    </p>
   </div>
   <div class='ocr_carea' id='block_1_89' title="bbox 2203 4267 3688 4360">
    <p class='ocr_par' dir='ltr' id='par_1_89' title="bbox 2203 4267 3688 4360">
     <span class='ocr_line' id='line_1_89' title="bbox 2203 4267 3688 4360; baseline -0.014 -14"><span class='ocrx_word' id='word_1_680' title='bbox 2203 4301 2286 4346; x_wconf 86' lang='lat' dir='ltr'><strong>est</strong></span> <span class='ocrx_word' id='word_1_681' title='bbox 2311 4288 2588 4360; x_wconf 86' lang='lat' dir='ltr'><strong>separavit</strong></span> <span class='ocrx_word' id='word_1_682' title='bbox 2613 4285 2680 4342; x_wconf 64' lang='lat' dir='ltr'><strong>et&#39;</strong></span> <span class='ocrx_word' id='word_1_683' title='bbox 2699 4284 2976 4354; x_wconf 89' lang='lat' dir='ltr'><strong>elongavit</strong></span> <span class='ocrx_word' id='word_1_684' title='bbox 3002 4283 3069 4338; x_wconf 89' lang='lat' dir='ltr'><strong>ab</strong></span> <span class='ocrx_word' id='word_1_685' title='bbox 3097 4283 3184 4339; x_wconf 88' lang='lat' dir='ltr'><strong>eis</strong></span> <span class='ocrx_word' id='word_1_686' title='bbox 3210 4297 3442 4344; x_wconf 85' lang='lat' dir='ltr'><strong>manum,</strong></span> <span class='ocrx_word' id='word_1_687' title='bbox 3465 4275 3509 4330; x_wconf 94' lang='lat' dir='ltr'><strong>id</strong></span> <span class='ocrx_word' id='word_1_688' title='bbox 3535 4280 3603 4327; x_wconf 84' lang='lat' dir='ltr'><strong>est</strong></span> <span class='ocrx_word' id='word_1_689' title='bbox 3622 4267 3688 4318; x_wconf 74' lang='grc' dir='ltr'><strong>τῑη</strong></span> 
     </span>
    </p>
   </div>
   <div class='ocr_carea' id='block_1_90' title="bbox 2205 4367 3710 4445">
    <p class='ocr_par' dir='ltr' id='par_1_90' title="bbox 2205 4367 3710 4445">
     <span class='ocr_line' id='line_1_90' title="bbox 2205 4367 3710 4445; baseline -0.015 -7"><span class='ocrx_word' id='word_1_690' title='bbox 2205 4384 2401 4438; x_wconf 89' lang='lat' dir='ltr'><strong>dictam</strong></span> <span class='ocrx_word' id='word_1_691' title='bbox 2445 4395 2618 4443; x_wconf 88' lang='lat' dir='ltr'><strong>suant,</strong></span> <span class='ocrx_word' id='word_1_692' title='bbox 2678 4392 2922 4442; x_wconf 90' lang='lat' dir='ltr'><strong>manum,</strong></span> <span class='ocrx_word' id='word_1_693' title='bbox 2963 4377 3209 4445; x_wconf 89' lang='lat' dir='ltr'><strong>inquam,</strong></span> <span class='ocrx_word' id='word_1_694' title='bbox 3271 4373 3602 4429; x_wconf 88' lang='lat' dir='ltr'><strong>imminentem</strong></span> <span class='ocrx_word' id='word_1_695' title='bbox 3641 4367 3710 4428; x_wconf 78' lang='lat' dir='ltr'><strong>pro</strong></span> 
     </span>
    </p>
   </div>
   <div class='ocr_carea' id='block_1_91' title="bbox 2203 4459 3710 4538">
    <p class='ocr_par' dir='ltr' id='par_1_91' title="bbox 2203 4459 3710 4538">
     <span class='ocr_line' id='line_1_91' title="bbox 2203 4459 3710 4538; baseline -0.006 -11"><span class='ocrx_word' id='word_1_696' title='bbox 2203 4473 2364 4527; x_wconf 90' lang='lat' dir='ltr'><strong>malis</strong></span> <span class='ocrx_word' id='word_1_697' title='bbox 2386 4470 2596 4526; x_wconf 86' lang='lat' dir='ltr'><strong>meritis</strong></span> <span class='ocrx_word' id='word_1_698' title='bbox 2617 4483 2804 4524; x_wconf 90' lang='lat' dir='ltr'><strong>eorum</strong></span> <span class='ocrx_word' id='word_1_699' title='bbox 2832 4482 2989 4538; x_wconf 89' lang='lat' dir='ltr'><strong>super</strong></span> <span class='ocrx_word' id='word_1_700' title='bbox 3013 4483 3121 4531; x_wconf 84' lang='lat' dir='ltr'><strong>eos,</strong></span> <span class='ocrx_word' id='word_1_701' title='bbox 3148 4465 3219 4520; x_wconf 86' lang='lat' dir='ltr'><strong>ad</strong></span> <span class='ocrx_word' id='word_1_702' title='bbox 3251 4465 3353 4520; x_wconf 88' lang='lat' dir='ltr'><strong>hoc</strong></span> <span class='ocrx_word' id='word_1_703' title='bbox 3392 4471 3443 4516; x_wconf 86' lang='lat' dir='ltr'><strong>ut</strong></span> <span class='ocrx_word' id='word_1_704' title='bbox 3471 4459 3603 4526; x_wconf 77' lang='lat' dir='ltr'><strong>digne</strong></span> <span class='ocrx_word' id='word_1_705' title='bbox 3627 4464 3710 4538; x_wconf 54' lang='grc' dir='ltr'><strong>ΡΨ·</strong></span> 
     </span>
    </p>
   </div>
   <div class='ocr_carea' id='block_1_92' title="bbox 517 4535 3709 4628">
    <p class='ocr_par' dir='ltr' id='par_1_92' title="bbox 517 4535 3709 4628">
     <span class='ocr_line' id='line_1_92' title="bbox 517 4535 3709 4628; baseline -0.004 -25"><span class='ocrx_word' id='word_1_706' title='bbox 517 4553 794 4606; x_wconf 86' lang='lat' dir='ltr'><strong>combussit</strong></span> <span class='ocrx_word' id='word_1_707' title='bbox 821 4565 1223 4622; x_wconf 67' lang='grc' dir='ltr'><strong>μεθορίων-εδ,οχ</strong></span> <span class='ocrx_word' id='word_1_708' title='bbox 1248 4553 1371 4609; x_wconf 90' lang='lat' dir='ltr'><strong>aliis</strong></span> <span class='ocrx_word' id='word_1_709' title='bbox 1393 4553 1614 4613; x_wconf 82' lang='lat' dir='ltr'><strong>familiis</strong></span> <span class='ocrx_word' id='word_1_710' title='bbox 1641 4558 1736 4628; x_wconf 81' lang='lat' dir='ltr'><strong>qui</strong></span> <span class='ocrx_word' id='word_1_711' title='bbox 1764 4559 1845 4614; x_wconf 90' lang='lat' dir='ltr'><strong>eis</strong></span> <span class='ocrx_word' id='word_1_712' title='bbox 1873 4535 2098 4628; x_wconf 85' lang='lat' dir='ltr'><strong>acquie-</strong></span> <span class='ocrx_word' id='word_1_713' title='bbox 2129 4535 2178 4596; x_wconf 76' lang='lat' dir='ltr'><strong>D</strong></span> <span class='ocrx_word' id='word_1_714' title='bbox 2207 4569 2474 4624; x_wconf 82' lang='lat' dir='ltr'><strong>sterneret,</strong></span> <span class='ocrx_word' id='word_1_715' title='bbox 2499 4559 2552 4613; x_wconf 91' lang='lat' dir='ltr'><strong>id</strong></span> <span class='ocrx_word' id='word_1_716' title='bbox 2583 4566 2667 4612; x_wconf 89' lang='lat' dir='ltr'><strong>est</strong></span> <span class='ocrx_word' id='word_1_717' title='bbox 2696 4535 3028 4613; x_wconf 75' lang='lat' dir='ltr'><strong>interficeret</strong></span> <span class='ocrx_word' id='word_1_718' title='bbox 3055 4571 3144 4608; x_wconf 87' lang='lat' dir='ltr'><strong>eos</strong></span> <span class='ocrx_word' id='word_1_719' title='bbox 3184 4555 3242 4609; x_wconf 86' lang='lat' dir='ltr'><strong>in</strong></span> <span class='ocrx_word' id='word_1_720' title='bbox 3273 4553 3483 4610; x_wconf 81' lang='lat' dir='ltr'><strong>deserto,</strong></span> <span class='ocrx_word' id='word_1_721' title='bbox 3519 4554 3563 4599; x_wconf 85' lang='lat' dir='ltr'><strong>et</strong></span> <span class='ocrx_word' id='word_1_722' title='bbox 3580 4535 3709 4628; x_wconf 79' lang='lat' dir='ltr'><strong>immi-</strong></span> 
     </span>
    </p>
   </div>
   <div class='ocr_carea' id='block_1_93' title="bbox 517 4642 2097 4719">
    <p class='ocr_par' dir='ltr' id='par_1_93' title="bbox 517 4642 2097 4719">
     <span class='ocr_line' id='line_1_93' title="bbox 517 4642 2097 4719; baseline 0.007 -27"><span class='ocrx_word' id='word_1_723' title='bbox 517 4649 741 4705; x_wconf 87' lang='lat' dir='ltr'><strong>verant,</strong></span> <span class='ocrx_word' id='word_1_724' title='bbox 784 4642 921 4698; x_wconf 88' lang='lat' dir='ltr'><strong>Core</strong></span> <span class='ocrx_word' id='word_1_725' title='bbox 969 4644 1220 4700; x_wconf 81' lang='lat' dir='ltr'><strong>videlicet</strong></span> <span class='ocrx_word' id='word_1_726' title='bbox 1258 4655 1315 4702; x_wconf 90' lang='lat' dir='ltr'><strong>et</strong></span> <span class='ocrx_word' id='word_1_727' title='bbox 1351 4646 1485 4704; x_wconf 91' lang='lat' dir='ltr'><strong>alios</strong></span> <span class='ocrx_word' id='word_1_728' title='bbox 1530 4649 1794 4704; x_wconf 89' lang='lat' dir='ltr'><strong>ducentos</strong></span> <span class='ocrx_word' id='word_1_729' title='bbox 1836 4648 2097 4719; x_wconf 84' lang='lat' dir='ltr'><strong>quinqua-</strong></span> 
     </span>
    </p>
   </div>
   <div class='ocr_carea' id='block_1_94' title="bbox 517 4729 2098 4809">
    <p class='ocr_par' dir='ltr' id='par_1_94' title="bbox 517 4729 2098 4809">
     <span class='ocr_line' id='line_1_94' title="bbox 517 4729 2098 4809; baseline 0.008 -28"><span class='ocrx_word' id='word_1_730' title='bbox 517 4729 663 4800; x_wconf 78' lang='lat' dir='ltr'><strong>ginta</strong></span> <span class='ocrx_word' id='word_1_731' title='bbox 687 4768 701 4792; x_wconf 93' lang='lat'><strong>,</strong></span> <span class='ocrx_word' id='word_1_732' title='bbox 735 4729 822 4797; x_wconf 91' lang='lat' dir='ltr'><strong>qui</strong></span> <span class='ocrx_word' id='word_1_733' title='bbox 853 4734 918 4785; x_wconf 92' lang='lat' dir='ltr'><strong>ad</strong></span> <span class='ocrx_word' id='word_1_734' title='bbox 946 4732 1157 4788; x_wconf 84' lang='lat' dir='ltr'><strong>Dathan</strong></span> <span class='ocrx_word' id='word_1_735' title='bbox 1199 4742 1255 4789; x_wconf 85' lang='lat' dir='ltr'><strong>et</strong></span> <span class='ocrx_word' id='word_1_736' title='bbox 1283 4734 1486 4795; x_wconf 81' lang='lat' dir='ltr'><strong>Abiron</strong></span> <span class='ocrx_word' id='word_1_737' title='bbox 1517 4737 1829 4809; x_wconf 79' lang='lat' dir='ltr'><strong>congregati</strong></span> <span class='ocrx_word' id='word_1_738' title='bbox 1860 4737 2098 4804; x_wconf 85' lang='lat' dir='ltr'><strong>fuerant,</strong></span> 
     </span>
    </p>
   </div>
   <div class='ocr_carea' id='block_1_95' title="bbox 517 4819 2102 4883">
    <p class='ocr_par' dir='ltr' id='par_1_95' title="bbox 517 4819 2102 4883">
     <span class='ocr_line' id='line_1_95' title="bbox 517 4819 2102 4883; baseline 0.003 -5"><span class='ocrx_word' id='word_1_739' title='bbox 517 4829 574 4878; x_wconf 88' lang='lat' dir='ltr'><strong>et</strong></span> <span class='ocrx_word' id='word_1_740' title='bbox 617 4819 772 4875; x_wconf 88' lang='lat' dir='ltr'><strong>electi</strong></span> <span class='ocrx_word' id='word_1_741' title='bbox 819 4820 886 4874; x_wconf 90' lang='lat' dir='ltr'><strong>ad</strong></span> <span class='ocrx_word' id='word_1_742' title='bbox 933 4822 1208 4880; x_wconf 74' lang='lat' dir='ltr'><strong>offerenda</strong></span> <span class='ocrx_word' id='word_1_743' title='bbox 1257 4826 1527 4882; x_wconf 86' lang='lat' dir='ltr'><strong>sacriﬁcia</strong></span> <span class='ocrx_word' id='word_1_744' title='bbox 1575 4837 1767 4882; x_wconf 88' lang='lat' dir='ltr'><strong>contra</strong></span> <span class='ocrx_word' id='word_1_745' title='bbox 1813 4827 1992 4882; x_wconf 87' lang='lat' dir='ltr'><strong>Aaron</strong></span> <span class='ocrx_word' id='word_1_746' title='bbox 2044 4836 2102 4883; x_wconf 92' lang='lat' dir='ltr'><strong>et</strong></span> 
     </span>
    </p>
   </div>
   <div class='ocr_carea' id='block_1_96' title="bbox 523 4911 2098 4983">
    <p class='ocr_par' dir='ltr' id='par_1_96' title="bbox 523 4911 2098 4983">
     <span class='ocr_line' id='line_1_96' title="bbox 523 4911 2098 4983; baseline 0.003 -15"><span class='ocrx_word' id='word_1_747' title='bbox 523 4914 727 4968; x_wconf 87' lang='lat' dir='ltr'><strong>tribum</strong></span> <span class='ocrx_word' id='word_1_748' title='bbox 759 4911 875 4981; x_wconf 87' lang='lat' dir='ltr'><strong>ejus</strong></span> <span class='ocrx_word' id='word_1_749' title='bbox 907 4911 1094 4979; x_wconf 82' lang='lat' dir='ltr'><strong>(lbid.,</strong></span> <span class='ocrx_word' id='word_1_750' title='bbox 1117 4915 1230 4983; x_wconf 77' lang='lat'><strong>35).</strong></span> <span class='ocrx_word' id='word_1_751' title='bbox 1256 4914 1371 4972; x_wconf 85' lang='lat' dir='ltr'><strong>Non</strong></span> <span class='ocrx_word' id='word_1_752' title='bbox 1403 4917 1573 4972; x_wconf 91' lang='lat' dir='ltr'><strong>solum</strong></span> <span class='ocrx_word' id='word_1_753' title='bbox 1603 4927 1783 4974; x_wconf 92' lang='lat' dir='ltr'><strong>autem</strong></span> <span class='ocrx_word' id='word_1_754' title='bbox 1811 4918 1914 4974; x_wconf 89' lang='lat' dir='ltr'><strong>hoc</strong></span> <span class='ocrx_word' id='word_1_755' title='bbox 1936 4918 2098 4974; x_wconf 85' lang='lat' dir='ltr'><strong>modo</strong></span> 
     </span>
    </p>
   </div>
   <div class='ocr_carea' id='block_1_97' title="bbox 520 5007 2097 5078">
    <p class='ocr_par' dir='ltr' id='par_1_97' title="bbox 520 5007 2097 5078">
     <span class='ocr_line' id='line_1_97' title="bbox 520 5007 2097 5078; baseline 0.003 -16"><span class='ocrx_word' id='word_1_756' title='bbox 520 5014 917 5078; x_wconf 86' lang='lat' dir='ltr'><strong>peccaverunt,</strong></span> <span class='ocrx_word' id='word_1_757' title='bbox 946 5007 1039 5060; x_wconf 92' lang='lat' dir='ltr'><strong>scd</strong></span> <span class='ocrx_word' id='word_1_758' title='bbox 1063 5007 1227 5060; x_wconf 89' lang='lat' dir='ltr'><strong>etiam</strong></span> <span class='ocrx_word' id='word_1_759' title='bbox 1255 5007 1490 5074; x_wconf 79' lang='lat' dir='ltr'><strong>fecerunt</strong></span> <span class='ocrx_word' id='word_1_760' title='bbox 1531 5009 1750 5065; x_wconf 78' lang='lat' dir='ltr'><strong>vitulum</strong></span> <span class='ocrx_word' id='word_1_761' title='bbox 1775 5010 2097 5067; x_wconf 87' lang='lat' dir='ltr'><strong>conﬂatilem</strong></span> 
     </span>
    </p>
   </div>
   <div class='ocr_carea' id='block_1_98' title="bbox 515 5097 2099 5169">
    <p class='ocr_par' dir='ltr' id='par_1_98' title="bbox 515 5097 2099 5169">
     <span class='ocr_line' id='line_1_98' title="bbox 515 5097 2099 5169; baseline 0.003 -17"><span class='ocrx_word' id='word_1_762' title='bbox 515 5098 716 5168; x_wconf 77' lang='lat' dir='ltr'><strong>(Exod.</strong></span> <span class='ocrx_word' id='word_1_763' title='bbox 748 5113 923 5163; x_wconf 73' lang='lat' dir='ltr'><strong>xxx&quot;,</strong></span> <span class='ocrx_word' id='word_1_764' title='bbox 953 5097 1033 5167; x_wconf 69' lang='grc'><strong>4),</strong></span> <span class='ocrx_word' id='word_1_765' title='bbox 1069 5105 1121 5151; x_wconf 90' lang='lat' dir='ltr'><strong>et</strong></span> <span class='ocrx_word' id='word_1_766' title='bbox 1154 5097 1259 5150; x_wconf 87' lang='lat' dir='ltr'><strong>hoc</strong></span> <span class='ocrx_word' id='word_1_767' title='bbox 1291 5098 1346 5152; x_wconf 90' lang='lat' dir='ltr'><strong>in</strong></span> <span class='ocrx_word' id='word_1_768' title='bbox 1376 5097 1574 5164; x_wconf 80' lang='lat' dir='ltr'><strong>Horeb,</strong></span> <span class='ocrx_word' id='word_1_769' title='bbox 1605 5101 1657 5154; x_wconf 93' lang='lat' dir='ltr'><strong>in</strong></span> <span class='ocrx_word' id='word_1_770' title='bbox 1706 5100 1796 5156; x_wconf 92' lang='lat' dir='ltr'><strong>illo</strong></span> <span class='ocrx_word' id='word_1_771' title='bbox 1823 5101 1961 5169; x_wconf 90' lang='lat' dir='ltr'><strong>loco,</strong></span> <span class='ocrx_word' id='word_1_772' title='bbox 1991 5102 2099 5157; x_wconf 88' lang='lat' dir='ltr'><strong>sci-</strong></span> 
     </span>
    </p>
   </div>
   <div class='ocr_carea' id='block_1_99' title="bbox 515 5187 2096 5258">
    <p class='ocr_par' dir='ltr' id='par_1_99' title="bbox 515 5187 2096 5258">
     <span class='ocr_line' id='line_1_99' title="bbox 515 5187 2096 5258; baseline 0.003 -16"><span class='ocrx_word' id='word_1_773' title='bbox 515 5190 642 5244; x_wconf 91' lang='lat' dir='ltr'><strong>licet</strong></span> <span class='ocrx_word' id='word_1_774' title='bbox 672 5190 722 5243; x_wconf 94' lang='lat' dir='ltr'><strong>in</strong></span> <span class='ocrx_word' id='word_1_775' title='bbox 765 5205 872 5258; x_wconf 88' lang='lat' dir='ltr'><strong>quo</strong></span> <span class='ocrx_word' id='word_1_776' title='bbox 916 5189 1025 5244; x_wconf 90' lang='lat' dir='ltr'><strong>Deo</strong></span> <span class='ocrx_word' id='word_1_777' title='bbox 1071 5187 1436 5244; x_wconf 87' lang='lat' dir='ltr'><strong>obediendum</strong></span> <span class='ocrx_word' id='word_1_778' title='bbox 1481 5199 1659 5258; x_wconf 89' lang='lat' dir='ltr'><strong>esset,</strong></span> <span class='ocrx_word' id='word_1_779' title='bbox 1707 5191 1898 5248; x_wconf 85' lang='lat' dir='ltr'><strong>saltem</strong></span> <span class='ocrx_word' id='word_1_780' title='bbox 1951 5201 2096 5247; x_wconf 88' lang='lat' dir='ltr'><strong>metu</strong></span> 
     </span>
    </p>
   </div>
   <div class='ocr_carea' id='block_1_100' title="bbox 515 5279 2096 5350">
    <p class='ocr_par' dir='ltr' id='par_1_100' title="bbox 515 5279 2096 5350">
     <span class='ocr_line' id='line_1_100' title="bbox 515 5279 2096 5350; baseline 0.001 -16"><span class='ocrx_word' id='word_1_781' title='bbox 515 5280 755 5349; x_wconf 86' lang='lat' dir='ltr'><strong>gentium</strong></span> <span class='ocrx_word' id='word_1_782' title='bbox 818 5279 1329 5336; x_wconf 89' lang='lat' dir='ltr'><strong>circumastantium</strong></span> <span class='ocrx_word' id='word_1_783' title='bbox 1369 5295 1384 5347; x_wconf 91' lang='lat'><strong>;</strong></span> <span class='ocrx_word' id='word_1_784' title='bbox 1435 5289 1492 5334; x_wconf 90' lang='lat' dir='ltr'><strong>et</strong></span> <span class='ocrx_word' id='word_1_785' title='bbox 1537 5289 1824 5350; x_wconf 86' lang='lat' dir='ltr'><strong>postquam</strong></span> <span class='ocrx_word' id='word_1_786' title='bbox 1871 5283 2096 5338; x_wconf 90' lang='lat' dir='ltr'><strong>vitulum</strong></span> 
     </span>
    </p>
   </div>
   <div class='ocr_carea' id='block_1_101' title="bbox 513 5369 2093 5442">
    <p class='ocr_par' dir='ltr' id='par_1_101' title="bbox 513 5369 2093 5442">
     <span class='ocr_line' id='line_1_101' title="bbox 513 5369 2093 5442; baseline 0.001 -17"><span class='ocrx_word' id='word_1_787' title='bbox 513 5373 782 5437; x_wconf 89' lang='lat' dir='ltr'><strong>fecerunt,</strong></span> <span class='ocrx_word' id='word_1_788' title='bbox 798 5373 1151 5426; x_wconf 73' lang='lat' dir='ltr'><strong>ador-atterunt</strong></span> <span class='ocrx_word' id='word_1_789' title='bbox 1177 5371 1306 5427; x_wconf 90' lang='lat' dir='ltr'><strong>illud</strong></span> <span class='ocrx_word' id='word_1_790' title='bbox 1326 5369 1590 5442; x_wconf 85' lang='lat' dir='ltr'><strong>sculptile,</strong></span> <span class='ocrx_word' id='word_1_791' title='bbox 1617 5372 1821 5428; x_wconf 84' lang='lat' dir='ltr'><strong>scilicet</strong></span> <span class='ocrx_word' id='word_1_792' title='bbox 1845 5375 2093 5439; x_wconf 90' lang='lat' dir='ltr'><strong>vitulum,</strong></span> 
     </span>
    </p>
   </div>
   <div class='ocr_carea' id='block_1_102' title="bbox 513 5461 2094 5536">
    <p class='ocr_par' dir='ltr' id='par_1_102' title="bbox 513 5461 2094 5536">
     <span class='ocr_line' id='line_1_102' title="bbox 513 5461 2094 5536; baseline 0.001 -18"><span class='ocrx_word' id='word_1_793' title='bbox 513 5474 562 5518; x_wconf 85' lang='lat' dir='ltr'><strong>et</strong></span> <span class='ocrx_word' id='word_1_794' title='bbox 609 5463 686 5518; x_wconf 90' lang='lat' dir='ltr'><strong>sic</strong></span> <span class='ocrx_word' id='word_1_795' title='bbox 709 5473 1042 5518; x_wconf 86' lang='lat' dir='ltr'><strong>mutaverunt</strong></span> <span class='ocrx_word' id='word_1_796' title='bbox 1069 5463 1293 5534; x_wconf 84' lang='lat' dir='ltr'><strong>gloriam</strong></span> <span class='ocrx_word' id='word_1_797' title='bbox 1319 5479 1494 5528; x_wconf 86' lang='lat' dir='ltr'><strong>suam,</strong></span> <span class='ocrx_word' id='word_1_798' title='bbox 1529 5461 1738 5518; x_wconf 87' lang='lat' dir='ltr'><strong>scilicet</strong></span> <span class='ocrx_word' id='word_1_799' title='bbox 1769 5464 1979 5519; x_wconf 89' lang='lat' dir='ltr'><strong>Domini</strong></span> <span class='ocrx_word' id='word_1_800' title='bbox 2003 5467 2094 5536; x_wconf 91' lang='lat' dir='ltr'><strong>qui</strong></span> 
     </span>
    </p>
   </div>
   <div class='ocr_carea' id='block_1_103' title="bbox 515 5552 2098 5625">
    <p class='ocr_par' dir='ltr' id='par_1_103' title="bbox 515 5552 2098 5625">
     <span class='ocr_line' id='line_1_103' title="bbox 515 5552 2098 5625; baseline 0.002 -18"><span class='ocrx_word' id='word_1_801' title='bbox 515 5554 686 5625; x_wconf 78' lang='lat' dir='ltr'><strong>gloria</strong></span> <span class='ocrx_word' id='word_1_802' title='bbox 709 5567 895 5609; x_wconf 88' lang='lat' dir='ltr'><strong>eorum</strong></span> <span class='ocrx_word' id='word_1_803' title='bbox 921 5568 1042 5609; x_wconf 90' lang='lat' dir='ltr'><strong>esse</strong></span> <span class='ocrx_word' id='word_1_804' title='bbox 1066 5552 1314 5618; x_wconf 87' lang='lat' dir='ltr'><strong>deberet,</strong></span> <span class='ocrx_word' id='word_1_805' title='bbox 1349 5552 1402 5609; x_wconf 91' lang='lat' dir='ltr'><strong>in</strong></span> <span class='ocrx_word' id='word_1_806' title='bbox 1427 5569 1536 5624; x_wconf 88' lang='lat' dir='ltr'><strong>quo</strong></span> <span class='ocrx_word' id='word_1_807' title='bbox 1563 5555 1788 5608; x_wconf 88' lang='lat' dir='ltr'><strong>adorato</strong></span> <span class='ocrx_word' id='word_1_808' title='bbox 1813 5553 2098 5610; x_wconf 87' lang='lat' dir='ltr'><strong>solummo-</strong></span> 
     </span>
    </p>
   </div>
   <div class='ocr_carea' id='block_1_104' title="bbox 515 5647 2098 5716">
    <p class='ocr_par' dir='ltr' id='par_1_104' title="bbox 515 5647 2098 5716">
     <span class='ocr_line' id='line_1_104' title="bbox 515 5647 2098 5716; baseline 0.001 -16"><span class='ocrx_word' id='word_1_809' title='bbox 515 5647 586 5700; x_wconf 89' lang='lat' dir='ltr'><strong>do</strong></span> <span class='ocrx_word' id='word_1_810' title='bbox 609 5647 943 5716; x_wconf 77' lang='lat' dir='ltr'><strong>gloriandum</strong></span> <span class='ocrx_word' id='word_1_811' title='bbox 969 5655 1144 5709; x_wconf 87' lang='lat' dir='ltr'><strong>esset,</strong></span> <span class='ocrx_word' id='word_1_812' title='bbox 1170 5657 1498 5700; x_wconf 87' lang='lat' dir='ltr'><strong>mutaverunt</strong></span> <span class='ocrx_word' id='word_1_813' title='bbox 1532 5661 1636 5702; x_wconf 88' lang='lat' dir='ltr'><strong>non</strong></span> <span class='ocrx_word' id='word_1_814' title='bbox 1664 5663 1716 5702; x_wconf 91' lang='grc' dir='ltr'><strong>ιιι</strong></span> <span class='ocrx_word' id='word_1_815' title='bbox 1744 5661 1932 5701; x_wconf 90' lang='lat' dir='ltr'><strong>verum</strong></span> <span class='ocrx_word' id='word_1_816' title='bbox 1956 5647 2098 5701; x_wconf 86' lang='lat' dir='ltr'><strong>vitu-</strong></span> 
     </span>
    </p>
   </div>
   <div class='ocr_carea' id='block_1_105' title="bbox 517 5736 2096 5809">
    <p class='ocr_par' dir='ltr' id='par_1_105' title="bbox 517 5736 2096 5809">
     <span class='ocr_line' id='line_1_105' title="bbox 517 5736 2096 5809; baseline 0.001 -17"><span class='ocrx_word' id='word_1_817' title='bbox 517 5736 627 5792; x_wconf 74' lang='lat' dir='ltr'><strong>lum</strong></span> <span class='ocrx_word' id='word_1_818' title='bbox 648 5776 664 5803; x_wconf 91' lang='lat'><strong>,</strong></span> <span class='ocrx_word' id='word_1_819' title='bbox 712 5739 854 5806; x_wconf 86' lang='lat' dir='ltr'><strong>quod</strong></span> <span class='ocrx_word' id='word_1_820' title='bbox 879 5738 1012 5793; x_wconf 85' lang='lat' dir='ltr'><strong>satis</strong></span> <span class='ocrx_word' id='word_1_821' title='bbox 1050 5737 1306 5794; x_wconf 85' lang='lat' dir='ltr'><strong>miserum</strong></span> <span class='ocrx_word' id='word_1_822' title='bbox 1338 5748 1512 5806; x_wconf 86' lang='lat' dir='ltr'><strong>esset,</strong></span> <span class='ocrx_word' id='word_1_823' title='bbox 1542 5739 1634 5793; x_wconf 87' lang='lat' dir='ltr'><strong>sed</strong></span> <span class='ocrx_word' id='word_1_824' title='bbox 1663 5740 1808 5809; x_wconf 88' lang='lat' dir='ltr'><strong>quod</strong></span> <span class='ocrx_word' id='word_1_825' title='bbox 1856 5739 2096 5794; x_wconf 82' lang='lat' dir='ltr'><strong>deterius</strong></span> 
     </span>
    </p>
   </div>
   <div class='ocr_carea' id='block_1_106' title="bbox 2209 4627 3712 4714">
    <p class='ocr_par' dir='ltr' id='par_1_106' title="bbox 2209 4627 3712 4714">
     <span class='ocr_line' id='line_1_106' title="bbox 2209 4627 3712 4714; baseline -0.019 -6"><span class='ocrx_word' id='word_1_826' title='bbox 2209 4661 2426 4708; x_wconf 89' lang='lat' dir='ltr'><strong>ncntcm</strong></span> <span class='ocrx_word' id='word_1_827' title='bbox 2453 4650 2616 4706; x_wconf 91' lang='lat' dir='ltr'><strong>etiam</strong></span> <span class='ocrx_word' id='word_1_828' title='bbox 2662 4648 2728 4702; x_wconf 92' lang='lat' dir='ltr'><strong>ad</strong></span> <span class='ocrx_word' id='word_1_829' title='bbox 2774 4647 2896 4713; x_wconf 89' lang='lat' dir='ltr'><strong>hoc,</strong></span> <span class='ocrx_word' id='word_1_830' title='bbox 2928 4655 2983 4700; x_wconf 89' lang='lat' dir='ltr'><strong>ut</strong></span> <span class='ocrx_word' id='word_1_831' title='bbox 3009 4645 3258 4714; x_wconf 83' lang='lat' dir='ltr'><strong>dejiceret</strong></span> <span class='ocrx_word' id='word_1_832' title='bbox 3300 4655 3464 4698; x_wconf 86' lang='lat' dir='ltr'><strong>semen</strong></span> <span class='ocrx_word' id='word_1_833' title='bbox 3503 4645 3645 4690; x_wconf 80' lang='lat' dir='ltr'><strong>eorum</strong></span> <span class='ocrx_word' id='word_1_834' title='bbox 3675 4627 3712 4674; x_wconf 78' lang='lat' dir='ltr'><strong>in</strong></span> 
     </span>
    </p>
   </div>
   <div class='ocr_carea' id='block_1_107' title="bbox 2209 4728 3710 4810">
    <p class='ocr_par' dir='ltr' id='par_1_107' title="bbox 2209 4728 3710 4810">
     <span class='ocr_line' id='line_1_107' title="bbox 2209 4728 3710 4810; baseline -0.016 -13"><span class='ocrx_word' id='word_1_835' title='bbox 2209 4742 2507 4797; x_wconf 87' lang='lat' dir='ltr'><strong>nationibus</strong></span> <span class='ocrx_word' id='word_1_836' title='bbox 2532 4739 2796 4810; x_wconf 88' lang='lat' dir='ltr'><strong>gentium,</strong></span> <span class='ocrx_word' id='word_1_837' title='bbox 2827 4737 2877 4793; x_wconf 91' lang='lat' dir='ltr'><strong>id</strong></span> <span class='ocrx_word' id='word_1_838' title='bbox 2901 4746 2986 4794; x_wconf 90' lang='lat' dir='ltr'><strong>est</strong></span> <span class='ocrx_word' id='word_1_839' title='bbox 3010 4745 3068 4791; x_wconf 91' lang='lat' dir='ltr'><strong>ut</strong></span> <span class='ocrx_word' id='word_1_840' title='bbox 3085 4733 3423 4806; x_wconf 90' lang='lat' dir='ltr'><strong>permitteret</strong></span> <span class='ocrx_word' id='word_1_841' title='bbox 3445 4728 3562 4783; x_wconf 88' lang='lat' dir='ltr'><strong>lilios</strong></span> <span class='ocrx_word' id='word_1_842' title='bbox 3575 4731 3710 4776; x_wconf 78' lang='lat' dir='ltr'><strong>eorum</strong></span> 
     </span>
    </p>
   </div>
   <div class='ocr_carea' id='block_1_108' title="bbox 2206 4820 3714 4902">
    <p class='ocr_par' dir='ltr' id='par_1_108' title="bbox 2206 4820 3714 4902">
     <span class='ocr_line' id='line_1_108' title="bbox 2206 4820 3714 4902; baseline -0.013 -14"><span class='ocrx_word' id='word_1_843' title='bbox 2206 4833 2507 4902; x_wconf 81' lang='lat' dir='ltr'><strong>Captivatos</strong></span> <span class='ocrx_word' id='word_1_844' title='bbox 2539 4829 2772 4901; x_wconf 83' lang='lat' dir='ltr'><strong>dispergi</strong></span> <span class='ocrx_word' id='word_1_845' title='bbox 2827 4830 2970 4884; x_wconf 88' lang='lat' dir='ltr'><strong>inter</strong></span> <span class='ocrx_word' id='word_1_846' title='bbox 3006 4827 3258 4882; x_wconf 89' lang='lat' dir='ltr'><strong>nationes</strong></span> <span class='ocrx_word' id='word_1_847' title='bbox 3305 4822 3545 4896; x_wconf 89' lang='lat' dir='ltr'><strong>gentium,</strong></span> <span class='ocrx_word' id='word_1_848' title='bbox 3571 4823 3616 4870; x_wconf 86' lang='lat' dir='ltr'><strong>et</strong></span> <span class='ocrx_word' id='word_1_849' title='bbox 3649 4820 3714 4861; x_wconf 64' lang='lat' dir='ltr'><strong>ehi</strong></span> 
     </span>
    </p>
   </div>
   <div class='ocr_carea' id='block_1_109' title="bbox 2206 4904 3715 4994">
    <p class='ocr_par' dir='ltr' id='par_1_109' title="bbox 2206 4904 3715 4994">
     <span class='ocr_line' id='line_1_109' title="bbox 2206 4904 3715 4994; baseline -0.012 -15"><span class='ocrx_word' id='word_1_850' title='bbox 2206 4925 2545 4994; x_wconf 83' lang='lat' dir='ltr'><strong>disperderet,</strong></span> <span class='ocrx_word' id='word_1_851' title='bbox 2581 4923 2633 4978; x_wconf 90' lang='lat' dir='ltr'><strong>id</strong></span> <span class='ocrx_word' id='word_1_852' title='bbox 2675 4930 2759 4978; x_wconf 83' lang='lat' dir='ltr'><strong>est</strong></span> <span class='ocrx_word' id='word_1_853' title='bbox 2798 4921 3030 4977; x_wconf 81' lang='lat' dir='ltr'><strong>diversis</strong></span> <span class='ocrx_word' id='word_1_854' title='bbox 3058 4920 3238 4974; x_wconf 89' lang='lat' dir='ltr'><strong>modis</strong></span> <span class='ocrx_word' id='word_1_855' title='bbox 3265 4917 3499 4990; x_wconf 87' lang='lat' dir='ltr'><strong>perderet</strong></span> <span class='ocrx_word' id='word_1_856' title='bbox 3519 4912 3564 4964; x_wconf 88' lang='lat' dir='ltr'><strong>in</strong></span> <span class='ocrx_word' id='word_1_857' title='bbox 3588 4904 3715 4972; x_wconf 70' lang='lat' dir='ltr'><strong>regio-</strong></span> 
     </span>
    </p>
   </div>
   <div class='ocr_carea' id='block_1_110' title="bbox 2203 4999 3714 5088">
    <p class='ocr_par' dir='ltr' id='par_1_110' title="bbox 2203 4999 3714 5088">
     <span class='ocr_line' id='line_1_110' title="bbox 2203 4999 3714 5088; baseline -0.013 -16"><span class='ocrx_word' id='word_1_858' title='bbox 2203 5018 2354 5072; x_wconf 84' lang='lat' dir='ltr'><strong>nibus</strong></span> <span class='ocrx_word' id='word_1_859' title='bbox 2396 5017 2637 5088; x_wconf 88' lang='lat' dir='ltr'><strong>gentium</strong></span> <span class='ocrx_word' id='word_1_860' title='bbox 2671 5017 2962 5085; x_wconf 86' lang='lat' dir='ltr'><strong>dispersos.</strong></span> <span class='ocrx_word' id='word_1_861' title='bbox 3016 5010 3170 5079; x_wconf 84' lang='lat' dir='ltr'><strong>Quod</strong></span> <span class='ocrx_word' id='word_1_862' title='bbox 3219 5019 3306 5066; x_wconf 89' lang='lat' dir='ltr'><strong>est</strong></span> <span class='ocrx_word' id='word_1_863' title='bbox 3337 5022 3398 5063; x_wconf 90' lang='lat' dir='ltr'><strong>ac</strong></span> <span class='ocrx_word' id='word_1_864' title='bbox 3437 5003 3479 5060; x_wconf 88' lang='lat' dir='ltr'><strong>si</strong></span> <span class='ocrx_word' id='word_1_865' title='bbox 3523 4999 3714 5088; x_wconf 37' lang='lat' dir='ltr'><strong>dicunt?</strong></span> 
     </span>
    </p>
   </div>
   <div class='ocr_carea' id='block_1_111' title="bbox 2201 5082 3713 5182">
    <p class='ocr_par' dir='ltr' id='par_1_111' title="bbox 2201 5082 3713 5182">
     <span class='ocr_line' id='line_1_111' title="bbox 2201 5082 3713 5182; baseline -0.017 -18"><span class='ocrx_word' id='word_1_866' title='bbox 2201 5108 2334 5164; x_wconf 90' lang='lat' dir='ltr'><strong>Cum</strong></span> <span class='ocrx_word' id='word_1_867' title='bbox 2362 5082 2586 5178; x_wconf 72' lang='lat' dir='ltr'><strong>propter</strong></span> <span class='ocrx_word' id='word_1_868' title='bbox 2624 5082 2810 5163; x_wconf 80' lang='lat' dir='ltr'><strong>eorum</strong></span> <span class='ocrx_word' id='word_1_869' title='bbox 2847 5103 3201 5160; x_wconf 74' lang='lat' dir='ltr'><strong>difﬁdentiam</strong></span> <span class='ocrx_word' id='word_1_870' title='bbox 3245 5114 3407 5170; x_wconf 90' lang='lat' dir='ltr'><strong>super</strong></span> <span class='ocrx_word' id='word_1_871' title='bbox 3448 5108 3531 5150; x_wconf 89' lang='lat' dir='ltr'><strong>eos</strong></span> <span class='ocrx_word' id='word_1_872' title='bbox 3563 5091 3623 5143; x_wconf 85' lang='lat' dir='ltr'><strong>ira</strong></span> <span class='ocrx_word' id='word_1_873' title='bbox 3645 5082 3713 5182; x_wconf 62' lang='lat' dir='ltr'><strong>Pri</strong></span> 
     </span>
    </p>
   </div>
   <div class='ocr_carea' id='block_1_112' title="bbox 2201 5174 3714 5271">
    <p class='ocr_par' dir='ltr' id='par_1_112' title="bbox 2201 5174 3714 5271">
     <span class='ocr_line' id='line_1_112' title="bbox 2201 5174 3714 5271; baseline -0.011 -18"><span class='ocrx_word' id='word_1_874' title='bbox 2201 5174 2511 5254; x_wconf 81' lang='lat' dir='ltr'><strong>immineret</strong></span> <span class='ocrx_word' id='word_1_875' title='bbox 2537 5199 2604 5252; x_wconf 89' lang='lat' dir='ltr'><strong>ad</strong></span> <span class='ocrx_word' id='word_1_876' title='bbox 2637 5199 2761 5262; x_wconf 88' lang='lat' dir='ltr'><strong>hoc,</strong></span> <span class='ocrx_word' id='word_1_877' title='bbox 2795 5205 2853 5250; x_wconf 88' lang='lat' dir='ltr'><strong>ut</strong></span> <span class='ocrx_word' id='word_1_878' title='bbox 2885 5203 3093 5264; x_wconf 89' lang='lat' dir='ltr'><strong>partem</strong></span> <span class='ocrx_word' id='word_1_879' title='bbox 3123 5206 3315 5246; x_wconf 90' lang='lat' dir='ltr'><strong>eorum</strong></span> <span class='ocrx_word' id='word_1_880' title='bbox 3355 5189 3407 5244; x_wconf 93' lang='lat' dir='ltr'><strong>in</strong></span> <span class='ocrx_word' id='word_1_881' title='bbox 3437 5174 3714 5271; x_wconf 70' lang='lat' dir='ltr'><strong>deserto__&#39;1i5_&#39;</strong></span> 
     </span>
    </p>
   </div>
   <div class='ocr_carea' id='block_1_113' title="bbox 2201 5265 3717 5361">
    <p class='ocr_par' dir='ltr' id='par_1_113' title="bbox 2201 5265 3717 5361">
     <span class='ocr_line' id='line_1_113' title="bbox 2201 5265 3717 5361; baseline -0.014 -15"><span class='ocrx_word' id='word_1_882' title='bbox 2201 5293 2472 5361; x_wconf 89' lang='lat' dir='ltr'><strong>perderet,</strong></span> <span class='ocrx_word' id='word_1_883' title='bbox 2503 5299 2714 5360; x_wconf 88' lang='lat' dir='ltr'><strong>partem</strong></span> <span class='ocrx_word' id='word_1_884' title='bbox 2750 5302 2880 5342; x_wconf 86' lang='lat' dir='ltr'><strong>vero</strong></span> <span class='ocrx_word' id='word_1_885' title='bbox 2927 5287 2979 5340; x_wconf 91' lang='lat' dir='ltr'><strong>in</strong></span> <span class='ocrx_word' id='word_1_886' title='bbox 3013 5283 3330 5355; x_wconf 87' lang='lat' dir='ltr'><strong>regionibus</strong></span> <span class='ocrx_word' id='word_1_887' title='bbox 3367 5276 3579 5350; x_wconf 85' lang='lat' dir='ltr'><strong>gentium</strong></span> <span class='ocrx_word' id='word_1_888' title='bbox 3599 5265 3717 5361; x_wconf 58' lang='lat' dir='ltr'><strong>tliSSl‘</strong></span> 
     </span>
    </p>
   </div>
   <div class='ocr_carea' id='block_1_114' title="bbox 2202 5355 3716 5452">
    <p class='ocr_par' dir='ltr' id='par_1_114' title="bbox 2202 5355 3716 5452">
     <span class='ocr_line' id='line_1_114' title="bbox 2202 5355 3716 5452; baseline -0.023 -17"><span class='ocrx_word' id='word_1_889' title='bbox 2202 5355 2377 5452; x_wconf 81' lang='lat' dir='ltr'><strong>paret,</strong></span> <span class='ocrx_word' id='word_1_890' title='bbox 2425 5355 2671 5435; x_wconf 42' lang='lat' dir='ltr'><strong>et-ﬁlios</strong></span> <span class='ocrx_word' id='word_1_891' title='bbox 2717 5391 2901 5432; x_wconf 89' lang='lat' dir='ltr'><strong>eorum</strong></span> <span class='ocrx_word' id='word_1_892' title='bbox 2958 5374 3100 5430; x_wconf 89' lang='lat' dir='ltr'><strong>inter</strong></span> <span class='ocrx_word' id='word_1_893' title='bbox 3143 5371 3394 5426; x_wconf 91' lang='lat' dir='ltr'><strong>nationes</strong></span> <span class='ocrx_word' id='word_1_894' title='bbox 3426 5355 3716 5452; x_wconf 59' lang='lat' dir='ltr'><strong>diSpcrgeret,</strong></span> 
     </span>
    </p>
   </div>
   <div class='ocr_carea' id='block_1_115' title="bbox 2206 5437 3716 5542">
    <p class='ocr_par' dir='ltr' id='par_1_115' title="bbox 2206 5437 3716 5542">
     <span class='ocr_line' id='line_1_115' title="bbox 2206 5437 3716 5542; baseline -0.02 -16"><span class='ocrx_word' id='word_1_895' title='bbox 2206 5437 2319 5542; x_wconf 78' lang='lat' dir='ltr'><strong>ipse</strong></span> <span class='ocrx_word' id='word_1_896' title='bbox 2352 5437 2501 5540; x_wconf 79' lang='lat' dir='ltr'><strong>prius</strong></span> <span class='ocrx_word' id='word_1_897' title='bbox 2545 5469 2690 5523; x_wconf 89' lang='lat' dir='ltr'><strong>hanc</strong></span> <span class='ocrx_word' id='word_1_898' title='bbox 2731 5466 3022 5521; x_wconf 83' lang='lat' dir='ltr'><strong>vindictam</strong></span> <span class='ocrx_word' id='word_1_899' title='bbox 3073 5462 3286 5518; x_wconf 90' lang='lat' dir='ltr'><strong>distulit</strong></span> <span class='ocrx_word' id='word_1_900' title='bbox 3314 5475 3382 5515; x_wconf 91' lang='lat' dir='ltr'><strong>ne</strong></span> <span class='ocrx_word' id='word_1_901' title='bbox 3421 5453 3642 5542; x_wconf 82' lang='lat' dir='ltr'><strong>perirent.</strong></span> <span class='ocrx_word' id='word_1_902' title='bbox 3669 5437 3716 5491; x_wconf 72' lang='lat' dir='ltr'><strong>ad</strong></span> 
     </span>
    </p>
   </div>
   <div class='ocr_carea' id='block_1_116' title="bbox 2205 5541 3718 5626">
    <p class='ocr_par' dir='ltr' id='par_1_116' title="bbox 2205 5541 3718 5626">
     <span class='ocr_line' id='line_1_116' title="bbox 2205 5541 3718 5626; baseline -0.013 -10"><span class='ocrx_word' id='word_1_903' title='bbox 2205 5541 2609 5616; x_wconf 66' lang='lat' dir='ltr'><strong>similitudinem</strong></span> <span class='ocrx_word' id='word_1_904' title='bbox 2669 5558 2840 5623; x_wconf 89' lang='lat' dir='ltr'><strong>illius,</strong></span> <span class='ocrx_word' id='word_1_905' title='bbox 2897 5557 2990 5626; x_wconf 86' lang='lat' dir='ltr'><strong>qui</strong></span> <span class='ocrx_word' id='word_1_906' title='bbox 3038 5567 3174 5611; x_wconf 87' lang='lat' dir='ltr'><strong>onus</strong></span> <span class='ocrx_word' id='word_1_907' title='bbox 3224 5553 3400 5607; x_wconf 81' lang='lat' dir='ltr'><strong>elevat</strong></span> <span class='ocrx_word' id='word_1_908' title='bbox 3445 5561 3504 5602; x_wconf 90' lang='lat' dir='ltr'><strong>ne</strong></span> <span class='ocrx_word' id='word_1_909' title='bbox 3539 5541 3718 5608; x_wconf 74' lang='lat' dir='ltr'><strong>aliquem</strong></span> 
     </span>
    </p>
   </div>
   <div class='ocr_carea' id='block_1_117' title="bbox 2205 5654 2495 5724">
    <p class='ocr_par' dir='ltr' id='par_1_117' title="bbox 2205 5654 2495 5724">
     <span class='ocr_line' id='line_1_117' title="bbox 2205 5654 2495 5724; baseline -0.01 -15"><span class='ocrx_word' id='word_1_910' title='bbox 2205 5654 2495 5724; x_wconf 80' lang='lat' dir='ltr'><strong>deprimat.</strong></span> 
     </span>
    </p>
   </div>
   <div class='ocr_carea' id='block_1_118' title="bbox 2277 5719 3719 5806">
    <p class='ocr_par' dir='ltr' id='par_1_118' title="bbox 2277 5719 3719 5806">
     <span class='ocr_line' id='line_1_118' title="bbox 2277 5719 3719 5806; baseline -0.017 -8"><span class='ocrx_word' id='word_1_911' title='bbox 2277 5743 2341 5798; x_wconf 77' lang='lat' dir='ltr'><strong>Et</strong></span> <span class='ocrx_word' id='word_1_912' title='bbox 2393 5745 2515 5800; x_wconf 87' lang='lat' dir='ltr'><strong>licet</strong></span> <span class='ocrx_word' id='word_1_913' title='bbox 2571 5758 2792 5800; x_wconf 87' lang='lat' dir='ltr'><strong>manum</strong></span> <span class='ocrx_word' id='word_1_914' title='bbox 2847 5741 3124 5806; x_wconf 86' lang='lat' dir='ltr'><strong>elevarct,</strong></span> <span class='ocrx_word' id='word_1_915' title='bbox 3181 5749 3362 5792; x_wconf 88' lang='lat' dir='ltr'><strong>tamen</strong></span> <span class='ocrx_word' id='word_1_916' title='bbox 3419 5727 3589 5787; x_wconf 87' lang='lat' dir='ltr'><strong>initiati</strong></span> <span class='ocrx_word' id='word_1_917' title='bbox 3631 5719 3719 5774; x_wconf 68' lang='lat' dir='ltr'><strong>sttui</strong></span> 
     </span>
    </p>
   </div>
  </div>
