3840 6338
168 335 297 390 {-2.01

1161 333 1522 392 EXPOSITIO
1551 333 1616 388 IN
1656 331 1990 388 PSALMOS.
2031 332 2330 387 -—'PSAL.
2373 333 2477 388 CV.

3287 332 3427 389 H02

164 448 602 519 Bchel-Phcgor,
661 447 713 502 id
776 456 858 502 est
888 447 1190 503 consecrati
1242 447 1383 503 idolo
1428 447 1626 515 Debet,
1691 448 1742 502 in
1774 452 1821 506 Α
1848 448 2142 515 dwmoniis,
2170 448 2322 503 idolis
2360 447 2571 502 scilicet
2605 446 2657 500 in
2692 448 2887 517 quibus
2918 448 3178 504 dmmouia
3221 449 3423 504 dabant

168 542 384 610 Phegor
417 540 657 609 regiones
693 538 770 592 Ac
799 539 845 593 si
876 538 1081 594 diceret
1108 552 1122 591 :
1157 537 1305 593 Licet
1331 540 1409 594 eis
1434 540 1520 609 pie
1554 554 1746 609 parce-

167 638 279 693 ret,
321 639 505 683 tamen
551 644 673 682 enin
706 629 877 698 magis
920 628 1282 695 offenderunt,
1307 630 1670 684 consecrando
1695 640 1749 684 et

164 721 456 776 subdeado
487 734 545 775 se
568 719 755 785 Bchel,
787 729 843 774 et
870 720 940 774 ibi
972 720 1025 774 iu
1058 719 1303 788 Phcgor;
1337 721 1543 776 scilicet
1582 736 1750 774 come-

164 811 361 863 derunt
388 809 652 877 sacri/icia
699 821 1026 862 nwrtuornm
1059 810 1357 875 hominum,
1402 826 1535 880 quos
1565 828 1612 882 g:
1632 819 1752 865 ntcs

166 899 302 951 deos
332 912 452 952 esse
503 897 926 963 mentiebantur,
982 898 1122 952 sicut
1167 907 1286 953 erat
1332 897 1561 968 Jupiter,
1614 909 1747 964 etc.,

170 990 262 1058 qui
318 988 567 1043 homines
615 987 867 1054 fuerunt,
914 1003 1142 1057 quorum
1196 990 1461 1046 sacriﬁcia
1519 990 1750 1045 nefanda

170 1079 445 1148 prohibita
479 1092 660 1147 erant,
686 1096 755 1134 ne
785 1081 1220 1136 comederentur.
1247 1083 1376 1137 Dico
1402 1084 1545 1152 quod
1574 1099 1748 1138 come-

168 1170 363 1222 derunt
397 1171 663 1238 sacriﬁcia
710 1171 924 1238 illicita,
952 1180 1007 1228 et
1041 1173 1203 1227 etiam
1248 1174 1584 1229 irritaverant
1631 1192 1750 1228 eum

172 1257 344 1310 Deum
371 1258 425 1311 in
451 1259 903 1315 adinventionibus
947 1262 1077 1326 suis,
1122 1262 1172 1316 id
1222 1272 1304 1318 est
1344 1278 1439 1332 per
1472 1264 1572 1319 hoc
1607 1266 1749 1334 quod

176 1348 595 1414 adinvcnernnt,
644 1360 703 1404 ut
749 1366 870 1405 cum
923 1352 1236 1408 mulieribus
1271 1353 1483 1409 Madian
1514 1354 1752 1411 fornica-

172 1446 391 1502 rcntur,
430 1440 571 1507 quod
596 1455 626 1494 a
666 1440 774 1496 Deo
803 1442 1131 1511 prohibitum
1164 1442 1369 1508 fuerat;
1418 1454 1471 1499 et
1496 1446 1751 1515 quoniam
1800 1478 1805 1481 »

168 1527 545 1591 irritaverunt,
580 1531 925 1603 multiplicata
946 1544 1019 1588 est
1043 1534 1095 1589 in
1115 1538 1188 1589 eis
1211 1536 1387 1602 ruina,
1413 1536 1465 1591 id
1496 1546 1580 1592 est
1600 1537 1751 1593 multi

171 1635 203 1672 a
239 1620 355 1675 Deo
405 1622 676 1678 interfecti
708 1633 871 1678 sunt:
914 1634 968 1679 et
996 1627 1211 1695 quando
1250 1629 1402 1683 ruina
1434 1629 1521 1683 illa
1567 1630 1749 1695 liebat,

169 1710 313 1763 stetit
369 1706 633 1774 l’ltinees,
689 1711 831 1767 ﬁlius
880 1714 1122 1770 Eleazari
1170 1715 1265 1769 ﬁlii
1316 1717 1496 1772 Aaron
1568 1718 1754 1774 fratris

1852 554 2126 609 responsa.
2189 538 2424 609 Exponit
2470 546 2650 591 autem
2709 538 2941 606 qualiter
2991 538 3418 593 immolaverunt.

1850 631 1980 685 Dico
2011 628 2433 692 immolaverunt,
2460 627 2513 681 id
2538 635 2622 683 est
2667 627 2770 682 hoc
2812 629 2969 683 modo
3006 630 3222 699 quidem
3254 612 3443 685 inter-ﬁ

1852 721 2079 777 ficiendo
2131 735 2248 785 eos,
2290 730 2338 773 et
2390 719 2687 788 effuderunt
2737 719 3036 786 sanguinem
3076 721 3423 786 innocentem,

1849 811 1991 882 quod
2028 810 2196 865 multo
2224 809 2377 880 pejus
2400 818 2485 863 est
2510 824 2671 879 quam
2710 810 2755 864 si
2794 824 2995 864 nocens
3022 821 3184 874 esset,
3211 812 3425 880 sangui-

1852 918 1965 956 nem
1993 900 2225 970 ﬁliorum
2253 916 2467 954 suorum
2494 909 2541 954 et
2565 899 2800 968 ﬁliarum
2836 915 3069 965 suarum,
3101 918 3227 969 quas
3255 903 3422 953 sacri-

1849 991 2132 1059 ﬁcaverunt
2164 988 2491 1059 sculptilibus
2534 989 2692 1044 idolis
2737 989 3023 1055 Chanaan;
3078 990 3218 1057 quod
3256 990 3421 1043 multo

1852 1081 2127 1138 crudelius
2165 1097 2326 1152 quam
2352 1082 2394 1136 si
2418 1081 2509 1134 ﬁlii
2540 1090 2593 1136 et
2624 1080 2743 1133 lilia:
2772 1095 2956 1135 eorum
2991 1096 3093 1135 non
3130 1088 3341 1144 essent;
3373 1090 3427 1133 et

1853 1190 1959 1230 non
1991 1188 2192 1243 paucos
2233 1171 2645 1235 interfecerunt,
2677 1170 2769 1226 sed
2815 1170 2883 1223 ab
2927 1169 3028 1223 illis
3052 1168 3319 1235 interfecta
3351 1178 3424 1220 est

1852 1274 2015 1327 terra,
2049 1263 2104 1318 id
2148 1271 2235 1318 est
2281 1262 2514 1317 maxima
2545 1276 2674 1330 pars
2717 1260 2948 1313 ﬁliorum
2989 1259 3342 1312 habitantium
3371 1259 3424 1312 in

1856 1362 1995 1409 terra
2044 1353 2153 1408 illa.
2207 1352 2273 1406 In
2302 1350 2665 1421 sanguinibus,
2704 1350 2756 1404 id
2783 1358 2865 1404 εει
2914 1350 2965 1402 in
3017 1348 3274 1403 effusione
3305 1363 3429 1402 san-

1853 1448 2096 1517 guinum,
2126 1444 2337 1499 scilicet
2379 1443 2447 1496 ad
2495 1444 2595 1495 hoc
2638 1428 2921 1495 interfecta.
2967 1447 3067 1503 est,
3110 1446 3166 1491 ut
3212 1436 3426 1505 sanguis

1852 1539 1971 1609 ejus
1998 1538 2155 1594 idolis
2200 1535 2587 1597 effunderetur,
2630 1540 2682 1587 et
2715 1541 2859 1585 tanta
2917 1529 3015 1585 fuit
3054 1528 3253 1583 oceisio
3286 1527 3425 1596 quod

1854 1644 1995 1686 terra
2022 1630 2113 1685 ubi
2155 1628 2484 1684 sacriﬁcium
2529 1626 2716 1691 ﬁebat,
2748 1624 3103 1679 contaminata
3135 1630 3207 1675 est
3233 1621 3284 1673 in
3308 1636 3428 1689 ope-

1855 1723 1999 1776 ribus
2043 1736 2244 1785 eorum,
2292 1717 2500 1773 scilicet
2546 1716 2598 1770 in
2627 1715 2879 1785 operibus
2923 1711 3309 1769 sacriﬁciorum
3338 1711 3426 1765 ubi

170 1798 363 1870 ΜυΥδίν
397 1816 504 1856 ηοη
536 1803 762 1869 cedd“.
808 1805 903 1859 εοά
941 1814 1195 1861 constans
1238 1805 1338 1861 fuit
1390 1807 1441 1861 in
1480 1819 1749 1879 prmcepto
1784 1800 1823 1860 Β
1854 1813 2073 1884 sanguis
2110 1808 2516 1874 effundebatur;
2543 1816 2598 1863 et
2641 1808 2719 1863 sic
2764 1804 3007 1876 fornicati
3034 1814 3154 1857 sunt
3195 1803 3249 1856 in
3278 1801 3429 1855 adin-

171 1888 414 1957 Domini,
460 1906 529 1944 ne
576 1906 697 1945 cum
735 1892 1041 1948 Madianitis
1086 1894 1485 1951 fornicaretur:
1518 1905 1574 1952 et
1598 1904 1747 1952 stans

168 1978 404 2045 placavit
452 1980 643 2047 Deum,
691 1982 1017 2050 pcrforando
1064 1985 1285 2054 cuspide
1336 1987 1405 2041 ad
1460 1988 1752 2044 vindictam

172 2066 269 2122 Dei
304 2068 591 2124 Hebrteum
623 2081 678 2126 et
706 2071 1114 2129 Madianitidem
1143 2077 1454 2147 quamdam,
1489 2095 1626 2149 quos
1653 2079 1755 2134 illi-

171 2160 280 2214 citc
310 2162 626 2218 commistos
653 2163 858 2219 invenit
883 2164 1072 2237 (Nam.
1101 2183 1226 2233 xxv,
1250 2168 1326 2238 8),
1353 2177 1406 2223 et
1438 2170 1515 2224 sic
1536 2172 1754 2226 cessavit

169 2252 469 2320 quassatio,
499 2261 558 2307 ut
580 2254 805 2323 posthac
837 2254 976 2310 Deus
991 2255 1071 2311 eis
1096 2266 1344 2325 parceret
1368 2274 1381 2311 :
1409 2259 1586 2313 ethoc
1611 2260 1754 2329 quod

172 2344 252 2398 sic
282 2342 452 2395 Deum
483 2343 738 2413 placavit,
770 2355 1064 2414 reputatum
1102 2358 1175 2401 est
1215 2347 1262 2401 ei
1297 2349 1348 2400 in
1377 2349 1670 2418 justitiam,
1702 2352 1755 2406 id

173 2443 255 2486 est
278 2433 384 2487 hac
414 2433 479 2487 de
503 2450 664 2488 causa
682 2435 862 2505 justus
890 2447 1112 2492 vocatus
1137 2446 1240 2503 est,
1261 2441 1389 2492 etin
1421 2442 1754 2509 generatione

175 2522 263 2575 illa
301 2525 559 2592 prtesenti
595 2534 649 2580 et
686 2541 856 2597 usque
904 2528 959 2583 in
1002 2530 1384 2597 generaLionem
1417 2540 1755 2601 sequentem,

171 2626 225 2671 et
251 2617 423 2672 etiam
457 2635 617 2690 usque
656 2620 711 2674 in
738 2622 1106 2689 sempiternum
1139 2621 1318 2690 justus
1343 2622 1443 2677 hac
1473 2624 1756 2679 occasione

176 2710 539 2777 reputabitur.
574 2710 704 2765 Dico
756 2711 901 2781 quod
939 2711 1101 2766 Deum
1150 2713 1481 2767 irritaverant
1521 2714 1574 2767 in
1608 2714 1758 2767 adin-

172 2801 503 2855 ventionfbus
540 2803 671 2869 suis,
718 2812 770 2856 et
805 2818 912 2857 non
945 2803 1118 2858 solum
1153 2804 1276 2870 hoc,
1310 2804 1401 2857 sed
1431 2812 1485 2858 et
1519 2806 1759 2858 irritave-

173 2901 297 2944 runt
322 2908 444 2945 eum
477 2892 546 2945 ad
585 2910 748 2962 aquas
788 2894 1243 2960 contradictionis,
1273 2896 1475 2950 scilicet
1510 2909 1633 2951 an'e
1670 2912 1758 2966 pc-

176 2988 339 3044 tram,
374 2980 465 3035 ubi
488 2981 822 3053 objurgando
847 2984 1287 3038 contradixerqu
1318 2983 1481 3055 Moysi
1502 2994 1555 3039 et
1576 2985 1757 3040 Aaron

176 3070 441 3138 dicentes,
468 3074 606 3142 quod
638 3090 743 3130 non
786 3085 1003 3145 possent
1051 3075 1116 3131 de
1147 3087 1296 3147 petra
1340 3092 1537 3147 aquam
1562 3076 1758 3147 ejicere

180 3250 396 3321 Moyses
423 3264 642 3323 preptcr
681 3271 793 3323 eos,
829 3255 879 3310 id
922 3265 1005 3311 est
1045 3266 1264 3327 propter
1303 3257 1756 3311 contradictiones

179 3358 401 3408 eorum;
435 3355 489 3397 ct
516 3360 640 3399 vere
662 3355 887 3401 vexatus
905 3356 1006 3413 est,
1036 3348 1159 3416 quia
1185 3346 1283 3416 ipsi
1314 3346 1753 3412 contradicendo,

180 3435 628 3489 exacerbaverunt
656 3436 894 3506 spiritum
926 3437 1090 3509 426
1118 3438 1259 3506 ejus,
1289 3438 1339 3492 id
1386 3446 1469 3493 est
1506 3438 1756 3492 acerbam

180 3532 236 3576 ct
265 3524 464 3577 iratam
501 3524 745 3580 iecerunt
782 3528 1017 3581 animam
1049 3528 1199 3598 ejus,
1253 3536 1307 3581 et
1359 3528 1491 3582 adeo
1529 3527 1627 3581 fuit
1668 3543 1761 3582 ex-

179 3616 468 3672 acerbatus
501 3626 556 3672 ct
593 3627 744 3673 extra
775 3634 993 3674 sensum
1042 3618 1216 3674 factus
1264 3621 1404 3689 quod
1434 3620 1670 3673 distinxit
1706 3620 1759 3673 in

180 3710 335 3764 labiis
382 3711 508 3773 suis,
551 3711 601 3765 id
650 3719 819 3766 estut
862 3712 1262 3767 distinctionem
1304 3723 1361 3767 et
1392 3714 1758 3767 diversitatem

182 3799 389 3854 faceret
418 3800 472 3854 in
499 3799 679 3855 verbis
709 3798 971 3854 labioruzn
1010 3816 1251 3867 suorum,
1300 3801 1503 3856 scilicet
1538 3810 1595 3855 ut
1633 3816 1757 3855 cum

182 3890 317 3945 nihil
350 3899 508 3945 antea
532 3891 826 3946 dubitative
851 3890 916 3945 tle
946 3891 1046 3946 hoc
1085 3892 1227 3961 quod
1265 3892 1369 3947 sibi
1428 3901 1546 3947 erat
1583 3892 1760 3962 injun-

181 3992 327 4036 ctum
361 3998 389 4034 a
422 3981 650 4035 Domino
693 3982 940 4046 dixisset,
970 3981 1072 4036 hoc
1108 3982 1407 4037 dubitative
1445 3983 1668 4037 diceret.
1696 3983 1759 4037 Et

140 4110 155 4123 .
183 4075 262 4129 sic
290 4076 455 4130 verba
498 4075 612 4130 haec
639 4075 892 4130 distincta
932 4085 987 4130 et
1034 4076 1247 4131 diversa
1296 4084 1476 4131 essent
1522 4092 1551 4130 a
1582 4077 1762 4131 verbis

183 4181 302 4235 qua:
359 4166 510 4236 prius
557 4181 677 4220 cum
723 4167 1045 4221 certitudine
1077 4167 1307 4222 dixerat.
1358 4167 1578 4239 Legitur
1606 4168 1759 4222 'cnim

183 4259 422 4314 dixisse:
457 4276 475 4307 ‹
507 4257 758 4327 Nunquid
792 4258 856 4313 de
882 4266 1033 4329 petra
1060 4258 1162 4313 hac
1200 4258 1349 4314 vobis
1380 4274 1575 4330 aquam
1612 4268 1762 4330 pote-

184 4351 357 4405 rimus
384 4350 617 4420 ejicere?
644 4370 659 4401 ι
700 4348 885 4421 (Ibitl.)

200 4506 209 4515 .
253 4440 371 4495 Non
404 4440 576 4494 solum
619 4450 798 4492 autem
853 4442 935 4495 his
971 4441 1141 4495 modis
1190 4440 1353 4495 Deum
1401 4439 1760 4504 oﬂ'enderunt,

180 4508 278 4585 sed
311 4531 417 4585 hoc
443 4529 602 4583 modo
631 4544 846 4599 quoque
868 4530 1031 4600 quod,
1061 4540 1341 4600 postquam
1368 4532 1419 4584 in
1455 4540 1594 4585 terra
1635 4545 1758 4599 pro—

186 4622 462 4677 missionis
487 4619 724 4686 fuerunt,
749 4630 804 4675 et
831 4621 1087 4674 Dominus
1110 4622 1453 4691 przecepissct
1486 4631 1543 4673 ut
1573 4636 1760 4675 omnes

187 4723 374 4784 gentes
403 4722 559 4767 terra:
586 4712 725 4767 illius
755 4712 1117 4767 interficerent
1136 4753 1149 4776 ,
1195 4729 1297 4766 non
1342 4712 1760 4782 disperdiderunt

187 4813 361 4870 gentes
384 4801 507 4855 illas
538 4816 723 4855 omnes
750 4818 881 4871 quas
916 4802 1049 4853 dixit
1074 4801 1328 4854 Dominus
1357 4800 1481 4867 illis,
1509 4808 1570 4855 ut
1596 4801 1763 4855 inter-

189 4896 431 4951 ﬁcerent.
470 4892 588 4947 Non
619 4893 788 4947 solum
844 4902 1024 4947 autem
1071 4892 1148 4947 eis
1185 4901 1560 4963 pepercerunt,
1590 4892 1682 4947 sed
1714 4903 1760 4947 et

189 4983 448 5038 commisti
482 4992 601 5037 sunt
652 4998 748 5051 per
795 4983 1065 5037 connubia
1098 4982 1380 5047 mulierum
1427 4983 1560 5037 inter
1590 4992 1763 5053 gentes

190 5074 468 5137 Amalech,
524 5072 719 5141 quibus
778 5084 965 5127 contra
1008 5083 1329 5143 praeceptum
1368 5074 1459 5128 Dei
1507 5089 1763 5144 peperce-

190 5175 335 5229 rant,
366 5174 421 5219 ει
451 5164 530 5220 sic
560 5164 852 5218 didicerunt
878 5180 1035 5234 opera
1072 5180 1270 5232 eorum,
1315 5164 1521 5219 scilicet
1546 5165 1760 5220 illicitas

192 5257 325 5308 ritus
372 5253 759 5309 saeiiﬁciornzu
795 5273 806 5308 :
837 5265 887 5308 et
927 5255 1279 5309 sacriﬁcando
1315 5256 1601 5311 servierunt
1624 5257 1761 5310 scul-

192 5345 402 5411 ptilibus
458 5344 612 5398 idolis
650 5344 837 5415 (Nunt.
868 5361 998 5409 xxv,
1029 5346 1246 5415 2,5),et
1284 5346 1384 5399 hoc
1437 5345 1631 5401 factum
1679 5358 1762 5402 cst

194 5436 296 5490 illis
322 5438 372 5489 itt
402 5437 733 5501 scandalum,
780 5437 830 5491 id
860 5446 1133 5493 estcausa
1181 5439 1280 5492 fuit
1316 5455 1482 5508 quare
1530 5442 1667 5494 Deus
1696 5440 1763 5495 ab

197 5527 395 5581 eisdem
436 5529 685 5599 gentibus
726 5529 1067 5598 permitteret
1110 5544 1203 5584 eos
1250 5531 1414 5585 multa
1463 5532 1764 5586 tribulatio-

200 5632 320 5669 num
354 5619 605 5673 scandala
628 5621 758 5690 pati.
786 5620 913 5675 Dico
938 5622 1078 5690 quod
1110 5623 1394 5675 servierunt
1418 5623 1757 5693 sculptilibus,

202 5715 247 5757 et
276 5709 553 5765 serviendo
590 5711 983 5767 immolaverunt
1014 5711 1154 5779 ﬁlios
1195 5729 1335 5780 suos,
1368 5726 1411 5767 et
1452 5714 1594 5781 ﬁlias
1638 5732 1759 5769 suas

1856 1902 2176 1959 ventionibus
2203 1899 2439 1970 gentium
2476 1898 2583 1951 suis
2614 1896 2789 1961 factis,
2846 1894 3054 1950 scilicet
3099 1892 3224 1962 quia
3272 1891 3426 1944 adin-

1855 1992 2077 2047 ventitia
2103 1990 2342 2061 gentium
2372 1987 2637 2043 sacriﬁcia
2664 2002 2759 2042 sua
2779 1985 3040 2048 fecerunt,
3069 1999 3129 2038 ea
3154 1982 3425 2046 faciendo,

1857 2083 2108 2139 fornicati
2145 2090 2271 2136 sunt
2304 2081 2474 2135 Deum
2507 2077 2877 2149 relinquendo,
2930 2086 2991 2131 ct
3043 2075 3200 2129 idolis
3251 2072 3431 2127 adlue-

1855 2174 2042 2239 reudo,
2078 2172 2143 2226 ad
2188 2169 2594 2227 similitudinem
2641 2167 2878 2223 mulieris
2906 2164 3246 2227 fornicantis,
3277 2178 3422 2232 quae,

1854 2265 2079 2320 dimisso
2109 2262 2323 2328 marito,
2374 2276 2495 2317 eum
2544 2259 2792 2315 adultero
2846 2258 3165 2314 fornicatur.
3213 2254 3280 2309 Et
3307 2254 3431 2322 quia

1856 2355 2105 2411 fornicati
2130 2364 2251 2410 sunt
2281 2354 2450 2406 iratus
2470 2362 2544 2406 est
2571 2351 2824 2405 Dominus
2846 2350 3045 2419 furore,
3077 2347 3127 2401 id
3156 2356 3239 2401 est
3262 2344 3430 2399 nimia

1857 2445 1934 2499 ira
1968 2445 2021 2497 in
2042 2442 2287 2513 populum
2314 2458 2489 2504 suum,
2514 2440 2567 2495 id
2592 2447 2676 2496 est
2698 2448 2884 2495 contra
2906 2436 3154 2508 populum
3181 2450 3358 2498 suum,
3384 2444 3432 2487 et

1857 2535 2186 2589 abominatus
2215 2542 2289 2586 est
2317 2532 2675 2587 [nereditatem
2714 2547 2899 2593 suam,
2941 2529 2995 2582 id
3037 2534 3119 2582 εει
3158 2526 3434 2581 abomina-

1856 2625 2019 2680 bilem
2074 2631 2130 2679 et
2174 2621 2566 2678 exsecrabilem
2630 2618 2899 2690 reputavit
2944 2616 3196 2688 populant
3250 2632 3432 2682 suum,

1858 2730 2019 2786 quem
2070 2728 2170 2784 per
2210 2713 2429 2785 Moysen
2471 2720 2524 2769 et
2552 2719 2775 2768 caeteros
2814 2710 3061 2765 doctores
3096 2707 3429 2768 excoluerat,

1858 2804 1998 2859 sicut
2026 2803 2219 2872 aliquis
2250 2802 2448 2858 excolit
2489 2803 2882 2863 haereditatem,
2920 2811 2965 2854 et
3011 2798 3230 2853 tradidit
3256 2814 3342 2851 eos
3376 2799 3429 2849 in

1858 2894 2137 2962 manus,id
2167 2905 2250 2950 est
2274 2896 2325 2949 in
2354 2901 2675 2964 potestatem
2699 2892 2925 2962 gentium
2943 2887 3430 2952 circumstantium,

1857 2996 1912 3040 τι
1956 2988 2059 3043 hoc
2124 2986 2282 3042 modo
2315 2984 2533 3040 tradidit
2585 2984 2727 3052 quod
2780 2981 3032 3035 dominati
3078 2989 3197 3033 sunt
3256 2994 3433 3030 eorum

1860 3078 2110 3149 gentiles,
2147 3078 2236 3146 qui
2264 3076 2480 3129 oderunt
2515 3090 2622 3138 eos,
2658 3072 2901 3141 captivos
2930 3084 3023 3125 cos
3072 3067 3337 3129 ducendo,
3379 3074 3434 3119 et

179 3159 371 3229 (Nam.
405 3163 630 3234 ΠΛΟ),
683 3175 737 3220 ει
786 3164 857 3220 ibi
886 3178 1117 3233 vexatus,
1173 3168 1223 3221 id
1268 3179 1350 3222 est
1397 3166 1647 3223 anxiatus
1681 3178 1755 3221 est
1787 3148 1827 3200 θ

1867 3168 2064 3221 tributa
2102 3166 2170 3221 ab
2198 3166 2278 3221 eis
2322 3164 2622 3235 exigendo:
2656 3171 2711 3217 et
2743 3162 2905 3218 etiam
2936 3158 3313 3213 tribulavernnt
3343 3173 3430 3210 eos

1861 3259 2062 3313 inimici
2083 3275 2259 3312 eorum
2297 3254 2521 3326 gentiles
2556 3251 2851 3309 innumeris
2899 3248 3355 3312 tribulationibus,
3388 3258 3435 3300 et

1861 3365 1931 3403 ex
1958 3357 2069 3402 toto
2098 3346 2362 3402 Itumiliati
2407 3355 2526 3399 sunt
2557 3344 2652 3399 sub
2701 3343 2962 3407 matribus,
3008 3341 3059 3395 id
3088 3347 3171 3395 est
3207 3340 3305 3392 sub
3338 3354 3433 3408 po-

1864 3450 2054 3496 testate
2076 3456 2274 3503 eorum,
2304 3446 2362 3491 nt
2386 3438 2651 3491 interdum
2670 3449 2856 3490 eorum
2886 3433 3026 3488 servi
3056 3430 3427 3486 edicerentur:

1862 3543 1915 3588 et
1939 3548 2006 3587 ex
2041 3532 2144 3587 hac
2177 3529 2550 3584 humiliatione
2598 3544 2732 3598 strpe
2775 3526 3012 3580 liberavit
3054 3541 3139 3579 eos
3176 3523 3435 3579 Dominus

1863 3622 2044 3676 multis
2072 3620 2263 3686 modis,
2301 3627 2357 3673 ut
2387 3618 2439 3673 in
2466 3617 2692 3673 historia
2725 3617 2939 3687 legitur.

1936 3711 2047 3781 Ipsi
2082 3720 2255 3764 autem
2284 3724 2405 3763 cum
2435 3709 2537 3763 hac
2572 3708 2855 3762 occasione
2884 3705 3141 3760 deberent
3161 3718 3281 3758 eum
3301 3718 3435 3755 nun-

1863 3819 2024 3875 quam
2054 3803 2406 3868 exacerbare,
2431 3801 2868 3855 exacerbarerunt
2889 3816 3005 3853 eum
3027 3800 3079 3851 in
3101 3798 3316 3853 consilio
3339 3812 3434 3849 suo

1864 3893 2070 3955 illicito,
2105 3891 2157 3945 id
2186 3900 2271 3946 est
2293 3890 2490 3944 malum
2514 3889 2798 3945 consilium
2821 3888 3073 3960 peccandi
3092 3887 3433 3955 accipiendo;

1863 3996 1911 4039 et
1959 3999 2147 4039 rursus
2179 3997 2209 4037 a
2242 3981 2349 4038 Deo
2377 3980 2644 4035 humiliati
2675 3990 2793 4035 stmt
2825 3981 2923 4035 sub
2959 3986 3225 4049 potestate
3262 3977 3435 4029 inimi-

1864 4090 2050 4129 corum
2069 4076 2121 4128 in
2143 4074 2505 4145 iniquitatibus
2530 4072 2660 4137 suis,
2697 4072 2746 4125 id
2771 4079 2853 4125 est
2879 4079 3096 4140 propter
3123 4068 3435 4136 iniquitates

1865 4181 2011 4231 suas,
2027 4176 2071 4220 et
2100 4174 2226 4219 tunc
2246 4164 2437 4217 iterum
2457 4161 2834 4216 misericorder
2849 4160 2971 4213 vidit
2988 4174 3103 4211 cum
3127 4158 3435 4209 tribularen-

1866 4266 1975 4320 tur,
2005 4265 2052 4310 et
2095 4255 2292 4309 audivit
2325 4254 2609 4306 orationem
2634 4266 2836 4315 eorum,
2861 4249 3132 4304 orantium
3164 4255 3222 4301 ut
3257 4249 3432 4317 eripe-

1867 4353 2057 4401 rentur
2075 4361 2087 4396 :
2108 4353 2156 4397 et
2171 4343 2291 4396 ideo
2312 4339 2533 4401 audivit,
2555 4339 2677 4407 quia
2695 4337 2999 4407 memorfuit
3020 4337 3311 4390 testamenti
3328 4336 3433 4395 sui,

1868 4435 1993 4489 facti
2026 4432 2091 4487 ad
2118 4431 2412 4497 Abraham,
2448 4430 2591 4501 quod
2625 4444 2691 4483 ex
2724 4428 2927 4483 semine
2967 4426 3082 4495 ejus
3121 4435 3437 4481 nasceretur

1866 4524 2113 4579 Christus
2148 4522 2238 4592 qui
2271 4535 2377 4575 non
2409 4527 2722 4575 nasceretur
2754 4518 2855 4572 nisi
2887 4518 2971 4573 his
2998 4525 3344 4587 parceretur:
3381 4523 3438 4569 et

1866 4616 1991 4685 quia
2028 4627 2232 4669 memor
2259 4611 2376 4675 fuit,
2406 4610 2643 4681 plenituit
2665 4626 2804 4675 eum,
2831 4610 2883 4663 id
2913 4619 2998 4665 est
3026 4610 3104 4664 sic
3124 4624 3217 4664 eos
3237 4609 3439 4677 eripuit

1865 4707 2017 4778 quasi
2046 4705 2112 4758 de
2137 4719 2321 4759 eorum
2350 4701 2691 4756 tribulatione
2716 4701 3024 4769 pteniteret.
3058 4701 3113 4755 In
3146 4701 3254 4755 Deo
3290 4701 3432 4754 enim

1868 4810 2143 4865 nunquam
2156 4802 2239 4848 est
2261 4792 2592 4863 poenitentia.
2615 4790 2707 4845 sed
2733 4790 3020 4860 aliquando
3050 4791 3261 4847 videtur
3283 4804 3401 4844 esse
3419 4829 3432 4851 ,

1869 4886 2083 4957 quando
2104 4883 2301 4939 factum
2319 4880 2593 4951 quodlibet
2614 4881 2880 4936 immutat.
2895 4881 3176 4946 Pwuituit,
3194 4882 3431 4948 inquam,

1865 4987 1919 5031 et
1946 4978 2045 5031 hoc
2066 4972 2348 5029 secundum
2378 4971 2766 5026 multitudinem
2787 4971 3155 5025 misericordia:
3174 4987 3302 5032 stur,
3330 4985 3436 5023 non

1865 5070 2027 5141 427
2054 5067 2346 5123 secundum
2374 5081 2559 5122 eorum
2591 5067 2804 5121 merita.
2829 5064 2977 5119 Etab
3006 5066 3083 5117 ira
3109 5063 3249 5116 dedit
3277 5079 3362 5116 eos
3385 5065 3440 5115 in

1866 5159 2274 5223 misericordias,
2301 5160 2351 5213 id
2376 5157 2524 5213 estin
2539 5157 2795 5213 beneﬁcia
2821 5153 3218 5218 misericordiae,
3235 5152 3443 5207 scilicet

1868 5268 1989 5308 cum
2018 5251 2252 5322 primum
2290 5251 2371 5305 eis
2399 5261 2541 5305 esset
2582 5251 2752 5304 iratus
2777 5289 2791 5313 ,
2832 5245 3143 5316 multiplicia
3177 5244 3439 5301 beneﬁcia

1850 5341 2254 5401 misericordia:
2276 5343 2355 5397 eis
2374 5341 2617 5406 contulit,
2644 5350 2698 5394 et
2720 5340 2888 5392 hocin
2910 5348 3184 5407 conspectu
3209 5336 3441 5390 omnium

1871 5439 2208 5492 inimicorum
2252 5436 2338 5506 qui
2387 5443 2623 5503 ceperant
2671 5432 2820 5501 prius
2865 5446 2951 5483 eos
3005 5430 3057 5483 in
3101 5429 3437 5483 servitutem.

1870 5528 2022 5595 Quod
2053 5529 2373 5584 estdicere:
2399 5526 2489 5579 Eis
2519 5524 2760 5578 liberalis
2787 5524 2864 5577 sic
2901 5521 3159 5577 beneﬁcia
3192 5520 3437 5582 contulit,

1872 5632 1928 5673 ut
1953 5622 2053 5675 hoc
2083 5619 2331 5674 onmibus
2374 5632 2559 5671 eorum
2609 5614 2840 5669 inimicis
2872 5614 3249 5681 innotesceret.
3287 5612 3439 5678 Quod

1872 5712 1995 5769 dicit
2034 5713 2088 5765 in
2120 5710 2528 5776 misericordias,
2579 5724 2676 5779 per
2704 5706 3001 5778 emphasim
3050 5706 3201 5762 dicit.
3264 5705 3342 5760 Ac
3395 5722 3438 5759 si
