3840 6338
363 353 502 410 £905

912 349 969 407 S.
1000 349 1350 407 BRUNONIS
1386 347 2036 408 CARTIIUSIANORUM
2061 341 2545 403 lNSTITUTOliIS
2583 339 2734 397 OPP.
2775 337 2958 394 PARS
2994 335 3035 392 ῐ.

3485 331 3634 394 tam

357 469 540 525 dicat:
583 461 950 520 Circumdedit
986 476 1080 517 eos
1132 461 1317 514 multis
1359 460 1742 514 misericordia:
1781 459 1946 514 hene-
1977 455 2232 514 Aomuia
2277 455 2390 508 haec
2417 451 2656 523 pericula
2702 449 3036 513 deveniunt,
3097 448 3192 503 sed
3237 447 3417 504 nullus
3452 458 3538 503 est
3591 449 3644 504 in

353 561 512 616 liciis.
539 558 830 626 Postquam
860 569 952 609 eos
972 554 1236 624 Propheta
1271 553 1523 608 instruxit
1551 552 1824 621 quomodo
1847 567 1943 606 sua

353 663 686 720 suorumque
703 657 914 719 patrum
931 631 1148 714 peccata
1173 646 1404 700 debeant
1429 643 1696 710 conﬁteri,
1725 644 1946 698 instruit

355 759 571 817 quoque
592 758 750 799 orare
777 741 854 794 sic
883 753 898 791 :
931 738 1060 793 Dico
1080 747 1139 791 ut
1165 739 1242 792 sic
1277 735 1640 792 conﬁteamini
1667 735 1906 792 dicentes
1929 755 1941 791 :

356 834 712 892 Peccavimus
733 849 854 886 cum
885 831 1124 901 patribus
1156 830 1356 884 nostris
1378 840 1506 894 etc.,
1549 839 1602 885 et
1626 831 1704 885 sic
1731 845 1945 898 quoque

355 929 520 986 dicite
570 944 582 980 :
645 924 1083 992 Quandoquidem
1133 931 1316 991 patres
1354 933 1571 976 orantes
1607 922 1802 976 audisti
1840 921 1948 975 eri-

355 1019 553 1088 piendo
598 1032 690 1072 eos
732 1009 799 1071 de
859 1011 1324 1077 trilmlatit.)nibus,
1369 1028 1466 1066 nos
1509 1029 1723 1082 quoque
1778 1029 1944 1068 oran-

359 1122 441 1164 tes
480 1109 658 1162 salvos
683 1107 762 1160 l'ac
811 1106 876 1159 de
933 1093 1372 1158 tribulationilms
1428 1115 1774 1173 peccatorum
1839 1105 1944 1158 eri-

356 1200 578 1272 pienda.
611 1196 834 1252 Instruit
865 1195 1029 1250 etiam
1071 1209 1166 1249 cos
1196 1193 1495 1264 Propheta,
1535 1206 1818 1264 postquam
1853 1211 1948 1264 pro

359 1308 420 1348 se
441 1291 738 1352 oraverint,
764 1302 863 1358 pro
891 1287 1010 1343 aliis
1033 1301 1192 1341 orare
1222 1287 1299 1341 sic
1324 1303 1337 1340 :
1374 1285 1660 1355 Postquam
1689 1286 1755 1340 de
1775 1285 1948 1340 salute

360 1394 544 1440 vestra
567 1381 890 1447 oraveritis,
941 1381 1008 1434 de
1047 1380 1221 1435 salute
1247 1395 1460 1450 quoque
1490 1382 1728 1450 gentium
1757 1389 1908 1433 orate
1930 1421 1944 1442 ,

357 1476 600 1530 dicentes
629 1491 642 1526 :
678 1472 919 1527 Dicimus
949 1471 1121 1526 salvos
1148 1471 1234 1540 fac
1264 1488 1386 1536 nos,
1440 1479 1493 1524 et
1537 1470 1700 1524 etiam
1731 1486 1950 1525 oramus

359 1584 618 1637 congrega
664 1567 733 1622 ad
772 1567 1038 1621 unitatem
1091 1567 1213 1621 ﬁdei
1263 1568 1326 1620 de
1365 1565 1595 1620 diversis
1654 1565 1950 1620 nationibus

356 1659 597 1730 gentium
621 1677 747 1724 nos,
798 1659 953 1714 idest
998 1659 1154 1713 nobis
1185 1659 1495 1714 conl'ormes
1543 1657 1755 1712 futuros
1804 1657 1945 1723 illos,

357 1750 569 1806 scilicet
591 1765 656 1804 ex
686 1749 937 1820 gentibus
980 1749 1071 1820 qui
1101 1749 1362 1804 credituri
1403 1755 1559 1813 sunt,
1599 1748 1736 1800 sicut
1770 1755 1823 1801 et
1856 1762 1952 1801 nos

2050 544 2288 599 Ecclesia
2318 543 2406 598 cui
2454 541 2535 595 vel
2569 539 2901 594 una-barum
2945 537 3033 592 vel
3094 549 3286 594 omnes
3331 539 3646 609 ereptiones

2050 637 2166 690 istae
2202 632 2522 689 necessaria:
2552 648 2660 685 non
2686 630 2814 685 sint.

2063 749 2066 752 λ
2121 725 2363 779 Primum
2389 723 2606 794 quidem
2637 719 2934 792 periculum
2965 729 3052 775 est
3078 719 3397 787 inﬁdelitas,
3435 723 3501 776 de
3537 738 3648 791 quo

2047 820 2262 890 quidem
2294 831 2483 872 omnes
2513 830 2610 884 per
2637 814 2796 868 ﬁdem
2829 828 3070 868 necesse
3101 823 3186 868 est
3232 812 3392 881 eripi.
3436 812 3651 867 Secun-

2049 913 2174 964 dum
2231 925 2358 963 vero
2407 905 2742 961 consuetudo
2797 904 3088 974 peccandi,
3165 919 3286 973 qua:
3349 913 3473 972 post
3521 903 3650 957 ﬁdei

2049 999 2444 1068 susceptionem
2476 1003 2670 1057 restat,
2731 1009 2850 1064 qua:
2886 1003 2940 1058 et
2971 994 3016 1048 si
3050 992 3235 1048 multis
3285 993 3610 1048 dominetur
3633 1035 3648 1058 ,

2051 1093 2318 1146 reducens
2343 1103 2438 1142 eos
2467 1085 2532 1140 ad
2582 1085 2807 1154 pristina
2858 1084 3012 1138 vitia.
3070 1083 3234 1138 Pauci
3291 1092 3473 1138 tamen
3519 1093 3651 1137 sunt

2050 1198 2184 1254 quos
2209 1181 2514 1251 opprimere
2549 1177 2736 1246 nequit
2761 1193 2776 1241 ;
2805 1176 2872 1230 de
2913 1191 3018 1246 qua
3070 1176 3464 1230 consuetudine
3517 1189 3652 1246 pec-

2051 1275 2208 1330 candi
2242 1271 2430 1328 ﬁdeles
2459 1286 2518 1326 se
2569 1269 2928 1339 deprecantes
2959 1269 3101 1322 Deus
3140 1267 3336 1336 eripit,
3391 1265 3523 1319 dum
3560 1281 3654 1320 eos

2047 1382 2147 1438 per
2175 1365 2404 1436 gratiam
2438 1363 2503 1416 ad
2535 1362 2690 1416 bonae
2723 1358 3052 1430 operationis
3084 1357 3252 1430 428
3297 1358 3655 1412 consuetudi-

2052 1474 2172 1512 nem
2205 1456 2445 1511 adducit.
2479 1453 2710 1508 Tertium
2739 1461 2916 1505 autem
2945 1460 3028 1506 est
3052 1450 3272 1514 acedia,
3313 1449 3365 1504 id
3389 1459 3477 1504 est
3504 1449 3654 1504 desi-

2053 1551 2136 1604 dia
2157 1590 2170 1614 ,
2199 1547 2340 1618 quod
2372 1547 2501 1600 solis
2535 1541 2908 1614 spiritualibus
2947 1541 3079 1595 viris
3103 1541 3323 1610 ingruit,
3357 1539 3478 1608 qui,
3507 1547 3656 1608 post-

2052 1658 2213 1712 quam
2241 1642 2306 1696 ad
2347 1640 2473 1695 boni
2505 1637 2686 1707 operis
2712 1635 3159 1691 consuetudinem
3204 1633 3532 1702 attigerint,
3591 1645 3653 1685 ex

2055 1734 2310 1789 dilatione
2337 1745 2584 1801 supernae
2611 1727 2800 1798 patriai
2847 1736 3122 1796 torporem
3176 1724 3478 1794 quemdam
3521 1723 3663 1777 arci-

358 1841 592 1896 dicilnus
616 1843 789 1895 salvos
826 1841 912 1910 [ac
937 1858 1059 1907 nos,
1121 1851 1175 1894 ιιι
1207 1841 1341 1896 salvi
1393 1841 1516 1894 facti
1539 1881 1552 1904 9
1609 1839 1954 1908 εοηίῖξεηηῃιν
1986 1811 2026 1868 Β
2057 1827 2235 1894 ρὶιιιιῑ,
2274 1839 2338 1878 ac
2363 1821 2660 1892 spiritalem
2697 1822 2892 1874 animae
2915 1819 3128 1881 ρὶιωιῐι,
3171 1816 3465 1871 lectionem
3505 1816 3660 1870 vide-

360 1933 574 1988 laudem
604 1943 659 1988 et
684 1949 778 1989 ore
809 1944 863 1989 et
885 1949 1047 2004 opere
1077 1942 1131 1989 et
1156 1936 1321 1989 corde
1370 1935 1569 1988 nomini
1606 1943 1695 1986 tuo
1740 1942 1951 1996 sancto,

358 2027 502 2095 quod
530 2038 613 2080 est
643 2027 920 2082 Dominus.
965 2024 1028 2079 Et
1079 2027 1130 2080 in
1187 2026 1272 2080 illa
1325 2025 1482 2079 laude
1522 2035 1612 2078 tua
1640 2024 1952 2095 gloriemur,

359 2133 466 2171 non
498 2119 648 2172 inviti
682 2120 890 2173 scilicet
933 2135 1050 2173 eam
1079 2118 1469 2187 persolvatnus.
1533 2116 1906 2172 Conﬁteamur
1938 2154 1951 2179 ,

362 2208 614 2277 inquam,
641 2210 720 2264 sic
757 2209 1019 2264 dicentes.
1051 2208 1396 2276 Benedictus,
1442 2208 1494 2262 id
1549 2217 1634 2262 est
1687 2206 1956 2262 exaltatus

319 2305 321 2307 ’
362 2301 434 2358 sit
473 2301 728 2354 Dominus
781 2301 923 2355 Deus
973 2301 1171 2366 Israel,
1209 2302 1417 2358 Scilicet
1461 2301 1838 2371 magniﬁcatus
1886 2299 1957 2354 sit

360 2391 453 2457 qui
505 2391 816 2446 dominator
857 2402 912 2448 et
947 2402 1164 2448 creator
1210 2405 1295 2448 est
1354 2393 1525 2448 nostri
1557 2434 1571 2458 ,
1624 2393 1715 2462 qui
1772 2407 1958 2447 sumus

360 2483 524 2536 Israel
548 2523 562 2546 ,
593 2495 646 2539 ct
673 2485 775 2540 hoc
807 2501 912 2540 non
955 2487 1020 2538 ad
1047 2486 1236 2540 horam
1255 2526 1269 2546 ,
1307 2485 1399 2540 sed
1425 2502 1456 2538 α
1484 2484 1676 2538 smculo
1703 2485 1958 2554 praesenti

362 2581 420 2625 et
450 2589 609 2643 usque
633 2575 688 2628 in
713 2576 998 2639 sweu-‘um,
1030 2575 1082 2628 id
1105 2585 1188 2629 est
1217 2576 1268 2628 in
1297 2585 1583 2629 aateruum.
1610 2573 1720 2629 Hoc
1739 2575 1958 2644 quidem

363 2663 604 2720 dicemus
662 2681 761 2722 nos
807 2666 1152 2730 benedictus,
1185 2675 1288 2722 etc.
1373 2665 1441 2720 Et
1493 2665 1742 2736 exemplo
1787 2666 1958 2721 nostri

363 2769 585 2821 omnes,
636 2755 689 2810 id
737 2765 819 2812 est
863 2757 1186 2810 omnismodi
1220 2755 1448 2826 populus
1501 2764 1608 2810 tam
1650 2751 1960 2811 Iudaeorum

363 2862 525 2916 quam
549 2847 787 2918 gentium
819 2847 882 2900 ad
909 2848 1066 2904 ﬁdem
1097 2846 1497 2903 convertendus
1526 2847 1669 2901 dicet
1689 2846 1816 2918 ﬁat,
1839 2846 1956 2914 ﬁat.

365 2940 518 3007 Quod
549 2951 730 2994 autem
761 2940 844 2996 bis
873 2941 962 3004 [int
991 2941 1170 3011 ponit,
1207 2940 1292 2996 vel
1319 2940 1386 2996 ad
1409 2939 1852 3008 inculcationem,
1877 2937 1962 2994 vel

363 3045 586 3106 propter
609 3033 878 3106 duplicem
902 3034 1162 3104 parietem
1195 3033 1450 3088 Ecclesia:
1484 3031 1638 3087 facit.

864 3122 931 3177 ΙΝ
975 3123 1306 3179 PSALMUM
1333 3122 1466 3180 CVI.

441 3215 655 3271 Titulus
703 3217 984 3272 centesimi
1023 3217 1181 3271 sexti.
1223 3215 1476 3282 Alleluia,
1523 3215 1758 3271 alleluia.
1808 3215 1960 3282 Quod

367 3307 451 3361 bis
475 3308 563 3362 hic
589 3308 803 3363 alleluia
843 3309 1060 3380 ponitur
1083 3351 1098 3376 ,
1141 3308 1372 3363 allirmat
1402 3309 1592 3365 beatus
1629 3309 1965 3379 Augustinus

369 3401 603 3467 positum
645 3417 765 3457 esse
816 3413 1034 3470 propter
1075 3401 1342 3472 duplicem
1371 3401 1626 3456 Ecclesia:
1654 3401 1920 3471 parietem
1948 3421 1962 3456 :

369 3507 538 3546 unum
565 3533 579 3557 ,
619 3492 870 3548 videlicet
912 3492 1160 3560 alleluia,
1203 3493 1269 3547 ad
1305 3491 1606 3548 Ecclesium
1646 3507 1714 3546 ex
1764 3491 1966 3548 Judasis

373 3583 770 3637 exhortandam
815 3584 882 3636 ad
938 3583 1264 3639 laudandum
1318 3585 1524 3652 Deum;
1595 3584 1739 3639 aliud
1795 3600 1962 3652 vero,

373 3682 638 3743 quantum
668 3674 734 3728 ad
767 3675 1060 3730 Ecclesium
1093 3677 1356 3748 gentium.
1409 3674 1797 3732 Verumtamen
1826 3679 1966 3732 scri-

373 3765 706 3822 liitsanctus
749 3767 1137 3840 Hiemnymus,
1175 3768 1450 3824 l-lebraica:
1496 3769 1737 3825 veritatis
1777 3771 1968 3839 exqui-

375 3859 516 3914 sitor
552 3858 818 3928 diligens,
867 3859 1008 3928 quod
1042 3859 1095 3913 in
1146 3861 1561 3929 quibuscunque
1609 3859 1832 3931 psalmis
1884 3860 1968 3916 bis

377 3949 596 4006 alleluia
627 3950 846 4020 ponitur
869 3989 884 4014 ,
949 3951 1098 4020 prius
1126 3952 1218 4022 _ad
1266 3951 1661 4019 pra'eedentem
1700 3953 1965 4024 psalmum

376 4058 620 4120 spectat,
673 4050 938 4118 posterius
987 4058 1164 4102 autent
1201 4048 1389 4102 titulus
1432 4059 1518 4104 est
1563 4051 1873 4118 sequentis,
1910 4059 1970 4105 ut

375 4139 432 4194 in
490 4138 919 4208 pt'a'ccde..tibtts
980 4137 1195 4207 quidem
1245 4136 1466 4205 psalmis
1533 4145 1774 4206 apparet.
1831 4136 1965 4192 N..m

375 4240 662 4298 postquam
693 4229 744 4281 in
777 4227 980 4298 psalmo
1009 4226 1363 4296 praecedenti,
1406 4225 1496 4281 ubi
1528 4226 1594 4279 de
1621 4223 1822 4281 Jadaais
1849 4227 1969 4280 inli-

337 4308 342 4312 ’
378 4320 483 4376 deli
511 4336 586 4374 -us
613 4320 753 4389 egit,
808 4320 1046 4390 priorum
1087 4329 1296 4387 patrum
1330 4325 1551 4388 peccata
1600 4319 1872 4387 ostendit,
1913 4329 1969 4374 et

377 4413 612 4481 qualiter
633 4427 727 4467 eos
743 4413 882 4465 Deus
897 4426 994 4481 pro
1007 4409 1244 4479 peceatis
1260 4407 1505 4474 afﬂictos,
1534 4416 1589 4463 et
1610 4417 1731 4478 post
1745 4419 1966 4464 orantes

2055 1917 2182 1971 licet
2211 1925 2264 1970 et
2287 1914 2592 1968 orationem
2629 1912 2809 1965 minus
2845 1909 3041 1976 solito,
3100 1917 3158 1964 et
3202 1924 3326 1964 cum
3378 1907 3547 1980 medio
3573 1923 3662 1962 su-

2055 2016 2228 2062 munt.
2266 2005 2310 2059 Α
2359 2021 2468 2074 quo
2498 2003 2739 2074 periculo
2785 2001 2928 2056 Deus
2983 2015 3080 2056 eos
3125 1999 3193 2053 ad
3243 2013 3306 2054 se
3351 1998 3662 2053 clamantes

2055 2098 2280 2163 liberat,
2315 2112 2440 2152 cum
2476 2096 2530 2150 in
2561 2097 2642 2150 eis
2689 2093 2958 2149 fervorem
2999 2092 3282 2147 cbaritatis
3332 2092 3656 2146 exsuscitat.

2057 2190 2317 2254 Quartum
2347 2188 2600 2257 equidem
2646 2193 2730 2241 est
2759 2183 3058 2255 periculum
3109 2183 3252 2254 quod
3301 2181 3435 2238 solis
3483 2183 3660 2236 instar

2055 2279 2312 2334 Ecclesiae
2352 2279 2694 2348 pastoribus,
2739 2283 3034 2346 tempestas
3060 2274 3315 2330 videlicet
3362 2274 3662 2328 immodica

2059 2369 2495 2436 tribulationum,
2523 2368 2608 2423 vel
2636 2383 2757 2424 cum
2774 2367 2842 2421 ab
2857 2366 3218 2421 exterioribus
3249 2365 3510 2420 hostibus
3540 2380 3665 2435 per-

2057 2474 2390 2536 sequuntur,
2425 2464 2516 2534 qui
2539 2461 2679 2517 ovile
2708 2461 3049 2516 Dominicqu
3081 2458 3349 2513 devorare
3383 2458 3660 2522 nituntur,

2057 2557 2143 2612 vel
2192 2572 2316 2612 cum
2377 2571 2408 2610 a
2461 2554 2692 2610 subditis
2739 2553 3096 2607 immoderate
3134 2560 3190 2604 et
3243 2549 3562 2603 incorrecte
3608 2563 3665 2601 se

2061 2648 2386 2704 [tabentibus
2429 2645 2834 2702 tribulationem
2893 2643 3123 2698 interius
3172 2640 3497 2712 patiuntur,
3541 2641 3666 2693 dum

2060 2742 2142 2797 eis
2170 2757 2308 2812 quos
2365 2740 2433 2794 ad
2478 2739 2621 2793 viam
2672 2735 3013 2792 rectitudinis
3058 2734 3320 2789 reducere
3344 2741 3666 2801 nequeunt,

2061 2835 2216 2890 valde
2240 2832 2665 2904 compatiuntur.
2723 2829 2896 2898 Quam
2928 2843 3027 2900 pro
3073 2837 3226 2882 certo
3273 2834 3668 2894 tempestatem

2063 2933 2129 2987 ab
2150 2931 2352 2986 eisdem
2395 2919 2634 2999 prazlatis
2678 2934 2901 2982 exorata
2951 2925 3130 2979 divina
3163 2923 3461 2978 clementia
3512 2937 3672 2976 man-

2065 3023 2310 3081 suefacit.
2342 3021 2438 3077 Vel
2460 3023 2584 3076 dum
2617 3020 2826 3090 plebem
2874 3017 3144 3074 subditam
3191 3015 3526 3085 spiritaliter
3553 3030 3675 3068 cor-

1980 3171 2032 3186 ﬁ
2066 3115 2229 3186 rigit,
2275 3113 2357 3168 vel
2392 3112 2508 3183 ejus
2546 3111 2783 3166 hostium
2819 3108 3154 3163 exteriorum
3187 3106 3456 3175 impetum
3513 3105 3674 3158 modo

1989 3171 2034 3232 Ο
2067 3171 2308 3279 (ιιῗοιίίωι
2335 3171 2546 3275 imperii
2579 3205 2661 3259 sui
2695 3201 2937 3274 potentia
2963 3199 3189 3254 miriﬁce
3205 3171 3534 3267 compescit.
3564 3195 3677 3249 lloc

2065 3298 2228 3352 etiam
2271 3296 2414 3365 quod
2462 3294 2548 3350 bis
2597 3292 2809 3364 psalmo
2861 3291 2989 3346 huic
3039 3288 3253 3342 alleluia
3289 3287 3676 3357 prteponitnr,

2065 3386 2442 3443 inculcationis
2469 3400 2630 3439 causa
2660 3392 2713 3438 et
2744 3380 2965 3450 majoris
2991 3376 3390 3433 exhortationis
3420 3375 3676 3444 pondere

2069 3480 2415 3535 factumesse
2441 3493 2471 3530 a
2495 3475 2818 3546 quibusdam
2851 3471 3130 3527 asseritur.
3174 3467 3309 3523 Cum
3363 3467 3563 3536 itaque
3609 3467 3676 3519 de

2067 3563 2382 3639 hujusmodi
2412 3582 2470 3622 re
2493 3565 2757 3622 sententia
2787 3562 3061 3631 multiplex
3093 3560 3362 3614 habeatur
3390 3598 3406 3624 ,
3481 3557 3680 3611 [liero-

2067 3675 2282 3731 nymus,
2311 3665 2498 3727 utpote
2528 3655 2722 3726 linguae
2767 3654 2976 3724 peritus
3006 3649 3284 3706 llebraica:
3305 3688 3321 3713 ,
3383 3649 3670 3718 praecipue

2067 3750 2283 3805 videtur
2304 3763 2425 3803 esse
2463 3744 2790 3815 sequendus.

2140 3841 2476 3911 Conﬁtemini
2499 3839 2746 3905 Domino,
2769 3843 2897 3902 ete.,
2923 3850 2986 3890 ac
3011 3833 3056 3889 si
3089 3832 3254 3888 dicat:
3285 3831 3400 3886 Vos
3416 3830 3682 3902 gentiles,

2069 3933 2124 3989 id
2145 3941 2229 3989 est
2253 3948 2284 3988 a
2318 3930 2536 3986 Christo
2564 3927 2682 3998 ejus
2712 3932 2890 3981 morte
2917 3921 3218 3979 redimendi
3245 3961 3261 3987 ,
3304 3919 3532 3974 laudate
3567 3919 3679 3974 Do-

2068 4027 2274 4084 minum
2301 4040 2412 4088 ore,
2447 4031 2500 4078 et
2530 4035 2721 4093 opere,
2755 4028 2810 4074 et
2831 4017 3146 4082 devotione;
3205 4024 3261 4070 et
3287 4015 3393 4070 hoc
3416 4014 3682 4068 contuitu

2069 4117 2420 4188 conﬁtemini,
2453 4114 2702 4185 quoniam
2725 4111 2888 4166 bonus
2901 4119 2973 4164 est
3000 4109 3053 4162 in
3083 4104 3688 4162 naturaineﬂabiliter.‘

2072 4210 2180 4266 Vos
2201 4219 2382 4263 autem
2413 4208 2620 4270 idiotae,
2661 4205 2754 4276 qui
2785 4218 2890 4258 non
2922 4200 3150 4273 potestis
3180 4199 3246 4253 ad
3283 4201 3390 4254 hoc
3419 4197 3684 4252 suﬁicere

2053 4289 2130 4356 'ct
2151 4299 2391 4356 centnitu
2417 4296 2674 4353 bonitatis
2697 4296 2814 4365 ejus
2834 4293 2883 4348 ci
2906 4291 3312 4355 conﬁteamini,
3341 4288 3682 4356 conﬁtemini

2069 4393 2262 4450 Saltem
2294 4393 2396 4446 hoc
2426 4389 2705 4452 contuitu,
2737 4387 2987 4458 quoniam
3013 4385 3067 4438 in
3095 4380 3348 4438 arculum
3373 4381 3684 4434 misericor-

379 4512 435 4556 et
463 4504 530 4557 de'
556 4503 795 4573 peccatis
845 4473 1170 4572 ptianitentes
1210 4500 1278 4554 ah
1318 4473 1698 4556 atllietiouibus
1723 4500 1831 4556 illis
1860 4503 1966 4555 ch-
1999 4531 2045 4591 ι)
2071 4486 2160 4540 dia
2185 4485 2332 4554 eius.
2367 4483 2418 4538 id
2450 4491 2533 4536 est
2554 4481 2680 4552 quia
2702 4476 3169 4549 εοηερίυῑιῑείιιιοδ
3203 4474 3476 4530 beneﬁcia
3503 4473 3680 4526 mise-

381 4595 526 4670 puit,
565 4610 801 4666 congrue
847 4595 1191 4667 subjungitur
1218 4591 1454 4648 alleluia.
1497 4593 1576 4648 Ac
1623 4593 1666 4649 si
1700 4604 1965 4663 poneret:

383 4687 828 4756 Quandoquidem
892 4698 952 4742 ut
1006 4686 1258 4752 ostendi,
1342 4683 1470 4738 talia
1521 4682 1785 4738 beneﬁcia
1829 4684 1971 4740 Dens

382 4778 629 4849 patribus
647 4779 842 4832 vestris
869 4778 1026 4843 fecit,
1056 4787 1110 4834 ut
1138 4788 1193 4832 et
1217 4777 1329 4848 ipse
1357 4775 1509 4830 vobis
1537 4774 1722 4830 eadem
1760 4775 1966 4830 beneﬁ-

382 4871 469 4925 eia
501 4867 684 4934 faciat,
725 4868 936 4924 laudate
973 4870 1138 4926 Deum
1171 4870 1306 4937 ﬁde,
1353 4885 1523 4936 voce,
1572 4876 1629 4926 et
1653 4882 1839 4939 opere.
1872 4867 1972 4922 Se-

383 4977 556 5035 quens
583 4971 760 5018 autem
786 4959 1001 5016 alleluia
1021 5002 1034 5027 ,
1065 4950 1341 5032 sequentis
1365 4963 1557 5034 psalmi
1589 4962 1973 5019 convenienter

381 5066 466 5113 est
497 5055 704 5110 titulus.
739 5053 1010 5123 Propheta
1034 5055 1232 5124 quippe
1258 5056 1349 5126 qui
1390 5058 1456 5111 de
1483 5054 1682 5110 Iudaeis
1719 5055 1772 5110 in
1806 5069 1972 5125 supe-

379 5149 617 5206 rioribus
649 5147 870 5220 psahuis
893 5147 1100 5204 duobus
1127 5148 1268 5215 egit,
1311 5148 1364 5201 in
1397 5149 1496 5202 hoc
1524 5149 1590 5204 de
1625 5145 1872 5202 ﬁdelibus
1903 5157 1971 5200 ex

383 5242 634 5313 gentibus
662 5243 770 5312 agit
796 5283 818 5312 ,Α
852 5241 1149 5296 adhortans
1180 5248 1234 5292 ut
1281 5239 1450 5294 Deum
1479 5240 1730 5304 laudent,
1769 5246 1823 5294 et
1870 5239 1973 5292 hoc

381 5335 626 5391 contuitu
645 5375 660 5399 ,
693 5333 820 5402 quia
848 5332 1162 5402 multiplicia
1191 5328 1452 5386 beneﬁcia
1485 5330 1539 5384 in
1569 5330 1806 5385 Ecclesia
1837 5345 1969 5398 ope-

381 5437 576 5486 ratur:
608 5435 661 5479 et
689 5426 816 5496 quia
849 5424 1049 5480 Judaeis
1078 5423 1339 5494 repulsis,
1371 5429 1558 5492 gentes
1587 5421 1654 5475 ad
1696 5421 1855 5476 ﬁdem
1881 5419 1976 5474 ad-

382 5514 534 5575 misit
559 5561 573 5580 ,
607 5515 848 5572 enuntiat
879 5530 1095 5586 quoque
1124 5515 1238 5584 ipsa
1263 5511 1528 5570 beneﬁcia
1549 5552 1563 5579 ,
1591 5519 1652 5564 ut
1680 5510 1853 5579 magis
1879 5525 1974 5566 eos

384 5613 451 5666 ad
485 5612 577 5668 Dei
611 5611 822 5666 laudem
856 5609 1059 5664 incitet.
1111 5607 1238 5678 Agit
1263 5607 1408 5662 enim
1453 5603 1723 5675 quomodo
1752 5617 1878 5657 suos
1907 5602 1974 5657 de

385 5714 623 5773 quatuor
655 5702 910 5774 periculis
934 5701 1113 5772 eripit.
1147 5700 1278 5768 Quae
1297 5700 1512 5769 quidem
1539 5695 1851 5766 ereptioues
1865 5710 1970 5748 non

389 5811 574 5853 omnes
604 5795 854 5854 cautibus
903 5795 1248 5853 conveniunt.
1297 5792 1415 5850 Non
1469 5791 1612 5849 enim
1676 5801 1866 5847 omnes
1917 5787 1969 5843 in

2072 4580 2320 4636 ricordire
2375 4576 2528 4648 ejus,
2582 4584 2706 4632 sunt
2753 4576 2810 4629 in
2856 4574 3095 4628 humano
3149 4584 3350 4642 genere
3403 4568 3682 4623 duratura

2073 4688 2248 4743 usque
2277 4673 2329 4727 in
2360 4669 2615 4726 sarculum
2637 4709 2652 4736 ,
2681 4668 2734 4724 id
2762 4679 2846 4722 est
2871 4681 3041 4735 usque
3068 4664 3124 4719 in
3165 4672 3457 4717 aeternum.
3491 4660 3683 4728 Conﬁ—

2051 4766 2258 4834 _temini
2278 4804 2293 4831 ,
2340 4765 2561 4834 inquam
2587 4801 2603 4828 ,
2657 4768 2713 4816 et
2746 4761 2849 4815 hoc
2876 4758 3042 4813 etiam
3077 4753 3450 4811 adhortatoric
3492 4751 3682 4804 diram

2077 4857 2401 4912 alterutrum
2425 4853 2514 4924 qui
2540 4850 2790 4923 redempti
2806 4839 3026 4914 sunt,'id
3040 4855 3125 4902 est
3150 4843 3380 4916 gentiles
3398 4842 3493 4913 qui
3527 4841 3682 4895 redi-

2077 4947 2258 5004 mendi
2308 4954 2434 5002 sunt
2475 4962 2507 4998 a
2561 4943 2787 4998 Domino
2838 4939 3101 5020 Christo,
3153 4935 3497 4990 adhortando
3531 4947 3684 4985 unus

2075 5041 2308 5096 alterum
2357 5037 2540 5095 dicant
2593 5037 2697 5090 hoc
2751 5032 2895 5104 quod
2933 5029 3076 5095 dico,
3095 5026 3307 5084 scilicet
3349 5025 3682 5093 conﬁtemini

2075 5135 2323 5191 Domino.
2364 5131 2596 5203 Exponit
2634 5129 2798 5199 igitur
2824 5126 2966 5181 unde
3011 5130 3140 5178 sunt
3192 5117 3497 5175 redimendi
3544 5131 3678 5171 cum

2077 5228 2227 5284 addit
2250 5245 2264 5282 :
2302 5225 2445 5291 Quos
2471 5205 2720 5287 redemit,
2756 5221 2976 5289 inquam
3000 5255 3016 5280 ,
3050 5214 3102 5268 id
3127 5220 3213 5268 est
3240 5209 3474 5265 redimet
3499 5218 3680 5262 morte

2077 5338 2172 5378 sua
2203 5321 2267 5376 de
2297 5335 2456 5374 manu
2488 5315 2690 5371 inimici
2716 5355 2731 5379 ,
2774 5313 2830 5367 id
2876 5320 2962 5368 est
3000 5311 3067 5366 de
3117 5313 3391 5378 potestate
3433 5299 3635 5356 diaboli
3663 5339 3678 5358 ,

2077 5414 2185 5470 illis
2204 5428 2270 5468 ex
2295 5410 2496 5465 invidia
2526 5403 2856 5462 inimicantis
2883 5443 2899 5468 ,
2944 5410 2998 5456 et
3027 5400 3148 5454 illos
3177 5394 3520 5452 redimendos
3543 5407 3680 5444 con-

2075 5507 2338 5579 gregavit,
2371 5503 2424 5559 id
2451 5513 2536 5558 est
2565 5497 2914 5570 congregabit
2941 5510 3046 5549 non
3066 5492 3118 5546 iu
3147 5505 3313 5545 unum
3336 5487 3542 5546 locum,
3575 5481 3678 5536 sed

2077 5573 2131 5654 in
2156 5573 2417 5653 unitatem
2467 5593 2592 5649 ﬁdei
2628 5591 2693 5645 de
2737 5587 3030 5660 regionibus
3081 5581 3357 5640 omnibus.
3412 5575 3512 5631 Per
3567 5573 3676 5626 hoc

2076 5692 2217 5762 quod
2251 5689 2384 5745 dicit
2413 5687 2478 5742 de
2509 5684 2804 5756 regionibus
2829 5678 3081 5737 omnibus
3103 5716 3120 5743 ,
3169 5689 3264 5730 eos
3298 5684 3416 5728 esse
3463 5666 3674 5722 multos

2082 5759 2288 5839 innuit.
2343 5790 2398 5840 ct
2448 5788 2597 5836 tanto
2651 5775 2826 5848 majus
2877 5786 2997 5830 esse
3043 5767 3368 5828 beneﬁcium
3403 5759 3670 5820 ostendit.
