3840 6338
149 358 282 416 1205

141 469 394 530 Ostendit
444 475 622 525 autem
680 467 825 539 ipsas
879 469 1128 538 regiones
1172 485 1266 538 per
1295 481 1514 534 partes,

143 563 410 633 adjungit,’
439 560 1010 630 sciliccfconqregabit
1035 578 1120 614 eos
1147 579 1179 614 a
1209 561 1334 615 so!is
1380 572 1529 626 ortu,
1563 562 1613 616 id
1649 572 1730 616 est

139 655 212 708 ab
247 654 462 708 oriente
489 662 538 706 et
568 669 780 720 occasu,
828 653 884 707 id
931 664 1014 707 est
1042 653 1323 708 occidente
1352 694 1368 718 ,
1405 665 1458 709 et
1486 654 1550 707 ab
1577 656 1729 724 aqui-

141 745 260 801 lone
279 787 293 810 ,
343 746 397 801 id
422 755 506 802 est
528 762 558 801 a
588 747 998 814 septentrionali
1037 747 1192 818 plaga
1219 757 1269 802 et
1299 750 1435 802 mari
1480 751 1726 806 australi.

141 837 296 903 Quod
344 847 426 892 est
458 852 522 891 ac
557 838 602 892 si
632 837 816 894 dicat:
846 839 926 894 Ex
966 839 1221 894 omnibus
1262 840 1446 896 mundi
1484 841 1730 912 partibus

139 927 515 996 Congrcgabit.
550 926 703 993 Quod
747 937 930 983 autem
981 928 1138 998 ponit
1185 945 1216 982 a
1248 929 1422 995 mari,
1483 945 1588 984 non
1616 931 1731 985 vult

139 1016 336 1072 referri
371 1016 428 1070 Β.
473 1016 835 1087 llicronymus
863 1025 1126 1088 quantum
1155 1018 1222 1073 ad
1271 1020 1584 1076 australem‘
1610 1021 1726 1092 pla-

139 1122 262 1176 gam
289 1149 305 1173 ,
342 1121 409 1162 eo
456 1107 599 1176 quod
653 1107 990 1162 llierusalem
1028 1109 1232 1164 nullum
1263 1125 1411 1166 mare
1437 1111 1631 1166 habeat
1661 1113 1728 1168 ab

139 1196 367 1251 australi
397 1208 553 1267 parte
577 1238 592 1264 ,
622 1199 715 1253 sed
747 1207 928 1269 potest
972 1199 1040 1254 ad
1087 1202 1269 1256 omnia
1318 1201 1532 1258 referri.
1573 1202 1651 1259 Ac
1681 1203 1726 1259 si

135 1288 324 1345 dicat:
359 1291 492 1345 Dico
513 1291 766 1360 quoniam
817 1306 912 1346 eos
953 1293 1305 1362 congregabit
1356 1295 1621 1363 quosdam
1661 1297 1728 1350 ab

134 1384 351 1437 oriente
372 1422 386 1446 ,
422 1389 476 1436 et
502 1383 763 1452 quosdam
793 1383 864 1438 ab
895 1383 1176 1440 occidente
1201 1425 1218 1450 ,
1263 1387 1528 1456 quosdam
1559 1387 1722 1442 etiam

132 1473 200 1527 ab
240 1473 513 1543 aquilone.
572 1474 636 1528 Et
682 1488 874 1529 omnes
924 1474 1060 1530 istos
1100 1477 1460 1547 congregabis
1507 1495 1540 1532 a
1590 1480 1726 1532 mari

132 1579 448 1640 exemptos,
482 1569 534 1625 id
563 1578 650 1626 est
678 1571 748 1626 ab
777 1570 1138 1626 amaritudine
1161 1571 1514 1630 inﬁdelitatis.
1545 1575 1727 1631 Inten-

133 1660 208 1714 tiit
243 1668 428 1713 autem
451 1659 738 1714 ostendere
762 1660 992 1729 primum
1038 1662 1325 1730 periculum
1375 1679 1496 1718 cum
1529 1666 1676 1720 addit
1704 1707 1722 1734 ,

129 1760 477 1807 erraverunt.
524 1750 676 1819 Quod
698 1751 778 1807 sic
800 1751 1090 1823 adaptatur
1118 1755 1240 1808 dico
1271 1757 1627 1826 congregabit.
1655 1758 1722 1812 Et

1129 354 1492 412 Exrosmo
1533 355 1597 410 IN
1645 339 2078 410 asscitus":
2102 340 2462 413 esseet-12

3277 363 3410 417 l206

1596 487 1716 524 cum
1747 482 1796 540 Α
1823 470 2082 526 beneﬁcia
2116 471 2503 527 misericordia:
2526 470 2671 540 ejus,
2707 476 2844 543 quod
2875 490 2967 532 eos
2989 477 3194 535 scilicet
3219 480 3412 550 eripiet

1831 575 1886 620 et
1914 563 2162 627 deducet,
2209 565 2318 618 sint
2347 566 2573 620 materia
2604 581 2774 636 quare
2825 569 2923 638 ipsi
2962 571 3182 627 laudent
3225 572 3412 628 Domi-

1831 673 1958 711 num
1991 659 2179 722 corde,
2210 674 2328 724 ore,
2353 669 2409 714 et
2435 659 2769 728 operatione.
2795 657 2861 710 Et
2887 675 2991 714 non
3016 642 3412 734 qualiacunque

1830 745 2090 802 beneﬁcia
2127 756 2310 814 erunt,
2335 750 2430 804 sed
2461 749 2726 802 mirabilia
2757 749 3058 803 exhibenda
3086 751 3210 819 ﬁliis
3237 754 3408 807 homi-

1831 855 1952 892 num
1981 841 2273 909 primorum
2302 840 2428 894 Atla:
2451 839 2698 894 videlicet
2727 850 2781 894 et
2813 840 2964 903 Erro,
2995 841 3084 910 qui
3114 858 3218 896 non
3249 853 3410 898 erunt

1829 931 2003 985 solum
2041 929 2132 983 ﬁlii
2174 929 2466 984 secundum
2493 929 2780 999 originem,
2814 929 2908 983 sed
2935 930 3226 985 secundum
3261 947 3408 985 rnor-

1830 1023 1898 1078 tis
1929 1021 2420 1092 partieipationem.
2466 1019 2595 1074 lllud
2645 1021 2789 1075 enim
2839 1021 3085 1075 mirabile
3123 1022 3226 1075 erit
3269 1023 3409 1092 quod

1828 1129 1925 1184 per
1958 1114 2114 1168 ﬁdem
2164 1120 2410 1169 mortuos
2450 1111 2753 1167 suscitabit.
2811 1110 3028 1180 Repetit
3071 1120 3250 1166 autem
3293 1112 3410 1182 ipsa

1826 1204 2087 1259 bcnelicia
2121 1219 2238 1274 qua:
2270 1203 2500 1274 plurima
2529 1212 2676 1267 sunt,
2709 1212 2968 1272 quantum
2991 1203 3055 1255 ad
3088 1203 3266 1273 plures
3286 1218 3410 1272 per-

1826 1310 2010 1360 sonas,
2036 1303 2094 1350 ut
2123 1295 2294 1364 magis
2320 1310 2414 1351 eos
2437 1295 2503 1350 ad
2530 1293 2622 1348 Dei
2659 1293 2867 1348 Iaudem
2899 1293 3106 1358 incitet,
3131 1295 3207 1349 sic
3234 1313 3246 1348 :
3271 1294 3410 1350 Vere

1825 1385 2072 1440 conliteri
2124 1385 2322 1440 debent
2376 1384 2616 1439 contuitu
2649 1385 2841 1438 harum
2889 1384 3405 1447 misericordiarum,

1824 1479 1947 1549 quia
1971 1478 2202 1542 sa'iavit‘,
2235 1478 2288 1532 id
2334 1486 2418 1533 est
2461 1477 2655 1532 satiate
2699 1485 2753 1531 ct
2792 1477 2937 1546 large
2970 1477 3193 1547 replebit
3218 1493 3405 1531 eorum

1827 1571 2057 1624 animam
2085 1571 2490 1641 priusinanem,
2520 1569 2572 1625 id
2601 1581 2683 1624 est
2706 1585 2927 1623 vacuam
2953 1579 3007 1624 et
3032 1570 3263 1622 animam
3292 1585 3408 1622 esu-

1828 1663 2042 1715 rientem
2091 1662 2270 1725 bonis,
2310 1662 2363 1716 id
2394 1669 2478 1716 est
2522 1661 2678 1717 valde
2718 1661 3114 1717 desiderantem
3169 1659 3403 1714 satiavit.

1826 1750 1998 1821 Large
2030 1750 2256 1820 replebit
2279 1751 2437 1806 bonis
2467 1749 2588 1816 illis,
2623 1750 2726 1805 ﬁde
2754 1750 2982 1812 scilicet,
3008 1759 3062 1803 et
3096 1748 3404 1814 virtutibus,

128 1856 258 1899 ecce
279 1841 426 1898 unde
451 1859 540 1896 eos
569 1844 898 1914 congregabit
937 1843 1003 1898 de.
1032 1857 1253 1911 errore,
1289 1847 1498 1902 scilicet
1529 1848 1723 1904 inﬁde.
1757 1841 1798 1900 Β
1827 1851 1882 1896 et
1915 1841 2210 1896 intellectu.
2244 1841 2396 1908 Quod
2432 1843 2625 1912 repetit
2671 1853 2716 1895 et
2761 1842 2992 1894 anintam
3038 1841 3156 1894 ideo
3196 1839 3324 1893 facit
3351 1849 3406 1892 ut

127 1932 319 1989 litalis.
370 1933 894 2000 Errareruntenim,
937 1934 986 1988 id
1037 1945 1122 1989 cst
1162 1936 1426 1992 errabuut
1475 1940 1636 2010 positi
1665 1942 1719 1994 in

127 2024 447 2091 solitudine,
476 2025 681 2082 scilicet
706 2025 1063 2092 inﬁdelitatis,
1085 2028 1290 2084 scilicet
1322 2030 1581 2097 solitarii,
1619 2048 1720 2089 nec

130 2116 386 2170 associati
449 2115 643 2184 populo
702 2114 931 2172 Judaico
987 2118 1080 2174 Dei
1135 2127 1408 2190 utcunque
1471 2123 1716 2178 notitiam

128 2205 374 2262 habenti.
402 2205 469 2260 Et
492 2206 680 2275 positas
701 2207 755 2261 in
776 2208 1069 2278 inaquoso,
1133 2210 1183 2263 id
1239 2218 1322 2266 est
1370 2211 1421 2264 in
1467 2213 1720 2269 ariditate

125 2296 346 2362 cordis,
395 2305 645 2352 carentes
683 2311 828 2368 aqua
875 2298 1138 2354 doctrinae
1185 2310 1240 2356 et
1295 2302 1622 2360 intellectus.
1655 2307 1720 2360 Et

125 2385 350 2455 quidam
396 2400 584 2456 eorum
615 2387 914 2458 philosophi
945 2389 1183 2455 scilicet,
1221 2394 1508 2450 esurientes
1550 2406 1598 2450 et
1648 2398 1720 2451 si-

127 2478 308 2530 tientes
338 2517 352 2541 ,
391 2476 444 2529 id
470 2485 553 2532 est
577 2479 731 2533 valde
748 2479 1120 2536 desiderantes
1151 2483 1214 2537 ad
1240 2484 1720 2542 modumesurien-

126 2568 256 2620 tium
287 2576 346 2622 et
375 2569 708 2636 sitientium,
744 2573 954 2628 ratione
990 2589 1089 2628 sua
1119 2575 1362 2631 invenire
1400 2594 1506 2647 qua
1536 2580 1620 2634 via
1653 2581 1718 2635 ad

126 2658 400 2714 civitatem
451 2659 724 2716 caelestem
778 2665 1160 2732 pervenirent;
1219 2684 1322 2723 non
1357 2677 1534 2724 tamen
1567 2671 1684 2726 inve

121 2759 312 2804 nerunt
337 2752 474 2806 viam
501 2753 724 2808 civitatis
749 2740 1057 2819 habitaculi,
1107 2757 1159 2810 in
1192 2771 1295 2826 qua
1325 2775 1432 2812 non
1464 2768 1543 2814 est
1567 2775 1719 2829 pere-

125 2842 361 2910 grinatio
384 2884 400 2908 ,
433 2843 528 2898 sed
559 2845 813 2913 perennis
852 2845 1135 2901 habitatio.
1183 2847 1251 2902 Et
1280 2864 1379 2918 per
1406 2850 1506 2904 hoc
1541 2850 1720 2903 innuit

125 2935 381 3002 qutniam
430 2934 607 2989 itiiolie
651 2935 742 3005 qui
793 2936 934 2990 viam
975 2937 1141 3008 429
1198 2953 1306 2995 non
1353 2941 1715 3009 quresierunt,

127 3026 294 3082 multo
343 3027 526 3082 minus
566 3028 907 3084 invenerunt.
939 3029 1163 3101 Legitur
1184 3033 1380 3103 quippe
1437 3033 1716 3088 Platonem

128 3117 190 3172 de
229 3119 503 3174 Trinitate
532 3121 836 3190 disputasse
859 3163 873 3188 ,
923 3123 1017 3178 sed
1055 3122 1122 3178 de
1159 3123 1315 3178 Verbi
1347 3124 1719 3182 itharnatione

1825 1934 1986 1988 addat
2029 1935 2370 1998 esurientem,
2417 1948 2483 1988 ac
2530 1933 2572 1986 si
2607 1933 2744 1988 dicat
2780 1952 2791 1985 :
2839 1933 2962 1987 lico
2997 1932 3174 1985 anima
3219 1946 3406 1986 eorum

1821 2023 2070 2093 replebit,
2096 2024 2221 2093 quia
2253 2023 2339 2076 illa
2372 2023 2593 2078 esurict.
2621 2023 2786 2076 Datur
2814 2030 2991 2076 autem
3015 2020 3238 2089 intelligi
3266 2019 3410 2088 quod

1820 2115 2017 2171 multos
2061 2115 2256 2170 idiotas
2301 2115 2353 2168 in
2386 2115 2528 2169 viam
2575 2124 2791 2169 rectam-
2827 2113 2948 2167 lidei
2993 2112 3288 2175 deducent,
3318 2110 3409 2178 qui

1821 2209 1971 2277 prius
2001 2221 2120 2261 eam
2149 2221 2394 2276 quaerere
2422 2208 2751 2262 nescierunt.

1895 2303 2064 2356 Primi
2090 2302 2309 2372 quidem
2339 2299 2580 2371 periculi.
2608 2299 2885 2370 ereptione
2918 2307 3158 2363 ostensa,
3194 2296 3410 2350 secundi

1824 2396 2160 2465 ereptionem
2191 2392 2480 2448 ostendere
2524 2391 2601 2446 sic
2629 2391 2877 2446 intendit.
2926 2389 3041 2444 Non
3084 2388 3254 2444 solum
3285 2402 3408 2441 esu-

1823 2485 2024 2540 rientes
2053 2484 2298 2549 satiabit,
2321 2483 2412 2539 sed
2443 2491 2561 2552 post
2592 2481 2734 2536 hanc
2759 2480 3092 2550 ercptionem
3124 2478 3321 2532 multos
3343 2491 3410 2531 ex

1822 2575 1906 2628 bis
1952 2582 2167 2645 ereptos
2198 2573 2462 2638 sedentes,
2507 2571 2556 2626 id
2589 2581 2674 2626 est
2715 2571 3068 2624 immorantes
3099 2569 3151 2622 in
3186 2565 3411 2620 tenebris

1820 2675 2189 2736 peceatorum,
2219 2676 2267 2719 et
2318 2666 2368 2718 in
2416 2664 2521 2720 illis
2573 2663 2834 2728 tenebris,
2878 2678 2998 2733 quae
3041 2669 3199 2716 erunt
3225 2657 3411 2712 umbra

1820 2759 2034 2821 mortis,
2069 2757 2122 2812 id
2157 2766 2241 2811 est
2282 2756 2516 2812 tenebrae
2558 2756 2818 2811 ducentes
2863 2755 2929 2809 ad
2978 2761 3202 2808 mortem
3253 2759 3410 2806 reter-

1821 2865 1968 2914 nam,
1998 2848 2167 2903 solvet
2201 2864 2230 2902 a
2281 2848 2522 2903 tenebris
2552 2848 2686 2911 illis,
2719 2847 2922 2902 scilicet
2957 2861 2984 2900 a
3027 2843 3264 2915 peccatis
3302 2842 3409 2897 crio

1824 2939 2136 2993 minalibus.
2178 2937 2438 2992 Tenebrae
2466 2947 2520 2992 et
2544 2939 2734 2991 umbra
2769 2937 2908 2991 idem
2941 2936 3029 3020 hic
3070 2934 3405 3006 signiﬁcant;

1822 3026 2072 3083 Sedentes
2103 3029 2156 3083 in
2181 3029 2428 3094 tenebris,
2462 3031 2704 3100 inquam,
2739 3037 2789 3083 ct
2815 3029 3008 3083 vinctos
3043 3027 3094 3082 in
3121 3027 3223 3082 illis
3255 3034 3408 3082 tene-

1821 3121 1934 3177 bris
1958 3138 1986 3176 a
2013 3137 2179 3193 prava
2203 3123 2594 3178 consuetudine
2626 3137 2691 3177 ne
2721 3138 2814 3193 per
2837 3137 2894 3177 se
2924 3121 3134 3190 possint
3154 3119 3406 3184 evadere,

123 3209 327 3262 notitire
351 3207 427 3262 nil
450 3208 726 3265 habuisse.
761 3209 915 3266 Unde
947 3211 1000 3266 in
1029 3211 1308 3267 Canticis:
1361 3231 1380 3265 t
1431 3214 1489 3268 ln
1519 3215 1719 3272 lectulo
1747 3206 1786 3261 C
1821 3221 1874 3266 et
1921 3213 1976 3267 in
2015 3214 2120 3269 hoc
2170 3212 2389 3283 quidem
2441 3212 2619 3282 majus
2668 3213 2990 3268 beneﬁcium
3028 3213 3313 3268 denotatur
3355 3209 3407 3264 in

125 3313 238 3354 meo
272 3299 508 3368 quaesivi
539 3313 698 3368 quem
723 3301 896 3371 diligit
926 3301 1106 3356 anima
1131 3317 1248 3356 mea
1273 3343 1286 3365 ,
1313 3305 1536 3372 quiesivi
1567 3305 1716 3361 illum

122 3398 172 3442 et
210 3405 326 3443 non
360 3389 544 3444 inveni
575 3388 757 3460 tCant.
790 3406 846 3446 tt:
874 3431 889 3458 ,
927 3391 1001 3462 1).
1043 3411 1063 3445 ›
1100 3392 1168 3446 Ει
1199 3393 1387 3449 eodem
1427 3394 1585 3450 modo
1626 3397 1717 3451 alii

119 3482 430 3553 philosophi
459 3483 526 3537 de
549 3498 761 3538 summo
789 3484 933 3540 bono
960 3485 1092 3551 Deo,
1121 3487 1332 3542 scilicet
1361 3488 1716 3558 disputantes,

122 3575 362 3647 ejusdem
391 3575 782 3632 incarnationis
811 3577 915 3633 ﬁde
935 3589 1248 3633 caruerunt.
1295 3579 1527 3651 [deaque
1569 3597 1717 3635 erra-

119 3682 318 3726 terruit.

187 3761 494 3828 Errabunt,
524 3761 768 3831 inquam,
821 3771 870 3816 et
895 3764 1072 3818 anima
1101 3781 1283 3819 eorum
1313 3765 1365 3819 in
1390 3766 1516 3835 ipsis
1546 3767 1715 3822 conﬁ-

120 3851 282 3916 dens,
317 3849 396 3904 ab
432 3850 710 3907 intellectu
755 3861 812 3907 et
857 3854 1002 3908 omni
1051 3854 1249 3909 virtute
1299 3855 1509 3925 defecit,
1557 3857 1717 3913 idest

123 3943 360 3999 deﬁciet.
415 3944 570 4012 Quod
598 3953 686 4002 est
731 3946 913 4002 dicere
955 3964 967 4000 :
1003 3947 1136 4014 Quia
1168 3963 1264 4018 per
1293 3963 1351 4004 se
1395 3950 1624 4005 virtutes
1664 3961 1718 4006 et

123 4034 461 4089 inttllectum
507 4034 709 4089 habere
737 4036 1032 4103 putabunt,
1076 4036 1145 4089 ab
1183 4037 1269 4091 his
1308 4038 1559 4092 oumibus
1588 4039 1717 4093 deﬁ-

124 4125 280 4180 cient.
341 4124 466 4180 Non
494 4126 640 4181 enim
673 4127 904 4181 virtutes
933 4136 987 4181 et
1030 4135 1210 4182 rectus
1255 4117 1561 4182 intellectus
1596 4143 1718 4184 esse

123 4223 348 4278 dicenda
385 4232 534 4288 sunt,
559 4239 677 4294 quae
698 4223 818 4280 sine
847 4222 950 4280 ﬁde
970 4231 1024 4279 et
1045 4223 1310 4280 charitate
1337 4223 1621 4278 habentur.
1647 4224 1716 4279 Et

119 4315 356 4370 errando
391 4324 447 4369 et
473 4314 774 4370 deﬁcieudo
801 4315 1177 4382 clamauerunt,
1204 4315 1257 4370 id
1288 4324 1372 4371 est
1405 4315 1719 4373 clamabunt

121 4408 187 4460 ad
223 4407 424 4472 Deum,
456 4421 564 4462 non
592 4421 753 4470 voce.
784 4423 890 4463 non
919 4406 1236 4475 allectione;
1283 4409 1376 4465 sed
1406 4427 1522 4464 cum
1551 4410 1718 4464 tribu—

123 4497 389 4562 larentur,
418 4498 472 4552 id
501 4507 584 4553 est
611 4514 734 4554 cum
767 4497 870 4554 hoc
915 4500 1020 4554 erit
1049 4499 1191 4568 quod
1221 4499 1619 4556 tribulabuntur
1650 4501 1718 4555 ab

121 4589 406 4644 anxietate
454 4588 792 4659 ignorantim.
843 4589 1010 4656 Ctnn,
1061 4589 1398 4645 causativum
1440 4603 1552 4658 εει,
1586 4605 1648 4646 ac
1673 4590 1718 4646 si

125 4680 300 4737 dicat:
343 4680 466 4752 Ipsa
496 4681 717 4735 miseria
759 4680 1118 4737 tribulationis
1149 4697 1334 4736 eorum
1364 4679 1619 4737 clamabit
1653 4683 1718 4736 ad

125 4771 451 4837 Dominum,
503 4787 624 4826 cum
656 4772 758 4828 hoc
796 4774 899 4828 erit
938 4774 1078 4842 quod
1119 4774 1298 4829 minus
1334 4775 1719 4839 anxiabuntur,

126 4877 184 4915 eo
210 4864 363 4934 quod
393 4862 462 4917 ad
504 4863 647 4916 viam
693 4863 889 4917 summi
919 4863 1044 4916 boni
1092 4864 1363 4934 attingere
1402 4864 1719 4934 nequibunt.

129 4953 188 5006 Et
221 4955 488 5009 Dominus
516 4955 726 5024 eripuit,
766 4955 817 5008 id
848 4964 931 5010 est
970 4955 1162 5025 eripiet
1203 4973 1290 5010 eos
1332 4957 1396 5011 de
1439 4956 1720 5010 necessita-

121 5047 275 5111 tibus,
315 5047 372 5100 id
401 5055 486 5102 est
509 5048 575 5101 de
601 5048 1010 5116 paupertatibus
1037 5063 1216 5100 eorum
1240 5088 1255 5112 ,
1281 5048 1346 5102 de
1373 5047 1475 5102 hoc
1504 5047 1714 5101 scilicet

127 5137 263 5204 quod
317 5145 547 5204 egentes
587 5146 746 5192 erunt
793 5137 930 5202 ﬁde,
976 5137 1270 5191 virtutibus
1316 5147 1370 5192 et
1416 5136 1712 5192 intellectu.

130 5222 276 5281 Unde
308 5226 466 5282 valde
492 5241 588 5282 eos
616 5227 752 5298 eripi
785 5242 1006 5283 necesse
1033 5235 1137 5281 est.
1185 5224 1252 5281 Et
1283 5229 1386 5284 hoc
1413 5227 1573 5285 modo
1597 5227 1718 5298 qui-

126 5318 243 5373 dem
273 5319 472 5388 eripiet
496 5319 641 5389 quod
679 5336 766 5374 eos
796 5329 1011 5389 ereptos
1053 5321 1122 5375 ab
1159 5336 1347 5376 errore
1387 5322 1636 5388 deduxit,
1667 5320 1717 5376 id

128 5419 209 5464 est
255 5412 492 5468 deducet
519 5413 750 5482 in_viam
786 5421 981 5466 rectam
1019 5412 1138 5467 ﬁdei
1171 5421 1226 5468 et
1270 5413 1610 5480 intellectus,
1663 5423 1719 5468 ut

128 5502 229 5558 hac
247 5504 342 5559 via
366 5504 518 5568 irent,
543 5503 597 5559 id
613 5511 697 5560 est
716 5513 843 5557 cant
869 5505 923 5556 in
949 5505 1205 5558 civitatem
1224 5505 1582 5572 habitationis,
1618 5521 1722 5561 non

131 5598 613 5668 peregrinationis,
639 5596 851 5652 scilicet
878 5596 931 5650 in
962 5595 1295 5652 Hierusalem
1328 5597 1624 5654 etelestem.
1658 5600 1724 5653 Et

135 5690 256 5756 quia
293 5691 413 5745 hate
442 5691 708 5747 beneﬁcia
731 5691 810 5746 eis
841 5689 1100 5752 conferet,
1135 5691 1326 5744 hortor
1354 5699 1412 5744 ut
1437 5691 1724 5761 conﬁtean-

137 5791 216 5834 tur
261 5782 479 5837 laudem
531 5782 754 5838 Domino
805 5783 1174 5839 misericordiw
1219 5783 1357 5853 ejus,
1395 5784 1444 5841 id
1492 5795 1572 5841 est
1611 5785 1724 5841 hcce

1771 3309 1778 3314 ’
1823 3320 2010 3361 eorum
2039 3305 2328 3361 solutione.
2365 3303 2615 3368 Vinctos,
2649 3303 2898 3374 inquam,
2929 3317 3091 3372 prava
3119 3308 3410 3356 consuetu-

1820 3395 1948 3451 dine
1987 3395 2326 3465 persistendo
2372 3397 2424 3449 in
2473 3395 2802 3449 mendicitate
2845 3403 2893 3448 et
2920 3393 3061 3462 ferro
3085 3433 3099 3456 ,
3148 3391 3199 3446 id
3231 3399 3316 3466 est
3355 3390 3408 3444 in

1821 3486 2000 3542 ferrea
2030 3487 2410 3552 mendicitate,
2444 3486 2652 3542 scilicet
2693 3485 2746 3539 in
2778 3482 3048 3539 insolubili
3088 3486 3410 3553 paupertate

1821 3579 2244 3645 imbecillitatis,
2291 3580 2416 3650 quia
2461 3579 2539 3634 sic
2587 3577 2881 3634 imbecilles
2923 3585 3082 3632 erunt
3127 3590 3193 3628 ex
3239 3588 3409 3644 prava

1821 3671 2248 3736 consuetudine,
2294 3670 2435 3740 quod
2470 3668 2704 3738 peccatis
2738 3667 3036 3737 nequibant
3066 3664 3349 3728 resistere,
3377 3679 3410 3718 ει

1819 3762 2174 3818 similitudine
2222 3761 2536 3826 imbecillis,
2584 3761 2674 3830 qui
2726 3759 2900 3812 ferrea
2936 3756 3170 3821 vincula,
3214 3756 3410 3826 quibus

1821 3855 2075 3909 astrictus
2101 3863 2204 3918 est,
2239 3855 2424 3922 nequit
2465 3853 2715 3908 evadere.
2752 3851 2883 3905 Dico
2913 3851 3110 3905 vinctos
3139 3851 3193 3904 in
3234 3849 3410 3903 ferrea

1821 3945 2176 4009 mendicitate,
2206 3955 2260 4000 et
2291 3946 2416 3999 inde
2446 3943 2724 4014 continget
2770 3957 2864 3996 eos
2893 3940 3252 3997 iusolubiliter
3294 3939 3410 3992 vin-

1821 4039 1941 4102 ciri,
1970 4041 2093 4110 quia
2124 4041 2564 4094 exacerbaverunt
2589 4039 2796 4109 eloquia
2830 4038 3062 4104 Domini,
3094 4037 3144 4090 id
3176 4035 3410 4105 estquia

1821 4128 2013 4182 acerba
2052 4140 2104 4182 et
2133 4131 2316 4200 gravia
2343 4131 2668 4200 reputabunt
2695 4135 2962 4198 praecepta
2988 4126 3198 4180 Domini
3222 4143 3235 4189 ;
3263 4139 3404 4194 qua),

1821 4220 1865 4273 si
1897 4221 2236 4290 cisjucunda
2259 4229 2314 4274 et
2342 4219 2592 4274 amabilia
2615 4218 2948 4280 viderentur,
2985 4233 3089 4271 non
3121 4215 3200 4271 sic
3223 4214 3411 4282 utique

1820 4311 2174 4365 vincirentur.
2214 4309 2657 4373 Exaeerbabunt,
2707 4306 2957 4376 inquam,
3001 4312 3266 4376 praecepta
3298 4303 3409 4358 Do-

1822 4401 1951 4455 mini
1980 4410 2028 4455 et
2059 4399 2357 4463 consilium,
2388 4399 2439 4453 id
2466 4407 2550 4454 est
2587 4407 2852 4468 praecepta
2893 4395 3137 4450 altissimi
3173 4393 3408 4463 sapienti

1823 4493 2051 4547 (consilio
2083 4491 2257 4547 danda
2289 4489 2664 4546 exacerbando
2707 4488 3082 4553 irritaverant,
3125 4485 3178 4540 id
3217 4493 3302 4539 est
3340 4484 3410 4539 ad

1753 4566 1796 4624 ί)
1827 4589 1962 4642 iram
2001 4584 2375 4655 provocabunt
2407 4583 2556 4636 illum
2589 4581 2916 4636 Altissimum
2938 4620 2952 4645 ,
2984 4579 3127 4648 quod
3156 4578 3409 4649 equidem

1819 4679 1986 4754 430
2017 4677 2121 4732 erit
2152 4675 2306 4731 valde
2335 4673 2712 4737 temerarium,
2747 4688 2868 4728 cum
2917 4670 3214 4727 altissimus
3255 4671 3325 4725 sit
3355 4679 3412 4724 et

1821 4773 1888 4826 ad
1920 4769 2284 4825 ulciscendum
2316 4759 2525 4838 potens:
2559 4766 2824 4834 Quoniam
2867 4774 3044 4820 autem
3076 4779 3171 4820 eos
3197 4764 3411 4819 dixerat

1822 4863 2039 4928 cinctos,
2060 4860 2295 4916 ostendit
2313 4859 2390 4913 sic
2407 4859 2614 4914 vinctos
2636 4868 2694 4912 ut
2715 4856 2858 4911 nullo
2880 4858 2997 4912 nisu
3017 4857 3226 4928 possint
3241 4871 3298 4911 se
3311 4854 3412 4911 sol-

1822 4970 1978 5020 vere,
2008 4964 2070 5009 ut
2106 4953 2278 5023 majus
2320 4963 2580 5023 appareat
2607 4952 2931 5008 beneﬁcium
2961 4952 3015 5006 in
3042 4967 3228 5006 eorum
3261 4950 3408 5006 solu-

1825 5047 1987 5102 tione.
2015 5046 2143 5102 Dico
2165 5045 2308 5114 quod
2331 5046 2493 5100 vincti
2519 5052 2698 5109 erunt,
2722 5054 2777 5099 et
2805 5044 2886 5100 sic
2914 5045 3074 5098 vincti
3103 5041 3267 5113 quod,
3285 5043 3412 5098 licet

1824 5146 1937 5194 toto
1953 5138 2070 5194 nisu
2091 5137 2314 5191 rationis
2329 5150 2388 5192 se
2409 5135 2616 5191 solvere
2633 5135 2895 5200 laborent,
2913 5144 3090 5188 tamen
3117 5133 3411 5203 persisten-

1825 5230 1893 5284 do
1929 5230 1981 5284 in
2020 5227 2295 5282 laboribus
2330 5226 2568 5282 solvendi
2595 5242 2674 5292 se,
2699 5226 2877 5290 cor,id
2899 5231 2982 5280 est
3002 5224 3179 5279 anima
3207 5241 3411 5290 eorum

1825 5321 2158 5375 Itttmiliatum
2177 5329 2273 5384 est,
2299 5318 2351 5373 id
2371 5328 2454 5374 est
2477 5317 2847 5373 humiliabitur
2869 5316 2969 5371 sub
2991 5318 3248 5386 peccatis,
3271 5326 3326 5373 et
3345 5320 3412 5372 ab

1811 5398 1908 5470 eis
1929 5413 2296 5482 superabitur,
2311 5420 2367 5467 et
2394 5411 2472 5466 sic
2500 5410 2640 5480 quod
2661 5408 2912 5478 inﬁrmati
2928 5409 3140 5474 sunt,id
3161 5418 3242 5464 est
3263 5409 3411 5464 inﬁr-

1803 5503 2138 5576 mabuntur,
2167 5502 2302 5557 adeo
2330 5511 2388 5555 ut
2418 5500 2469 5554 in
2493 5497 2752 5569 peccandi
2784 5497 3232 5552 consuetudinem
3265 5497 3412 5552 deci-

1831 5597 1978 5660 dant,
2024 5612 2114 5649 nec
2159 5594 2260 5663 [uit
2288 5593 2376 5662 qui
2407 5590 2709 5660 adjuvaret,
2743 5589 2794 5643 id
2823 5598 2904 5643 est
2945 5604 3048 5643 non
3089 5588 3193 5642 erit
3221 5587 3413 5658 aliquis

1833 5697 2029 5756 praeter
2057 5685 2224 5740 Deum
2253 5683 2344 5752 qui
2379 5682 2548 5752 possit
2577 5696 2670 5737 eos
2707 5681 2986 5752 adjuvare,
3019 5680 3299 5750 eripienda
3345 5682 3413 5736 ab

1835 5783 1935 5836 hac
1984 5779 2316 5834 inﬁrmitate.
2355 5774 2421 5831 Et
2463 5775 2582 5830 ideo
2623 5774 2974 5829 ciamarrrunt
3015 5774 3084 5828 at!
3131 5771 3413 5828 Dominum
