3840 6338
534 356 671 413 19:07

1104 353 1162 409 ὃ.
1192 351 1543 410 BRUNONIS
1587 347 2234 409 CARTHUSIANORUM
2267 345 2756 406 lNSTlTUTOllIS
2795 335 2946 406 ΟΡΡ.
2988 349 3168 406 PARS
3203 351 3244 405 ι.

3601 361 3697 418 ηυξ

535 489 653 526 cum
682 468 1083 532 tribularentur,
1121 467 1326 521 scilicet
1359 447 1486 534 quia
1521 479 1616 535 per
1649 479 1706 521 se
1740 463 2123 520 insuﬂieientes
2153 470 2198 525 Α
2231 461 2282 516 in
2315 461 2417 517 boc
2449 462 2608 518 taedio
2636 473 3003 520 remanerent.
3035 465 3177 537 Ergo
3202 467 3516 536 conﬁteantur
3539 475 3696 531 θοπιῑιω

535 569 694 616 erunt
715 602 729 625 ,
775 559 1090 614 clamabunt
1121 557 1187 612 ad
1233 558 1518 612 Dominmn
1550 571 1681 611 voce
1712 565 1765 610 et
1800 554 2118 620 all‘eetione,

536 670 658 709 cum
688 652 916 708 interius
943 667 972 705 a
1005 650 1152 705 vitiis
1198 649 1624 714 tribulabuntur,
1655 659 1701 702 et
1732 649 1796 703 de
1839 647 2116 703 necessita-

537 745 675 797 tibus
702 757 882 796 eorum
931 740 1171 794 liberauit
1198 757 1304 805 eos,
1340 741 1391 794 id
1437 749 1520 795 est
1557 742 1622 793 de
1665 737 1768 793 hac
1806 746 2121 810 paupertate

539 831 914 887 mendicitatis
941 830 1190 885 liberabit
1219 844 1334 894 eos,
1364 838 1418 884 et
1444 830 1547 885 hoc
1581 831 1738 885 modo
1767 830 1983 900 quidem
2018 828 2124 883 sci-

538 930 668 984 licet
713 938 760 982 et
792 927 1003 990 eduxit,
1038 925 1088 978 id
1130 935 1214 980 est
1245 925 1495 980 evtrabet
1526 943 1610 980 eos
1653 942 1751 997 per
1789 925 2019 996 gratiam
2059 925 2123 978 de

537 1023 786 1089 tenebris,
817 1031 865 1076 et
892 1021 958 1075 de
1006 1018 1111 1072 illis
1146 1033 1264 1086 qua:
1292 1027 1418 1072 sunt
1450 1019 1633 1073 umbra
1673 1019 1857 1072 mortis
1879 1059 1893 1082 ,
1943 1018 1995 1071 id
2040 1023 2125 1071 est

538 1117 732 1172 umbra
759 1117 959 1172 ducens
985 1115 1051 1168 ad
1085 1121 1338 1176 mortem,
1365 1121 1418 1164 et
1441 1109 1650 1164 vincula
1673 1128 1850 1164 eorum
1873 1109 2122 1178 disrupit,

538 1210 590 1263 id
622 1218 706 1264 est
738 1207 947 1263 vincula
977 1221 1157 1277 prava:
1202 1203 1607 1260 consuetudinis
1646 1211 1700 1256 et
1742 1202 2124 1257 imbecillitatis

536 1300 834 1366 dis-rumpet
860 1297 914 1350 in
943 1297 1057 1362 eis,
1090 1305 1145 1351 et
1185 1296 1429 1350 destruet
1469 1310 1536 1347 ne
1561 1291 1628 1344 ab
1664 1291 1748 1348 his
1775 1293 1998 1348 ulterius
2025 1293 2128 1346 im-

535 1389 839 1458 pediantur.
890 1387 957 1441 Et
999 1387 1255 1458 quoniam
1301 1389 1416 1444 lucc
1449 1387 1833 1443 misericordia:
1865 1385 2122 1439 beneficia

537 1481 616 1535 eis
642 1480 946 1550 impendet,
987 1481 1339 1548 confiteantur
1369 1481 1591 1533 Domino
1632 1481 1714 1533 lia:
1753 1479 2122 1533 misericordia:

535 1573 669 1640 ejus,
717 1581 765 1626 et
816 1572 1081 1626 mirabilia
1122 1573 1234 1642 ejus
1285 1573 1588 1628 exhibenda
1633 1571 1760 1638 ﬁliis
1817 1571 2122 1625 hominum-

536 1664 641 1717 lioc
670 1673 727 1715 ut
759 1664 1008 1732 superius
1030 1663 1340 1734 exponitur.
1757 1663 1760 1666 ’

613 1755 831 1823 Repetit
877 1765 1055 1809 autem
1088 1756 1155 1808 ad
1204 1756 1733 1810 commendationem
1781 1755 1880 1808 llas
1919 1753 2124 1809 misen-

2224 553 2341 607 istte
2369 553 2744 609 misericordiae
2777 555 2918 625 ejus,
2959 566 3008 610 et
3048 558 3307 613 mirabilia
3343 560 3442 628 ejus
3474 565 3696 620 exbilcntla

2221 645 2350 712 ﬁliis
2387 645 2692 711 hominum,
2740 654 2796 701 et
2833 647 2936 702 hoc
2969 663 3216 720 quoque,
3249 660 3305 705 ut
3341 655 3553 723 superius
3585 674 3702 727 expo-

2221 734 2390 790 n’tnr.
2421 734 2488 788 Et
2512 749 2634 790 cum
2656 735 2817 808 43],
2844 737 2893 792 ei
2920 742 3085 794 corde
3110 751 3163 795 et
3192 757 3283 795 ore.
3310 754 3361 796 et
3383 759 3526 814 opere
3540 751 3702 804 conﬁtc-

2222 827 2444 892 bnntttr,
2503 828 2797 896 sacrificent
2843 830 2893 882 ei
2952 832 3274 900 sacriﬁcium
3327 834 3505 902 laudis,
3552 840 3702 896 scilicet

2223 917 2528 972 devoveant
2564 919 2612 973 ei
2653 934 2758 973 non
2789 921 3024 990 pecudes
3063 934 3158 978 aut
3201 925 3436 994 quaelibet
3475 927 3701 996 huiusmodi

2225 1010 2515 1076 sacrificia,
2547 1011 2642 1065 sed
2693 1011 2929 1078 laudem,
2960 1017 3103 1084 quod
3132 1016 3181 1072 ei
3228 1019 3328 1072 erit
3359 1018 3618 1077 delectabile
3645 1040 3703 1078 sa-

2226 1100 2513 1156 crificium.
2541 1101 2612 1156 Et
2644 1103 2748 1159 boe
2777 1105 2998 1176 quidem
3033 1108 3194 1163 modo
3220 1109 3334 1165 dico
3359 1125 3444 1166 eos
3462 1114 3704 1168 sacriﬁcium

2227 1189 2404 1245 laudis
2429 1191 2766 1259 sacriﬁcare,
2794 1204 2853 1250 nt
2880 1195 2982 1251 hoc
3005 1197 3148 1266 quod
3171 1209 3290 1254 sunt
3319 1216 3414 1256 non
3442 1204 3622 1271 tmtliosi,
3640 1209 3703 1259 sed

2225 1284 2494 1340 cbaritate
2523 1283 2741 1353 fervidi,
2789 1303 2896 1344 non
2933 1290 3201 1362 sibiipsis,
3237 1295 3324 1348 sed
3367 1296 3466 1350 Deo
3505 1296 3546 1350 in
3577 1310 3703 1352 mente

2227 1391 2321 1432 sua
2362 1377 2660 1445 ascribant,
2703 1389 2760 1435 et
2802 1382 2966 1436 etiam
3013 1387 3324 1439 annuntient
3362 1388 3421 1441 ad
3447 1387 3524 1443 Dei
3556 1388 3703 1444 laudent

2227 1468 2347 1523 aliis
2373 1469 2424 1522 iu
2455 1469 2803 1526 exsultatione
2832 1489 2990 1542 Opera
3030 1477 3150 1544 ejus
3187 1478 3238 1530 in
3262 1477 3438 1547 scipsis
3469 1480 3703 1544 existi-utin,

2227 1557 2434 1613 scilicet
2457 1562 2781 1617 annuntient
2808 1563 2910 1620 hoc
2952 1567 3098 1635 quod
3132 1551 3266 1622 tales
3295 1578 3440 1635 sunt,
3475 1571 3718 1644 operatione

2229 1652 2323 1709 Dei
2349 1668 2490 1709 esse.

2299 1748 2560 1813 Quartum
2597 1764 2814 1820 quoque
2859 1751 3180 1818 periculum,
3223 1752 3359 1821 quod
3411 1751 3519 1807 solis
3542 1751 3710 1822 prtebtis

536 1847 751 1901 cordias
779 1846 857 1900 sic
887 1863 902 1902 :
934 1844 1320 1912 Con/iteantur,
1353 1846 1606 1916 inquam,
1648 1853 1702 1900 ct
1742 1846 1840 1898 hoc
1871 1861 1931 1898 ea
1962 1858 2119 1897 orea-
2159 1827 2200 1884 Β
2230 1841 2496 1907 imminet,
2523 1852 2578 1897 et
2604 1841 2844 1910 ejusdem
2867 1844 3095 1914 periculi
3129 1843 3479 1900 liberationem
3500 1846 3710 1899 ostendere

537 1942 708 2002 sione,
735 1939 858 2008 quia
897 1937 1140 1992 contrivit
1179 1950 1357 2005 portas
1399 1956 1594 2002 wreas,
1636 1947 1682 1991 et
1725 1947 1885 1991 vectes
1928 1937 2124 2005 ferreos

535 2029 821 2098 confregit,
855 2027 1066 2083 scilicet
1097 2038 1340 2083 conteret
1380 2039 1436 2083 et
1466 2029 1769 2098 confringet
1799 2037 1849 2082 et
1887 2027 2126 2081 destruet

538 2121 591 2175 in
632 2121 713 2176 eis
740 2119 962 2174 omnino
993 2105 1212 2189 pravam
1261 2119 1707 2173 consuetudinem
1745 2125 1797 2171 ct
1843 2115 2126 2170 imbecilli-

537 2207 731 2274 tatem,
759 2225 881 2278 qna:
907 2210 1164 2264 dicuntur
1186 2226 1341 2264 :DI'CIB
1368 2218 1535 2279 portae
1558 2217 1611 2262 et
1640 2207 1797 2262 ferrei
1830 2217 2028 2269 vectes,
2061 2220 2125 2260 eo

537 2301 680 2368 quod
709 2300 853 2367 ipsos
881 2309 1069 2366 captos
1103 2301 1363 2353 tenebunt
1395 2313 1425 2351 a
1456 2297 1807 2352 similitudine
1845 2309 2123 2366 portarum

540 2405 802 2443 tet-earum
833 2397 887 2444 et
916 2389 1150 2443 vectium
1179 2387 1501 2450 icrreorum,
1537 2386 1626 2456 qui
1657 2385 1888 2454 aliquem
1919 2385 1972 2438 in
2005 2401 2127 2438 car-

545 2497 668 2535 cere
693 2480 934 2535 clansum
965 2480 1228 2544 detinent,
1262 2494 1329 2536 ne
1356 2480 1682 2550 egrediatur.
1709 2479 1775 2532 Et
1813 2494 1919 2534 non
1951 2477 2124 2532 solum

541 2573 657 2626 lucc
692 2571 744 2625 in
775 2555 855 2625 eis
889 2580 1153 2635 conteret,
1199 2571 1290 2625 sed
1320 2569 1563 2640 snsccjit,
1611 2570 1661 2624 id
1689 2579 1771 2625 est
1795 2580 1916 2640 post
1955 2571 2126 2625 susci-

537 2664 756 2732 pieteos
783 2673 1063 2733 exemptos
1090 2664 1153 2717 de
1184 2664 1266 2717 ria
1309 2663 1603 2732 iniquimtis
1651 2678 1833 2716 eorum
1859 2703 1872 2726 ,
1920 2661 2128 2716 seilieet

537 2772 634 2811 eos
663 2757 921 2812 liberatos
945 2771 975 2810 a
1001 2772 1167 2826 prava
1200 2757 1614 2820 consuetudine,
1640 2771 1760 2826 qua:
1801 2755 1885 2809 via
1926 2765 2010 2810 est
2055 2756 2123 2811 ad

537 2850 883 2920 iniquitatem
933 2851 1296 2920 operandam;
1347 2851 1425 2907 sic
1475 2853 1735 2922 suscipiet
1775 2861 1832 2907 ut
1877 2861 1998 2922 post
2046 2855 2126 2908 eis

534 2944 915 3010 patrocinetur
945 2959 1010 2997 ne
1040 2943 1272 2999 ulterius
1297 2946 1365 3000 ab
1407 2945 1509 3000 hoc
1549 2945 1765 3000 vinculo
1796 2947 2122 3000 vinciantur.

535 3035 835 3106 Snscipict,
866 3037 1114 3104 inquam,
1144 3047 1354 3106 propter
1383 3035 1674 3107 iujustitias
1701 3037 1835 3090 enim
1877 3055 2000 3091 suas
2029 3038 2127 3090 Itu-

533 3125 726 3178 miliati
755 3136 895 3188 sunt,
931 3124 984 3180 id
1015 3137 1099 3180 est
1137 3126 1588 3192 ltnmiliabmttur,
1635 3129 1842 3184 scilicet
1876 3129 1994 3184 ideo
2032 3144 2126 3183 eos

535 3216 793 3286 suscipiet
835 3217 960 3285 quia
999 3216 1365 3271 humiliabunt
1408 3233 1467 3272 se
1505 3219 1615 3273 Deo
1645 3220 1791 3273 omni
1843 3219 2126 3275 devotione

533 3310 781 3374 etmtnitn
815 3308 1159 3378 iniquitatum
1207 3324 1464 3376 snarmn,
1493 3319 1551 3364 ut
1593 3312 1955 3366 remittantur.
1999 3311 2130 3366 Per-

533 3401 703 3455 mittit
756 3403 952 3482 quippe
1003 3400 1200 3456 mnllos
1250 3401 1391 3456 Dens
1421 3401 1522 3456 labi
1567 3412 1625 3456 nt
1670 3420 1767 3473 per
1806 3405 1905 3459 hoc
1949 3405 2127 3458 Immi-

534 3493 757 3547 lientur.
787 3493 1088 3564 Ingreditur
1109 3503 1288 3547 autem
1314 3492 1584 3562 Propheta
1608 3495 1815 3548 tertium
1840 3494 2126 3564 periculum

537 3585 850 3648 ostendere,
887 3592 940 3636 el.
971 3583 1088 3651 ejus
1117 3586 1454 3654 ereptionem
1493 3585 1572 3642 sic
1604 3601 1618 3639 :
1658 3587 1788 3640 Dico
1818 3588 1958 3657 quod
1990 3587 2129 3644 Dens

537 3689 633 3728 eos
662 3675 920 3730 liberatos
953 3676 1210 3747 suscipiet
1249 3688 1301 3730 ut
1335 3693 1364 3730 a
1408 3677 1556 3733 vitiis
1604 3679 1889 3734 custodiat.
1933 3679 2126 3734 Postea

535 3778 666 3816 vero
693 3779 893 3816 omnem
921 3782 1092 3818 escam
1140 3766 1460 3836 Spiritalem,
1501 3768 1786 3824 lectionem
1840 3769 2047 3824 scilicet
2077 3779 2129 3824 et

535 3856 868 3921 orationem,
903 3857 1100 3926 quibus
1129 3859 1309 3910 anima
1343 3860 1587 3914 reficitur
1616 3861 1918 3916 abominata
1952 3873 2050 3929 est,
2076 3862 2127 3916 id

534 3958 616 4002 est
640 3949 974 4014 abhorrebit,
998 3960 1051 4003 et
1081 3950 1296 4004 fastidio
1319 3952 1540 4006 habebit
1561 3955 1740 4008 anima
1769 3957 2124 4024 quorumdam

532 4057 735 4103 eorum,
768 4055 908 4108 qnm,
943 4041 1069 4095 licet
1091 4039 1205 4108 jam
1241 4056 1364 4096 esea
1395 4043 1484 4096 illa
1507 4043 1610 4098 frui
1645 4048 2010 4112 consueverit,
2045 4056 2126 4102 ta-

533 4147 657 4186 men
688 4147 755 4185 ex
787 4131 1044 4186 dilatione
1069 4134 1258 4202 patria:
1285 4133 1526 4189 cwlestis
1567 4134 1781 4190 tmdium
1819 4136 1962 4190 illius
1991 4153 2127 4192 esea:

533 4224 828 4294 concipiet,
874 4233 928 4278 et
978 4241 1075 4294 per
1123 4225 1222 4280 itOC
1265 4227 1809 4298 apprOpinquaverunt
1848 4246 2008 4301 usque
2058 4232 2127 4283 at!

529 4327 709 4385 portas
736 4317 941 4381 mortis,
967 4317 1019 4370 id
1053 4327 1136 4371 est
1166 4318 1673 4388 appropinquabant
1703 4336 1871 4390 usque
1915 4321 1980 4374 ad
2003 4337 2129 4390 pec—

534 4419 679 4474 cata,
715 4425 836 4478 qua:
867 4420 992 4465 sunt
1033 4421 1202 4480 portzc
1246 4427 1343 4481 per
1381 4428 1518 4482 quas
1563 4414 1632 4467 ad
1674 4425 1904 4469 mortem
1953 4417 2010 4469 lit
2049 4417 2129 4470 in-

534 4515 788 4569 gressus,
829 4504 1039 4558 scilicet
1079 4505 1144 4558 ad
1187 4504 1289 4560 hoc
1322 4505 1605 4560 devenient
1649 4517 1707 4560 ut
1745 4508 1858 4563 fere
1899 4509 2124 4578 peccent
2149 4533 2202 4593 υ

537 4593 928 4660 criminaliter;
962 4605 1017 4649 et
1046 4596 1096 4649 in
1130 4605 1278 4650 tanto
1307 4597 1550 4666 periculo
1582 4613 1640 4652 se
1662 4599 1984 4654 constitutos
2004 4615 2124 4655 esse

533 4686 969 4750 considerantes,
1021 4689 1419 4754 clttmttt‘ct'uttl,
1469 4690 1519 4742 id
1564 4699 1645 4744 est
1695 4689 2005 4744 clamabunt
2057 4692 2125 4744 ad

537 4777 821 4829 Dominum
867 4791 997 4829 voce
1039 4787 1091 4830 et
1139 4780 1303 4833 corde
1354 4797 1471 4832 cum
1501 4779 1900 4843 tribu/urentur,
1947 4780 1995 4833 id
2045 4789 2127 4834 est

535 4885 658 4924 eum
690 4869 1090 4923 tribulabuntur
1121 4872 1363 4925 interiori
1390 4873 1547 4926 taedio
1575 4889 1715 4927 esca:
1745 4872 2027 4941 spiritalis.
2059 4872 2122 4925 Et

533 4961 598 5014 de
626 4961 1020 5015 necessitatibus
1051 4978 1228 5014 eorum
1257 4963 1490 5017 liberarit
1521 4981 1627 5031 eos,
1658 4963 1865 5019 scilicet
1890 4965 1955 5019 de
1994 4979 2126 5034 pau-

533 5061 747 5123 pertate
775 5053 996 5107 fervida:
1027 5051 1308 5107 eltaritatis
1346 5053 1593 5110 liberabit
1620 5071 1714 5110 eos
1742 5056 1922 5110 ethoc
1963 5055 2122 5111 modo

532 5145 810 5198 liberabit.
843 5143 1011 5207 Misit,
1045 5143 1097 5198 id
1123 5152 1206 5198 est
1238 5145 1416 5198 mittet
1444 5146 1494 5199 in
1522 5161 1711 5200 eorum
1731 5147 1986 5202 auxilium
2016 5163 2121 5201 non

534 5237 800 5303 localiter,
831 5236 926 5290 sed
959 5237 1278 5306 spiritaliter
1305 5236 1513 5290 verbum
1537 5255 1710 5306 suum,
1744 5239 1793 5293 id
1833 5249 1918 5294 est
1949 5239 2118 5308 impe-

533 5329 676 5382 rium
707 5327 962 5396 potentia:
985 5342 1116 5391 sua},
1145 5337 1190 5380 et
1215 5326 1295 5380 sic
1321 5328 1546 5391 sanavit,
1575 5327 1626 5380 id
1657 5334 1740 5381 est
1770 5329 1981 5384 sanabit
2008 5345 2118 5383 eos.

534 5420 690 5488 Quod
726 5429 810 5473 est
855 5420 1036 5474 dicere
1069 5438 1080 5472 :
1117 5419 1348 5489 Imperio
1396 5419 1652 5488 potentia:
1691 5435 1799 5473 sua:
1829 5421 2124 5477 constituet

534 5523 593 5568 ut
625 5520 907 5574 sanentur,
931 5519 985 5565 et
1008 5513 1255 5580 protinus
1274 5527 1302 5564 a
1333 5511 1590 5580 languore
1615 5510 1772 5579 hujus
1797 5511 1936 5564 ωρίίἰί
1964 5527 2123 5566 sana-

532 5610 755 5663 buntur.
789 5605 852 5659 Et
883 5622 982 5676 per
1007 5607 1143 5661 hanc
1176 5606 1464 5661 sanitatem
1494 5605 1708 5675 eripuit,
1745 5604 1794 5658 id
1821 5615 1904 5659 est
1928 5608 2123 5676 eripiet

537 5716 623 5752 eos
649 5700 711 5750 de
736 5698 1124 5752 itttet'itionibtts
1151 5715 1352 5764 eorum,
1387 5699 1440 5751 id
1472 5698 1647 5752 estde
1681 5696 1898 5751 interitu
1933 5712 2120 5766 pecca-

541 5800 740 5856 torum,
771 5799 820 5843 ct
851 5788 915 5842 de
941 5789 1163 5844 interitu
1203 5799 1410 5845 aeterno
1440 5790 1489 5842 in
1522 5803 1684 5863 quem
1727 5787 2034 5844 deciderent
2074 5790 2117 5845 si

2230 1931 2459 1986 intendit
2508 1947 2630 1986 cum
2663 1933 2814 1987 dicit.
2849 1931 2956 1998 Qui
3005 1934 3346 1998 descendunt,
3388 1942 3478 1987 etc.
3511 1932 3625 2000 Quod
3658 1933 3712 1986 sic

2227 2021 2536 2092 adaptatnr.
2594 2023 2710 2078 Non
2766 2023 2941 2078 solum
2993 2025 3066 2078 illi
3119 2041 3256 2095 quos
3310 2027 3525 2094 superius
3556 2025 3711 2080 ostendi

2226 2127 2390 2182 opera
2437 2115 2633 2169 divina:
2667 2115 3063 2170 misericordiae
3102 2117 3156 2170 in
3197 2132 3255 2172 se
3295 2117 3637 2172 considerabant
3671 2126 3713 2171 et

2227 2206 2601 2274 experientur,
2631 2207 2724 2262 sed
2755 2209 2918 2261 etiam
2955 2207 3194 2277 pnnlati,
3221 2209 3310 2279 qui
3335 2209 3711 2277 contemplationis

2227 2294 2559 2351 sublimitate
2589 2296 2912 2351 descendunt
2940 2297 3336 2354 descendentes
3368 2299 3417 2352 in
3447 2314 3579 2353 mare.
3600 2297 3636 2350 id
3657 2305 3712 2350 est

2225 2387 2280 2441 in
2311 2387 2582 2442 subditam
2615 2389 2849 2458 plebem,
2881 2392 3340 2459 quemadmodum
3369 2407 3498 2446 mare
3519 2392 3712 2444 creberri-

2227 2477 2332 2532 mis
2377 2479 2737 2534 tentationum
2771 2481 3195 2551 tempestati-bus
3228 2483 3554 2552 perturbatur,
3581 2488 3620 2535 ct
3641 2495 3708 2532 non

2229 2568 2309 2624 sie
2351 2570 2688 2625 descendunt
2735 2579 2793 2625 ut
2829 2572 3258 2644 submerguntur
3295 2573 3344 2628 in
3381 2573 3519 2637 mari,
3545 2571 3708 2626 sedeti-

2226 2668 2419 2721 stendo
2467 2667 2520 2721 in
2566 2667 2801 2730 naribus,
2857 2668 2910 2722 id
2970 2678 3053 2724 est
3107 2670 3162 2724 in
3203 2669 3637 2740 gubernatioaihns,
3672 2675 3708 2716 nt

2229 2757 2480 2811 ‘ridelieet
2521 2757 2796 2812 subditam
2840 2758 3057 2828 plebem
3115 2760 3228 2815 suis
3275 2758 3709 2832 gubernationibusa

2232 2857 2555 2917 tempestate
2583 2848 2992 2904 tribulationum
3029 2861 3346 2922 protegant,
3368 2851 3428 2904 ad
3455 2849 3626 2902 modum
3647 2861 3710 2897 na-

2179 2958 2184 2964 ·
2229 2943 2374 2996 vium
2401 2959 2522 3012 qua:
2541 2943 2793 2998 homines
2819 2943 2920 2998 sibi
2955 2944 3275 3008 innitentes,
3308 2961 3334 2998 a
3368 2944 3548 2999 marina
3569 2951 3708 3006 tenui-3-

2227 3040 2368 3087 state
2391 3041 2700 3103 protegunt,
2729 3042 2783 3088 et
2814 3048 2912 3104 per
2939 3034 3380 3104 gubernationem
3413 3047 3542 3088 snam
3576 3030 3713 3097 {micu-

2229 3133 2304 3177 tes
2357 3125 2712 3189 Operationem
2765 3123 2818 3177 in
2867 3127 3020 3194 aquis
3063 3124 3267 3189 multis,
3309 3124 3358 3179 id
3402 3122 3552 3178 estin
3588 3117 3712 3172 mulus

2233 3215 2464 3286 pupulis,
2511 3216 2563 3269 id
2593 3224 2677 3270 est
2724 3215 2881 3270 valde
2925 3227 3223 3286 operantes
3251 3233 3344 3288 per
3368 3212 3712 3287 gubernatiomnn

2234 3304 2643 3376 praedicationis
2665 3320 2778 3360 sua:
2805 3307 2856 3359 in
2888 3306 3105 3376 populis
3137 3308 3239 3362 sibi
3268 3306 3492 3370 subditis,
3519 3318 3594 3358 eos
3617 3310 3714 3354 rem

2232 3406 2286 3450 et
2314 3396 2685 3452 ecclesiastico
2714 3412 2774 3452 se
2814 3397 3017 3454 habere
3038 3398 3308 3454 faciendo.
3337 3398 3439 3468 Ipsi
3462 3397 3660 3452 viderunt,
3681 3390 3713 3441 id

2231 3495 2315 3541 est
2360 3486 2621 3541 videbunt
2663 3504 2821 3557 opera
2863 3489 3261 3545 misericordia:
3299 3488 3507 3545 Domini.
3545 3485 3595 3540 Et
3623 3483 3714 3536 bene

2231 3578 2380 3648 ponit
2408 3579 2528 3647 ipsi,
2560 3588 2620 3632 nt
2650 3579 2840 3634 innuat
2869 3582 3013 3649 quod
3041 3597 3168 3636 cum
3197 3581 3372 3636 ca:tcri
3400 3582 3458 3634 de
3480 3576 3632 3647 quibus
3652 3587 3712 3624 sn-

2233 3668 2417 3735 perius
2443 3679 2623 3722 actum
2658 3679 2760 3735 est,
2794 3671 2962 3725 visuri
2991 3673 3103 3726 sint
3139 3690 3300 3744 opera
3335 3670 3539 3732 Domini,
3565 3666 3635 3736 ipsi
3654 3679 3716 3733 pc-

2232 3759 2338 3812 tius
2371 3761 2460 3828 qui
2493 3761 2825 3815 descendent
2860 3762 2913 3816 in
2944 3779 3118 3832 mare,
3151 3775 3275 3819 sunt
3302 3778 3454 3833 Opera
3483 3758 3713 3814 misericor-

2230 3850 2335 3904 dia:
2365 3851 2485 3920 cjns
2515 3852 2682 3907 visuri
2717 3852 2832 3922 ipsa
2869 3855 2945 3909 rei
2972 3856 3332 3926 experientia.
3365 3855 3417 3908 Et
3450 3867 3537 3906 non
3568 3845 3715 3919 qualia-

2233 3959 2448 4014 cunque
2470 3959 2658 4014 Opera,
2683 3946 2776 4000 sed
2803 3945 3069 4001 mirabilia
3097 3949 3216 4017 ejus
3239 3942 3581 4001 inisericortiia:
3602 3951 3714 4005 epeia

2227 4034 2532 4090 exercenda
2579 4037 2632 4089 in
2674 4037 2959 4107 profundo,
3010 4037 3064 4092 id
3104 4036 3192 4092 es't
3232 4039 3281 4092 in
3320 4038 3417 4091 illis
3456 4024 3715 4094 sabdilisqui

2229 4136 2349 4181 sunt
2382 4125 2632 4196 profundi
2673 4128 2724 4182 in
2757 4129 2926 4183 vitiis.
2958 4129 3023 4184 Et
3051 4130 3160 4184 hoc
3192 4139 3358 4186 totum
3385 4135 3459 4182 est
3483 4139 3534 4176 ac
3554 4121 3588 4175 si
3611 4118 3711 4170 dirc-

2230 4233 2311 4275 rrt
2340 4235 2354 4273 :
2384 4220 2596 4274 Prw-lati
2642 4221 2734 4290 qui
2773 4237 2802 4274 a
2830 4223 3290 4292 contemplatione
3318 4223 3365 4276 in
3397 4217 3636 4290 practicam
3660 4208 3712 4259 vi-

2232 4323 2339 4366 tam
2382 4312 2745 4375 descendunt,
2784 4322 2842 4366 ut
2883 4313 3130 4368 subditos
3174 4321 3376 4385 regant,
3404 4309 3492 4380 ipsi
3518 4297 3713 4360 mirabilia

2231 4405 2324 4458 Dei
2356 4405 2618 4459 beneﬁcia
2652 4405 2796 4460 circa
2830 4405 3078 4461 subditos
3112 4407 3167 4461 in
3195 4405 3423 4477 peccatis
3445 4390 3713 4472 profundissi-

2231 4513 2348 4571 mos
2405 4499 2786 4568 experientur,
2850 4511 2970 4567 quae
3029 4500 3291 4555 beneﬁcia
3346 4499 3395 4552 in
3447 4487 3712 4562 sequentibus

2229 4591 2500 4645 ostendet.
2531 4589 2767 4660 Populos
2806 4592 3027 4662 quidem
3067 4609 3237 4661 aquas
3275 4598 3422 4646 vocat
3453 4603 3508 4642 eo
3542 4575 3712 4653 quod-1d

2230 4682 2450 4735 tttodnm
2500 4698 2764 4751 aquarum
2803 4683 2872 4739 de
2921 4687 3277 4755 generatione
3316 4687 3365 4738 in
3402 4674 3710 4751 generationem

2229 4773 2500 4829 dililnunt.
2533 4776 2800 4842 Quoniam
2827 4787 3010 4832 autem
3035 4779 3246 4834 dixerat
3274 4777 3503 4849 przclatos
3521 4759 3710 4823 beneﬁcia

2229 4867 2443 4922 Domini
2503 4868 2740 4935 visuros,
2797 4880 2854 4924 nt
2909 4881 3306 4941 consequenter
3356 4870 3456 4939 ipsa
3521 4855 3710 4914 beneﬁt-'3

2229 4959 2502 5023 ostendat,
2541 4960 2690 5030 prius
2725 4961 3026 5029 periculum
3065 4962 3322 5025 ostendit,
3358 4960 3432 5013 sic
3462 4973 3472 5008 :
3500 4952 3582 5023 Ipsi
3609 4944 3710 4998 vitle-

2231 5051 2387 5116 bunt,
2433 5052 2676 5122 inquam,
2723 5067 2888 5122 opera
2936 5053 3325 5108 misericordiae
3371 5045 3570 5106 Domini,
3602 5045 3641 5092 ct
3673 5039 3710 5083 ul

2232 5145 2348 5198 luce
2375 5145 2596 5200 videant
2634 5147 2791 5211 dixit,
2828 5157 2874 5200 et
2914 5147 3053 5200 stetit
3086 5147 3139 5201 in
3167 5145 3299 5201 mari
3324 5142 3515 5199 subdito
3533 5136 3709 5224 eisplu-

2233 5236 2356 5290 latis
2399 5237 2615 5307 spiritus
2660 5237 2969 5308 operatoris
3010 5237 3274 5308 procellw,
3317 5237 3364 5290 id
3406 5241 3480 5289 εξῐ
3519 5225 3708 5316 ιιάτηιξίυί

2235 5330 2378 5384 Deus
2403 5337 2457 5385 et
2482 5331 2532 5383 in
2564 5329 2719 5397 plebe
2749 5329 2986 5396 subdita,
3017 5345 3178 5400 quam
3210 5342 3354 5382 mare
3384 5313 3706 5407 superandi-tl“

2231 5436 2351 5476 mus
2383 5439 2394 5474 :
2430 5395 2610 5476 Stabit
2655 5422 2874 5492 spiritus
2910 5395 3170 5490 procellis,
3222 5420 3274 5474 id
3312 5427 3387 5472 est
3429 5415 3472 5468 in
3512 5404 3615 5463 mari
3647 5395 3705 5492 ill"

2230 5515 2608 5584 perseverabit
2655 5489 2883 5584 spiritus
2938 5514 3204 5585 malignus
3249 5518 3480 5580 operator
3528 5489 3704 5588 prot‘t‘l'f

2231 5606 2510 5661 seditionis
2535 5617 2590 5661 et
2619 5606 2929 5672 discordiw,
2961 5617 3006 5661 et
3034 5609 3111 5662 sic
3131 5605 3339 5660 araltati
3365 5609 3470 5656 sunt
3490 5595 3652 5664 {tm-na,
3671 5579 3702 5630 td

2229 5705 2307 5751 est
2344 5697 2733 5752 esaltabuntnr
2769 5707 2823 5752 et
2859 5698 3342 5768 augmentabuntur
3377 5693 3541 5744 lluclus
3574 5687 3699 5772 iter?”

2233 5789 2510 5845 cntionum
2547 5789 2660 5858 ejus
2707 5790 2894 5850 maris.
2925 5800 2984 5846 ut
3022 5790 3265 5845 videlicet
3298 5783 3436 5856 plebs
3457 5773 3622 5836 subdita
3645 5777 3698 5815 m-
