3840 6338
217 340 348 395 1209

1173 337 1535 395 ΕΧΡΟΞῙΊΊΟ
1572 340 1637 394 1N
1678 342 2011 400 PSALSIOS.
2047 375 2114 387 --
2148 344 2345 401 PSAL.
2385 347 2519 403 ενι.

3329 352 3467 407 1210

208 452 423 504 tertium
460 451 514 504 in
544 448 798 519 pradatos
818 448 1289 517 persecutionibus
1319 452 1681 508 exterioribus
1710 454 1791 509 in-
1815 461 1864 518 Α
1895 459 2048 525 Quod
2079 468 2162 515 est
2193 460 2375 517 dicere
2410 481 2423 515 :
2454 462 2677 518 Mutabit
2716 465 2995 533 procellam
3039 467 3154 539 ejus
3191 470 3380 537 maris,
3412 472 3465 527 id

205 554 416 616 surgat,
458 552 515 599 et
560 543 777 612 penitus
823 556 852 595 a
896 556 956 597 se
1000 541 1264 596 doctrinm
1312 551 1366 596 et
1409 544 1791 602 ecclesiastica:

203 636 507 705 disciplina:
527 634 714 705 iugum
751 633 1017 689 excutiat.
1044 633 1138 688 Vel
1165 633 1210 689 si
1234 649 1341 687 non
1366 636 1673 692 exaltenlur
1694 640 1791 694 flu-

201 738 327 781 ctus
350 727 685 781 exteriorum
719 725 1151 791 tribulationum,
1189 728 1575 783 exaltabuntur
1596 730 1789 786 fluctus

201 820 549 885 interiorum,
575 819 653 873 sic
676 827 736 873 ut
760 834 856 875 eos
884 818 1049 874 nimis
1071 820 1122 873 in
1145 822 1326 876 anima
1350 822 1790 878 tribulationibus

199 921 437 981 urgeant
462 926 532 966 ex
559 912 934 982 compassione
958 912 1347 968 misericordia:
1376 930 1524 981 sure;
1568 931 1690 970 cum
1721 916 1787 970 ad

204 1017 398 1055 eorum
425 1012 828 1073 corruptionem
862 1012 1106 1058 sanctam
1134 1014 1371 1059 renuunt
1408 1021 1603 1075 pravos
1634 1015 1788 1061 BClllS

202 1108 333 1147 suos
359 1095 671 1149 emendare.
700 1093 851 1150 Tune
882 1107 1063 1153 autem
1094 1112 1217 1153 cum
1252 1096 1447 1151 ﬂuetus
1480 1097 1785 1152 tribulatio-

200 1199 328 1238 num
359 1184 768 1253 ex-altabuntur,
808 1190 1097 1241 ascendunt
1139 1186 1346 1257 praelati
1380 1204 1539 1258 usque
1578 1187 1649 1241 ad
1686 1205 1786 1241 car-

198 1276 295 1340 tos,
328 1286 378 1330 et
406 1277 727 1332 descendunt
751 1295 910 1349 usque
930 1280 1000 1332 ad
1024 1281 1263 1348 abyssos,
1292 1280 1343 1333 id
1375 1288 1461 1333 est
1497 1281 1784 1333 ascendunt

200 1368 636 1424 consideratione
665 1385 761 1425 sua
799 1387 963 1441 usque
997 1372 1067 1424 ad
1094 1371 1267 1435 caelos,
1304 1371 1357 1427 id
1408 1380 1493 1426 est
1523 1387 1691 1443 usque
1717 1373 1784 1426 ad

200 1463 658 1519 considerandam
699 1464 866 1518 vitam
905 1464 1213 1520 ccclestium
1262 1464 1504 1520 virorum
1541 1479 1661 1535 qua:
1696 1481 1786 1519 su-

203 1550 387 1605 blimis
426 1561 512 1606 est
533 1561 588 1606 et
616 1562 827 1617 saneta,
858 1562 914 1608 et
946 1555 1056 1608 Deo
1083 1554 1354 1620 amabilis,
1388 1565 1435 1609 et
1467 1556 1783 1609 descendunt

200 1661 367 1714 usque
409 1646 479 1699 ad
510 1645 744 1717 abyssos,
785 1647 839 1701 id
870 1655 954 1702 est
990 1662 1160 1717 usque
1210 1648 1276 1703 ad
1335 1648 1783 1703 considerandam

193 1734 489 1801 infelicem,
534 1744 588 1789 et
628 1735 748 1790 ideo
773 1735 1027 1792 odibilem
1076 1737 1243 1790 vitam
1285 1746 1659 1807 peccatorum,
1688 1738 1779 1807 qui

192 1826 448 1894 profundi
476 1837 639 1882 erunt
661 1829 712 1882 in
740 1829 978 1898 peccatis
1006 1828 1072 1883 ad
1102 1830 1317 1884 modum
1340 1830 1695 1901 ahyssorum;
1729 1840 1782 1886 ct

192 1932 289 1984 per
321 1917 426 1971 hoc
460 1919 638 1971 anima
669 1935 849 1973 eorum
888 1920 1233 1989 praalatorum
1262 1920 1573 1986 tabescebat,
1606 1921 1660 1975 id
1697 1930 1781 1976 est

197 2007 449 2061 tabescet
491 2018 548 2062 et
586 2007 805 2062 deficiet
852 2008 1021 2062 nimia
1069 2009 1326 2064 maeroris
1373 2009 1676 2074 anxietate,
1724 2011 1780 2063 in

189 2096 372 2163 malis,
400 2097 453 2151 id
478 2107 561 2153 est
589 2097 640 2152 in
668 2099 1105 2155 consideratione
1127 2099 1392 2155 malorum
1417 2100 1776 2169 subditorum,

189 2192 280 2262 qui
320 2201 378 2246 ut
404 2192 586 2263 abyssi
614 2192 866 2263 profundi
898 2203 1078 2250 erunt.
1121 2194 1779 2265 Compensahuntnempe

185 2284 499 2340 caelestium
569 2287 809 2342 virorum
866 2287 1275 2354 sublimitatem,
1326 2287 1777 2356 subditorumque

184 2379 352 2451 5.32
389 2394 614 2436 suorum
640 2376 1025 2447 dejectionem,
1049 2394 1281 2450 quorum
1304 2378 1384 2434 eis
1412 2394 1543 2434 cura
1570 2378 1778 2435 credita

185 2480 291 2525 est.

257 2563 454 2619 Potest
482 2563 646 2619 etiam
677 2564 781 2618 hoc
809 2562 923 2619 sola
951 2562 1307 2617 similitudine
1336 2561 1439 2634 legi
1467 2562 1545 2618 sic
1572 2581 1585 2616 :
1618 2562 1778 2617 Esai-

187 2658 474 2723 tabuntur,
525 2659 780 2728 inquam,
832 2660 1025 2731 [luctus
1072 2659 1227 2721 eius;
1284 2666 1341 2712 et
1388 2668 1515 2712 tunc
1570 2658 1776 2727 praelati

181 2752 467 2806 ascettdcttl
516 2770 677 2823 usque
712 2753 781 2807 ad
824 2752 1001 2817 caelos,
1041 2761 1087 2805 et
1115 2750 1426 2805 descendent
1502 2766 1662 2819 usque
1706 2750 1777 2803 ad

184 2843 427 2911 abyssos,
470 2842 522 2896 id
573 2853 657 2897 est
696 2853 853 2897 erunt
896 2842 1106 2897 similes
1145 2839 1455 2896 hominibus
1481 2839 1534 2892 in
1568 2839 1776 2893 marina

191 2943 521 3002 tempestate
563 2933 1016 3004 periclitantibus,
1050 2932 1140 3002 qui
1184 2930 1480 3000 aliquando
1522 2929 1777 2985 fluctibus

180 3024 524 3078 elevantibus
550 3039 627 3087 se,
653 3025 903 3077 videntur
927 3038 1097 3093 usque
1138 3023 1204 3077 ad
1232 3022 1401 3078 cmlos
1452 3021 1772 3087 ascendere,

182 3115 485 3186 aliquando
522 3115 902 3184 dejicientibus
925 3130 983 3169 se
1009 3114 1262 3170 fluctibus
1298 3115 1554 3169 videntur
1604 3128 1775 3182 usque
1802 3154 1843 3211 Ο

170 3209 250 3263 .ad
293 3208 525 3279 abyssos
563 3207 939 3272 descendere;
988 3208 1198 3263 scilicet
1236 3209 1289 3261 in
1337 3215 1489 3260 tanto
1532 3205 1773 3275 periculo

181 3315 296 3354 sum
331 3298 664 3368 pratlationis
698 3297 860 3367 positi
899 3307 1082 3363 erunt,
1121 3298 1174 3351 in
1212 3308 1417 3365 quanto
1448 3295 1521 3350 illi
1555 3297 1669 3365 qui,
1715 3305 1773 3352 ut

180 3403 464 3447 ostensum
500 3401 607 3456 est,
647 3391 700 3445 in
745 3392 880 3446 mari
914 3390 1308 3461 periclitantur.
1341 3390 1406 3442 Et
1435 3390 1556 3443 ideo
1589 3390 1770 3444 anima

178 3501 375 3540 eorum
416 3485 656 3541 tabescet
686 3485 861 3555 posita
891 3485 941 3539 in
972 3484 1094 3540 istis
1127 3483 1283 3538 malis
1314 3484 1684 3550 anxietatum;
1718 3493 1773 3539 et

182 3589 312 3635 tunc
342 3580 540 3634 turbati
569 3591 688 3633 sunt
719 3579 945 3649 praelati,
986 3578 1037 3633 id
1066 3587 1148 3633 est
1192 3578 1335 3633 ratio
1361 3593 1551 3634 eorum
1584 3579 1771 3633 turba—

179 3672 349 3725 hitur.
403 3672 471 3725 Et
499 3688 565 3726 ne
590 3671 669 3726 sic
694 3671 1127 3741 intelligerentur
1148 3685 1268 3725 esse
1299 3670 1521 3736 turbati,
1550 3676 1609 3724 ut
1635 3685 1773 3724 nun-

181 3781 351 3835 quam
384 3766 652 3819 sinceram
684 3764 951 3818 rationem
978 3763 1292 3831 habuerint,
1329 3763 1480 3817 addit
1508 3777 1524 3817 :
1552 3762 1617 3816 Et
1643 3764 1771 3817 moti

177 3868 325 3922 sunt,
361 3858 409 3910 id
444 3865 527 3911 est
557 3872 586 3910 a
618 3856 935 3911 sinceritate
975 3857 1203 3912 rationis
1240 3873 1353 3913 sua:
1382 3856 1765 3921 movebuntur,

178 3968 243 4005 ac
275 3951 322 4005 si
348 3951 495 4005 dicat
528 3969 540 4002 :
574 3949 706 4005 Cum
751 3950 901 4020 prius
929 3950 1197 4005 sinceram
1233 3961 1288 4006 et
1315 3950 1767 4021 imperturbatam

176 4042 451 4097 rationem
484 4041 537 4094 in
571 4040 805 4111 regendo
841 4041 1089 4095 subditos
1130 4041 1442 4104 habuerint,
1476 4055 1504 4094 a
1539 4040 1768 4095 sinceri-

179 4143 291 4188 tate
330 4133 420 4188 illa
467 4134 520 4187 in
560 4133 1023 4203 perturbationem
1060 4148 1171 4201 pra:
1211 4133 1379 4186 nimia
1424 4133 1765 4188 subditorum

174 4226 517 4281 dissensione
567 4225 953 4291 movebuntur,
1002 4225 1082 4278 vel
1127 4218 1488 4278 movebuntur
1517 4224 1765 4295 indigna-

175 4317 325 4371 tione
349 4323 537 4369 contra
560 4314 826 4369 subditos.
858 4314 963 4367 Per
984 4316 1087 4368 hoc
1111 4314 1294 4384 itaque
1321 4314 1546 4368 nimiam
1574 4329 1762 4369 eorum

173 4406 645 4476 perturbationem
686 4406 942 4460 ostendit.
991 4405 1403 4472 Turbabuntur,
1441 4407 1684 4476 inquam,
1734 4421 1762 4459 a

1893 561 1974 605 est
1997 551 2236 607 minores
2263 553 2644 608 tribulationes
2669 563 2721 607 ct
2748 558 3047 613 exteriores
3074 569 3126 613 et
3157 561 3462 628 interiores,

1891 644 1945 696 in
1976 660 2185 708 auram,
2214 644 2266 698 id
2294 652 2378 698 est
2408 645 2458 698 in
2494 645 2841 700 serenitatem
2864 656 2916 699 et
2939 649 3169 717 quietem
3194 667 3208 716 ;
3240 662 3285 704 et
3309 653 3469 706 silue-

1892 743 2013 786 runt
2033 722 2382 803 fluctus‘ejus,
2408 734 2459 787 id
2484 743 2568 788 est
2594 736 2851 801 silehunt,
2878 746 2933 789 et
2955 750 3017 789 ex
3046 741 3468 803 totoccssabunt

1893 822 2125 891 majores
2154 833 2507 895 tempestates
2552 826 2991 894 persecutioumn
3042 822 3208 897 ipsiiis
3238 831 3467 885 subdita:

1890 913 2085 983 plebis,
2124 914 2239 969 sive
2268 914 2573 969 exteriores
2602 916 2717 970 sive
2746 916 3057 971 interiores.
3093 916 3243 983 Quod
3271 928 3353 972 est
3386 920 3469 973 di-

1890 1019 2014 1061 cere
2042 1020 2058 1060 :
2091 1004 2183 1061 Sic
2204 1007 2416 1061 sedabit
2437 1006 2609 1076 plebis
2631 1006 2860 1062 subdita:
2881 1009 3301 1074 dissensionem,
3329 1008 3466 1063 bene

1888 1106 1944 1152 et
1967 1107 2155 1153 sancte
2185 1107 2241 1152 et
2274 1098 2601 1169 regulariter
2627 1113 2724 1153 eos
2764 1114 2823 1153 se
2866 1099 3069 1153 habere
3104 1100 3377 1165 faciendo,
3410 1110 3467 1153 ut

1890 1204 1996 1243 non
2025 1199 2270 1258 oporteat
2296 1191 2548 1260 praelatos
2576 1191 2656 1245 eis
2686 1192 2944 1259 compati,
2974 1202 3025 1245 et
3048 1208 3147 1261 pro
3176 1194 3254 1247 eis
3282 1194 3464 1246 anxia-

1890 1281 1934 1335 ri
1962 1296 1993 1334 a
2024 1280 2375 1336 similitudine
2396 1282 2739 1351 maris,qnod
2755 1283 2833 1336 sic
2862 1282 3156 1350 aliquando
3180 1292 3301 1351 post
3332 1293 3468 1338 terno

1888 1380 2150 1442 pestatem
2187 1372 2408 1427 sedatur
2438 1381 2497 1425 ut
2526 1388 2625 1427 nec
2655 1389 2684 1426 a
2719 1372 2967 1442 procellis
3001 1388 3099 1426 nee
3154 1389 3182 1426 a
3214 1372 3467 1427 fluctibus

1889 1464 2259 1533 inquietetur;
2294 1466 2388 1519 sed
2430 1464 2605 1518 solum
2630 1465 2767 1518 levis
2793 1474 2985 1518 ventus
3014 1473 3068 1518 et
3099 1479 3344 1529 serenus,
3374 1464 3465 1533 qui

1887 1570 2022 1609 aura
2064 1554 2283 1621 dicitur,
2326 1556 2378 1608 in
2423 1571 2489 1610 eo
2531 1555 2621 1610 sit.
2662 1554 2935 1610 Proccllas
2969 1556 3166 1625 quippe
3212 1570 3468 1609 vocamus

1888 1648 2129 1703 minores
2157 1648 2325 1706 tiaris
2349 1648 2778 1714 commotiones,
2812 1648 3004 1703 fluctus
3029 1663 3176 1712 vero,
3207 1645 3463 1714 majores.

1888 1737 2090 1790 Auram
2127 1738 2291 1790 etiam
2336 1750 2588 1791 serenum
2621 1747 2676 1790 et
2705 1752 2925 1791 suavem
2954 1751 3173 1791 ventum
3208 1736 3460 1790 dicimus.

1817 1809 1857 1863 Β
1889 1830 2040 1885 Unde
2083 1844 2181 1900 per
2222 1829 2486 1900 procellas
2540 1830 2777 1884 minores
2818 1829 3220 1893 tribulationes,
3267 1836 3317 1881 et
3369 1842 3467 1898 per

1881 1924 2079 1979 fluetus
2110 1921 2346 1991 majores
2376 1922 2740 1990 accipiuntur,
2774 1930 2830 1976 et
2868 1937 2963 1991 per
2987 1937 3174 1975 auram
3197 1920 3467 1975 serenitas

1882 2016 2187 2072 concordiae
2213 2014 2607 2071 convenienter
2635 2012 2954 2083 intelligitur
2984 2031 2996 2065 :
3025 2011 3173 2076 Sive,
3201 2012 3343 2067 sicut
3369 2025 3467 2080 per

1881 2107 2132 2177 spiritum
2179 2105 2466 2176 procellae,
2522 2105 2818 2176 malignum
2872 2104 3123 2174 spiritum
3185 2103 3467 2157 denotavi-

1882 2215 2024 2266 mus,
2061 2200 2136 2253 ita
2165 2208 2221 2253 et
2261 2214 2358 2268 per
2394 2213 2586 2252 auram
2630 2212 2750 2266 quae
2787 2210 2976 2252 serena
3022 2204 3107 2250 cst
3153 2204 3206 2249 et
3252 2193 3464 2259 suavis,

1882 2295 2119 2365 Spiritus
2149 2302 2372 2349 sanctus
2399 2293 2686 2362 accipitur,
2718 2290 2887 2345 totius
2915 2288 3230 2344 serenitatis
3255 2296 3312 2341 et
3337 2299 3470 2340 eon-

1881 2386 2080 2442 cordia:
2110 2392 2322 2439 auctor.
2357 2383 2423 2438 Et
2450 2382 2529 2438 sic
2564 2382 2747 2436 littera
2781 2380 3073 2449 adaptatur
3114 2392 3129 2436 :
3166 2380 3307 2432 Deus
3354 2385 3467 2429 sta-

1883 2485 2018 2541 tuet,
2047 2475 2100 2529 id
2131 2483 2214 2530 est
2239 2472 2598 2529 commutabit
2622 2471 2917 2541 procellam
2946 2467 3229 2523 diabolica:
3256 2467 3467 2521 dissen-

1881 2567 2051 2623 sionis
2082 2570 2137 2621 in
2169 2572 2387 2625 auram.
2420 2564 2581 2619 idest
2606 2562 2918 2618 serenitatis
2949 2560 3223 2630 spiritum,
3255 2558 3467 2613 scilicet

1880 2668 1941 2713 ut
1967 2658 2114 2714 omni
2158 2657 2393 2727 procella
2432 2654 2679 2726 depulsa,
2724 2654 2796 2709 ibi
2830 2651 3131 2724 spiritualis
3162 2650 3467 2707 concordiae

1879 2751 2148 2805 serenitas
2192 2750 2494 2812 habeatur;
2523 2757 2570 2802 et
2599 2747 2679 2801 sic
2700 2746 2947 2810 silebunt,
2984 2746 3038 2799 id
3066 2752 3148 2798 est
3179 2743 3470 2797 cessabunt

1879 2845 2072 2912 fluctus
2098 2842 2212 2911 ejus
2244 2841 2433 2904 maris,
2469 2839 2521 2893 id
2550 2847 2634 2893 est
2667 2837 3045 2891 tribulationes
3085 2835 3322 2890 subdita:
3350 2835 3467 2902 ple-

1878 2935 1984 3000 bis,
2016 2942 2076 2987 ιιι
2110 2949 2218 2987 non
2250 2932 2477 2987 ulterius
2523 2930 2761 3001 praelatis
2805 2928 3184 2984 tribulationes
3223 2926 3466 2982 inferant

1878 3027 1994 3081 sive
2024 3026 2276 3090 interius,
2302 3026 2417 3080 sive
2443 3026 2708 3080 exterius.

1948 3116 2019 3170 Et
2060 3118 2185 3187 quia
2227 3115 2424 3171 fluetus
2465 3116 2745 3180 siluerunt,
2784 3113 2834 3167 id
2880 3122 2964 3168 est
3000 3112 3261 3181 silebunt,
3297 3108 3466 3165 ltetati

1875 3217 2017 3272 sunt,
2057 3207 2109 3260 id
2153 3215 2237 3261 est
2284 3206 2616 3261 laetabuntur
2660 3202 2872 3273 prtelati
2914 3202 3066 3272 prius
3116 3202 3184 3256 de
3224 3199 3461 3270 procella

1875 3302 2207 3357 contristati.
2250 3300 2317 3353 Et
2368 3300 2533 3355 etiam
2570 3297 2901 3352 lmtabuntur
2938 3295 3006 3351 de
3045 3295 3149 3349 hoc
3186 3293 3329 3363 quod
3370 3292 3464 3345 dc-

1874 3392 2025 3446 tlu.rit
2066 3408 2154 3445 cos
2197 3391 2335 3446 Deus
2370 3391 2425 3444 in
2470 3400 2679 3459 portum
2724 3386 3007 3442 uoluntatis
3055 3401 3263 3449 eorum,
3292 3383 3344 3437 id
3374 3392 3460 3440 est

1874 3484 2107 3539 deducet
2153 3497 2247 3537 eos
2294 3482 2350 3536 in
2400 3480 2853 3551 tranquillitatem
2897 3489 2952 3534 et
2990 3478 3256 3548 requiem,
3294 3491 3457 3546 quam

1873 3577 2076 3631 volent.
2105 3575 2293 3632 Posset
2319 3575 2518 3646 quippe
2542 3589 2638 3630 eos
2661 3575 2862 3630 ducere
2888 3573 2957 3627 ad
2986 3570 3458 3642 tranquillitatem,

1874 3667 1967 3721 sed
1998 3682 2103 3720 non
2137 3666 2205 3720 ad
2233 3674 2438 3721 tantam
2465 3666 2534 3720 ad
2569 3673 2828 3735 quantam
2870 3662 3094 3728 vellent,
3133 3661 3366 3732 ideoque
3398 3668 3459 3715 ut

1873 3756 2049 3826 majus
2072 3764 2332 3828 appareat
2352 3756 2700 3821 beneficium,
2726 3754 2873 3810 addit
2904 3773 2916 3808 :
2945 3755 2998 3807 in
3032 3763 3243 3823 portum
3272 3751 3457 3805 volun-

1872 3850 1996 3903 tatis
2027 3864 2241 3913 eorum;
2266 3862 2295 3901 a
2320 3847 2677 3903 similitudine
2705 3854 3018 3911 nautarum,
3046 3844 3138 3913 qui
3167 3850 3460 3912 tempesta-

1875 3952 1983 3996 tem
2036 3944 2360 4005 evadentes,
2398 3949 2687 4011 postquam
2724 3940 2790 3994 ad
2839 3948 3057 4009 portum
3109 3936 3454 4008 perveniunt,

1873 4034 1924 4087 in
1970 4031 2362 4103 tranquillitate
2401 4041 2456 4086 et
2491 4032 2545 4085 in
2588 4030 2777 4100 requie
2815 4038 2963 4084 sunt.
3010 4028 3154 4099 Ergo
3180 4026 3453 4096 'quoniam

1872 4125 1970 4179 has
2017 4121 2421 4178 misericordias
2458 4120 2695 4192 prtelatis
2743 4121 2921 4184 faciet,
2963 4119 3313 4187 confiteantur
3347 4116 3456 4170 Do-

1867 4217 2011 4271 mino
2037 4215 2198 4288 433
2238 4214 2358 4269 ista:
2380 4212 2756 4268 misericordia:
2792 4211 2907 4281 ejus
2949 4220 2997 4264 et
3045 4208 3312 4262 mirabilia
3338 4208 3455 4278 ejus

1867 4308 2168 4362 exhibenda
2198 4306 2328 4374 [iliis
2359 4304 2629 4358 hominum
2668 4302 2799 4357 Adae
2832 4302 2886 4357 et
2914 4301 3060 4369 Evm,
3090 4299 3301 4356 scilicet
3323 4300 3454 4355 sub-

1865 4399 2014 4455 ditis.
2063 4397 2180 4451 Non
2221 4397 2366 4451 enim
2400 4394 2607 4466 praelati
2646 4394 2772 4450 licet
2815 4394 2869 4449 in
2919 4402 3238 4465 tempestate
3268 4392 3450 4464 positi,

174 4500 388 4552 ratione
415 4512 514 4551 sua
540 4499 673 4550 sicut
703 4498 899 4563 ebrius,
940 4497 991 4551 id
1014 4505 1093 4551 est
1127 4496 1191 4550 ad
1221 4498 1439 4552 modum
1470 4498 1628 4562 ebrii,
1667 4497 1758 4566 qui
1791 4503 1837 4561 υ
1866 4492 1961 4547 filii
2011 4490 2290 4545 hominum
2321 4488 2451 4544 Adae
2478 4497 2527 4544 et
2556 4489 2680 4543 Eva:
2712 4489 3007 4544 secundum
3060 4496 3291 4542 mortem
3321 4495 3452 4541 sunt

172 4609 201 4644 a
232 4589 543 4644 valetudine
571 4589 797 4645 rationis
828 4605 939 4645 sua:
970 4589 1029 4643 fit
1057 4588 1348 4644 alienatus.
1375 4588 1443 4642 Et
1472 4591 1525 4644 in
1552 4599 1760 4644 tantum

172 4683 544 4737 turbabuntur
572 4683 714 4753 quod
753 4688 1000 4737 devorata
1036 4691 1131 4745 est,
1177 4681 1228 4734 id
1271 4690 1354 4736 est
1394 4681 1758 4749 devorabitur,

172 4785 227 4831 et
252 4791 320 4831 ex
344 4784 462 4833 toto
486 4776 796 4831 destruetur
821 4776 989 4830 omnis
1019 4775 1275 4845 sapientia
1298 4792 1496 4841 eorum,
1529 4785 1609 4843 ut,
1635 4792 1759 4831 eum

172 4877 301 4921 ante
326 4868 794 4935 perturbationem
819 4868 1096 4937 sapienter
1124 4882 1314 4939 regere
1343 4869 1609 4929 noverint,
1635 4877 1762 4923 tunc

171 4966 221 5016 in
272 4971 428 5016 tanta
480 4964 888 5032 perturbatione
959 4962 1119 5035 positi
1171 4976 1390 5015 onmem
1435 4960 1758 5031 sapientiam

169 5052 457 5125 regiminis
484 5052 757 5118 amittant,
798 5069 826 5106 a
870 5053 1228 5108 similitudine
1262 5059 1572 5118 nautarum,
1607 5050 1698 5120 qui
1730 5068 1757 5104 a

173 5141 341 5194 nimia
394 5141 1065 5211 tempestatedeprehensi
1108 5141 1189 5197 sui
1237 5140 1518 5209 regiminis
1563 5140 1756 5209 peritia

170 5241 447 5301 nequeunt
485 5231 582 5284 uti.
629 5231 1039 5297 Turbabuntur,
1076 5232 1318 5301 inquam,
1345 5240 1392 5283 et
1424 5230 1542 5285 ideo
1569 5230 1759 5284 viden-

175 5334 253 5377 tes
292 5339 351 5378 se
395 5321 644 5378 sufficere
679 5339 786 5377 non
818 5339 996 5393 posse,
1036 5322 1418 5389 clamauerunt,
1452 5323 1503 5377 id
1529 5331 1613 5378 est
1646 5322 1759 5377 cla-

174 5415 399 5468 mabunt
420 5415 490 5467 ad
516 5414 801 5469 Dominum
828 5416 1013 5478 corde,
1043 5430 1160 5481 ore,
1191 5425 1246 5470 et
1283 5430 1467 5486 opere,
1514 5431 1631 5468 cum
1662 5415 1756 5467 tri-

178 5503 507 5571 bularentur,
533 5506 586 5560 id
619 5516 704 5562 est
725 5522 846 5561 cum
876 5509 929 5563 in
956 5509 1200 5579 periculo
1241 5517 1392 5563 tanto
1424 5507 1757 5563 tribulabun—

178 5598 292 5653 tur;
333 5601 382 5645 et
412 5592 476 5645 de
518 5593 910 5648 necessitatibus
948 5611 1128 5648 eorum
1150 5594 1330 5649 eduxit
1364 5611 1470 5660 eos,
1504 5594 1554 5649 id
1581 5603 1663 5649 est
1689 5594 1755 5647 de

180 5680 554 5738 insnfﬁeientia
583 5693 640 5738 et
671 5685 850 5754 inopia
881 5686 1159 5756 regiminis
1181 5686 1371 5740 educet
1398 5702 1513 5741 eos.
1541 5686 1605 5740 Et
1628 5700 1754 5741 ecce

182 5773 408 5840 qualiter
458 5774 671 5845 educet,
709 5775 912 5833 scilicet
950 5786 1003 5833 et
1050 5779 1257 5845 statuit,
1303 5777 1355 5833 id
1404 5788 1485 5843 est
1529 5787 1745 5835 statuet.

1867 4584 2099 4641 dicendi.
2142 4582 2374 4653 Exponit
2409 4590 2589 4636 autem
2621 4582 2891 4651 quomodo
2924 4581 3089 4645 dicat,
3131 4588 3193 4634 ut
3232 4579 3451 4635 miseri-

1863 4674 2063 4729 cordiae
2106 4674 2224 4728 istze
2267 4673 2376 4728 sint
2418 4673 2646 4728 materia
2690 4670 2983 4727 confitendi
3042 4670 3146 4725 sibi
3199 4670 3446 4735 laudem,

1863 4781 1987 4820 cum
2020 4765 2204 4821 addit:
2232 4763 2613 4833 Conﬁteantur,
2650 4765 2891 4834 inquam,
2945 4763 2998 4819 id
3021 4774 3104 4820 est
3129 4763 3239 4819 sint
3281 4772 3451 4818 male-

1863 4859 1943 4913 ria
1996 4856 2374 4923 confessionis,
2401 4856 2609 4911 scilicet
2682 4855 2909 4911 exaltant
2963 4872 3081 4910 eum
3137 4856 3449 4925 quicunque

1862 4951 2169 5007 omnimoda
2216 4950 2375 5004 laude
2413 4951 2468 5003 in
2514 4948 2776 5016 Ecclesia,
2813 4949 2863 5002 id
2908 4958 2992 5003 est
3040 4949 3092 5001 in
3133 4947 3449 5001 considera-

1864 5045 2011 5097 tione
2041 5042 2317 5108 Ecclesiae,
2349 5041 2512 5111 plebis
2543 5041 2793 5107 subditae,
2824 5040 3072 5103 videndo,
3093 5038 3301 5092 scilicet
3329 5054 3448 5107 quae

1861 5134 2208 5205 congregatio
2251 5133 2592 5189 subditorum
2636 5131 2871 5201 egregie,
2917 5139 2972 5183 et
3021 5128 3345 5197 regulariter
3387 5145 3447 5184 se

1864 5226 2092 5290 habeat;
2131 5234 2188 5280 et
2246 5225 2463 5279 laudent
2504 5241 2621 5279 eum
2681 5224 2735 5277 in
2771 5220 3019 5275 cathedra
3071 5220 3360 5284 seniorum,
3392 5218 3446 5273 id

1861 5326 1943 5373 est
1976 5318 2028 5372 in
2056 5318 2492 5373 consideratione
2515 5313 2922 5386 gubernationis
2956 5312 3327 5382 prazlatorum,
3360 5327 3446 5365 ra-

1862 5410 2188 5466 tionabiliter
2213 5422 2269 5466 et
2287 5426 2410 5466 eum
2437 5406 2821 5478 tranquillitate
2849 5404 3092 5460 subditos
3119 5404 3443 5475 regentium.

1860 5504 2129 5560 Cathedra
2166 5519 2266 5574 pro
2290 5505 2681 5574 gubernatione
2709 5499 2953 5570 ponitur,
2986 5513 3053 5554 eo
3079 5498 3221 5569 quod
3248 5498 3446 5568 guber-

1857 5604 2079 5650 natores
2110 5596 2164 5649 in
2189 5593 2463 5650 cathedris
2492 5590 2670 5646 solent
2695 5590 2906 5646 sedere.
2935 5587 3180 5645 Ostensis
3209 5597 3444 5656 quatuor

1857 5688 2247 5757 ereptionibus,
2280 5695 2338 5741 ut
2362 5685 2532 5755 magis
2556 5684 2622 5740 ad
2645 5684 2737 5739 Dei
2762 5684 2974 5738 laudem
3015 5682 3200 5738 incitet
3230 5690 3438 5751 gentes,

1858 5789 1907 5835 et
1933 5779 1976 5834 si
2006 5779 2253 5849 superius
2278 5778 2342 5835 de
2374 5792 2558 5835 carum
2593 5776 2762 5834 salute
2789 5775 2980 5845 egerit,
3012 5774 3123 5846 agit
3156 5782 3336 5830 tamen
3374 5773 3439 5831 de
