3840 6338
448 318 580 372 {Eli

1028 315 1082 373 S.
1125 313 1472 373 BRUNONIS
1503 313 2138 374 CAllTliUSlAt‘iORUM
2185 309 2672 366 iNSTl'l‘UTORlS
2711 308 2862 365 OPP.
2895 309 3073 366 PARS
3110 309 3148 364 l.

3511 321 3614 376 ιιιι

451 435 551 488 hac
587 431 778 490 eadem
817 445 875 487 re
899 431 963 486 in
997 431 1354 501 sequentibus
1386 431 1595 501 agendo
1627 431 1829 500 pariter
1856 430 1922 484 de
1947 428 2041 483 Ju-
2070 432 2116 488 Α
2146 425 2278 478 fiant
2333 424 2677 493 postumdum
2730 422 2782 477 in
2843 423 3024 479 futuro
3070 423 3377 482 Hierusalem
3422 432 3616 502 cmlestis,

452 525 690 580 dteornm
743 523 1072 594 repulsione,
1123 532 1181 575 ιιι
1231 523 1403 590 majus
1453 533 1709 592 appareat
1758 523 1812 576 in
1865 521 2041 576 salute

451 615 689 684 gentium
716 613 1063 680 beneficium,
1087 629 1152 668 ex
1173 615 1575 683 comparatione
1607 613 1928 681 repulsionis
1948 611 2039 666 Ju-

453 706 710 759 dznorum.
731 705 857 772 Dipo
881 704 1092 758 laudent
1119 705 1457 772 quicunque;
1489 703 1729 756 videntes
1752 703 2038 756 Dominum

453 722 710 759 umorum.
732 722 769 758 υ
809 722 857 759 Ὀ
881 722 1092 758 tandem
1119 722 1457 772 quicunque;
1489 722 1729 756 videntes
1752 722 2038 756 uonuuum

451 791 505 842 in
530 722 1087 856 cathedrieniorum,
1111 799 1165 843 ct
1184 791 1249 843 de
1276 792 1375 843 hoc
1419 805 1634 858 quoque
1667 789 1882 843 laudent
1902 790 2040 860 quod

452 881 621 947 posuit
651 880 876 948 ﬂumina
905 880 958 934 in
984 879 1265 946 desertam,
1314 880 1364 933 id
1405 892 1486 934 est
1516 881 1900 949 praedicatores
1947 881 2038 952 qui

458 967 679 1023 [lumina
704 969 976 1036 dicuntur,
1009 985 1074 1024 eo
1096 971 1234 1038 quod
1269 971 1334 1023 ad
1360 970 1576 1024 modum
1601 971 1882 1028 lluminum
1916 973 2039 1026 sub-

456 1057 598 1112 ditos
629 1059 870 1112 doctrina
902 1075 996 1113 sua
1028 1059 1293 1114 reficiant.
1339 1060 1485 1127 Quos
1529 1062 1790 1116 mittendo
1818 1063 1956 1116 [)eus
1987 1063 2039 1117 in

456 1149 717 1205 desertum
750 1160 934 1219 ponet,
985 1151 1034 1204 id
1083 1161 1166 1207 est
1211 1153 1299 1206 ditt
1343 1168 1693 1223 perseverare
1743 1154 1930 1220 faciet;
1986 1155 2038 1208 iu

459 1241 562 1297 hoc
611 1241 842 1309 deserto,
890 1242 941 1294 id
996 1252 1078 1296 est
1121 1244 1172 1297 in
1235 1245 1420 1315 gentili
1453 1246 1647 1315 populo
1684 1256 1742 1301 ut.
1783 1262 1904 1301 eum
1944 1246 2040 1302 do-

457 1337 631 1392 ctrina
663 1352 760 1392 sua
799 1337 1045 1403 reficiat;
1085 1339 1175 1408 qui
1215 1339 1489 1394 desertum
1535 1342 1734 1396 dicitur
1785 1357 1851 1397 eo
1898 1342 2040 1412 quod

457 1440 581 1482 ante
607 1429 906 1483 doctrinam
944 1429 1356 1499 praedicatorum
1390 1430 1456 1483 ad
1503 1432 1718 1484 modum
1761 1441 1918 1486 terra:
1949 1431 2040 1486 de-

457 1526 639 1581 sertas,
666 1517 878 1573 steriles
928 1519 979 1573 in
1030 1519 1170 1574 bono
1213 1535 1379 1588 opere
1424 1521 1661 1574 fuerunt.
1700 1521 1816 1575 Non
1866 1521 2039 1576 solum

456 1617 634 1662 autem
660 1610 894 1665 minores
917 1611 1302 1679 przcdicatorcs
1325 1623 1488 1681 ponet
1519 1613 1660 1667 Deus
1681 1614 2037 1680 iigdeserlum,

457 1702 551 1758 sed
582 1711 633 1756 ct
668 1715 831 1772 ponet.
880 1705 933 1758 in
965 1705 1126 1770 sitiat,
1160 1705 1211 1758 id
1269 1715 1353 1759 est
1397 1707 1448 1760 in
1490 1706 1741 1776 gentiletn
1784 1708 2038 1778 populum

455 1793 625 1848 exitus
652 1812 934 1866 aquarum,
968 1797 1020 1850 id
1046 1806 1130 1852 est
1160 1797 1453 1866 apostolos,
1488 1806 1545 1852 ut
1571 1814 1665 1868 per
1708 1815 1894 1854 eorum
1944 1802 2040 1855 do-
2076 1783 2117 1844 Β

456 1886 690 1942 ctrinam
738 1891 804 1943 ad
851 1889 1010 1944 fidem
1074 1890 1434 1946 adducantur.
1510 1891 1774 1948 Dicuntur
1827 1894 2042 1963 quidem

458 1982 686 2050 apostoli
735 1984 905 2037 exitus
946 2001 1224 2054 aquarum,
1261 1984 1313 2038 id
1347 1993 1430 2039 est
1469 1984 1664 2052 fontes,
1709 2001 1773 2040 eo
1799 1987 1943 2055 quod
1976 1985 2042 2040 ab

458 2085 647 2124 eorum
678 2071 922 2126 doctrina
969 2082 1288 2128 cunctorum
1333 2073 1746 2142 pra-dicaturum
1798 2075 2044 2129 doctrina

459 2163 766 2230 dirimetnr,
801 2167 988 2220 sicuta
1021 2167 1257 2224 fontibus
1281 2170 1376 2222 rivi
1419 2168 1787 2238 egrediuntur.
1817 2168 2046 2223 Gentilis

459 2263 643 2310 autem
676 2258 924 2327 papulas,
955 2274 1053 2330 per
1075 2261 1401 2330 emphasim,
1427 2261 1626 2315 dicitur
1649 2260 1790 2326 sitis,
1815 2276 1879 2316 eo
1901 2261 2045 2330 quod

460 2347 529 2402 de
561 2349 811 2404 doctrina
846 2351 966 2405 ﬁdei
1007 2353 1162 2407 valde
1192 2353 1371 2407 siccus
1405 2362 1551 2408 esset
1580 2361 1634 2408 et
1677 2353 1883 2409 aridus.
1915 2355 2046 2410 Dico

463 2441 604 2508 quod
634 2453 794 2510 ponet
821 2444 1040 2511 ﬂumina
1075 2446 1126 2496 in
1156 2445 1438 2498 desertum.

539 2532 755 2586 Terram
796 2543 973 2587 autem
1004 2534 1352 2605 fructiferam,
1385 2536 1434 2589 id
1465 2545 1550 2591 est
1578 2536 1832 2606 populum
1862 2537 2048 2591 .ludai-

463 2637 608 2689 cuin,
641 2624 794 2692 prius
849 2626 1171 2681 existentem
1213 2636 1414 2683 terram
1451 2644 1602 2682 suam
1635 2631 1685 2682 in
1721 2631 1877 2684 bonis
1922 2644 2049 2700 ope—

464 2714 615 2767 ribus
660 2713 1018 2780 fructiferam,
1064 2717 1343 2786 permittet
1380 2720 1504 2788 poni
1534 2722 1585 2772 in
1621 2719 1961 2789 salsuginem,
1996 2719 2048 2774 id

462 2809 543 2856 cs:
575 2801 628 2855 in
677 2803 1018 2858 sterilitatem
1065 2820 1184 2874 quae
1231 2822 1325 2876 per
1379 2807 1704 2877 salsuginem
1759 2809 2046 2877 aetipitur,

461 2908 528 2949 eo
558 2896 700 2964 quod
747 2895 892 2952 salsa
947 2909 1092 2952 terra
1144 2899 1346 2954 sterilis
1397 2901 1487 2954 sit.
1541 2899 1653 2955 lloc
1683 2912 1860 2955 autem
1904 2901 2048 2970 quod

464 2986 665 3042 sterilis
706 2988 796 3043 fiet
825 3005 851 3040 a
892 2989 960 3042 bo
1002 3006 1034 3043 0
1068 3005 1252 3059 opere,
1289 2993 1568 3063 continget
1595 3011 1626 3046 ιι
1661 2993 1864 3046 malitia
1896 2993 2051 3046 ialm-

463 3076 762 3142 bilan‘tinm,
785 3079 834 3132 id
862 3088 944 3135 est
973 3080 1368 3146 dominantium
1398 3083 1451 3135 in
1479 3100 1564 3148 ea,
1587 3084 1794 3138 scilicet
1816 3101 1912 3154 per
1937 3101 2053 3138 ma-

463 3166 633 3222 litiam
663 3168 1062 3225 Pharisatm'um
1092 3181 1147 3226 et
1187 3184 1508 3226 cancrorum
1547 3175 1916 3243 prazlatorum,
1955 3177 2050 3243 qui

466 3258 606 3313 male
650 3260 877 3316 vivendo
919 3270 975 3316 et
1021 3262 1232 3316 steriles
1276 3263 1578 3328 existcndo,
1630 3279 1750 3318 eam
1800 3265 2052 3332 exemplo

465 3365 565 3406 suo
615 3364 987 3424 corrumpent.
1023 3355 1103 3409 Ειι
1151 3355 1398 3425 opposito
1443 3372 1574 3410 vero
1602 3357 1798 3425 posuit,
1852 3357 1904 3410 id
1945 3367 2050 3424 ρει,

467 3453 633 3513 portet
654 3459 752 3514 per
782 3446 1044 3502 auxilium
1071 3448 1261 3518 gratite
1282 3447 1544 3500 desertum
1565 3488 1579 3512 ,
1607 3447 1658 3501 id
1689 3456 1772 3502 est
1799 3448 2052 3516 gentilcm

469 3538 722 3608 populum
761 3541 814 3593 in
845 3551 1030 3610 stagna
1063 3559 1346 3612 aquarum,
1374 3542 1529 3597 idest
1562 3543 1613 3596 in
1645 3544 2051 3612 praedicatores,

470 3631 678 3685 scilicet
705 3633 963 3700 quosdam
1011 3649 1078 3687 ex
1131 3636 1402 3704 gentibus,
1437 3636 1572 3690 adeo
1623 3651 1762 3705 aqua
1793 3635 2056 3690 doctrinae

472 3727 636 3813 faciet
673 3729 991 3794 redundare,
1031 3733 1172 3787 unde
1209 3733 1344 3788 alios
1389 3733 1657 3797 reficiant,
1699 3733 1752 3787 in
1796 3741 2055 3802 quantum

471 3831 662 3895 stagna
695 3823 852 3893 aquis
902 3825 1224 3880 redundant.
1259 3827 1325 3882 Et
1375 3828 1514 3882 bene
1561 3837 1750 3897 stagna
1800 3828 1972 3896 ponit,
2002 3835 2060 3880 ut

471 3931 570 3988 per
601 3917 704 3973 hoc
754 3916 958 3988 prteiati
1012 3917 1087 3972 illi
1118 3919 1461 3988 accipiantur
1511 3919 1602 3988 qui
1649 3926 1858 3973 stantes
1909 3927 2056 3982 sunt,

473 4023 581 4062 non
628 4007 871 4063 diversas
920 4008 1105 4062 mundi
1161 4019 1343 4078 partes
1388 4008 1629 4062 docendo
1675 4017 2056 4077 peragrantes,

473 4100 613 4153 sicut
647 4100 886 4170 episcopi
940 4100 1114 4166 multi,
1149 4109 1205 4154 et
1243 4100 1423 4153 Ctl'lel‘i
1470 4099 1670 4168 gradus
1712 4099 2058 4168 praelatorum

472 4190 898 4260 uniuscujusque
939 4191 1218 4257 ecclesia),
1281 4205 1309 4243 ιι
1342 4188 1700 4243 similitudine
1747 4197 2059 4259 stagnorum

473 4294 596 4348 qua:
641 4295 747 4335 non
801 4281 992 4334 fluunt.
1029 4281 1095 4335 Et
1141 4283 1245 4336 non
1297 4277 1470 4334 solum
1509 4279 1772 4332 desertum
1817 4288 1974 4348 ponet
2007 4278 2063 4332 in

473 4381 662 4442 stagna
689 4389 971 4444 aquarum,
996 4374 1088 4428 sed
1112 4384 1166 4430 et
1204 4384 1399 4428 (errant
1427 4374 1538 4427 sine
1571 4390 1733 4444 tique,
1767 4373 1818 4426 id
1846 4381 1932 4426 est
1962 4386 2061 4442 po-

2142 531 2262 584 quae
2297 524 2355 567 ut
2400 515 2650 583 superius
2700 513 2902 568 dictum
2933 523 3039 578 est,
3069 516 3170 569 erit
3195 517 3366 572 civitas
3409 521 3619 579 habitatio-

2144 609 2260 671 nis;
2295 605 2458 678 434
2483 607 2563 660 vel
2603 606 2912 660 esurientes
2931 607 2995 660 in
3027 607 3106 661 eis
3131 608 3398 664 collocandi
3430 618 3619 682 praedica-

2145 709 2289 753 tores
2314 697 2488 752 ell'ecti
2520 698 2738 762 facient,
2768 697 2904 751 alios
2929 699 3260 767 praedicando
3275 703 3624 762 civitatctnlnbi-

2146 793 2382 847 talionis.
2425 790 2490 844 Et
2522 793 2624 848 hoc
2670 791 2828 846 modo
2881 792 3208 846 constituent
3230 793 3488 861 civitatem,
3523 802 3624 866 quod

2141 890 2196 936 et
2223 881 2483 949 quosdam
2539 881 2711 935 factos
2756 881 2851 935 Dei
2897 898 3053 950 agros
3105 881 3375 947 cuttibiles,
3402 899 3481 952 per
3511 886 3625 940 ﬁdem

2141 976 2554 1039 seminaverunt,
2587 972 2637 1025 id
2675 981 2758 1026 est
2791 972 3138 1026 seminabunt
3181 971 3368 1026 semine
3416 975 3626 1040 doctrina,

2142 1071 2197 1116 ct
2254 1079 2320 1118 ex
2356 1063 2485 1131 ipsis
2537 1063 2683 1131 agris
2729 1063 3136 1131 plantaverunt,
3177 1062 3225 1115 id
3275 1073 3349 1117 eSt
3383 1063 3632 1132 plantabnnt

2143 1154 2342 1219 vineas,
2368 1153 2570 1207 scilicet
2601 1167 2664 1206 ex
2693 1153 2938 1226 ﬁdelibus
2961 1152 3073 1205 Deo
3097 1168 3193 1221 per
3225 1152 3368 1206 ﬁdem
3389 1158 3630 1222 generandis

2145 1245 2375 1298 firmiter
2416 1245 2748 1300 constituent
2803 1244 3253 1314 congregationes
3300 1244 3566 1300 clericOrum
3595 1258 3633 1301 et

2145 1339 2554 1402 monachorum,
2594 1353 2712 1408 quae
2752 1337 2845 1390 Dei
2886 1337 3060 1391 vincte
3107 1344 3260 1390 erunt
3307 1335 3632 1402 fructifene;et

2144 1447 2247 1485 non
2298 1440 2458 1486 erunt
2508 1430 2559 1483 iu
2608 1429 2750 1483 malo
2802 1427 3121 1492 fructifera},
3146 1429 3237 1482 sed
3260 1429 3488 1496 fecerunt,
3512 1429 3550 1482 id
3570 1441 3632 1482 est

2145 1523 2344 1577 facient
2391 1523 2623 1591 fructum
2663 1521 2980 1586 nalirilatis,
3031 1520 3088 1574 id
3113 1528 3193 1574 est
3227 1519 3439 1573 fructum
3472 1529 3632 1572 natura-

2145 1615 2268 1679 lem,
2309 1614 2544 1668 fructum
2589 1612 2842 1667 videlicet
2869 1627 3100 1682 operum
3134 1612 3402 1675 bonorum,
3440 1612 3494 1664 ad
3522 1626 3636 1680 quem

2145 1707 2450 1762 faciendum
2497 1714 2638 1760 nata:
2689 1713 2837 1770 sunt,
2871 1713 2924 1759 et
2969 1720 3000 1758 a
3049 1705 3160 1758 Deo
3203 1712 3401 1758 create.
3448 1701 3640 1758 Malorum

2147 1800 2289 1855 enim
2313 1814 2539 1869 operum
2572 1797 2784 1852 fruetus
2810 1806 3004 1852 contra
3029 1809 3276 1867 naturam
3307 1805 3397 1850 est.
3421 1795 3642 1849 Peccatum

2147 1892 2289 1947 enim
2314 1906 2419 1945 non
2448 1899 2533 1945 est
2557 1899 2769 1955 natura,
2803 1889 2896 1944 sed
2924 1889 3118 1943 vitium
3151 1897 3375 1952 natur-te,
3399 1887 3510 1940 sicut
3545 1884 3640 1939 i'ro-

2148 1997 2272 2052 sper
2305 1981 2521 2037 asserit.

2221 2094 2288 2147 l?!
2328 2095 2401 2148 eis
2433 2093 2609 2149 vineis
2641 2103 2698 2149 et
2743 2094 2892 2164 agris
2939 2093 3227 2158 benedixit,
3267 2092 3408 2147 idest
3434 2089 3644 2145 benedicct

2149 2184 2428 2252 Dominus,
2467 2185 2672 2239 scilicet
2708 2184 2971 2240 exaltabit
3000 2187 3054 2238 in
3109 2184 3406 2240 virtutibus.
3436 2183 3485 2235 Et
3517 2184 3643 2234 mutti-

2147 2277 2329 2346 plicati
2377 2287 2519 2342 sunt,
2577 2277 2628 2332 id
2676 2285 2761 2332 est
2805 2277 3308 2347 multiplicabuntur
3355 2282 3568 2344 quantum
3602 2273 3650 2324 ad

2155 2387 2438 2425 numerum
2479 2385 2855 2440 personarum,
2905 2379 2961 2425 et
3010 2371 3118 2424 hoc
3148 2370 3318 2432 nimis,
3355 2368 3400 2421 id
3441 2377 3508 2421 est
3537 2380 3652 2432 supra

2152 2465 2391 2519 modum.
2422 2465 2488 2519 Et
2517 2465 2620 2520 hoc
2646 2466 2805 2521 modo
2835 2466 3020 2530 nimis,
3053 2465 3181 2534 quia
3209 2480 3309 2518 mm
3342 2460 3574 2515 minomrit
3598 2459 3656 2516 iu-

2152 2565 2324 2610 menta
2353 2573 2554 2610 eorum.
2582 2556 2680 2610 llic
2708 2557 2870 2610 datur
2913 2555 3169 2626 intelligi,
3206 2555 3343 2624 quod
3386 2546 3654 2616 multiplicari

2152 2649 2426 2718 permittet
2448 2648 2927 2718 jumenta'eorum,
2989 2648 3044 2701 id
3086 2657 3170 2702 est
3219 2645 3332 2700 illos
3358 2658 3419 2696 ex
3456 2641 3560 2710 ipsis
3594 2635 3657 2706 qui

2153 2741 2426 2810 simplices
2457 2751 2616 2796 erunt
2645 2749 2699 2793 ct
2725 2740 2909 2803 rudes,
2945 2748 3003 2791 ut
3025 2739 3294 2807 jumenta,
3323 2735 3492 2789 idiotas
3514 2729 3657 2783 videti-

2153 2839 2267 2896 cet;
2304 2831 2396 2901 qui
2445 2832 2567 2886 ideo
2614 2833 2768 2885 nimis
2806 2829 3147 2898 multiplicati
3175 2828 3436 2888 dicuntur,
3465 2819 3660 2892 quoniam

2154 2924 2332 2993 plures
2359 2940 2426 2979 ex
2484 2924 2635 2993 ipsis,
2681 2933 2741 2978 ut
2792 2923 2845 2976 in
2885 2921 3245 2990 sequentibus
3295 2916 3580 2973 ostendetur.
3618 2910 3665 2960 ab

2155 3013 2425 3069 hrercticis
2486 3013 2817 3082 incorporati
2871 3013 3114 3067 fuerunt.
3163 3010 3293 3064 Cum
3327 3009 3456 3061 enim
3489 2996 3667 3057 haeretici

2081 3138 2120 3193 ρ
2160 3107 2456 3177 prudentes
2524 3107 2789 3161 devorare
2843 3113 3154 3174 nequeunt,
3207 3102 3392 3157 idiotas
3448 3097 3668 3150 invadunt.

2160 3198 2309 3253 Unde
2360 3198 2641 3253 Psalmista
2668 3198 2840 3251 alibi:
2882 3215 2900 3247 ι
2955 3194 3319 3266 Congrcgatio
3363 3201 3595 3245 taurorum
3631 3185 3669 3234 in

2160 3289 2336 3343 vaccis
2350 3288 2666 3359 pepulerunt
2683 3287 2858 3358 (i’sal.
2875 3303 3040 3349 cxvn,
3059 3287 3122 3338 3|
3139 3289 3177 3354 ).
3195 3305 3210 3336 ›
3231 3278 3672 3352 Multiplicabuntur.

2158 3379 2398 3448 inquam,
2449 3380 2584 3447 agri.
2657 3379 2724 3432 Et
2784 3385 2926 3448 post,
2985 3378 3142 3446 pauci
3193 3375 3317 3446 [acti
3359 3381 3486 3436 sant,
3533 3367 3576 3420 id
3615 3374 3674 3417 est

2158 3472 2316 3541 pauci
2364 3471 2494 3526 fient
2543 3486 2664 3525 cum
2723 3469 2949 3538 perfecti
3016 3469 3378 3531 dimitleutnr,
3422 3477 3448 3515 a
3488 3456 3671 3512 maxima

2157 3568 2315 3630 parte
2367 3560 2764 3629 jumentorum,
2789 3557 2880 3626 qui
2919 3559 2986 3610 ab
3024 3555 3299 3610 haereticis
3323 3545 3678 3618 iucorporabun-

2161 3657 2268 3703 tur.
2302 3647 2368 3700 Et
2421 3648 2649 3719 perfecti
2714 3649 2884 3702 vexati
2926 3657 3082 3708 sunt,
3150 3646 3201 3700 id
3273 3652 3351 3698 est
3410 3638 3681 3694 vexabantur

2159 3759 2192 3796 a
2268 3741 2608 3794 lriimiationc
2659 3745 2994 3803 'malornm,
3060 3738 3114 3792 id
3190 3745 3274 3791 est
3349 3729 3680 3789 haereticorum-

2160 3832 2436 3902 chuntur
2473 3831 2616 3886 enim
2652 3829 2890 3885 Ineretici
2937 3837 3145 3884 sanctis
3183 3820 3682 3882 viris'tribuiationem

2162 3937 2438 3993 corporeae
2459 3920 2851 3990 persecutionis
2879 3919 3151 3984 intulisse,
3178 3927 3234 3971 ut
3255 3915 3410 3970 Arius
3431 3921 3479 3966 et
3503 3907 3576 3963 alii
3596 3904 3683 3974 plus

2164 4030 2270 4070 res.
2302 4015 2370 4068 Et
2412 4014 2755 4067 vexabuutur
2781 4012 2963 4066 etiam
2999 4012 3234 4066 interius
3264 4006 3472 4078 perfecti
3500 4020 3526 4055 ιι
3550 3999 3686 4052 dolore

2163 4106 2584 4176 compassiouis,
2617 4104 3021 4174 eompatiendo,
3049 4103 3260 4158 scilicet
3288 4113 3462 4155 eorum
3488 4089 3627 4147 errori
3645 4096 3684 4138 rt

2166 4197 2473 4268 perditioni.
2499 4197 2601 4250 Per
2627 4197 2731 4250 hoc
2753 4197 2937 4263 itaque
2961 4194 3118 4264 pauci
3149 4193 3300 4258 tieut,
3326 4201 3377 4244 et
3406 4185 3688 4240 vexabantur

2165 4287 2310 4357 quod
2358 4303 2515 4356 super
2553 4286 2814 4356 principes
2863 4283 3269 4345 lnnreticornm,
3315 4281 3364 4333 id
3400 4286 3475 4331 cst
3505 4281 3691 4334 ιιιδιψυσ

2167 4378 2297 4434 riori
2326 4386 2478 4446 parte
2507 4391 2694 4431 eorum
2742 4375 2796 4429 in
2845 4373 3050 4436 anima,
3082 4373 3293 4428 scilicet
3331 4369 3484 4438 e/fnsa
3513 4373 3573 4416 cst
3596 4372 3690 4411 ton-

475 4463 660 4532 pulum
702 4466 956 4534 gentilcm
1002 4480 1141 4535 aqua
1175 4464 1435 4520 doctrinae
1456 4472 1761 4528 carentem,
1807 4473 1971 4532 ponet
2009 4462 2062 4516 in
2097 4481 2142 4540 ι)
2169 4469 2400 4539 (emptio,
2439 4467 2488 4521 id
2517 4479 2603 4522 est
2647 4463 2954 4520 cil‘uudetur
3015 4464 3303 4534 despectus
3343 4461 3430 4514 ira:
3485 4454 3692 4540 Ιῑοίςαυξὲ

476 4555 648 4610 exitus
685 4573 964 4626 aquarum,
991 4557 1200 4612 scilicet
1228 4558 1490 4628 quosdam
1533 4572 1598 4612 ex
1633 4557 1764 4626 ipsis
1814 4554 2066 4625 gentibus

480 4645 644 4701 faciet
677 4650 964 4718 apostolos,
993 4662 1050 4704 ut
1079 4652 1194 4704 vice
1221 4651 1591 4720 apostolorum
1619 4649 1800 4719 plures
1846 4647 2067 4718 provin-

481 4741 594 4796 cias
650 4741 891 4796 docendo
934 4745 1291 4813 perlustreut,
1353 4753 1408 4800 et
1459 4744 1639 4800 etcteri
1699 4743 1938 4797 minores
1999 4743 2068 4797 ab

481 4843 677 4884 eorum
707 4831 966 4886 doctrina:
1015 4835 1162 4890 finite
1209 4836 1527 4903 procedant,
1577 4835 1717 4890 sicut
1772 4835 2068 4906 Dionysius

481 4923 806 4992 Areopagita
858 4923 910 4977 in
938 4923 1130 4989 Gallia,
1157 4935 1213 4980 et
1256 4928 1438 4981 caueri
1474 4927 1629 4981 multi
1683 4943 1777 4996 per
1814 4929 2069 4982 diversas

481 5017 667 5071 mundi
707 5027 890 5086 partes
941 5019 1010 5072 ab
1053 5018 1332 5087 apostolis,
1355 5032 1409 5075 et
1439 5036 1627 5076 eorum
1659 5022 2070 5077 successoribus

483 5107 658 5164 missi.
697 5109 762 5162 Et
785 5110 916 5177 illic,
966 5110 1018 5165 id
1065 5119 1148 5166 est
1189 5111 1240 5165 in
1298 5113 1644 5170 ftiudamento
1693 5114 1814 5169 ﬁdei
1872 5123 1926 5168 et
1973 5115 2068 5168 do-

482 5199 671 5254 ctrina:
694 5197 905 5253 illoruai
933 5211 1247 5272 stagnorum
1279 5210 1330 5255 et
1355 5202 1594 5256 ex’ituum
1624 5218 1882 5272 aquarum
1912 5201 2074 5256 col/c-

483 5290 642 5354 carit,
680 5288 732 5342 id
760 5298 842 5343 cst
870 5291 1116 5347 fundabit
1163 5292 1299 5347 alios
1335 5292 1642 5360 complures
1682 5295 1990 5360 esurientes,
2017 5293 2071 5347 id

483 5391 566 5437 est
602 5381 756 5437 valde
803 5383 1178 5440 desiderantes
1203 5401 1390 5440 eorum
1422 5384 1674 5439 doctrina
1726 5383 1898 5449 refici,
1927 5393 1988 5438 ut
2019 5385 2070 5438 in

486 5472 737 5528 doctrina
769 5473 914 5528 beati
944 5482 999 5528 et
1028 5473 1404 5544 gleriosissimi
1438 5473 1657 5529 Martini
1710 5474 1862 5527 ιιιιιὶιί
1889 5474 2075 5544 legun-

490 5575 582 5620 tur
613 5564 781 5622 fuisse
811 5567 1088 5622 collocati.
1125 5567 1189 5621 Et
1224 5571 1337 5638 ipsa
1368 5579 1556 5639 stagna
1589 5575 1645 5621 et
1671 5566 1850 5620 exitus
1882 5567 2075 5620 consti-

485 5661 987 5716 uterunlcivilutem
1033 5660 1400 5727 habitationis,
1450 5663 1499 5716 id
1554 5665 1638 5716 est
1690 5660 2075 5730 praedicatione

490 5765 589 5808 sua
620 5759 674 5809 et
700 5754 946 5827 exetnplo
981 5753 1308 5812 constituent
1336 5754 1452 5811 illas
1483 5755 1782 5812 esurientes
1835 5751 1988 5821 tales,
2023 5763 2076 5808 ut

2166 4537 2528 4616 eos-interius
2556 4560 2886 4623 excmcabit;
2920 4555 3326 4613 veletl'undetur
3356 4562 3503 4620 super
3526 4537 3689 4614 princi-

2169 4665 2286 4722 pes,
2309 4649 2460 4719 justo
2503 4640 2707 4718 judicio
2753 4650 2849 4705 Dei
2891 4646 3280 4711 conterendos,
3327 4652 3383 4696 ut
3423 4628 3695 4694 contendi“ll

2171 4742 2471 4796 adiuvieem
2511 4740 2798 4811 multiplici
2841 4741 3158 4805 schismate,
3180 4748 3236 4793 et
3262 4737 3342 4792 sic
3367 4729 3522 4798 magis
3552 4732 3691 4778 excae-

2171 4842 2381 4890 centur.
2406 4833 2470 4886 Et
2487 4846 2581 4887 eos
2599 4841 2903 4888 cxcmcatos
2924 4833 3069 4902 fecit,
3098 4831 3148 4886 id
3174 4839 3258 4886 est
3279 4826 3538 4898 permittet
3558 4826 3698 4873 mm

2172 4923 2380 4992 positos
2408 4922 2460 4976 in
2497 4921 2660 4989 invio,
2706 4922 2758 4977 id
2803 4931 2889 4977 est
2942 4922 2994 4976 in
3025 4921 3183 4977 devio
3229 4921 3546 4974 diversarum
3567 4908 3700 4961 Incre-

2173 5029 2314 5079 sum,
2343 5022 2400 5068 et
2445 5012 2524 5068 sic
2549 5022 2605 5067 ut
2655 5012 2802 5068 nullo
2837 5013 2998 5068 modo
3043 5013 3156 5069 sint
3210 5011 3264 5065 iu
3295 5012 3378 5064 via
3422 5002 3552 5059 ﬁdei.
3593 4995 3698 5050 Sun!

2173 5109 2372 5178 quippe
2413 5107 2600 5178 plures
2645 5108 2761 5178 qui,
2817 5108 3034 5162 tametsi
3081 5107 3134 5160 in
3182 5099 3493 5175 quibusdam
3537 5088 3699 5178 levibus

2174 5176 2359 5254 errant
2388 5176 2453 5253 ex
2504 5176 2829 5269 ignorantia,
2877 5207 3055 5253 tamen
3094 5195 3296 5252 suntin
3337 5191 3417 5246 via
3447 5187 3509 5242 de
3550 5176 3700 5252 quibus

2175 5289 2466 5360 Apostolus
2494 5307 2507 5344 :
2542 5307 2559 5340 ι
2595 5289 2663 5344 Et
2683 5288 2874 5358 siquid
2907 5288 3066 5343 aliter
3092 5286 3303 5361 sapitis,
3330 5293 3386 5338 et
3420 5280 3513 5334 hoc
3533 5277 3702 5344 quoque

2175 5381 2330 5436 vobis
2357 5381 2498 5436 Deus
2521 5379 2783 5436 revelabit
2826 5377 3050 5450 (Philip.
3093 5393 3178 5442 ιιι,
3209 5375 3316 5446 15).
3354 5392 3371 5425 ι
3399 5369 3524 5438 Quia
3560 5363 3705 5456 ιιρεξθξ

2176 5475 2346 5547 quaeri
2389 5475 2519 5545 quid
2570 5474 2674 5530 hoc
2721 5474 2864 5544 quod
2909 5473 2977 5527 de
3029 5469 3300 5526 hmreticis
3345 5465 3511 5536 agitur
3541 5455 3599 5547 ad
3633 5451 3704 5547 Del

2179 5545 2392 5624 laudem
2419 5568 2667 5623 attineat.
2694 5564 2938 5622 Ostendit
2964 5580 3086 5635 qua:
3112 5564 3235 5618 inde
3259 5559 3456 5614 utilitas
3475 5545 3707 5612 continge!

2180 5661 2456 5733 perfectis,
2514 5671 2574 5715 ut
2624 5659 2755 5715 illud
2798 5667 3048 5730 spectare
3078 5658 3145 5711 ad
3190 5654 3284 5710 Dei
3333 5650 3530 5705 laudem
3557 5637 3708 5696 innuat

2181 5755 2258 5810 sic
2279 5774 2288 5808 ;
2310 5753 2438 5809 Daci.
2465 5750 2608 5824 quod
2637 5749 2879 5811 haeretici
2907 5748 3193 5817 crrabunt,
3218 5756 3266 5810 et
3291 5743 3351 5799 de
3375 5736 3533 5810 inopia
3558 5736 3704 5787 ουτυω
