3840 6338
112 347 217 409 {215

110 457 309 529 perhoc,
337 448 531 504 scilicet
558 448 702 516 quod
751 448 851 518 ipsi
877 460 1035 504 erunt
1066 453 1170 506 llde
1202 453 1410 520 inopes,
1437 452 1631 506 adimit
1661 463 1704 516 Α

107 560 360 618 pauperem,
389 541 435 596 id
473 548 555 595 est
601 539 877 608 ai-‘juvabit
920 543 1173 596 Dominus
1218 543 1470 612 populum
1502 557 1624 612 pcr-

111 641 326 697 lectoru'm
369 649 655 705 pauperum
685 634 882 703 Spiritu
931 650 1036 690 non
1078 639 1394 704 superbum.
1437 636 1530 690 Vel
1565 636 1631 690 de

110 730 273 798 inopia,
313 725 362 781 id
407 731 487 779 est
531 723 597 778 de
641 725 911 791 paucitate
951 725 1188 794 ipsorum
1242 726 1628 793 perfecturum,

112 819 279 874 scilicet
318 816 410 870 hoc
439 827 530 868 eos
578 813 846 883 adjuvabit
893 815 1035 883 quod
1075 823 1234 869 erunt
1284 815 1475 884 pauci,
1515 825 1568 869 et
1601 831 1631 868 a

113 908 260 964 multis
283 903 536 960 InerctEcis
565 905 916 970 circumdati;
962 914 1014 958 et
1045 920 1112 959 ne
1164 906 1384 961 familiae
1410 923 1632 962 suorum

113 1001 164 1053 ab
183 995 422 1052 hatrelicis
446 995 792 1059 seducantur,
824 997 1020 1064 posuit,
1054 997 1104 1050 id
1134 1006 1220 1052 est
1246 1007 1409 1066 ponet
1432 1008 1484 1052 et
1514 997 1637 1051 l‘nn-

114 1084 425 1165 dahitinﬁde
472 1083 702 1138 ﬁrmiter
741 1084 885 1154 ipsas
943 1085 1175 1154 [annilius
1229 1088 1362 1153 sicut
1415 1103 1552 1146 oves,
1584 1086 1635 1139 id

115 1187 179 1234 est
210 1177 391 1232 similes
422 1176 632 1242 ovibus,
665 1192 786 1246 qua:
831 1176 1176 1233 solummodo
1205 1179 1406 1248 pastori
1439 1178 1518 1231 sui
1547 1193 1638 1229 vo-

115 1286 204 1326 cem
223 1268 447 1333 audiunt,
476 1282 575 1322 nec
598 1267 834 1321 alienum
872 1279 1145 1336 pastorem
1178 1279 1494 1338 sequuntur.
1537 1269 1640 1322 Ex-

114 1365 228 1435 ponit
252 1371 417 1416 autem
461 1360 734 1431 quomodo
760 1377 889 1417 suos
913 1361 1186 1432 adjuvabit
1215 1363 1282 1417 de
1306 1361 1504 1431 inopia,
1538 1363 1638 1414 sic.

119 1456 224 1510 Vere
249 1469 363 1509 suos
384 1453 660 1522 atljuvabit
691 1469 787 1523 per
828 1453 1062 1522 inopiam
1109 1453 1511 1508 hzereticorum.
1555 1451 1639 1504 Vi-

115 1547 265 1599 dobant
288 1545 419 1599 enim
468 1545 594 1598 recti
637 1558 735 1614 per
781 1559 873 1598 eos
911 1543 1120 1599 Scilicet
1157 1560 1343 1600 eorum
1384 1544 1642 1614 exagitati

115 1637 474 1707 questionibus;
509 1636 676 1692 multa
701 1637 961 1692 videbunt
992 1638 1058 1692 de
1090 1636 1194 1692 ﬁde
1239 1652 1359 1706 quae
1397 1637 1547 1706 prius
1574 1637 1642 1690 ab

115 1729 175 1782 eis
193 1727 435 1784 intellecta
453 1742 564 1782 non
591 1737 784 1793 erant;
817 1737 865 1781 et
891 1727 1121 1782 videndo
1150 1727 1274 1782 inde
1301 1727 1638 1781 lwtabuntur.

115 1819 164 1874 Et
181 1819 283 1890 quia
313 1819 404 1890 ipsi
436 1820 680 1874 videntes
724 1827 904 1885 erunt,
937 1820 1104 1873 omnis
1139 1820 1392 1890 iniquitas
1424 1819 1641 1873 liazrcti-
1673 1801 1714 1858 Β

116 1925 265 1965 corum
316 1909 557 1980 oppilabit
591 1927 648 1965 os
701 1927 877 1978 suum,
926 1911 978 1966 id
1028 1919 1110 1966 est
1156 1925 1348 1966 omnes
1399 1911 1641 1968 haeretici

117 1999 326 2056 claudent
349 2017 408 2057 os
429 2017 612 2069 suum,
635 2017 741 2057 non
765 2001 1026 2058 audentes
1046 2001 1227 2058 facere
1242 2000 1321 2057 eis
1351 2003 1636 2059 assultum.

119 2093 448 2162 Ergo‘quando
473 2094 828 2164 quidem'tot,
871 2102 929 2149 ut
968 2094 1203 2159 ostendi,
1237 2095 1643 2150 misericordias

117 2187 156 2242 in
179 2189 386 2245 humano
411 2205 610 2261 genere
655 2189 799 2245 Deus
835 2190 1136 2246 exercebit.
1171 2189 1301 2256 Quis
1331 2192 1558 2258 Sapiens,
1592 2201 1640 2244 et

117 2280 322 2335 custodiet
384 2283 522 2346 lucc,
559 2293 605 2336 et
658 2281 907 2352 intelliget
964 2283 1351 2336 misericordias
1393 2281 1644 2336 Domini?

120 2366 207 2424 lloc
225 2369 368 2442 435
390 2381 575 2426 autem
609 2371 676 2426 ad
708 2370 883 2440 majus
909 2372 1304 2426 exhortationis
1332 2371 1540 2442 pondus
1563 2371 1646 2424 in-

118 2461 389 2530 terrogative
430 2462 606 2532 ponit.
657 2461 724 2516 Et
760 2471 844 2517 est
892 2477 955 2516 ac
996 2461 1042 2516 si
1096 2461 1346 2516 diceret:
1388 2462 1644 2528 Quando-

116 2549 288 2617 quidem
327 2550 432 2607 suis
463 2559 550 2608 tot
597 2551 1000 2606 misericordias
1048 2551 1190 2607 Deus
1244 2551 1539 2620 impendet,
1600 2553 1646 2606 si

115 2638 209 2707 quis
227 2640 422 2710 sapiens
466 2642 604 2704 erit,
634 2651 689 2696 et
735 2641 1005 2696 custodiet
1052 2640 1166 2696 haec
1193 2641 1474 2708 beneﬁcia,
1500 2651 1648 2712 post-

116 2744 239 2796 quam
263 2732 354 2787 sibi
389 2731 595 2787 fuerint
624 2734 760 2788 adeo
794 2734 941 2800 data,
994 2748 1061 2788 ne
1092 2749 1188 2788 sua
1229 2733 1382 2803 culpa
1412 2735 1644 2801 amittat,

115 2829 258 2878 etnon
284 2825 515 2881 ascribat
547 2825 663 2881 haec
701 2825 816 2881 suis
864 2825 1097 2892 meritis,
1131 2826 1224 2881 sed
1249 2825 1516 2895 intelliget
1548 2827 1648 2880 bas

115 2911 458 2971 misericordias
485 2931 616 2973 esse
638 2917 806 2972 solius
829 2917 1064 2971 Domini.

561 3046 627 3104 IN
657 3047 990 3106 PSALMUM
1021 3023 1170 3107 sva.

107 3221 110 3224 ρ
162 3177 344 3238 Titulus
363 3184 656 3240 cent-esimi
703 3185 940 3257 septimi.
987 3183 1265 3241 Canticum
1317 3183 1508 3257 psalmi
1548 3185 1646 3256 ipsi

115 3267 270 3339 David,
295 3272 508 3332 Christo
547 3277 978 3334 attribuendum.
1011 3277 1290 3332 Canticum
1312 3277 1505 3348 psalmi
1534 3287 1647 3332 tra-

120 3368 268 3417 ctatus
287 3363 382 3420 istc.
419 3366 621 3422 dicitur
645 3367 884 3436 ecquod
907 3367 994 3422 hic
1021 3367 1395 3438 principaliter
1459 3377 1650 3437 agatur

117 3451 168 3506 de
191 3464 400 3525 cantico,
459 3460 511 3516 id
563 3467 648 3515 est
674 3459 740 3514 de
759 3459 1001 3530 jucunda
1057 3458 1536 3526 remuneratione;
1595 3468 1650 3515 et

115 3547 386 3605 secundarie
413 3549 478 3605 de
525 3549 758 3621 psalmo,
794 3551 846 3605 id
875 3551 1056 3606 estde
1117 3551 1253 3606 bona
1305 3551 1642 3620 operatione.

117 3633 213 3705 Agit
232 3641 363 3697 enim
391 3642 442 3698 in
477 3643 588 3698 hoc
620 3641 829 3713 psalmo
854 3639 1174 3696 Dominicus
1217 3642 1411 3707 homo,
1467 3649 1651 3696 osten-

116 3729 220 3786 dens
247 3748 300 3789 se
321 3735 384 3790 ad
414 3736 784 3792 obedientiam
815 3735 1106 3806 passionis,
1124 3745 1178 3789 et
1201 3735 1356 3790 homo
1379 3733 1652 3804 operatio-

119 3819 182 3874 nis
205 3837 310 3880 esse
327 3837 610 3896 paratum;
637 3839 691 3882 et
715 3843 878 3899 agens
900 3828 1064 3883 etiam
1091 3827 1160 3881 de
1191 3827 1362 3896 ipsius
1391 3827 1649 3888 obedien-

119 3907 184 3964 tia:
207 3919 648 3985 remuneratione,
678 3919 745 3973 de
773 3917 1165 3989 gloriﬁcatione
1183 3917 1438 3972 videlicet
1469 3932 1644 3972 resur-

118 4003 354 4073 rectionis,
387 4018 442 4064 et
460 4009 806 4066 ascensionis
857 4023 990 4074 suae,
1029 4017 1085 4063 et
1130 4007 1196 4064 de
1223 4007 1327 4062 hoc
1379 4009 1521 4077 quod
1557 4025 1654 4079 per

115 4104 308 4153 mortem
335 4115 483 4156 suam
513 4103 803 4158 salvandos
834 4118 896 4156 ex
919 4100 1120 4157 Judaeis
1143 4109 1194 4156 et
1225 4101 1480 4170 gentibus
1501 4116 1654 4156 assu-

116 4195 220 4241 met.
248 4187 351 4246 lloc
380 4200 564 4247 autem
593 4205 655 4245 ea
685 4192 986 4246 intentione
1033 4190 1166 4246 facit
1196 4202 1256 4246 ut
1295 4191 1409 4246 suis
1456 4191 1510 4246 in
1551 4193 1656 4246 hoc

114 4286 234 4344 Spem
257 4283 446 4339 tribuat
461 4284 894 4356 gloriﬁcatioais,
909 4285 951 4340 si
973 4286 1287 4340 obcdientes
1309 4284 1506 4340 divinis
1519 4301 1659 4355 prte-

114 4371 252 4437 ceptis
271 4377 596 4432 exstiterint.
628 4375 934 4432 Notandum
961 4391 1094 4432 sane
1122 4377 1266 4446 quod
1300 4379 1538 4449 psalmus
1556 4379 1656 4434 iste

995 337 1356 396 EXPOSiTlO
1394 338 1456 393 IN
1493 338 1829 396 PSALMOS.
1859 341 2145 396 -PSAL.
2187 339 2333 396 CVII.

1680 3143 1724 3204 C

3167 340 3304 397 12M

1735 455 1870 509 riam
1939 456 2285 520 iutitulatos,
2341 470 2445 510 non
2495 471 2617 512 esse
2661 458 2728 512 ad
2783 457 2953 514 solam
3015 457 3301 513 historiam

1732 547 2090 617 accipiendos.

1806 637 2065 692 Paratum
2091 627 2182 690 cor
2209 653 2404 702 meum,
2439 637 2595 702 Deus,
2631 651 2694 693 ac
2723 637 2766 692 si
2824 637 2966 692 dicat
3000 654 3014 690 :
3042 639 3192 693 Licet
3235 655 3303 694 ex

1733 730 1914 785 carnis
1943 729 2258 784 inﬁrmitate
2281 744 2379 799 pro
2403 729 2652 798 passione
2674 729 2935 782 videndus
2965 730 3064 784 sim
3091 730 3303 784 contri-

1733 822 1890 889 stari,
1914 831 2092 877 tamen
2121 829 2370 891 paratum
2399 828 2482 874 est
2517 836 2612 874 cor
2651 836 2851 875 meum.
2887 816 3151 872 Paratum
3195 829 3302 885 est,

1736 915 1974 983 inquam,
1999 930 2089 978 cor
2115 928 2308 978 meum,
2333 912 2384 966 id
2407 919 2489 966 est
2514 910 2762 966 voluntas
2786 910 2984 966 anima:
3004 926 3134 964 mea:
3150 926 3307 981 para-

1741 1015 1793 1058 ta
1817 1005 1990 1058 estad
2020 1004 2356 1072 patiendum.
2393 1002 2504 1058 Hoc
2529 1011 2708 1057 autem
2739 1003 2821 1057 bis
2862 1003 2927 1057 ad
2961 1003 3312 1056 assertionem

1739 1096 1908 1165 ponit,
1940 1104 1996 1150 et
2022 1095 2193 1164 magis
2220 1095 2271 1148 in
2299 1095 2401 1148 hoc
2427 1109 2553 1148 suos
2575 1093 2846 1146 auditores
2876 1101 2932 1146 ut
2959 1093 3026 1146 ad
3054 1093 3154 1146 hoc
3173 1092 3314 1146 idem

1737 1202 1837 1258 pro
1862 1200 1926 1239 eo
1947 1185 2122 1254 parati
2146 1185 2257 1239 sint
2287 1184 2522 1238 instruit.
2572 1185 2638 1238 Et
2681 1198 2782 1254 ego
2826 1183 2905 1237 sic
2947 1192 3170 1252 paratus
3197 1200 3318 1235 can-

1743 1277 1866 1330 tabo
1899 1276 1992 1330 tibi
2025 1275 2271 1330 intcriori
2301 1275 2612 1339 develione,
2644 1283 2691 1327 et
2706 1273 2936 1344 psallunt
2963 1273 3202 1327 exterius
3225 1273 3319 1326 ho-

1742 1383 1808 1422 na
1837 1367 2177 1436 operatione,
2202 1375 2256 1420 et
2280 1367 2382 1420 hcc
2409 1368 2462 1421 in
2492 1365 2660 1437 gloria
2714 1381 2850 1428 mea,
2877 1364 2930 1417 id
2980 1373 3067 1418 est
3103 1366 3154 1416 in
3187 1379 3320 1418 con--

1743 1458 2072 1512 sideratione
2098 1453 2279 1527 gloria:
2315 1449 2464 1510 meae.
2518 1454 2820 1510 Considera
2869 1467 3058 1523 nempe
3113 1453 3181 1507 ob
3219 1453 3322 1507 hoc

1746 1565 1832 1604 me
1860 1564 1980 1604 esse
2001 1549 2434 1619 glorificandnm,
2462 1563 2584 1601 cum
2603 1545 2926 1601 immortalis
2958 1546 3082 1600 liam
3131 1556 3184 1600 et
3215 1545 3321 1600 im-

1745 1642 2035 1712 passibilis.
2068 1641 2396 1700 Exhortatur
2417 1648 2596 1694 autem
2621 1637 3014 1692 humanitatem
3039 1653 3192 1691 suam
3252 1637 3323 1691 ad

1746 1734 2076 1788 cantandum
2105 1740 2158 1786 et
2180 1729 2541 1801 psallendum,
2566 1737 2624 1782 ut
2651 1743 2746 1798 per
2768 1730 2870 1783 hoc
2907 1727 3086 1782 veniat
3107 1734 3174 1781 ad
3232 1742 3322 1782 re-

1744 1823 2169 1886 surrectionem;
2203 1829 2257 1875 et
2287 1837 2392 1874 non
2419 1818 2570 1888 ponit
2599 1818 2776 1888 ipsum
2809 1827 3029 1873 cantare
3082 1825 3136 1872 et
3181 1817 3327 1887 psal-

1743 1914 1892 1980 lere;
1935 1915 2029 1968 sed
2060 1911 2470 1982 tequipollenler
2497 1911 2648 1981 ponit
2695 1925 3010 1982 exsurgere,
3067 1910 3212 1978 quod
3241 1919 3327 1962 cst

1743 2005 1964 2061 eli'cctus
1987 2004 2245 2064 istorum,
2268 2012 2322 2058 et
2351 2017 2446 2072 per
2468 2003 2568 2056 hoc
2601 2001 2967 2072 intelliguntur
3003 1986 3328 2062 ca‘usic,sci--

1744 2097 1872 2151 licet
1896 2105 2118 2150 cantare
2149 2104 2202 2149 et
2237 2094 2484 2165 psallere.
2513 2093 2643 2148 Dico
2675 2093 2815 2162 quod
2843 2101 3088 2162 paratum
3115 2099 3186 2145 cst
3235 2105 3328 2142 cor

1745 2203 1916 2241 meum
1947 2185 2012 2240 ad
2053 2187 2156 2241 hoc
2186 2193 2244 2240 ut
2272 2185 2467 2255 patiar,
2502 2192 2557 2238 et
2585 2184 2712 2254 quia
2738 2183 2962 2236 cantabo
2986 2191 3033 2235 et
3075 2179 3325 2251 psallam,

1745 2288 1800 2335 et
1833 2279 1914 2334 sic
1943 2277 2057 2344 ﬁat,
2089 2293 2120 2332 ο
2142 2279 2452 2332 humanitas
2475 2291 2619 2340 mea,
2640 2291 2883 2347 exsurge,
2923 2275 2975 2328 id
3001 2283 3084 2330 est
3120 2289 3330 2328 merere

1745 2384 2040 2439 exsurgere
2068 2384 2164 2439 per
2202 2369 2392 2423 mortis
2415 2367 2803 2432 obedientiam,
2830 2374 2884 2420 et
2909 2381 3004 2436 per
3055 2365 3327 2420 cantatio—

1749 2465 1870 2516 nem
1899 2469 1953 2514 et
1983 2459 2248 2530 psalmum
2275 2476 2287 2512 :
2317 2468 2371 2513 tu
2405 2457 2718 2512 humanitas
2748 2457 2870 2511 dico
2891 2456 3132 2512 existens
3185 2453 3332 2524 psal-

1748 2555 1937 2609 terium
1971 2563 2016 2609 et
2049 2553 2274 2607 cithara.
2307 2549 2627 2606 Psalterium
2649 2551 2865 2621 quidem
2891 2548 3184 2604 secundum
3237 2563 3332 2601 sn-

1749 2649 1987 2718 periora,
2015 2648 2067 2702 id
2093 2655 2176 2702 est
2205 2645 2500 2701 secundum
2529 2645 2757 2698 virtutes
2779 2632 2842 2696 et
2866 2629 3038 2696 bonas
3064 2639 3336 2710 Operatio-

1749 2754 1846 2794 nes
1872 2739 2067 2807 quibus
2095 2738 2262 2790 Deum
2294 2735 2483 2788 laudas
2507 2734 2572 2786 ad
2608 2733 2826 2786 modum
2859 2729 3125 2800 psalterii,
3189 2726 3334 2797 quod

1749 2847 1816 2883 ex
1838 2827 2100 2898 superiori
2132 2836 2311 2891 sonat,
2357 2836 2411 2880 et
2455 2825 2658 2878 cithara
2707 2821 3001 2876 secundum
3055 2819 3334 2886 inferiora,

1751 2921 1961 2976 scilicet
2015 2917 2314 2973 secundum
2375 2913 2760 2969 mortalitatem
2806 2920 2862 2966 et
2898 2909 3332 2981 possibilitatem,

1753 3029 1872 3084 qua:
1896 3012 2058 3067 etiam
2090 3009 2258 3064 Deum
2283 3005 2793 3077 laudantpaliendo,
2835 3013 2890 3058 et
2913 3018 3011 3074 pro
3058 3002 3174 3073 ejus
3202 3003 3333 3058 obe-

1759 3105 1960 3160 tlieutia
1988 3101 2313 3158 moriendoa
2344 3097 2698 3154 similitudine
2728 3097 2954 3152 cithara:
2974 3093 3217 3149 sonantis
3250 3107 3320 3147 ex

1757 3197 2024 3252 inferiori.
2053 3193 2148 3248 Vel
2165 3193 2244 3248 sic
2276 3209 2289 3246 :
2319 3191 2448 3246 Dico
2476 3189 2618 3261 quod
2640 3189 2863 3259 psallunt
2920 3188 2974 3242 in
3013 3185 3329 3242 considera-

1755 3289 1899 3346 tione
1931 3287 2118 3356 gloriae
2146 3299 2300 3349 mete,
2333 3290 2388 3338 et
2416 3290 2476 3336 ut
2510 3279 2850 3352 gloriﬁceris,
2875 3295 2908 3332 o
2935 3293 3088 3343 caro,
3113 3291 3334 3346 exsurge

1749 3380 2054 3452 psalterium
2076 3386 2122 3432 et
2139 3376 2364 3440 cithara,
2391 3373 2599 3429 scilicet
2625 3381 2681 3426 tu
2702 3387 2844 3426 nunc
2868 3371 3107 3426 existens
3122 3363 3334 3424 cithara

1755 3471 2052 3527 secundum
2081 3468 2393 3522 inferiorem
2417 3476 2668 3520 naturam
2695 3462 3045 3518 mortalitatis
3073 3469 3126 3514 et
3157 3459 3334 3529 passi-

1752 3563 2000 3626 bililatis,
2031 3576 2250 3630 exsurge
2278 3575 2306 3612 ιι
2358 3565 2536 3612 morte
2577 3564 2636 3610 ut
2665 3556 2740 3610 sis
2791 3551 3106 3624 psalterium
3155 3548 3333 3618 adipi-

1753 3655 1952 3710 scendo
1979 3652 2310 3722 superiorem
2336 3659 2586 3703 naturam
2606 3643 3030 3702 immortalitatis
3057 3650 3112 3696 et
3142 3641 3340 3710 inpas-

1755 3743 2050 3801 sibilitatis.
2085 3743 2240 3807 Dico,
2271 3757 2514 3811 exsurge,
2547 3750 2596 3794 et
2624 3739 2702 3793 sic
2735 3737 2839 3792 erit
2871 3755 2884 3790 :
2927 3735 3224 3801 Exsurgmn
3256 3746 3340 3786 re-

1755 3854 1902 3906 vera,
1933 3847 1989 3893 et
2015 3837 2118 3892 hoc
2144 3835 2380 3890 diluculo
2401 3878 2414 3902 ,
2448 3835 2501 3890 id
2539 3841 2622 3890 est
2669 3831 2722 3887 in
2779 3843 2939 3884 mane
3001 3827 3174 3882 tertiae
3203 3824 3335 3881 diei.

1755 3928 1868 3984 lloc
1907 3928 2072 4000 436
2133 3927 2277 3998 quod
2333 3915 2626 3980 terminum
2688 3918 3112 3976 resurrectionis
3164 3915 3338 3986 ponit,

1755 4019 1886 4074 facit
1915 4021 1981 4073 ad
2007 4018 2130 4073 ﬁdei
2182 4026 2384 4072 nostra:
2425 4011 2829 4074 certitndinem,
2865 4017 2920 4063 et
2966 4009 3032 4061 ad
3081 4003 3339 4072 majorem

1756 4123 1866 4164 suae
1892 4107 2246 4163 humanitatis
2263 4103 2721 4160 exhortationem.
2753 4100 3070 4166 Exsurgam,
3089 4095 3333 4163 impiam,

1691 4234 1712 4254 .
1756 4211 1810 4256 et
1838 4216 1934 4271 per
1965 4201 2069 4254 hoc
2123 4198 2410 4266 conﬁtebor
2456 4195 2549 4247 tibi
2592 4195 2644 4245 in
2672 4190 2899 4260 populis,
2953 4186 3121 4271 idest
3185 4197 3344 4237 veros

1759 4295 2097 4348 coal'essorcs
2123 4291 2216 4346 tibi
2258 4289 2462 4358 pariam
2491 4287 2543 4340 in
2574 4283 2785 4354 populis
2823 4267 3094 4342 Julaicis;
3121 4287 3167 4330 et
3202 4275 3345 4345 psal-

1760 4385 1865 4438 lam
1887 4385 1981 4438 tibi
2013 4383 2064 4436 in
2096 4380 2420 4443 nationibus,
2459 4378 2509 4431 id
2537 4385 2620 4431 est
2649 4374 2782 4430 tales
2831 4371 2926 4426 tihi
2988 4369 3196 4440 pariam
3249 4382 3347 4437 per

113 4473 198 4516 non
217 4464 405 4538 absque
429 4470 642 4525 ratione
663 4488 692 4523 a
715 4469 984 4539 Propheta
995 4468 1062 4524 de
1083 4469 1306 4524 duorum
1327 4469 1648 4540 psalmorum

1767 4475 1925 4529 [idem
1958 4474 2008 4527 in
2041 4471 2350 4526 nationibus
2401 4469 2664 4539 gentium,
2707 4465 2798 4536 qui
2849 4463 2941 4518 tibi
2989 4460 3238 4532 psalleut.
3282 4458 3350 4512 Et

114 4558 530 4627 extremitatibus,
555 4570 639 4616 est
668 4561 1022 4631 coujunctus;
1058 4561 1125 4616 de
1155 4561 1510 4616 extremitate
1551 4561 1659 4616 sci-

115 4638 214 4700 licet
237 4663 318 4706 LVI
361 4662 416 4708 et
445 4654 515 4710 de
563 4654 911 4710 extremitate
952 4669 1064 4708 ux.
1093 4652 1246 4720 Quod
1289 4653 1410 4708 ideo
1455 4654 1656 4709 factum

117 4741 523 4815 esseindicatur,
558 4757 618 4802 ut
643 4757 1008 4810 removeatur,
1035 4762 1103 4801 ne
1127 4747 1234 4801 duo
1272 4744 1464 4815 psalmi
1496 4745 1568 4800 illi
1593 4746 1661 4801 ad

113 4827 231 4884 solas
255 4834 506 4894 historias
536 4839 920 4909 intelligantur,
941 4838 1066 4892 licet
1097 4837 1166 4892 ab
1197 4838 1549 4892 historiarum
1579 4836 1652 4891 si-

113 4920 765 4986 militudineiutitulcntur.
798 4931 854 4986 Si
907 4931 1051 4986 enim
1086 4929 1152 4986 ad
1205 4929 1351 4984 solas
1401 4927 1661 4983 historias

115 5029 191 5072 eos
209 5018 467 5094 Propheta
497 5025 781 5092 edidiSset,
807 5041 930 5082 cum
965 5026 1154 5095 utique
1184 5024 1424 5080 historiae
1481 5023 1663 5078 diver-

113 5104 307 5168 sissima:
325 5115 452 5179 sint,
485 5115 820 5187 psalmorum
846 5131 914 5171 ex
943 5116 1030 5171 his
1083 5114 1350 5170 factorum
1395 5121 1576 5184 partes
1607 5113 1662 5168 in

113 5199 247 5258 unius
266 5206 456 5278 psalmi
488 5208 879 5279 compositione
906 5225 1010 5264 non
1037 5207 1340 5278 posuisset,
1367 5221 1492 5262 .nec
1537 5205 1665 5261 huic

114 5291 294 5355 psalmo
321 5298 543 5366 quidem
572 5299 710 5355 alius
743 5300 932 5354 titulus
971 5299 1074 5354 nisi
1101 5315 1166 5354 ex
1204 5298 1540 5354 duabusillis
1583 5297 1667 5352 hi-

112 5386 266 5440 storiis
285 5399 530 5460 sumptus
553 5393 622 5447 ab
648 5392 814 5448 lisdra
843 5391 1053 5461 positus
1086 5400 1250 5446 esset.
1280 5391 1380 5458 Qui
1402 5406 1498 5460 per
1513 5404 1666 5444 eum-

110 5468 210 5529 dem
247 5482 538 5552 prephetite
564 5484 814 5554 spiritum
840 5483 1082 5539 creditur
1105 5483 1288 5539 titulos
1314 5483 1662 5554 apposuisse;

112 5576 194 5631 ιιθν
217 5583 371 5639 quem
425 5584 481 5630 et
539 5576 709 5631 David
739 5575 978 5648 psalmos
1051 5576 1440 5646 composuisse.
1493 5575 1667 5630 Aliter

111 5661 234 5717 enim
258 5666 322 5722 ab
349 5667 596 5726 Ecclesia
620 5687 727 5726 non
759 5671 1090 5726 haberentur
1122 5669 1175 5724 in
1208 5669 1549 5724 auctoritate.
1568 5667 1669 5723 Per

116 5745 201 5808 hoc
227 5757 381 5814 etiam
425 5762 689 5833 innuitnr,
739 5769 963 5822 caeteros
1007 5759 1253 5833 psalmos
1283 5757 1439 5832 juxta
1497 5758 1668 5815 hieto-

1761 4582 1867 4622 non
1917 4565 2088 4621 solum
2138 4578 2235 4634 per
2279 4563 2384 4617 hoc
2429 4561 2570 4630 quod
2611 4571 2900 4627 exsurgam
2949 4551 3248 4610 conﬁtebor
3293 4558 3351 4604 et

1761 4656 2025 4728 psallam;
2063 4655 2238 4709 sedet
2267 4669 2365 4724 per
2409 4653 2511 4706 hoc
2558 4650 2682 4720 quia
2747 4661 2942 4716 magna
2988 4640 3349 4698 misericordia

1763 4759 1877 4813 tua,
1907 4761 2008 4817 ego
2050 4745 2264 4800 scilicet
2319 4739 2692 4798 misericordia
2723 4745 2812 4791 tua
2841 4751 3054 4805 magna,
3107 4747 3203 4803 per
3231 4747 3348 4787 em-

1763 4839 2083 4910 phasim,‘eo
2136 4837 2278 4906 quod
2329 4850 2426 4906 per
2479 4829 2843 4888 obedientiam
2895 4828 3161 4900 passionis
3214 4838 3348 4880 mete

1765 4947 1960 5004 magna
2003 4927 2391 4986 misericordia:
2437 4923 2700 4980 beneﬁcia
2739 4922 2921 4993 generi
2956 4921 3194 4974 humano
3245 4917 3348 4969 lar-

1765 5023 1964 5095 gieris;
2003 5019 2284 5076 exaltabor
2309 5033 2467 5088 super
2492 5015 2644 5071 oculos
2676 5011 3004 5076 materiales,
3026 5009 3128 5064 eos
3155 5021 3350 5076 corpo-

1766 5115 1954 5170 raliter
1997 5110 2358 5176 ascendendo,
2409 5119 2464 5163 et
2493 5108 2756 5178 Spiritum
2811 5111 3057 5159 sanctum
3112 5100 3346 5162 mittam,

1765 5206 1922 5276 cujus
1951 5201 2384 5258 inﬂammatione
2433 5199 2773 5255 confessores
2797 5204 2850 5250 et
2878 5192 3170 5265 psallentes
3195 5190 3353 5245 insti-

1771 5307 2013 5354 tuentur.
2043 5295 2137 5350 Vel
2165 5293 2451 5350 cxaltahor
2472 5308 2625 5361 super
2649 5289 2826 5352 caelos,
2859 5287 2927 5342 id'
2947 5295 3030 5342 est
3051 5300 3212 5354 super
3251 5299 3350 5338 an-

1767 5389 1914 5461 gelos
1943 5388 2266 5443 immortalis
2291 5395 2346 5440 et
2383 5381 2731 5454 impassibilis
2759 5379 3004 5443 ell'ectus,
3037 5379 3128 5449 qui
3153 5391 3343 5432 secun-

1769 5467 1895 5538 dum
1921 5481 2306 5536 mortalitatem
2332 5485 2387 5532 et
2425 5473 2836 5545 passibilitatem
2862 5471 3024 5542 paqu
3075 5470 3253 5524 minus
3281 5467 3350 5522 ab

1769 5576 1850 5636 eis
1871 5575 2033 5630 modo
2059 5589 2178 5628 sum
2202 5571 2528 5631 minoratus,
2555 5574 2610 5621 et
2639 5566 2720 5621 sic
2747 5566 3030 5620 instituam
3075 5561 3355 5618 confesso-

1771 5679 1860 5720 res
1891 5660 2274 5732 etpsallcntes.
2309 5654 2375 5709 Et
2403 5654 2594 5708 veritas
2617 5663 2732 5719 tua,
2761 5651 2815 5705 id
2838 5659 2923 5706 est
2947 5665 3048 5720 ego
3091 5665 3189 5720 per
3239 5661 3356 5702 em-

1772 5753 1988 5826 phasim
2017 5761 2106 5810 tua
2142 5749 2364 5817 veritas,
2393 5759 2490 5820 per
2519 5758 2681 5818 quem
2713 5739 3083 5799 veriﬂcabitur
3104 5738 3351 5811 {pruinis-
