3840 6338
536 308 674 362 lilii

1104 309 1162 363 S.
1204 308 1556 365 BllUNONlS
1593 308 2236 364 CARTHUSIANORL‘M
2281 306 2768 362 lNSTlTUTORIS
2800 306 2949 364 OPP.
2987 310 3165 368 PARS
3192 315 3229 368 Ι.

3578 318 3682 379 lem

532 420 611 473 sio
644 428 752 482 tua,
777 417 1058 472 exaltabor
1081 436 1238 488 usque
1281 420 1348 472 ad
1389 421 1547 473 nubes
1584 420 2010 485 constituendas,
2060 421 2114 474 id
2146 424 2190 477 Α
2217 419 2542 474 dicalionetn
2574 435 2725 474 suam
2760 421 2900 476 bona
2924 437 3106 492 opera,
3144 413 3500 501 suntsusceptio
3522 439 3626 503 mei,
3647 442 3687 496 id

532 519 615 563 est
670 524 838 578 usque
857 511 990 564 adeo
1040 513 1285 564 utetiam
1335 512 1657 567 constituam
1712 513 2110 581 prmdicatores.

535 599 906 666 Conlessores,
935 600 1183 669 inquam,
1224 602 1433 671 pariam
1461 612 1516 656 et
1562 603 1853 673 psallentes
1888 619 1982 673 per
2030 619 2111 658 rc-

534 695 925 747 surrectionem
951 704 1004 746 et
1025 694 1409 749 exultationem
1443 711 1636 762 meam,
1661 707 1715 751 et
1747 707 1805 751 ut
1832 697 2113 766 pariantur

535 786 784 839 exaltare
808 800 970 854 super
998 787 1166 840 cados
1193 789 1526 853 materialcs,
1551 790 1633 845 vel
1678 806 1838 860 super
1870 791 2106 860 angelos,

533 890 565 928 ο
591 878 731 929 Deus
763 875 985 929 verbum
1022 878 1152 932 tnihi
1198 879 1558 948 personaliter
1583 882 1815 935 unitum.
1847 879 1960 935 Non
1981 883 2112 937 dicit

533 966 635 1021 hoc
667 966 732 1022 de
754 966 948 1033 Verbo,
978 970 1106 1040 quin
1136 969 1367 1026 Verbum
1411 974 1528 1028 sine
1574 984 1815 1043 tempore
1855 976 1923 1030 sit
1964 975 2109 1031 Patri

534 1066 589 1112 et
618 1057 841 1127 Spiritui
874 1062 1163 1132 eomquale,
1194 1064 1284 1118 sed
1318 1076 1538 1134 propter
1592 1069 1842 1123 humanae
1904 1079 2111 1124 natura:

533 1152 873 1218 personaletn
924 1155 1175 1209 unionem
1209 1157 1662 1226 iudissolubilem,
1684 1177 1806 1231 quae
1844 1177 1999 1232 passa
2028 1174 2111 1218 est

532 1250 587 1294 ct
632 1242 885 1306 exaltata,
938 1244 1227 1313 aliquando
1282 1247 1477 1318 legitur
1499 1249 1730 1306 Verbum
1776 1269 2019 1323 passum,
2057 1263 2111 1309 ct

532 1348 693 1400 super
714 1334 880 1388 cmlos
913 1336 1230 1391 exaltatum.

605 1423 879 1491 lz'xaltare,
915 1427 1154 1497 inquatn,
1184 1448 1341 1498 super
1368 1434 1543 1499 razlos,
1580 1452 1608 1488 ο
1669 1433 1810 1491 Deus
1848 1438 2105 1505 Verbum,

532 1512 584 1565 id
605 1522 683 1567 est
715 1515 802 1569 fac
826 1533 912 1572 me
936 1520 1227 1576 lnnnanam
1260 1535 1509 1580 naturam
1539 1543 1606 1582 ex
1644 1528 1786 1594 ltari,
1811 1540 1858 1584 et
1904 1531 1981 1585 sic
2023 1548 2109 1585 su-

529 1620 622 1671 per
655 1622 857 1661 onmem
883 1619 1074 1664 (errant
1108 1622 1213 1667 tam
1242 1632 1405 1685 super
1454 1616 1669 1673 Imbros
1731 1635 1893 1689 quam
1947 1636 2109 1691 super

531 1708 718 1765 gentes
744 1700 1014 1756 esaltetur
1038 1704 1206 1773 gloria
1228 1717 1339 1773 tua,
1368 1710 1574 1763 δρίιίιθῑ
1626 1726 1724 1779 per
1755 1712 1894 1766 hanc
1954 1712 2104 1768 exal-

2213 522 2299 566 est
2319 512 2625 581 suscipiunt
2662 513 2752 567 hic
2782 528 2868 568 me
2892 530 2987 583 per
3013 518 3365 576 obedientiam
3391 536 3439 578 ct
3462 531 3686 585 conformi-

2215 611 2378 658 tatem
2402 604 2526 670 mei,
2556 603 2804 673 inquam,
2842 607 3050 675 capitts,
3075 609 3276 664 scilicet
3302 628 3445 681 quem
3482 621 3689 689 suscipere

2215 694 2410 749 debent
2472 709 2596 749 cum
2661 709 2855 750 eorum
2927 708 3085 767 caput
3130 701 3363 769 spiritale
3412 706 3516 760 sim.
3570 710 3693 767 Etut

2214 787 2593 842 universaliter
2622 803 2839 843 omnem
2865 787 3164 845 Sichimam
3185 791 3613 865 jcomprehendam.

2280 877 2423 932 Juda
2452 894 2544 932 rex
2570 888 2644 931 est
2684 895 2848 945 meus,
2880 879 2932 932 id
2970 888 3051 934 est
3084 880 3154 934 illi
3180 881 3431 939 bumerosi
3465 888 3550 942 ntei
3587 901 3692 953 sunt,

2211 969 2325 1037 qui,
2354 985 2479 1023 cum
2511 970 2620 1024 sint
2645 969 2990 1026 conlessores
3014 981 3351 1041 peccatorum
3371 990 3574 1043 suorum,
3606 993 3697 1037 sunt

2212 1060 2373 1112 etiam
2399 1075 2457 1113 se
2485 1060 2622 1114 bene
2643 1060 2917 1129 operando
2953 1070 3222 1131 regentes.
3272 1063 3378 1120 Hoc
3420 1078 3567 1122 autem
3591 1076 3695 1126 accio

2212 1149 2463 1217 piendum
2491 1158 2576 1204 est
2597 1150 2662 1204 de
2686 1150 2934 1205 ﬁdelibus
2959 1167 3021 1205 ex
3047 1150 3341 1219 Judteis,eo
3361 1157 3485 1223 quod
3513 1156 3693 1215 Siehima

2212 1236 2360 1291 locus
2387 1238 2456 1292 sit
2481 1239 2536 1293 in
2569 1237 2773 1304 Judaea,
2813 1250 2868 1293 et
2902 1238 3111 1295 Galaad
3152 1257 3321 1297 mons.
3363 1243 3593 1301 Manasses
3629 1264 3693 1302 au-

2214 1342 2318 1387 tem
2348 1342 2401 1388 et
2421 1334 2678 1403 Ephraim
2702 1343 2757 1389 et
2779 1332 2971 1399 Judas,
2997 1335 3101 1389 viri
3130 1334 3295 1392 Judtei
3343 1338 3546 1393 hierunt.
3580 1341 3696 1397 Addit

2213 1431 2392 1477 autem
2449 1424 2517 1477 de
2549 1423 2798 1479 ﬁdelibus
2832 1440 2900 1479 ex
2940 1426 3196 1494 gentibus
3218 1466 3238 1491 ,
3292 1428 3365 1481 sic
3397 1447 3411 1480 :
3445 1428 3540 1482 Non
3572 1431 3695 1485 solum

2210 1530 2354 1567 meus
2376 1524 2448 1567 est
2473 1512 2680 1568 Calaad
2701 1524 2747 1568 et
2771 1513 3046 1569 Mauasses
3072 1527 3119 1570 et
3144 1514 3408 1585 Ephraint,
3426 1519 3696 1583 sedetlloab,

2210 1607 2262 1661 id
2285 1616 2364 1662 est
2390 1607 2604 1675 gentilis
2635 1607 2882 1677 potiulns,
2915 1609 3005 1677 qui
3058 1610 3166 1664 huc
3191 1625 3354 1680 usque
3386 1610 3475 1665 fuit
3497 1611 3698 1675 esles,et

2210 1698 2326 1751 sine
2378 1697 2537 1752 Patre
2582 1697 2691 1753 Deo
2744 1715 2758 1752 :
2823 1709 2907 1754 est
2957 1699 3094 1753 lebes
3138 1701 3244 1769 spei
3278 1717 3417 1766 metr,
3445 1702 3509 1754 'id
3541 1711 3605 1756 est
3638 1718 3698 1756 re.

536 1787 789 1843 tationem
822 1793 998 1848 omnis
1031 1795 1173 1849 modi
1204 1814 1334 1867 gens
1364 1800 1429 1853 ad
1464 1801 1537 1853 tui
1561 1801 1807 1855 notitiam
1824 1803 2105 1872 veniendo,

2219 1788 2372 1843 lectio
2390 1789 2502 1859 spei
2528 1804 2660 1845 mete
2698 1805 2763 1844 ex
2792 1790 2979 1860 ipsius,
3043 1791 3256 1847 scilicet
3303 1792 3533 1849 divisione
3570 1810 3592 1847 a
3615 1809 3700 1863 per-

534 1886 585 1931 te
624 1881 790 1936 Deunt
817 1899 937 1937 esse
964 1902 1129 1956 super
1148 1905 1339 1945 omnes
1395 1902 1686 1960 cognoscat
1721 1903 1773 1947 et
1823 1894 2105 1963 gloriﬁcet.

539 1970 628 2025 Vel
665 1975 742 2028 sic
774 1994 786 2029 :
828 1976 1101 2042 Exaltare,
1134 1981 1274 2036 Deus
1305 1984 1490 2050 Pater,
1520 2001 1607 2040 me
1656 1987 1898 2041 exaltato
1951 2006 2107 2057 super

534 2064 687 2119 caelos
717 2070 1046 2136 tnalerialcs,
1088 2074 1169 2127 vel
1194 2092 1353 2145 super
1378 2077 1613 2146 angelos,
1670 2078 1877 2133 scilicet
1931 2082 2105 2135 CXIIlLI

538 2170 624 2210 tne
652 2171 816 2228 super
840 2161 1030 2227 cados,
1062 2173 1115 2218 et
1150 2182 1246 2235 per
1293 2167 1393 2221 hoc
1424 2169 1565 2236 apud
1615 2168 1859 2223 homines
1903 2170 2109 2223 exalta-

536 2246 709 2313 beris,
741 2259 795 2303 et
826 2268 910 2307 me
936 2254 1356 2326 exaltato‘super
1387 2274 1603 2313 omnem
1660 2269 1883 2324 terram,
1938 2261 2110 2331 subji-

535 2339 726 2395 ciendo
779 2344 912 2398 mihi
966 2362 1085 2400 eam
1138 2363 1235 2416 per
1284 2350 1759 2414 tidem,exaltetur
1789 2352 1957 2422 gloria
2020 2364 2109 2408 tua

535 2445 696 2499 super
718 2448 931 2488 onmem
955 2445 1179 2502 terram,
1204 2448 1260 2494 ut
1289 2448 1340 2493 te
1362 2440 1569 2495 scilicet
1596 2456 1691 2511 per
1717 2443 1822 2497 mei
1858 2442 2107 2497 notitiam

536 2524 910 2589 cognoscendo
939 2529 1122 2592 corde,
1151 2543 1246 2584 ore
1268 2529 1670 2599 gloriﬁccturet
1696 2548 1877 2601 opere.
1902 2554 1921 2586 ι
1941 2533 2111 2591 Nemo

535 2612 733 2682 quippe
783 2617 964 2672 veniet
1014 2618 1079 2672 ad
1136 2629 1190 2675 te
1238 2620 1479 2687 Patrem,
1529 2625 1632 2679 nisi
1681 2641 1777 2695 per
1808 2643 1893 2681 me
1915 2628 2109 2685 Filium

535 2704 721 2774 (Ima.
754 2723 863 2770 xrv,
893 2709 967 2780 6).
1010 2729 1029 2761 ι
1083 2711 1215 2777 Fac,
1278 2713 1524 2783 inquam,
1575 2733 1661 2773 me
1718 2735 2024 2790 resurgere,
2057 2734 2111 2779 et

524 2794 712 2861 exala
761 2812 843 2851 me
872 2815 1033 2870 super
1059 2802 1243 2869 etnlos,
1273 2815 1326 2857 ut
1360 2821 1457 2872 per
1487 2808 1588 2863 hoc
1618 2810 1791 2864 dilecti
1832 2813 1910 2865 tni
1944 2813 2109 2870 futuri

524 2885 822 2961 liberentur
871 2906 902 2944 a
959 2901 1228 2960 potestate
1287 2897 1509 2953 diaboli.
1545 2899 1612 2955 Ut
1646 2906 1914 2959 autemad
1970 2907 2111 2963 hanc

522 2976 923 3034 cxa’tatitznem
989 2983 1312 3054 pertingam,
1371 2986 1569 3041 salvum
1628 2991 1716 3059 [ac
1754 3008 1835 3046 me
1886 2995 2036 3063 prius
2080 3012 2109 3050 a

542 3077 718 3139 tuorte
748 3072 1120 3127 resnscitaudo
1145 3076 1361 3128 dextera
1391 3086 1502 3139 tua.
1540 3078 1591 3132 id
1617 3091 1700 3135 est
1730 3083 1969 3149 polentia
1998 3092 2082 3137 tua

530 3167 591 3217 et
616 3167 673 3212 ut
696 3160 876 3215 salvus
904 3163 1051 3231 ﬁam,
1079 3167 1272 3219 exaudi
1298 3184 1378 3221 me
1402 3179 1649 3225 orantem
1686 3172 1755 3227 de
1806 3174 1908 3230 hac
1935 3175 2114 3230 salva-

526 3248 708 3303 .tione.
738 3250 1004 3317 Quoniam
1024 3263 1204 3310 autem
1232 3256 1446 3313 dixerat
1475 3277 1757 3331 exsurgant
1776 3305 1790 3329 ,
1815 3274 1871 3319 et
1898 3267 2117 3335 conﬁte-

544 3338 657 3404 bor,
682 3350 736 3395 et
758 3342 1088 3399 exaltabitur
1108 3363 1266 3415 super
1294 3348 1448 3403 caelos
1503 3352 1869 3408 misericordia
1923 3366 2033 3419 tua,
2068 3370 2115 3412 et

530 3445 699 3499 usque
751 3432 820 3484 ad
852 3435 1009 3488 nubes
1035 3437 1224 3489 veritas
1254 3447 1369 3502 tua,
1400 3454 1467 3493 ne
1514 3440 1616 3496 hoc
1658 3457 1844 3497 verum
1869 3459 1991 3500 csse
2016 3446 2116 3500 du-

530 3520 834 3588 bitaretur,
860 3525 981 3579 ideo
1012 3528 1139 3595 quia
1169 3529 1707 3588 humiliteroraverat
1736 3534 1882 3590 istud
1936 3547 2120 3594 aucto-

549 3612 711 3666 ritate
737 3612 921 3681 \'crbi,
949 3618 1051 3672 sibi
1080 3619 1309 3675 interius
1340 3620 1630 3690 loquentis,
1657 3629 1977 3696 comprobat
2001 3632 2080 3685 sic
2105 3650 2118 3685 :

528 3703 670 3783 V‘Dixi
697 3745 711 3769 ,
744 3722 1040 3777 exsurgam,
1073 3728 1105 3765 o
1153 3714 1443 3777 auditores,
1469 3725 1575 3771 etc.
1608 3717 1673 3771 Et
1698 3733 1767 3773 ne
1799 3735 1983 3775 verum
2020 3722 2122 3778 hoc

532 3809 670 3869 posse
708 3796 987 3863 dubitetis,
1017 3802 1210 3857 scitote
1240 3806 1364 3872 quia
1393 3806 1532 3861 Deus
1561 3808 1782 3864 verbum
1810 3811 1968 3867 inme
1992 3828 2121 3869 san-

549 3895 638 3941 clo
674 3903 771 3942 suo
794 3890 1156 3958 personaliter
1183 3894 1421 3951 existens
1443 3897 1645 3953 locutus
1684 3911 1759 3954 est
1795 3902 1908 3957 haec
1965 3905 2117 3959 mihi.

546 3979 618 4034 Et
648 3988 773 4036 tunc
794 3997 917 4036 cum
933 3988 1508 4053 exsurgamexsultabo
1528 4031 1542 4051 ,
1577 3991 1753 4049 sciens
1775 3995 1915 4064 quod
1935 4015 1954 4048 ί
1978 4012 2123 4052 mors

554 4072 693 4126 ultra
745 4073 878 4127 mihi
927 4091 1031 4128 non
1090 4076 1458 4131 dominabitur
1486 4079 1659 4149 (Rom.
1702 4099 1779 4149 vi,
1804 4085 1877 4155 9).
1918 4106 1938 4139 ι
1976 4088 2043 4141 Et
2065 4100 2123 4143 ut

551 4165 655 4218 mei
683 4181 893 4220 mecum
957 4166 1226 4223 exsultent
1277 4169 1329 4223 in
1360 4170 1552 4224 .l‘utura
1608 4177 2002 4233 resurrectione
2067 4181 2120 4234 in

549 4257 636 4312 die
659 4260 955 4315 novissimo
970 4261 1201 4316 dividant
1224 4279 1252 4317 a
1278 4280 1455 4321 massa
1466 4267 1794 4337 perditorum
1811 4268 2120 4338 Sic/rimam,

553 4353 714 4407 idest
745 4354 1065 4410 humerosos
1117 4354 1303 4412 ﬁdeles
1339 4374 1508 4425 meos,
1540 4360 1792 4415 videlicet
1817 4362 1905 4417 hic
1939 4364 1993 4418 in
2026 4365 2123 4418 hu-

2095 3126 2184 3150 ἸἼ

2212 1881 2340 1935 ditis
2369 1881 2422 1934 in
2471 1878 2657 1936 futuro
2683 1879 2867 1936 laetitia
2901 1881 3088 1943 reﬁci;
3146 1882 3285 1938 sicut
3306 1882 3480 1951 aliquis
3511 1884 3554 1936 in
3574 1882 3703 1937 lebete

2211 1972 2370 2040 pleno
2396 1987 2566 2027 carne
2615 1972 2857 2042 qualibet
2913 1987 3067 2043 spem
3112 1974 3410 2031 refectionis
3442 1974 3588 2029 habet.
3635 1972 3705 2027 Vel

2208 2061 2327 2116 sic:
2362 2061 2518 2115 Moab
2550 2061 2707 2127 lebes,
2761 2063 2815 2118 id
2845 2072 2931 2119 est
2957 2064 3176 2133 gentilis
3200 2064 3417 2134 populus
3451 2064 3611 2117 futurus
3649 2064 3706 2117 lc.

2209 2153 2324 2218 bes,
2350 2152 2403 2206 id
2434 2162 2521 2207 est
2563 2168 2873 2224 excoquens
2919 2157 2974 2211 in
3004 2172 3067 2211 se
3092 2170 3306 2212 omnem
3340 2154 3704 2226 superﬂuitatem,

2208 2254 2266 2300 et
2296 2246 2542 2302 molliens
2571 2262 2667 2303 cor
2725 2263 2882 2304 suum
2914 2266 3012 2320 per
3034 2248 3197 2304 ﬁdem
3222 2290 3237 2313 ,
3263 2250 3442 2304 durum
3475 2248 3594 2317 prius
3636 2261 3709 2315 per

2210 2337 2582 2394 inﬁdelitatem
2611 2340 2890 2408 existens,
2922 2341 3061 2396 sicut
3095 2341 3150 2396 in
3171 2339 3343 2396 lebete
3375 2339 3478 2396 duri
3502 2339 3587 2394 cibi
3615 2337 3709 2392 mol-

2211 2428 2441 2496 liuntur,
2473 2439 2529 2486 et
2551 2432 2854 2498 superﬂuus
2888 2447 3079 2488 eorum
3108 2432 3304 2486 humor
3323 2431 3614 2501 excoquitur,
3636 2429 3735 2503 erit-

2211 2521 2319 2589 spei
2342 2538 2489 2585 mete,
2531 2522 2583 2577 id
2607 2531 2690 2577 est
2729 2523 3024 2592 pertinebit
3068 2524 3139 2578 ad
3172 2540 3319 2594 spem
3357 2537 3531 2586 meam,
3563 2520 3710 2575 scilicet

2210 2626 2360 2680 spem
2385 2612 2559 2667 habeo
2584 2627 2651 2667 ex
2676 2613 2796 2683 ejus
2816 2612 2989 2668 salute
3020 2614 3322 2668 reﬁciendi.
3353 2612 3511 2677 Moab,
3532 2612 3709 2678 inquam,

2212 2703 2315 2757 erit
2336 2702 2470 2757 lebes
2506 2703 2613 2774 spei
2642 2720 2790 2758 mete.
2836 2704 2942 2761 Per
2969 2705 3075 2760 hoc
3109 2714 3289 2759 autem
3342 2704 3463 2760 mihi
3493 2703 3617 2758 Moab
3636 2717 3706 2771 po-

2211 2794 2399 2862 pulum
2443 2793 2701 2863 gentilem
2756 2793 3093 2867 adiungam;
3120 2797 3338 2865 quodin
3366 2796 3616 2849 Idumazam
3650 2808 3712 2843 es-

2213 2885 2421 2939 tendam
2453 2885 2859 2939 calceamentum
2886 2902 3085 2952 meum,
3118 2887 3171 2942 id
3208 2887 3363 2942 estin
3392 2887 3540 2955 ipsam
3563 2882 3712 2953 plel‘em

2214 2975 2465 3046 gentilem
2506 2976 2789 3030 extendam
2820 2977 3210 3048 praedicatores
3255 2993 3416 3033 meos.
3465 2976 3542 3029 Vel
3569 2974 3716 3026 εαιίει-

2219 3078 2445 3121 mentum
2480 3068 2743 3133 meum,id
2769 3077 2851 3123 est
2884 3069 3137 3123 notitiam
3182 3068 3513 3125 humanitatis
3537 3078 3653 3125 mea,
3675 3072 3713 3115 el

2223 3174 2318 3228 per
2344 3158 2446 3213 hoc
2467 3159 2791 3230 alienigenae,
2823 3159 2875 3214 id
2903 3169 2985 3215 est
3015 3161 3250 3231 gentiles
3277 3161 3363 3231 qui
3397 3167 3507 3214 sunt
3525 3155 3717 3222 alienige-

2216 3268 2322 3317 nae,
2359 3253 2410 3307 id
2440 3264 2523 3309 est
2562 3254 2722 3308 alieni
2745 3269 2775 3307 a
2809 3268 2896 3309 me
2926 3254 3263 3309 inimicando
3300 3254 3420 3307 mihi
3458 3267 3540 3322 per
3580 3246 3715 3302 inﬁde

2221 3344 2424 3399 litatem
2452 3346 2612 3400 amici
2645 3345 2773 3415 facti
2803 3357 2949 3412 sunt,
2982 3346 3033 3401 id
3057 3355 3146 3401 est
3189 3347 3321 3401 mihi
3348 3345 3468 3398 ﬁent
3503 3340 3629 3395 amici
3652 3351 3718 3406 per

2219 3435 2401 3490 ﬁdem.
2430 3434 2606 3501 Moab,
2654 3445 2710 3491 et
2756 3436 3012 3504 ldumaea,
3054 3445 3109 3491 et
3146 3436 3450 3507 alienigenae
3477 3433 3593 3486 idem
3616 3436 3717 3481 sunt.

2221 3527 2401 3593 Quare
2431 3542 2558 3584 vero
2584 3527 2967 3595 prmdicatores
3008 3536 3064 3582 et
3118 3528 3419 3582 immanitas
3444 3520 3612 3578 Christi
3645 3517 3720 3569 cal-

2220 3625 2560 3673 ceamentum
2600 3616 2943 3682 dicantur,et
2971 3630 3144 3685 quare
3175 3615 3325 3687 plebs
3343 3611 3535 3683 gentilis
3552 3608 3721 3663 ldum:

2224 3710 2277 3764 in
2308 3708 2575 3778 psahnum
2632 3724 2723 3764 Lnt
2775 3717 2860 3763 est
2909 3718 3218 3774 ostensum,
3276 3715 3327 3762 et
3369 3698 3720 3777 quandoquidem

2223 3810 2512 3870 antequam
2536 3800 2590 3855 in
2632 3800 2923 3854 ldumaeam
2963 3800 3301 3869 perveniam,
3328 3804 3522 3867 oportet
3553 3805 3623 3886 me

2223 3893 2346 3948 duci
2370 3893 2424 3947 in
2455 3893 2728 3950 civitatem
2790 3891 3072 3945 munitam,
3105 3890 3238 3956 Quis
3285 3888 3486 3943 deducet
3514 3899 3580 3938 me
3604 3882 3645 3933 in
3667 3882 3723 3929 ti-

2225 3985 2429 4039 vitalem
2460 3984 2739 4048 munitam,
2765 3982 2816 4037 id
2844 3990 2930 4037 est
2957 3982 3084 4051 quis
3104 3982 3337 4036 deducet
3371 3978 3579 4032 animam
3597 3982 3723 4026 nteant

2225 4076 2466 4134 localiter
2489 4075 2540 4129 in
2571 4073 2864 4139 infernum,
2899 4085 2959 4127 ut
2982 4072 3107 4127 inde
3133 4072 3318 4128 ﬁdeles
3333 4084 3470 4125 meos
3490 4062 3724 4158 extraham.

2223 4178 2277 4224 et
2312 4169 2607 4239 principem
2638 4166 2979 4221 tenebrarum
3028 4164 3298 4229 vinciam;
3346 4172 3399 4217 et
3423 4161 3493 4215 sic
3519 4166 3619 4226 pOSl
3644 4164 3725 4219 qm

2223 4263 2438 4317 deducet
2464 4275 2565 4324 me,
2597 4259 2649 4312 id
2675 4266 2760 4313 est
2783 4257 2885 4312 mei
2927 4256 3178 4311 notitiam
3216 4271 3374 4321 usque
3410 4253 3460 4305 in
3478 4249 3726 4304 Idumam.

2225 4353 2277 4408 id
2308 4360 2394 4407 est
2417 4365 2587 4420 usque
2611 4349 2664 4403 in
2694 4348 2905 4417 plebem
2938 4346 3233 4417 gentilem?
3259 4343 3442 4399 Nonne
3465 4350 3515 4393 tu
3542 4337 3651 4391 Deus
3669 4344 3728 4383 me

551 4448 716 4503 meris
738 4448 920 4504 cordis
947 4446 1137 4519 jugum
1176 4460 1565 4520 praeceptorum
1606 4468 1850 4509 meorum
1896 4456 2115 4514 ﬁdenter

2228 4444 2478 4508 deduces,
2502 4444 2590 4513 qui
2619 4440 2854 4511 repulisti
2897 4457 3010 4506 nos,
3068 4438 3120 4493 id
3175 4446 3258 4494 est
3285 4437 3373 4508 qui
3404 4436 3535 4489 visus
3557 4435 3729 4521 esmctis

555 4538 877 4607 deferentes,
904 4551 951 4595 et
982 4542 1247 4610 dimetiar,
1275 4543 1325 4598 id
1354 4553 1438 4599 est
1465 4546 1714 4617 colligam
1746 4563 1775 4602 a
1803 4548 2124 4607 damnandis

552 4632 834 4686 convallem
863 4634 1344 4701 tabernaculorum,
1371 4637 1422 4691 itl
1450 4646 1533 4692 est
1579 4639 2124 4710 tabernaculantium,

556 4724 765 4778 scilicet
794 4726 915 4779 illos
942 4726 1259 4783 humerosos
1282 4728 1559 4799 colligam,
1607 4739 1667 4785 ut
1708 4747 1921 4788 meeum
1944 4736 2126 4790 exsul-

559 4824 694 4879 tent,
723 4815 812 4885 qui
843 4831 968 4871 cum
1028 4818 1135 4871 sint
1162 4819 1215 4873 in
1242 4820 1606 4886 tabernaculo,
1634 4824 1685 4877 id
1722 4833 1806 4879 est
1845 4825 1897 4879 in
1936 4826 2129 4882 militia

559 4914 947 4974 prteeeptorum
981 4921 1243 4974 meorum,
1275 4912 1535 4966 convallis
1558 4922 1704 4981 sunt,
1732 4916 1783 4969 id
1813 4924 1897 4971 est
1950 4918 2129 4971 humi-

554 4996 665 5058 les;
698 4995 814 5049 sine
840 4995 1142 5050 lmmilitate
1171 5000 1370 5068 quippe
1426 5002 1820 5060 infructuosum
1878 5016 1963 5061 est
2020 5008 2129 5061 Deo

558 5086 817 5140 militare.
870 5085 937 5139 Et
992 5086 1114 5141 ideo
1150 5088 1379 5143 dividam
1444 5093 1760 5151 humerosos
1810 5114 1839 5150 a
1880 5098 2125 5168 perditis.

560 5178 687 5246 quia
711 5194 855 5232 meus
894 5188 968 5233 est
996 5177 1224 5244 Galaad,
1255 5180 1306 5233 id
1332 5196 1415 5236 εει
1443 5184 1570 5238 mihi
1598 5187 1812 5243 deditus
1843 5199 1925 5244 est
1979 5207 2130 5243 accr-

556 5286 647 5324 vus
703 5271 1004 5338 testimonii,
1027 5271 1233 5327 scil'cet
1279 5275 1626 5344 congregatio
1682 5289 1982 5347 martyrum
2039 5281 2127 5349 qui

561 5359 802 5415 Siehima
831 5372 978 5417 sunt.
1005 5362 1070 5416 Et
1099 5379 1243 5419 meus
1266 5374 1340 5418 est
1360 5363 1653 5429 Manasses,
1690 5367 1740 5421 id
1770 5378 1849 5422 est
1874 5370 1978 5424 mei
2006 5379 2131 5423 sunt

556 5451 633 5505 illi
658 5451 1086 5521 humerosi,qui,
1113 5462 1167 5508 et
1194 5455 1236 5507 si
1261 5470 1367 5510 non
1397 5463 1521 5510 sunt
1552 5454 1779 5521 Galaad,
1810 5457 2133 5513 sallemMa-

557 5560 745 5601 nasses
772 5552 919 5609 sunt,
944 5545 1090 5600 ilest
1115 5546 1494 5602 obliviscentes
1520 5545 1680 5617 5.37
1709 5556 1944 5611 terrena,
1966 5558 2019 5604 et
2034 5564 2131 5603 ex-

560 5638 840 5693 tendentes
869 5653 927 5692 se
949 5637 1016 5691 ad
1073 5645 1298 5703 arterna,
1338 5650 1384 5693 et
1431 5640 1504 5694 illi
1548 5637 1824 5694 hunterosi
1876 5638 1966 5708 qui
2008 5651 2133 5695 sunt

561 5727 812 5797 rip/traha
839 5727 1249 5795 fructiﬁcantes,
1285 5738 1335 5805 ct
1370 5731 1422 5786 in
1446 5746 1504 5787 se
1528 5739 1580 5786 et
1609 5730 1663 5786 in
1701 5728 1822 5784 aliis
1852 5745 1950 5799 per
1991 5747 2129 5805 prte-

2230 4536 2489 4606 repulisse
2527 4534 2746 4605 agratia
2783 4542 2897 4595 tua,
2939 4531 3190 4586 faciendo
3249 4528 3495 4584 mortales
3513 4531 3561 4577 et
3598 4529 3728 4613 pasa-

2228 4631 2395 4686 biles?
2420 4629 2531 4685 lloc
2565 4639 2744 4683 autem
2769 4643 2836 4682 ex
2859 4627 3023 4681 nimia
3046 4624 3332 4681 alfcctione
3357 4623 3429 4678 sic
3458 4618 3727 4703 interrollai‘.‘

2228 4737 2294 4777 ve
2316 4722 2551 4792 ponitur.
2602 4720 2666 4773 Et
2704 4726 2787 4774 est
2842 4717 3195 4788 mquipollens
3254 4730 3318 4770 ac
3366 4715 3408 4767 si
3462 4696 3732 4765 dicerem“

2230 4816 2488 4871 Idumaeos
2542 4811 2672 4866 mihi
2703 4810 2990 4879 adiungam
3019 4825 3035 4864 :
3064 4816 3118 4861 tu
3153 4807 3326 4869 Deus,
3359 4803 3444 4874 qui
3491 4809 3615 4854 meos
3665 4802 3732 4858 per

2231 4907 2400 4961 Adam
2433 4900 2698 4972 rcpulisti,
2729 4900 2901 4956 deduc
2926 4915 3011 4954 me
3032 4898 3184 4969 prius
3212 4900 3266 4953 in
3291 4896 3541 4952 infernum
3564 4886 3619 4940 ad
3641 4892 3730 4935 cum

2231 4996 2662 5069 exspoliandnm,
2697 5002 2752 5049 et
2779 4993 3053 5048 diabolum
3084 4990 3446 5051 vinciendum,
3472 4991 3534 5078 et
3564 4979 3628 5078 sic

2234 5095 2287 5147 in
2321 5091 2604 5146 ldumaeam
2661 5100 2749 5141 me
2810 5084 3062 5140 deduces.
3100 5083 3306 5139 Civitas
3342 5077 3534 5133 nmnita
3588 5070 3733 5123 dicitur

2234 5182 2515 5245 infernus,
2574 5194 2640 5233 eo
2665 5176 2809 5247 quod
2868 5174 3119 5231 omnibus
3175 5172 3399 5228 interius
3449 5154 3731 5220 existentibus

2233 5272 2462 5331 diﬁicilis
2486 5272 2557 5327 sit
2575 5271 2642 5324 ad
2663 5269 2990 5334 exeundum,
3010 5267 3147 5322 sicut
3170 5265 3358 5322 civitas
3387 5263 3514 5316 bene
3534 5252 3677 5309 clausa
3694 5252 3733 5293 ει

2236 5364 2442 5420 munita
2478 5361 2651 5431 captis
2696 5358 2943 5415 hostibus
2976 5356 3158 5429 gravis
3196 5363 3280 5411 est
3309 5352 3373 5407 ad
3401 5337 3730 5446 egrediendum:

2235 5455 2387 5523 Quod
2416 5424 2824 5524 dicit-repulisti,
2852 5468 2944 5507 nos
2973 5424 3032 5504 se
3058 5447 3313 5505 membris
3333 5444 3439 5501 suis
3460 5424 3732 5524 adiungendi?

2234 5522 2299 5603 cx
2362 5546 2528 5603 nimia
2584 5522 2871 5600 dilectione
2918 5541 3215 5611 facit,qnia
3258 5535 3488 5593 membra
3534 5534 3581 5583 et
3614 5522 3731 5585 ετψυί

2235 5640 2484 5696 Christus
2523 5654 2687 5693 unum
2719 5643 2862 5693 sunt.
2888 5634 2952 5689 Et
2984 5630 3408 5703 quandoquidem
3455 5623 3730 5716 IlICOSIWlfn'

2240 5733 2344 5790 listi
2376 5731 2631 5807 mortales
2652 5741 2705 5787 et
2736 5727 3021 5803 passibilcs
3058 5723 3317 5787 faciendo,
3371 5727 3423 5776 et
3470 5714 3517 5767 in
3562 5714 3624 5763 eis
3654 5716 3729 5753 Hr-
