3840 6338
183 347 316 402 19ιῖ

1126 333 1486 394 EXPOSITIO
1525 331 1590 390 IN
1627 329 1966 389 PSAMIOS.
1991 329 2264 386 —---PS.—\I..
2309 332 2485 387 (IVilI.

3309 337 3446 394 I'ZIS

179 470 325 517 tetes
380 455 666 510 interiores
696 451 1060 509 debilitando:
1087 468 1212 515 non,
1245 451 1296 506 id
1325 460 1408 505 est
1435 465 1612 504 nonne
1663 464 1757 502 ex-
1788 455 1833 510 Λ
1864 448 1962 502 sub
1988 447 2137 516 pacis
2158 446 2346 500 osculo
2368 446 2623 516 prodidit,
2651 447 2742 516 qui
2769 447 2834 500 ad
2865 447 2981 516 ejus
3035 452 3439 520 Oppressionem

181 553 276 605 ibis
301 549 442 603 Deus
467 550 520 602 in
547 547 819 602 virtutibus
838 547 1046 608 nostris,
1072 545 1123 598 id
1151 552 1235 600 est
1265 557 1442 598 nonne
1464 541 1646 596 venies
1669 555 1763 610 per

175 641 415 712 gratiam
448 642 499 695 in
522 639 726 694 auailio
757 639 1016 692 virtutum
1059 635 1344 690 meorum?
1371 634 1567 703 Utique
1587 631 1763 687 exibis

179 735 234 787 in
265 732 472 787 auxilio
515 731 774 784 virtutum
803 742 1065 792 meorum,
1093 741 1161 780 ne
1183 741 1211 779 a
1251 726 1465 781 diabolo
1505 737 1766 793 superen-

183 833 310 892 tur,
357 819 767 878 asimilitudine
811 817 1018 873 strenui
1073 815 1427 879 auxiliatoris,
1483 814 1575 885 qni
1637 827 1762 866 cum

181 913 455 982 aitquibus
500 911 568 966 ad
631 911 829 966 bellum
854 918 1043 965 contra
1102 908 1287 963 hostes
1339 907 1665 962 exeuntibus
1707 903 1762 958 in

183 1002 448 1058 auxilium
479 1002 608 1060 exit.
639 1000 844 1063 Exibis,
895 1000 1136 1068 inquam,
1167 999 1240 1053 ita
1267 1005 1444 1052 tamen
1473 1005 1534 1050 ut
1569 995 1764 1050 multas

182 1094 564 1148 triliulattones
591 1107 739 1147 meos
783 1100 1032 1163 oporteat
1081 1090 1211 1162 pati,
1243 1106 1364 1160 quae
1391 1090 1472 1145 eis
1509 1097 1667 1143 erunt
1698 1088 1764 1142 ad

179 1185 447 1238 auxilium
499 1198 713 1238 corona:
751 1183 1130 1254 adipiscend'e.
1194 1182 1352 1236 Etita
1397 1180 1468 1236 sit
1527 1179 1764 1234 concedo

179 1285 239 1328 ut
277 1274 630 1344 multiplicem
679 1273 1079 1329 tribulationem
1124 1274 1444 1334 sustineant,
1473 1272 1620 1327 etde
1649 1269 1763 1340 ipsa

167 1363 520 1418 .tribulatione
545 1363 615 1415 da
650 1363 814 1425 nobis,
842 1363 896 1418 id
918 1371 1001 1418 est
1064 1363 1200 1417 meis
1251 1362 1530 1428 auxilium,
1560 1360 1766 1416 scilicet

179 1453 266 1506 fac
293 1462 352 1506 ut
385 1452 498 1521 ipsa
524 1452 798 1508 tribulatio
816 1455 884 1508 sit
913 1454 992 1508 eis
1021 1453 1086 1506 ad
1115 1453 1374 1508 auxilium
1407 1467 1624 1507 corona:
1651 1451 1766 1504 adi-

167 1545 473 1612 piscendae.
507 1544 628 1600 Ideo
653 1560 782 1598 vero
803 1547 1039 1600 concedo
1073 1555 1129 1600 ut
1173 1546 1449 1615 patiantur
1480 1545 1605 1613 quia
1641 1558 1765 1598 cor-

175 1647 346 1702 porea
374 1642 430 1686 et
461 1633 717 1688 continua
743 1633 886 1687 salus
923 1633 1146 1686 hominis
1209 1648 1342 1687 uana
1393 1641 1498 1698 cst,
1561 1632 1768 1687 scilicet

169 1723 574 1780 infructuosum
604 1735 708 1793 est,
737 1735 790 1781 et
819 1727 997 1794 potius
1019 1727 1086 1779 ad
1136 1726 1543 1788 detrimentum,
1579 1734 1636 1778 ut
1661 1725 1760 1777 ali-

1865 552 1928 591 os
1959 537 2188 606 aperuit,
2247 553 2367 592 cum
2392 537 2526 590 dixit
2561 553 2574 588 :
2604 556 2621 588 ι
2656 537 2794 604 Quid
2823 539 2981 594 vultis
3041 542 3170 597 mihi
3208 543 3340 599 dare
3386 555 3441 599 ct

1863 641 1964 698 ego
1983 629 2137 682 vobis
2161 643 2286 682 cum
2334 629 2576 682 tradam?
2612 649 2630 681 ι
2658 628 2873 697 (Matth.
2920 646 3050 697 xxv,
3077 634 3190 703 15.)
3223 634 3316 696 Os.
3366 637 3446 690 itt-

1864 735 2048 789 quam,
2079 720 2248 775 dolosi
2275 735 2438 789 super
2461 735 2544 774 me
2569 720 2864 788 aperietur,
2895 730 2950 774 et
2985 738 3092 776 non
3117 725 3288 779 solum
3313 727 3438 790 hee,

1865 812 1959 866 sed
1984 811 2145 866 etiam
2184 810 2354 864 Judaei
2416 811 2614 881 quibus
2640 811 2754 880 ipse
2782 827 2868 865 me
2899 813 3073 867 tradet
3119 814 3440 881 locutisnnt,

1865 904 1916 958 id
1939 911 2022 958 est
2042 904 2354 973 priusquam
2380 903 2460 956 eis
2485 903 2666 956 tradar
2699 901 3008 971 loquentur,
3035 903 3212 972 lingua
3237 906 3440 965 dolosa.

1866 996 2134 1050 dicendo:
2175 1013 2194 1046 ‹
2227 993 2501 1064 Magister,
2567 996 2768 1048 scimus
2817 995 2941 1062 quia
2973 1010 3134 1049 verax
3172 995 3445 1068 cs(.-Ilurc.

1865 1103 1963 1150 xu,
1997 1086 2107 1156 14).
2144 1105 2162 1137 ι
2198 1094 2406 1150 etc.,et
2452 1087 2552 1140 hoc
2581 1088 2853 1139 adversum
2898 1103 2996 1149 me,
3031 1087 3080 1141 id
3111 1096 3196 1142 cst
3229 1090 3296 1144 ad
3345 1091 3446 1145 hoc

1861 1177 2049 1232 dolose
2087 1177 2394 1247 loquentur,
2419 1194 2477 1232 ut
2504 1177 2822 1246 deceptione
2863 1193 2982 1240 sua,
3025 1179 3154 1232 mihi
3195 1192 3445 1235 nocean'.

1867 1268 1932 1321 Et
1961 1283 2066 1322 non
2097 1269 2269 1324 solum
2313 1267 2496 1322 dolose
2521 1268 2808 1320 adversum
2865 1283 2950 1320 me
3000 1267 3304 1335 loquentur,
3354 1272 3445 1324 sed

1863 1369 1911 1412 et
1948 1361 2267 1413 sermonibus
2291 1361 2399 1414 odii
2420 1349 2866 1412 circumdederunt
2893 1374 2994 1420 me,
3023 1360 3072 1412 id
3107 1368 3190 1412 est
3216 1376 3246 1414 c
3270 1376 3451 1415 reum-

1865 1449 2092 1516 dabunt,
2124 1451 2332 1505 Scilicet
2363 1459 2442 1503 tot
2472 1465 2687 1503 amaros
2731 1465 3013 1504 sermones
3045 1450 3451 1520 designantibus

1863 1540 2048 1593 odium
2071 1539 2350 1596 etfuudent
2400 1541 2454 1594 in
2507 1555 2618 1604 me,
2650 1547 2706 1594 ut
2741 1548 2881 1594 totus
2913 1555 3009 1608 per
3036 1542 3336 1609 emphasim
3369 1544 3452 1596 vi-

1865 1631 1995 1686 dear
2017 1645 2086 1686 ex
2132 1632 2216 1686 his
2244 1633 2612 1690 circumdatus
2667 1648 2721 1692 et
2750 1639 3208 1695 circumvallatos.
3270 1641 3448 1696 Dolosi

1865 1722 2064 1792 quippe
2085 1737 2364 1780 sermones
2390 1727 2571 1780 odium
2599 1745 2704 1783 non
2745 1731 3046 1801 des'gnaut,
3081 1734 3174 1787 sed
3207 1747 3448 1788 amorem

165 1815 298 1881 quis
326 1815 503 1869 salute
535 1827 747 1871 terrena
798 1817 1053 1870 continue
1080 1815 1247 1886 438
1276 1825 1478 1869 utatur.
1515 1835 1534 1866 ι
1557 1815 1764 1884 Flagel-
1801 1815 1840 1873 Β
1872 1814 2223 1869 mentiuntur.
2257 1816 2372 1872 Non
2397 1819 2569 1873 solum
2599 1829 2778 1875 autent
2832 1822 2946 1878 haec
2984 1821 3204 1886 facient,
3257 1826 3352 1878 sed
3401 1837 3449 1878 et

173 1905 421 1959 lateuim
478 1909 618 1962 Deus
663 1921 881 1962 onmem
934 1906 1101 1960 filium
1157 1921 1316 1975 quem
1372 1906 1563 1974 recipit
1605 1905 1763 1975 (lleb.

169 2011 270 2063 xu,
303 1999 381 2068 ὃ).
416 2019 436 2051 ι
472 1999 622 2055 Facit
660 2009 840 2054 autem
900 1998 1284 2069 apostropham
1349 1998 1415 2052 ad
1465 1998 1759 2060 auditores,

169 2092 238 2144 ad
268 2106 468 2146 eorum
497 2093 936 2156 instructionem,
957 2093 1035 2146 sic
1060 2108 1074 2146 :
1104 2091 1307 2154 Exibit,
1329 2090 1570 2159 inquam.
1597 2090 1762 2155 Deus,

165 2181 222 2235 in
250 2183 554 2238 virtutibus
578 2199 844 2251 meorum,
873 2199 906 2238 ο
933 2182 1229 2247 auditores,
1248 2191 1302 2236 et
1331 2197 1426 2252 per
1462 2183 1632 2236 hocin
1661 2181 1764 2235 Deo

172 2273 413 2328 firmiter
440 2275 648 2330 fundati
693 2285 750 2330 et
781 2274 950 2329 innixi
997 2274 1249 2344 faciemus
1273 2275 1539 2339 virtutem,
1587 2273 1638 2328 id
1685 2283 1767 2329 est

169 2366 274 2419 mei
302 2365 511 2421 facient
535 2367 794 2438 quidquid
819 2367 1010 2422 attinet
1034 2366 1101 2422 ad
1125 2367 1402 2430 virtutem,
1431 2365 1568 2421 bona
1600 2382 1764 2436 opera

169 2457 534 2522 scilicet;ch
576 2456 778 2513 facient
823 2459 1104 2522 virtutem,
1144 2457 1196 2512 id
1235 2465 1317 2512 est
1353 2455 1546 2511 fortem
1597 2465 1674 2521 et,
1709 2467 1763 2511 ut

167 2547 244 2600 ita
299 2549 506 2615 dicam,
535 2550 834 2605 virtuosam
873 2550 1155 2605 victoriam
1189 2549 1257 2603 de
1305 2549 1556 2604 omnibus
1587 2550 1764 2603 hosti-

171 2640 271 2694 bus
304 2640 611 2697 visibilibus
637 2651 691 2697 et
717 2642 1092 2708 invisibilibus,
1122 2652 1168 2697 et
1201 2643 1308 2712 ipse
1333 2643 1472 2697 Deus
1495 2643 1581 2712 qui
1617 2658 1766 2698 meos

159 2728 219 2782 «in
257 2729 438 2783 Adam
476 2732 687 2801 repulit,
739 2733 808 2784 ad
851 2731 1071 2785 nihilum
1124 2729 1372 2786 ellicacite
1421 2733 1636 2786 deducet
1666 2734 1766 2787 in:-

167 2821 333 2874 mfcos
381 2834 606 2888 nostros,
635 2824 789 2878 idest
835 2823 1082 2878 inimicos
1115 2839 1358 2879 meorum
1401 2826 1468 2880 ad
1534 2825 1634 2879 hoc
1671 2841 1766 2894 per

165 2910 437 2964 auxilium
471 2913 725 2982 potentia:
762 2913 992 2967 deducet
1043 2921 1152 2966 tam
1182 2913 1428 2968 visibiles
1459 2929 1624 2982 quam
1682 2915 1763 2968 in-

165 3001 441 3066 visibiles,
465 3011 525 3056 ut
555 3003 685 3058 nihil
712 3003 814 3059 loci
847 3003 1045 3058 habeat
1073 3004 1126 3058 in
1149 3003 1230 3059 eis
1258 3003 1498 3059 assultus
1524 3004 1759 3074 ipsorum

167 3094 544 3149 inimicorum.

647 3187 709 3240 ΙΝ
753 3185 1083 3243 ΡΞΑιιΜυΜ
1114 3187 1288 3243 CVIII.

235 3275 460 3330 Titulus
481 3278 759 3333 centesimi
783 3279 978 3334 octavi.
1013 3279 1080 3334 In
1104 3281 1262 3348 finem
1286 3279 1532 3334 Psalmus
1566 3281 1755 3334 David.

163 3367 326 3434 Quod
350 3367 661 3438 exponitur.
686 3369 935 3426 Psalmus
968 3372 1068 3427 iste
1099 3373 1454 3428 ascribcndus
1484 3382 1564 3428 est
1592 3373 1758 3427 David

159 3461 394 3515 Christo
425 3463 664 3518 tendenti
718 3465 770 3518 in
795 3464 978 3533 ﬁnem,
1007 3465 1060 3519 id
1083 3473 1166 3520 cst
1204 3465 1256 3518 in
1302 3465 1594 3534 petfectam
1631 3481 1760 3520 coa-

159 3552 590 3608 summationem
639 3555 1067 3611 immortalitatis
1095 3564 1149 3612 et
1201 3555 1672 3627 impassibilitatis.
1701 3557 1756 3611 la

161 3642 274 3698 hoc
305 3644 452 3697 enim
483 3645 693 3714 psalmo
718 3644 969 3702 Christus
993 3647 1160 3702 Deum
1188 3646 1406 3702 Patrem
1437 3657 1579 3714 orat,
1617 3656 1676 3701 ut
1703 3661 1760 3702 se

165 3750 340 3804 quem
371 3735 572 3792 inimici
599 3739 681 3793 sui
735 3738 1042 3809 deprimere
1101 3740 1372 3807 nituntur,
1435 3741 1757 3796 laudabiles:

161 3829 428 3882 Ostendat
466 3831 858 3897 rcsnscitando,
885 3831 1246 3888 immortalem
1291 3843 1343 3888 et
1372 3833 1758 3905 impassiblcm

161 3917 444 3984 faciendo,
482 3929 535 3974 et
589 3923 847 3976 mundum
890 3923 992 3978 sibi
1025 3922 1380 3992 subjicienda.
1432 3926 1557 3996 Agit
1595 3925 1757 3980 etiam

163 4012 228 4066 de
255 4011 577 4067 earumdem
609 4013 951 4069 inimicorum
987 4015 1295 4083 dolositate,
1324 4015 1448 4070 odio
1494 4024 1550 4071 et
1588 4015 1760 4084 impu-

161 4101 451 4170 gnatione.
508 4102 575 4157 Et
635 4106 953 4160 concessivc
1003 4108 1114 4178 agit
1149 4109 1216 4162 de
1240 4123 1428 4163 eorum
1475 4107 1757 4179 multiplici

163 4193 543 4250 damnatione.
572 4195 699 4266 Agit
734 4198 957 4268 insuper
982 4199 1050 4253 de
1071 4214 1293 4254 suorum
1331 4200 1674 4256 confessione
1705 4211 1760 4256 et

161 4280 354 4347 laude,
383 4283 679 4341 hocautem
712 4301 775 4341 ea
800 4287 1098 4344 intentione
1126 4288 1256 4344 facit
1278 4299 1338 4344 ut
1379 4307 1474 4360 per
1491 4292 1595 4347 hoc
1614 4291 1758 4362 quod

160 4385 306 4441 orat,
353 4389 413 4430 se
435 4390 554 4431 esse
609 4393 798 4434 verum
848 4380 1120 4436 hominem
1175 4386 1457 4451 ostendat;
1509 4401 1606 4455 per
1656 4386 1759 4440 hoc

163 4481 293 4522 vero
328 4467 476 4536 quod
501 4481 686 4523 eorum
717 4471 950 4526 ostendit
973 4473 1378 4530 damnationem
1406 4477 1755 4547 multiplicem

161 4567 216 4612 et
247 4574 480 4614 suorum
504 4560 900 4619 confessionem
955 4574 1011 4620 et
1057 4565 1272 4622 laudem
1293 4609 1306 4633 ,
1335 4584 1393 4624 se
1421 4571 1585 4624 Deum
1635 4585 1756 4627 esse

162 4650 592 4707 demonstratct
615 4655 1062 4724 omnipotentem.
1090 4656 1218 4728 Agit
1255 4660 1417 4714 etiam
1462 4677 1525 4715 ea
1584 4663 1757 4718 inten-

164 4737 316 4794 tione
348 4739 415 4794 de
440 4740 778 4798 inimicorum
807 4745 1157 4804 danmatione
1209 4757 1270 4801 ut
1317 4749 1454 4806 alios
1485 4761 1759 4808 exterreat

161 4832 229 4886 ab
269 4848 468 4888 eorum
489 4833 886 4891 conformitate.

229 4922 384 4976 Deus
410 4920 589 4988 Pater,
628 4923 838 4980 laudem
868 4943 1035 4982 nteant
1064 4945 1126 4982 ne
1159 4930 1384 4984 tacueris
1445 4932 1654 4988 scilicet
1695 4949 1761 4990 ne

162 5012 460 5080 permittas
511 5014 676 5068 taceri
716 5015 926 5072 laudem
981 5033 1177 5074 meam.
1213 5019 1365 5087 Quod
1405 5032 1488 5077 est
1534 5024 1753 5080 dicere:

157 5105 273 5159 Fac
306 5104 655 5161 manifestum
702 5124 800 5179 per
821 5116 1274 5168 resurrectionem
1311 5131 1484 5170 meam
1511 5126 1566 5172 et
1595 5120 1760 5173 tot'us

159 5197 353 5252 mundi
381 5198 772 5267 subjectionem
819 5218 906 5258 me
954 5219 1344 5275 usquequaque
1369 5221 1490 5262 esse
1514 5207 1758 5263 laudabi-

159 5289 287 5345 lem.
316 5289 435 5345 Iloc
456 5300 641 5348 autem
674 5279 734 5349 ea
762 5296 1051 5352 occasione
1075 5312 1195 5362 oro,
1217 5300 1340 5368 quia
1367 5315 1424 5352 os
1447 5300 1754 5367 peccatoris,

159 5383 620 5449 antonomastice,
673 5395 721 5439 et
779 5402 836 5439 os
865 5384 1066 5452 dolosi,
1100 5388 1557 5455 antonomastice,
1605 5389 1757 5445 Judat

158 5470 371 5529 scilicet
398 5484 635 5543 apertum
665 5485 740 5531 est
776 5495 932 5548 super
961 5495 1062 5544 me,
1118 5480 1170 5534 id
1219 5490 1303 5536 est
1360 5481 1636 5551 aperietur
1689 5482 1756 5536 ad

158 5566 268 5624 hoc
289 5576 348 5623 ut
374 5571 647 5639 opprimat
700 5588 806 5627 me.
848 5573 1110 5628 Peccator
1137 5574 1335 5645 quippe
1389 5590 1486 5645 per
1530 5583 1758 5629 antono-

162 5661 397 5714 masiam
423 5659 828 5727 Judasdicitur,
879 5678 944 5718 eo
992 5664 1134 5734 quod
1173 5664 1454 5719 Dominum
1502 5674 1557 5721 et
1593 5665 1760 5735 magi-

167 5758 346 5806 strum
371 5767 528 5814 suum
553 5754 791 5810 tradidit.
825 5754 1050 5814 Dolosus
1099 5755 1285 5824 etiam,
1335 5771 1401 5813 eo
1454 5757 1596 5828 quod
1627 5771 1751 5812 eum

1865 1921 2288 1977 expugnaverunt
2319 1927 2414 1972 me,
2449 1912 2498 1965 id
2520 1923 2603 1965 cst
2643 1914 3036 1983 impugnabuut
3072 1931 3179 1981 me,
3235 1925 3290 1971 et
3338 1917 3452 1970 hla‘

1865 1999 2126 2067 sphemiis
2158 2001 2669 2057 cttrilutlationihus
2698 2005 2902 2070 multis,
2949 2015 3217 2074 quatenus
3257 2022 3342 2061 me
3372 2009 3450 2062 sic

1867 2099 2196 2158 expugnent,
2241 2093 2461 2161 utquod
2511 2108 2698 2146 verum
2733 2103 2833 2158 est,
2873 2111 2958 2150 me
2987 2110 3184 2165 negare
3227 2097 3446 2159 faciant,

1865 2182 2072 2237 scilicet
2101 2182 2194 2238 Dei
2227 2183 2421 2238 Filium
2473 2199 2612 2242 csse.
2652 2187 3064 2258 Itnpngnabuut,
3124 2191 3366 2260 inquam,
3397 2201 3451 2244 et

1869 2276 1969 2330 hoc
1997 2276 2182 2344 gratis,
2212 2275 2262 2329 id
2293 2283 2378 2330 est
2406 2276 2524 2330 siue
2553 2281 2842 2333 occasione
2870 2289 2961 2333 aut
2991 2281 3108 2334 ιιιΙί
3140 2292 3264 2347 ate;
3307 2284 3450 2352 quod

1863 2375 1945 2422 est
1973 2365 2188 2436 quidem
2213 2367 2432 2438 gravius
2454 2383 2615 2436 quam
2645 2369 2688 2422 si
2723 2371 2892 2440 gratis
2915 2386 3020 2425 non
3039 2371 3299 2428 facerent.
3335 2373 3447 2427 Non

1869 2457 2239 2511 tantummodo
2271 2473 2399 2512 vero
2431 2459 2615 2513 dolose
2637 2469 2692 2514 et
2720 2461 2906 2517 odiose
2936 2461 3227 2532 loquentur
3267 2465 3451 2519 adver-

1863 2566 2113 2611 summe,
2155 2549 2320 2603 sedet
2343 2549 2708 2616 detrahebant,
2734 2552 2784 2605 id
2808 2562 2894 2606 cst
2919 2553 3207 2608 dctrahcnt
3251 2555 3304 2608 in
3362 2569 3454 2609 oc-

1865 2643 2012 2697 culto
2037 2641 2164 2694 mihi
2183 2657 2277 2710 pro
2305 2657 2366 2694 eo
2388 2643 2526 2711 quod
2557 2643 2815 2698 deberent
2846 2643 2950 2698 tale
2999 2645 3128 2714 quid
3161 2646 3361 2710 dicere,
3395 2656 3451 2700 ut

1867 2749 1947 2786 me
1967 2731 2258 2802 diligerent,
2287 2733 2336 2786 id
2367 2741 2451 2787 est
2489 2743 2544 2786 ut
2573 2748 2670 2802 per
2721 2733 2848 2788 illud
2885 2736 3088 2790 dic:um
3131 2738 3450 2806 comproba-

1869 2833 1990 2876 rent
2010 2839 2069 2877 se
2091 2837 2178 2876 me
2201 2821 2445 2886 diligere.
2481 2822 2634 2888 Quod
2683 2833 2764 2878 est
2792 2825 2972 2878 dicere
3001 2842 3012 2877 :
3042 2826 3176 2879 Cum
3221 2827 3451 2880 debeant

1865 2911 2110 2982 proferre
2145 2911 2308 2966 verba
2339 2927 2458 2980 quae
2480 2914 2786 2982 pertinetnt
2814 2915 2881 2968 ad
2910 2914 3287 2981 d.lcctionem,
3319 2929 3448 2984 pro-

1867 3004 2042 3058 ferent
2069 3003 2231 3058 verba
2257 3003 2578 3072 pertinentia
2609 3004 2674 3056 ad
2697 3004 3108 3058 deIractionem.
3141 3003 3256 3075 Ego
3277 3018 3448 3061 autem

1864 3099 1948 3154 cui
1981 3098 2079 3167 ipsi
2121 3096 2408 3152 dctrahcnt
2457 3097 2694 3164 orabam,
2739 3097 2788 3150 id
2819 3105 2902 3152 est
2941 3113 3036 3168 pro
3060 3113 3245 3153 cormn
3277 3098 3450 3156 slutc

1787 3171 1830 3231 Ε
1864 3191 2051 3252 orabo,
2093 3198 2147 3244 et
2173 3189 2225 3243 in
2253 3189 2358 3244 hoc
2381 3189 2480 3258 ipsi
2514 3189 2685 3257 magis
2718 3189 2815 3252 rei,
2841 3204 2963 3243 cum
2993 3192 3204 3246 orantis
3253 3207 3350 3262 pro
3390 3207 3450 3246 se

1861 3282 2346 3345 sintdcttactores,
2379 3283 2501 3336 dico
2539 3279 2703 3352 439
2730 3283 2872 3348 quod
2919 3281 3104 3336 dolose
3159 3292 3215 3338 et
3261 3299 3447 3338 amare

1861 3383 1916 3428 ct
1945 3375 2275 3428 dctractorie
2299 3373 2365 3427 de
2395 3388 2479 3428 me
2503 3373 2809 3442 loquentur,
2838 3382 2892 3427 et
2919 3373 3309 3446 impugnabant
3340 3390 3444 3430 me.

1863 3465 1929 3519 Et
1963 3465 2077 3520 lucc
2106 3479 2211 3519 om:
2237 3463 2286 3519 it
2311 3463 2450 3517 mala
2479 3473 2762 3534 power-unt
2814 3463 3088 3518 adversum
3122 3481 3220 3531 tne,
3267 3465 3318 3521 id
3367 3475 3453 3521 est

1863 3565 2064 3628 ponent
2111 3556 2239 3610 tuilti
2277 3555 2484 3616 nociva,
2528 3554 2709 3608 ethoc
2743 3570 2838 3624 fro
2886 3555 3034 3608 bonis
3065 3556 3270 3620 multis,
3328 3569 3448 3626 gnte

1862 3648 1942 3702 cis
1965 3646 2084 3701 feci.
2111 3646 2264 3714 Quod
2288 3656 2372 3701 est
2402 3645 2584 3700 dicere
2609 3661 2623 3699 :
2653 3645 2785 3699 Cum
2819 3646 2899 3700 eis
2935 3646 3072 3700 bona
3106 3648 3332 3717 plurima
3372 3647 3451 3704 fc-

1861 3741 2054 3804 ccrim,
2105 3740 2206 3809 ipsi
2263 3739 2575 3793 econtrario
2630 3738 2768 3792 mala
2814 3740 3140 3806 retribucut,
3196 3750 3250 3794 et
3302 3752 3452 3798 tanto

1863 3831 2038 3901 magis
2063 3829 2381 3900 culpabiles.
2417 3827 2478 3882 Et
2527 3839 2732 3898 ponent
2791 3831 2968 3884 odium
3020 3849 3116 3901 pro
3177 3833 3453 3889 dilectione

1863 3942 2000 3990 inea,
2032 3939 2160 3995 erga
2184 3938 2279 3978 eos
2308 3922 2514 3986 habita,
2545 3921 2782 3990 scilicet,
2810 3938 2932 3976 cum
2964 3938 3058 3978 cos
3081 3924 3150 3977 dii
3177 3940 3299 3994 gam
3349 3926 3450 3994 ipsi

1865 4035 1951 4074 me
1972 4019 2096 4074 odio
2145 4018 2446 4074 habebunt.
2483 4017 2736 4074 Ostensio
2766 4033 2795 4072 a
2822 4027 2979 4088 parte
3007 4018 3131 4073 boui
3165 4028 3220 4072 ct
3245 4033 3274 4072 a
3299 4015 3451 4089 parte

1864 4110 2008 4166 mali.

1933 4201 2162 4258 Ostensa
2209 4201 2548 4255 inimicorum
2589 4199 2872 4253 dolositate
2917 4207 2973 4251 et
3011 4198 3436 4269 impugnationc,

1861 4293 2176 4349 conccssive
2198 4293 2307 4361 agit
2328 4293 2392 4345 de
2413 4305 2598 4344 eorum
2616 4290 2982 4351 damnatione,
2997 4290 3210 4358 etprius
3231 4291 3448 4360 quidem

1862 4389 1928 4442 de
1959 4384 2308 4439 damnatione
2334 4382 2504 4443 .IlitIﬂ‘,
2531 4396 2594 4435 eo
2626 4383 2769 4451 quod
2807 4381 2947 4434 inter
2975 4382 3110 4434 alios
3142 4384 3445 4453 praecipuus

1864 4476 2084 4530 cxistat.
2116 4472 2181 4525 Et
2207 4471 2308 4526 hoc
2338 4471 2417 4525 sic
2455 4469 2623 4525 dicit:
2655 4469 2784 4524 Dico
2815 4471 2959 4539 quod
2985 4486 3047 4524 os
3080 4471 3250 4525 dolosi
3285 4489 3449 4543 super

1867 4580 1952 4620 me
1979 4563 2274 4633 aperietur.
2303 4561 2554 4630 Ideoque,
2589 4561 2816 4614 Domine
2856 4560 3034 4626 Pater,
3073 4564 3330 4617 constitue
3357 4581 3446 4617 st:-

1866 4671 1956 4726 per
1993 4671 2108 4709 eum
2141 4662 2464 4724 peccatorum
2492 4651 2946 4717 antonomastice,
2998 4654 3048 4706 i.l
3085 4663 3170 4708 est
3197 4655 3448 4724 permitte

1868 4750 1924 4794 ut
1951 4741 2000 4796 ei
2029 4749 2285 4810 peccator
2310 4755 2376 4793 ex
2425 4748 2537 4793 toto
2581 4738 2906 4792 dominetur.
2955 4739 3185 4806 Expon't
3215 4756 3345 4795 vero
3379 4743 3448 4797 de

1867 4849 1974 4903 quo
1995 4842 2284 4903 peccatore
2309 4831 2476 4895 dicat,
2513 4846 2636 4885 cum
2669 4829 2858 4885 addit:
2893 4830 2960 4884 Et
2997 4832 3258 4895 diabolus,
3294 4844 3448 4890 anto-

1867 4929 2184 4992 uonnstice,
2217 4934 2474 4996 peccator
2499 4935 2596 4979 stet
2635 4942 2666 4978 a
2695 4925 2894 4979 dextris
2925 4927 3058 4996 ejus,
3093 4927 3145 4980 i.l
3172 4935 3254 4981 est
3281 4944 3440 4996 repu-

1867 5028 2009 5072 tetur
2039 5019 2106 5072 ab
2139 5033 2204 5072 eo
2233 5033 2354 5072 esse
2395 5032 2424 5070 a
2472 5016 2702 5083 dextris,
2751 5017 2962 5073 scilicet
2991 5020 3188 5072 bonum
3232 5029 3445 5089 reputet

1863 5124 1987 5164 esse
2016 5119 2070 5164 ct
2097 5108 2251 5174 utile,
2282 5107 2499 5164 diabolo
2525 5109 2752 5164 servire.
2787 5109 2990 5163 Bonum
3016 5108 3217 5178 quippe
3239 5118 3291 5163 et
3314 5111 3446 5166 utile

1862 5201 2135 5271 reputavit
2179 5199 2396 5256 diabolo
2436 5200 2660 5265 servire,
2712 5215 2833 5254 cum
2882 5199 3140 5269 cogitavit
3184 5199 3346 5269 impie
3375 5201 3443 5254 de

1862 5293 2108 5364 magistri
2159 5293 2485 5363 proditione.
2524 5292 2630 5346 Per
2680 5291 2959 5344 dexteram
3012 5305 3143 5345 sane
3193 5291 3335 5346 bona
3389 5301 3444 5348 tt

1863 5385 2012 5438 utilia
2047 5385 2286 5440 solemus
2330 5383 2548 5438 assidue
2576 5383 2850 5437 denotare.
2890 5380 2984 5436 Vel
3023 5381 3140 5435 sic:
3191 5381 3441 5437 Diabolus

1861 5487 1979 5543 stet,
2029 5477 2081 5533 id
2119 5487 2202 5532 est
2244 5481 2560 5547 perseveret
2599 5489 2628 5526 a
2662 5472 2868 5526 dextris
2907 5471 3044 5541 ejus,
3083 5474 3135 5528 id
3183 5482 3266 5529 est
3309 5489 3441 5529 usus

1861 5571 2085 5626 dextera
2136 5568 2277 5638 ejus,
2319 5567 2525 5623 scilicet
2574 5565 2720 5620 circa
2755 5565 2893 5620 bona
2943 5581 3106 5635 opera
3151 5565 3267 5634 ejus
3313 5582 3440 5636 per.

1861 5663 2036 5726 sistat,
2063 5669 2122 5715 ut
2148 5676 2208 5716 ea
2239 5659 2456 5730 penitus
2491 5672 2588 5726 per
2619 5656 2758 5710 mala
2788 5672 2948 5726 opera
2973 5658 3438 5728 pra‘ponderantia

1865 5757 2091 5812 deducat
2124 5755 2176 5808 in
2210 5753 2444 5807 irritum.
2489 5749 2555 5803 Et
2589 5765 2706 5804 cum
2747 5749 3058 5818 judicatur,
3089 5750 3144 5805 id
3189 5759 3271 5806 est
3317 5765 3440 5804 cum
