3840 6338
519 307 658 365 ιξιθ

1095 302 1150 359 S.
1195 303 1540 361 BRUNONIS
1579 296 2226 359 CAliTllUSlANORUll
2270 299 2754 364 lNSTlTUTORlS
2797 308 2948 365 Ol’l’.
2991 295 3167 370 PARS
3199 316 3234 370 l.

3572 329 3675 388 Hi’tl

518 424 624 477 hoc
645 421 715 474 sit
743 417 888 490 quod
917 433 946 471 a
973 417 1122 488 justo
1142 416 1350 488 judicio
1378 417 1471 472 Dei
1508 432 1604 487 pro
1633 417 1839 471 scelere
1861 430 1958 468 suo
1982 413 2096 481 jam
2131 419 2178 474 A
2211 429 2432 504 usuram
2462 419 2698 490 colligat.
2734 423 2906 491 Quam
2939 441 3036 496 pro
3063 439 3212 490 certo
3243 447 3437 489 usuram
3465 438 3578 499 Deus
3596 448 3680 504 exi.

521 514 593 567 sit
616 511 911 581 judicatus,
942 510 992 563 id
1029 523 1114 565 est
1151 511 1564 573 condemnatus,
1599 526 1702 563 non
1733 509 1924 564 evadat
1956 506 2100 575 judi-

520 605 662 657 cium
701 603 826 657 illud
873 602 1168 657 salubriter
1208 602 1520 670 paenitendo
1561 602 1614 655 in
1665 602 1765 656 bac
1807 601 1956 665 vita;
2007 601 2099 655 sed

519 704 668 748 exeat
695 697 762 748 dc
791 695 897 749 hac
936 694 1041 746 vita
1089 695 1482 758 condemnatus,
1527 694 1578 746 id
1622 703 1700 748 est
1751 694 2011 747 moriatur
2043 694 2097 749 in

520 787 868 840 damnatione
900 785 1011 839 illa.
1055 783 1122 838 Et
1169 785 1339 838 oratio
1381 787 1516 854 ejus,
1567 785 1616 838 id
1656 795 1740 840 est
1775 787 2095 855 paenitentia

518 876 657 946 ejus,
688 893 807 946 qua:
849 893 946 947 per
985 877 1281 930 oralionem
1329 878 1618 946 accipitur,
1645 894 1710 932 eo
1755 879 1897 949 quod
1927 879 2098 948 preni~

523 978 936 1032 tentes_0rent,
984 969 1364 1036 ftat'dendens
1429 971 1481 1023 in
1527 981 1816 1039 peccatum,
1870 972 2093 1037 scilicet,

517 1062 586 1114 ad
615 1062 716 1116 boc
748 1061 1054 1129 ptenitentia
1085 1059 1209 1125 ejus
1247 1059 1338 1114 liat
1388 1071 1446 1114 ut
1489 1077 1546 1116 se
1591 1063 1908 1132 suspendat,
1955 1065 2094 1132 quod

517 1153 895 1221 gravissimum
946 1161 1222 1220 peccatum
1258 1152 1384 1206 erit.
1437 1153 1638 1208 Scribit
1683 1157 1827 1208 enim
1877 1167 2096 1211 sanctus

520 1243 882 1312 Hieronymus
927 1241 1118 1296 Iudam
1165 1245 1339 1314 magis
1373 1245 1465 1299 Dei
1514 1246 1856 1301 clementiam
1897 1249 1949 1302 in
1979 1265 2099 1305 sus-

517 1335 715 1404 pendio
755 1334 837 1388 sui
886 1333 1177 1389 offendisse
1219 1351 1380 1404 quam
1429 1337 1482 1390 in
1517 1337 1717 1393 Christi
1766 1341 2094 1408 proditione.

517 1425 612 1478 Vel
637 1425 834 1488 oratio,
873 1425 926 1478 id
954 1436 1035 1479 est
1076 1427 1282 1496 aptatio
1323 1426 1438 1493 ejus
1471 1445 1634 1498 quam
1681 1447 1803 1485 cum
1847 1433 2097 1487 oratione

516 1511 698 1574 faciet,
740 1513 833 1566 fiat
868 1515 1092 1569 tendens
1133 1515 1184 1568 in
1231 1525 1532 1585 peccatum,
1585 1519 1792 1574 scilicet
1833 1520 1968 1574 nihil
2003 1536 2098 1590 op-

517 1611 613 1664 lct,
666 1603 768 1656 nisi
809 1605 950 1673 quod
983 1605 1050 1659 ad
1100 1617 1381 1674 peceatum
1431 1609 1654 1673 attinet;
1707 1619 1762 1664 et
1807 1611 1938 1679 ﬁant
1985 1614 2095 1667 (lies

509 1690 623 1760 ejus
667 1695 842 1760 pauci,
905 1694 957 1747 id
1009 1705 1089 1748 est
1137 1697 1325 1764 paucis
1378 1697 1568 1752 diebus
1624 1701 1787 1754 vivat.
1838 1701 1915 1757 Ne
1965 1719 2093 1758 vero

2207 503 2302 572 git,
2353 521 2477 560 cum
2528 523 2809 578 poenarum
2835 516 3255 576 examinatione
3294 523 3355 577 ab
3396 527 3468 580 his
3504 533 3575 599 qui
3619 536 3680 592 hic

2205 595 2384 654 fienus
2427 602 2527 657 sibi
2570 607 2826 660 traditum
2869 610 3144 680 negligunt
3188 595 3529 687 multiplicare.
3564 623 3679 685 Juxta

2205 705 2332 746 vero
2376 693 2474 748 has
2517 697 2706 752 ambas
2758 703 3060 758 sententias
3105 704 3276 761 littera
3328 710 3399 764 sic
3439 719 3676 783 etptnitur.

2201 781 2497 840 Feuerator
2542 789 2791 846 Christus
2843 793 2929 848 vel
2987 795 3230 853 diabolus
3265 781 3552 862 scrutetur—a
3585 809 3681 868 inde

2201 891 2403 930 omnem
2433 879 2778 936 substantiam
2824 884 2959 953 ejus,
2994 887 3045 941 id
3069 898 3153 942 cst
3191 891 3357 962 exigat
3395 897 3453 948 ab
3476 913 3684 968 coptam-.5

2199 979 2299 1033 pro
2345 969 2491 1022 onmi
2529 971 2831 1028 substantia
2875 976 2974 1030 sibi
3007 979 3305 1039 commissa.
3334 982 3544 1041 Cllil\lll$
3579 993 3683 1046 scili-

2198 1064 2304 1121 cet,
2334 1057 2454 1113 idco
2477 1074 2692 1130 poenam
2715 1067 2918 1136 exigat,
2945 1069 3068 1137 quia
3093 1071 3431 1129 substantiam
3458 1078 3686 1139 intellectus

2199 1151 2254 1194 et
2307 1143 2544 1214 quinque
2595 1164 2874 1216 sensuum,
2932 1169 3098 1222 quam
3155 1156 3203 1210 ei
3257 1167 3683 1232 accommodarent,

2201 1233 2563 1305 multiplicare
2629 1242 2884 1310 neglexit.
2943 1244 3199 1302 Diabolus
3249 1259 3442 1317 autem,
3493 1271 3546 1310 eo
3585 1265 3684 1328 quod

2201 1327 2558 1390 substantiam
2604 1345 2947 1401 peccatorum
2975 1353 3138 1407 quam
3186 1341 3284 1396 sibi
3327 1327 3680 1418 accommodat-it,

2203 1418 2562 1489 multiplicare
2588 1426 2783 1495 sategit
2810 1443 2823 1480 :
2858 1427 2924 1480 Et
2949 1445 3053 1484 non
3086 1431 3256 1486 solum
3281 1437 3396 1500 hoc,
3423 1439 3500 1492 sed
3523 1443 3612 1495 etsi
3632 1445 3681 1496 ad

2201 1507 2379 1578 aliqua
2410 1511 2549 1566 bona
2576 1530 2744 1580 opera
2769 1515 3117 1586 laboraret-it,
3151 1524 3360 1592 maligni
3384 1529 3566 1595 spiritus
3588 1533 3683 1586 adeo

2199 1597 2360 1650 alieni
2394 1599 2523 1654 facti
2551 1603 2803 1672 diripiant
2833 1606 2953 1661 illos
2977 1607 3182 1662 labores
3203 1611 3333 1680 ejus,
3357 1613 3402 1666 id
3427 1625 3496 1668 est
3513 1618 3685 1687 eripiant

2199 1687 2247 1740 ei
2277 1691 2550 1745 cmnnlum
2589 1695 2850 1749 malorum
2883 1697 3180 1763 fructuum,
3210 1702 3258 1755 id
3289 1713 3362 1756 est
3383 1704 3578 1760 laborem
3602 1709 3684 1762 ilio-

512 1782 713 1852 gmdus
745 1784 1080 1852 aposwlams
1105 1785 1221 1852 eius
1249 1797 1471 1856 propter
1495 1789 1612 1858 eius
1643 1801 1849 1844 malum
1887 1793 2093 1848 videre
2128 1791 2169 1846 Β
2199 1791 2316 1831 rum
2343 1794 2566 1850 operum
2597 1783 2882 1840 bonorum.
2913 1786 3212 1858 Scrutetur,
3246 1792 3464 1862 inquam,
3493 1797 3686 1864 fenerator

515 1881 604 1926 tur
651 1874 730 1928 sic
779 1891 898 1929 esse
946 1877 1332 1932 dehonestatus
1377 1890 1434 1933 ut
1485 1881 1663 1936 nullus
1706 1883 1756 1936 in
1809 1884 1926 1954 ejus
1977 1885 2094 1942 loco

509 1963 728 2019 deberet
768 1968 1038 2030 substitui,
1075 1970 1225 2023 addit
1262 1981 1308 2023 et
1339 1973 1696 2040 episcopatum
1730 1976 1869 2045 ejus,
1915 1979 1965 2032 id
2012 1992 2095 2033 est

510 2053 794 2109 sublimem
839 2059 1064 2126 gradum
1113 2061 1448 2128 apostolatus
1490 2062 1626 2131 ejus,
1672 2067 1894 2135 accipiat
1937 2068 2091 2134 alter,

508 2146 715 2200 scilicet
764 2149 993 2205 Mathias
1043 2151 1178 2220 (sict.
1239 2169 1397 2218 xvm,
1451 2156 1558 2227 ιδ).
1612 2157 1712 2212 Per
1761 2161 1862 2214 boc
1919 2163 2095 2217 innuit

508 2239 766 2304 quoniam
796 2240 846 2293 in
879 2242 1047 2310 gradu
1082 2245 1223 2298 unde
1255 2246 1599 2314 expelluntur
1631 2249 1834 2319 indigni
1859 2253 2090 2321 praelati,

525 2328 614 2382 alii
665 2331 756 2399 qui
792 2333 936 2404 digni
985 2338 1116 2400 sint,
1161 2338 1356 2391 debent
1405 2342 1676 2395 substitui.
1727 2344 2093 2415 Agitquoque

509 2420 826 2473 concessive
870 2423 934 2484 de
991 2423 1332 2479 inimicorum
1373 2426 1681 2483 Judaeurum
1724 2433 2088 2503 damnatione,

507 2522 644 2576 quos
666 2508 816 2564 Juda:
841 2512 979 2567 tilios
1003 2523 1058 2568 et
1087 2532 1314 2571 uxorem
1345 2530 1500 2573 vocat
1536 2536 1633 2589 per
1659 2523 2088 2586 similitudinem.

507 2598 674 2654 Filios
705 2601 947 2669 quidem,
975 2621 1039 2660 co
1061 2607 1204 2675 quod
1253 2618 1379 2662 tunc
1411 2612 1481 2664 ab
1525 2627 1591 2666 eo
1630 2623 1758 2667 sunt
1787 2615 1838 2676 in
1870 2629 2092 2686 peccato

506 2688 703 2757 geniti,
769 2707 893 2745 cum
944 2696 1024 2749 eis
1086 2697 1398 2754 facultatem
1459 2701 1750 2758 Dominum
1806 2707 2090 2764 occidendi

502 2779 752 2849 prmbuit.
811 2780 1044 2840 Uxorem
1104 2798 1323 2855 autem,
1384 2806 1448 2846 eo
1499 2796 1640 2862 quod
1703 2795 1776 2849 illi
1837 2799 2090 2854 associati

497 2865 702 2924 fuerint
727 2885 824 2939 per
855 2874 1291 2934 conformitatcm
1323 2882 1390 2936 ad
1421 2883 1561 2937 tnala
1597 2901 1765 2954 opera
1798 2904 2091 2957 procrean-

501 2961 650 3022 dum,
683 2961 823 3014 sicut
861 2978 1000 3017 uxor
1038 2970 1347 3023 associatur
1386 2973 1498 3026 viro
1528 2974 1593 3027 ad
1625 2975 1766 3030 filios
1793 2993 2090 3046 procrean-

501 3045 620 3113 dos,
669 3064 791 3104 cum
836 3054 988 3122 prius
1018 3056 1110 3109 Dei
1144 3057 1238 3110 filii
1285 3070 1490 3126 essent,
1523 3045 1922 3122 :eteruaniuisi
1964 3085 2090 3137 pce-

2201 1884 2402 1924 omuem
2431 1874 2781 1932 substantiam
2808 1879 2939 1947 ejus,
2987 1889 3040 1934 ct
3077 1891 3203 1937 tunc
3229 1901 3328 1938 non
3362 1886 3420 1938 sit
3460 1887 3523 1939 illi
3545 1888 3686 1958 aliquis

2199 1969 2512 2015 sanctorum
2552 1965 2789 2034 adjutor,
2829 1969 2919 2036 qui
2961 1985 3060 2039 pro
3111 1987 3177 2027 eo
3221 1973 3521 2044 interpellet;
3541 1995 3609 2032 nec
3638 1981 3684 2033 sit

2198 2051 2396 2121 aliquis
2441 2066 2752 2112 sanctorum
2795 2061 2886 2129 qui
2914 2065 3258 2120 orationibus
3309 2068 3414 2121 suis
3456 2071 3685 2124 misereatur

2195 2143 2410 2212 papillis
2453 2146 2568 2216 ejus
2583 2147 2806 2214 Iudaeis,
2837 2153 3049 2207 scilicet
3081 2156 3172 2224 qui
3211 2157 3321 2226 ejus
3351 2158 3432 2212 tilii
3460 2161 3681 2228 existendo,

2197 2234 2327 2290 fient
2357 2253 2386 2292 a
2434 2238 2542 2294 Deo
2576 2240 2734 2296 Patre
2765 2245 2973 2314 pupilli.
3020 2248 3090 2301 Et
3114 2249 3247 2317 ﬁant
3285 2251 3377 2320 ipsi
3415 2251 3552 2306 Judai
3586 2255 3686 2316 nati,

2195 2327 2252 2382 id
2273 2339 2356 2384 est
2382 2330 2480 2398 ﬁlii
2502 2332 2617 2401 ejus
2646 2335 2697 2387 in
2720 2336 3010 2398 interitum,
3033 2339 3084 2393 id
3101 2351 3185 2394 est
3209 2356 3302 2410 per
3324 2343 3428 2410 ejus
3450 2343 3685 2398 liliationetn

2194 2423 2601 2490 pra-crpitcntur
2650 2426 2700 2479 in
2747 2427 3022 2482 interitum
3073 2442 3372 2498 arternum;
3417 2451 3569 2488 nomen
3605 2437 3685 2502 ejus

2193 2510 2346 2566 Juda:
2374 2513 2630 2581 deleatur,
2666 2517 2716 2570 id
2749 2533 2830 2573 ρει
2863 2521 3183 2577 destruatur
3227 2533 3283 2577 ut
3311 2539 3407 2578 non
3449 2527 3506 2578 sit
3531 2526 3572 2579 in
3593 2526 3687 2579 libro

2193 2602 2488 2658 virentium
2511 2643 2526 2668 ,
2560 2609 2702 2669 quod
2736 2608 2808 2662 ibi
2851 2611 3116 2680 scriptum
3152 2613 3268 2678 fuit,
3297 2625 3524 2682 quantum
3546 2615 3596 2666 ad
3622 2615 3686 2668 Dei

2194 2695 2659 2763 misericordiam;
2701 2700 2795 2754 sed
2827 2700 2942 2770 ipse
2977 2702 3184 2758 delebit
3215 2717 3308 2773 per
3332 2705 3406 2757 sui
3443 2702 3686 2772 nequitiam.

2194 2785 2466 2855 Deleatur,
2507 2790 2749 2859 inquam,
2783 2809 2970 2846 nomen
2993 2794 3136 2862 ejus,
3165 2805 3221 2851 et
3246 2797 3340 2850 hoc
3364 2798 3412 2848 iu
3432 2794 3686 2865 generatione

2193 2892 2322 2941 una,
2373 2878 2424 2932 id
2471 2881 2637 2934 estin
2687 2884 3038 2951 generatione
3091 2885 3200 2942 diei
3243 2883 3440 2952 judicii,
3483 2899 3580 2954 qua:
3615 2897 3688 2935 una

2191 2967 2408 3035 dicitur,
2441 2986 2506 3025 co
2534 2974 2675 3040 quod
2711 2985 2837 3028 tunc
2866 2974 3024 3042 justis
3051 2979 3305 3033 omnibus
3334 2997 3352 3030 ι
3386 2993 3470 3032 cor
3490 2991 3632 3040 unum,
3653 2984 3690 3028 et

2191 3058 2368 3112 anima
2413 3077 2515 3114 una
2557 3063 2696 3131 (Act.
2743 3081 2816 3129 tv,
2849 3065 2920 3118 5‘2
2947 3069 2987 3134 ).
3030 3085 3049 3118 ι
3081 3068 3198 3122 Erit
3245 3070 3380 3123 enim
3420 3071 3539 3123 Deus
3560 3067 3688 3122 omnia

500 3149 717 3194 casscnt
761 3143 1132 3201 bwreditatem
1184 3149 1454 3219 adepturi,
1483 3161 1539 3206 et
1569 3153 1660 3207 Dei
1696 3172 1830 3210 uxor
1856 3159 1956 3212 sibi
1991 3175 2084 3228 per

2192 3147 2240 3200 in
2276 3150 2546 3204 onmibus.
2597 3152 2874 3209 Ut'autcm
2920 3157 3031 3226 ipse
3060 3157 3231 3214 Judas
3269 3159 3592 3228 multipliciter
3623 3173 3691 3224 pu-

498 3229 618 3299 ejus
662 3235 911 3290 notitiam
948 3239 1014 3292 ad
1062 3245 1397 3308 procreanda
1433 3247 1571 3300 bona
1611 3265 1776 3319 opera
1827 3253 2083 3320 copulati.

502 3321 615 3378 lloc
656 3337 836 3381 autem
873 3330 956 3384 sic
1001 3332 1171 3386 dicit:
1203 3335 1531 3393 Concessire
1578 3342 1643 3394 de
1674 3341 1828 3396 Judae
1857 3345 2084 3399 damna-

501 3415 646 3471 tione
691 3420 817 3489 egi,
876 3427 1190 3480 conccssivc
1214 3429 1377 3482 etiam
1453 3447 1554 3499 ago
1613 3432 1702 3486 def
1735 3437 2088 3491 damnatione

499 3503 732 3560 ﬁliorum
781 3509 916 3577 ejus.
967 3511 1154 3581 Fiant,
1237 3519 1443 3573 scilicet
1484 3522 1586 3588 lilii
1627 3523 1742 3590 ejus
1787 3523 1957 3580 Judzei
2001 3544 2087 3580 or-

496 3596 678 3664 pltani,
703 3614 732 3652 a
772 3599 879 3654 Deo
903 3602 1080 3667 Patre,
1116 3606 1269 3673 cujus
1315 3611 1410 3663 lilii
1442 3611 1683 3680 fuerunt,
1715 3631 1780 3670 eo
1809 3619 1952 3686 quod
1989 3619 2084 3672 filii

501 3685 620 3754 ejus
662 3687 812 3743 Judzc
849 3702 1032 3759 erunt;
1082 3707 1129 3749 et
1176 3714 1311 3751 uxor
1347 3701 1462 3769 ejus
1505 3705 1656 3772 plebs
1706 3685 1930 3764 Judaica
1990 3710 2084 3766 ﬁat

499 3777 659 3832 uidua
709 3795 738 3834 a
772 3781 880 3836 Deo
915 3800 1043 3839 vero
1066 3789 1288 3854 marito,
1331 3793 1669 3862 cujns'nxor
1692 3798 1817 3864 fuit,
1850 3819 1914 3856 eo
1937 3802 2083 3872 quod

497 3869 616 3939 ejus
657 3869 806 3927 Judte
855 3892 992 3930 uxor
1040 3880 1326 3935 efficietur.
1382 3883 1498 3938 Non
1548 3889 1904 3948 salutaret-0
1951 3897 2083 3949 fiant

497 3963 746 4032 orpltani,
776 3966 869 4020 sed
915 3977 968 4022 et
995 3969 1387 4048 transferantur
1417 3977 1484 4029 dc
1527 3988 1668 4032 terra
1697 3999 1795 4035 sua
1817 3986 1918 4050 [iiii
1940 3989 2075 4056 ejus,

493 4066 686 4110 etnon
732 4059 802 4112 sit
833 4068 891 4113 ut
930 4071 1050 4130 post
1082 4045 1315 4130 aliquem
1355 4076 1564 4119 certum
1606 4069 1780 4125 locum
1821 4075 2074 4143 habeant,

491 4149 585 4204 sed
621 4159 677 4204 ut.
700 4150 808 4205 sint
863 4168 1079 4222 semper
1109 4164 1369 4222 nutantes,
1398 4156 1448 4209 id
1477 4169 1559 4212 est
1582 4161 1708 4214 nulli
1743 4162 1862 4217 loco
1889 4167 2064 4221 tirmi-

495 4223 578 4296 ter
601 4242 927 4300 inhaerentes
952 4255 998 4299 et
1025 4247 1340 4312 mentlicent,
1376 4249 1427 4302 id
1465 4259 1550 4305 est
1595 4266 1814 4323 semper
1857 4272 1961 4326 ope
1992 4258 2074 4312 al-

491 4336 660 4390 terius
693 4347 904 4407 egeant.
1587 4359 1599 4403 '_

562 4429 697 4496 Quia
743 4446 870 4486 vero
915 4443 1138 4503 possent
1178 4435 1463 4491 transferri
1513 4438 1594 4492 vel
1638 4439 1759 4494 dolo
1804 4442 1889 4496 vel
1939 4460 2074 4513 quo—

489 4521 620 4575 libet
648 4522 753 4577 alio
785 4525 964 4590 modo,
1012 4527 1198 4581 adiit:
1259 4526 1320 4581 Et
1358 4529 1436 4584 sic
1485 4531 1606 4585 dico
1637 4533 2030 4602 transferantur
2054 4578 2069 4604 ,
2109 4503 2156 4560 Β

491 4624 550 4667 ιιι
577 4614 626 4667 vi
654 4629 683 4668 a
711 4615 968 4672 liontanis
995 4619 1286 4682 ciiciautur
1316 4626 1380 4675 de
1407 4622 1818 4678 habitationibus
1847 4628 1980 4681 suis.
2007 4630 2072 4684 Et

491 4709 545 4762 in
571 4707 752 4762 futuro
795 4723 1074 4777 scrutetur,
1113 4715 1165 4768 id
1206 4725 1287 4770 est
1318 4717 1496 4787 exigat
1530 4719 1797 4786 ferrerator
1827 4721 2072 4778 diabolus

489 4814 693 4851 omnem
725 4801 1069 4855 substantiam
1110 4805 1248 4873 ejus,
1297 4807 1461 4860 idest
1501 4821 1721 4878 peccata
1769 4827 1874 4865 non
1928 4815 2072 4882 quod

488 4899 708 4960 peccata
735 4890 844 4943 sint
866 4892 1186 4955 substantia,
1215 4898 1307 4950 sed
1340 4899 1406 4950 ad
1430 4899 1840 4967 similitudinem
1867 4904 2070 4960 dictum

483 4980 652 5054 440
679 4987 783 5046 est,
809 4995 872 5036 eo
913 4982 1054 5050 quod
1087 4983 1226 5038 sicut
1271 4986 1551 5044 fenerator
1593 4992 1789 5063 aliquis
1822 4993 2075 5048 substan-

490 5074 618 5127 tiam
643 5088 794 5128 suam
822 5075 887 5128 ad
913 5090 1130 5128 usuram
1154 5075 1264 5140 dat,
1295 5078 1367 5132 ita
1396 5081 1642 5140 diabolus
1670 5103 1789 5140 cum
1816 5089 2071 5144 substan-

489 5163 619 5218 tiam
659 5163 830 5232 aliam
879 5180 987 5218 non
1041 5165 1262 5231 habeat,
1307 5182 1524 5237 peccata
1575 5176 1792 5246 ingerit,
1845 5190 1901 5234 ut
1945 5181 2072 5236 inde

486 5257 930 5328 pmnam'exigat
978 5259 1029 5311 in
1081 5258 1284 5315 futuro.
1342 5261 1473 5327 Qnte
1517 5268 1718 5324 dicitur
1771 5289 1956 5340 usura,
2006 5290 2072 5331 eo

486 5349 629 5418 quod
659 5349 833 5418 ipsum
873 5351 1052 5405 ftenus
1087 5356 1292 5422 peccati
1321 5357 1572 5425 excedat,
1619 5376 1740 5415 cum
1788 5377 2067 5434 peccatum

486 5441 552 5494 ad
583 5449 794 5510 tempus
818 5441 910 5507 sit,
936 5451 990 5496 et
1019 5443 1132 5513 ipsa
1173 5455 1397 5502 mterna.
1442 5448 1587 5504 Deus
1613 5467 1827 5522 quoque
1861 5454 2071 5512 fenera-

486 5541 571 5589 tor
596 5533 818 5600 dicitur,
863 5549 929 5589 eo
958 5537 1101 5604 quod
1153 5540 1510 5597 substantiam
1541 5559 1694 5598 suam
1741 5549 1806 5601 ad
1849 5565 2067 5606 usuram

485 5625 890 5692 accommodat;
925 5627 1019 5680 dat
1062 5628 1312 5686 videlicet
1345 5633 1675 5692 intellectura
1725 5649 1778 5693 et
1829 5641 2069 5710 quinque

481 5733 674 5774 sensus
711 5721 982 5797 corporis,
1010 5730 1068 5777 ut
1094 5735 1279 5778 eorum
1308 5725 1486 5810 o'tlicio
1525 5730 1788 5788 bonorum
1835 5748 2060 5806 operam

2191 3239 2390 3304 niatur,
2419 3244 2668 3312 iniquitas
2710 3258 2921 3316 patrum
2951 3249 3065 3318 ejus
3092 3252 3386 3306 carnalium
3412 3251 3492 3321 qui
3518 3248 3687 3317 iniquis-

2191 3330 2312 3383 simi
2340 3331 2578 3402 fuerunt,
2613 3338 2787 3390 redeat
2831 3340 2886 3392 in
2917 3343 3249 3406 memoriam,
3285 3359 3398 3413 qua:
3425 3343 3558 3396 modo
3581 3340 3687 3392 tide-

2191 3433 2278 3478 tur
2321 3427 2577 3482 oblivioni
2629 3432 2856 3498 tradita;
2892 3443 2946 3487 et
2990 3435 3069 3488 sic
3119 3437 3303 3490 redeat
3333 3446 3386 3489 ut
3430 3440 3491 3490 sit
3524 3436 3568 3487 in
3603 3449 3688 3484 cou-

2187 3528 2362 3586 spectu
2419 3520 2653 3586 Domini,
2705 3524 2917 3580 scilicet
2973 3528 3278 3597 conSpiciat
3319 3545 3427 3583 eam
3475 3526 3688 3586 Dominus.

2187 3619 2244 3663 ut
2272 3626 2391 3665 eam
2423 3613 2476 3665 in
2506 3613 2640 3668 Juda
2671 3621 2878 3684 puniat.
2904 3633 2970 3672 eo
2993 3622 3138 3689 quod
3173 3623 3315 3692 ipsos
3345 3620 3580 3692 patresin
3614 3618 3688 3672 ini-

2185 3703 2390 3771 quitate
2419 3708 2776 3776 superaverit.

2254 3814 2324 3868 Et
2353 3829 2622 3886 peccatum
2653 3824 2838 3876 matris
2875 3827 2990 3892 ejus
3021 3827 3276 3893 carnalis,
3307 3843 3420 3897 quia
3456 3825 3582 3879 valde
3601 3836 3690 3893 pec-

2183 3911 2356 3964 catrix
2386 3913 2619 3981 exstitit,
2650 3931 2754 3968 non
2777 3917 3020 3972 deleatur
3049 3938 3077 3974 a
3109 3923 3366 3976 memoria
3402 3919 3596 3982 Domini,
3619 3914 3686 3970 sed

2183 4001 2235 4055 in
2280 4002 2396 4072 ipso
2425 4005 2702 4074 puniatur.
2735 4007 2956 4063 Certum
2989 4022 3072 4066 est
3109 4024 3290 4068 autem
3335 4013 3486 4068 Deum
3522 4015 3686 4082 peccata

2178 4102 2391 4161 patrum
2443 4096 2495 4149 in
2542 4097 2646 4152 illis
2683 4099 2806 4152 filiis
2836 4101 3052 4168 punire,
3101 4103 3193 4172 qui
3254 4114 3374 4157 sunt
3417 4102 3617 4173 patribus
3651 4099 3687 4149 in

2181 4185 2468 4253 iniquitate
2493 4187 2822 4252 conformes,
2847 4191 3004 4260 juxta
3033 4196 3166 4250 illud
3193 4213 3207 4250 :
3237 4213 3255 4246 ι
3297 4195 3513 4249 \‘isitans
3537 4188 3688 4260 iniqui-

2181 4287 2343 4330 tatem
2389 4288 2600 4348 pati-um
2633 4281 2683 4334 in
2717 4281 2842 4336 ﬁliis
2872 4299 3042 4354 usque
3071 4285 3124 4340 in
3173 4287 3378 4342 tertiam
3405 4295 3454 4339 et
3497 4290 3686 4354 quartam

2179 4369 2583 4438 generationem
2635 4371 2834 4441 (Exod.
2865 4391 2971 4438 xx,
3011 4377 3088 4446 5).
3130 4395 3147 4427 ι
3205 4377 3415 4430 Certum
3451 4375 3585 4429 etiam
3628 4376 3687 4422 est

2181 4458 2350 4513 Dcnm
2381 4461 2433 4513 in
2467 4462 2571 4514 illis
2601 4463 2726 4516 filiis
2755 4475 2969 4533 patrum
3013 4479 3235 4534 peccata
3285 4485 3383 4520 non
3417 4465 3591 4534 pituirc,
3617 4457 3680 4526 qui

2185 4553 2328 4606 bono
2357 4553 2506 4621 operi
2541 4565 2812 4619 vacantes,
2845 4559 3090 4624 patribus
3136 4560 3186 4612 in
3221 4559 3485 4628 iniquitate
3519 4549 3683 4606 confor-

2188 4645 2324 4698 mari
2371 4656 2742 4700 contemnunt.
2788 4647 2942 4702 Unde
2987 4666 3084 4718 per
3130 4653 3517 4719 prophetatum
3562 4641 3684 4697 Filius

2185 4752 2289 4790 non
2312 4738 2541 4805 portabit
2568 4739 2905 4808 iniquitatem
2929 4743 3095 4808 patris
3146 4743 3359 4808 (Ezeclt.
3407 4733 3678 4800 “unitll-t

2187 4825 2489 4892 Peccatum,
2539 4829 2778 4898 inquam,
2811 4834 2994 4886 aratris
3023 4851 3125 4887 non
3164 4835 3410 4898 deleatur,
3440 4830 3518 4883 sed
3543 4827 3686 4891 iniqu.-

2188 4929 2269 4973 tas
2299 4933 2508 4989 patrum
2547 4932 2600 4975 et
2629 4934 2908 4991 peceatum
2957 4926 3145 4979 matris
3171 4926 3302 4994 ﬁant
3343 4936 3518 4989 semper
3549 4923 3683 5008 tellit“

2183 5009 2488 5075 Dominum,
2525 5012 2575 5066 id
2617 5023 2694 5067 est
2738 5030 2920 5068 coram
2955 5015 3207 5080 Domino,
3251 5026 3306 5068 ut
3331 5030 3389 5067 ea
3427 5025 3515 5064 non
3541 5003 3682 5058 oblitt-

2183 5115 2367 5156 scatur
2398 5120 2425 5156 a
2456 5105 2807 5160 similitudine
2832 5106 2930 5172 rei,
2964 5117 3150 5160 contra
3184 5107 3366 5160 oculos
3395 5102 3572 5173 posine,
3595 5105 3680 5162 qm!

2181 5209 2288 5249 non
2333 5196 2490 5250 facile
2535 5197 2790 5251 oblivioni
2824 5198 3002 5252 datur.
3037 5196 3105 5250 Et
3140 5199 3385 5252 memoria
3409 5206 3558 5248 eorum
3579 5185 3676 5283 bitt):

2181 5301 2300 5339 rum
2349 5286 2499 5340 Juda:
2537 5289 2794 5356 dispereat
2827 5292 2888 5342 de
2935 5300 3074 5343 terra
3119 5289 3422 5348 viventium,
3451 5293 3576 5352 quam
3597 5273 3675 5327 srbt

2183 5389 2384 5432 temere
2427 5380 2750 5446 attribuunt,
2794 5393 2853 5434 ιιι
2895 5397 2993 5437 nec
3027 5382 3282 5436 memoria
3307 5391 3476 5435 eorum
3516 5369 3570 5426 ibi
3606 5365 3676 5419 ba-

2179 5471 2395 5531 bcatur,
2427 5482 2481 5525 et
2512 5473 2614 5526 huc
2645 5473 2711 5527 de
2739 5472 2876 5528 Juda
2908 5484 2962 5528 ct
2991 5475 3114 5530 liliis
3139 5473 3255 5542 ejus
3274 5470 3506 5530 concedo,
3529 5477 3601 5530 1⁷το
3631 5469 3676 5506 εδ

2177 5564 2316 5631 quod
2348 5581 2448 5619 non
2492 5576 2564 5618 est
2595 5564 2762 5620 Judas
2810 5567 3131 5633 recordatus,
3182 5566 3233 5619 id
3263 5573 3341 5619 est
3369 5575 3460 5614 non
3485 5547 3677 5648 τεροςὼ·

2177 5651 2345 5716 bitur,
2381 5666 2478 5707 nec
2528 5655 2640 5722 ipse
2681 5671 2783 5711 nec
2826 5655 2919 5710 ﬁlii
2967 5656 3084 5726 ejus
3123 5657 3296 5724 facere
3337 5644 3673 5734 irrisericordtﬂl‘l

2179 5755 2303 5813 υνδε
2347 5757 2432 5800 me
2478 5743 2762 5801 Dominum
2793 5757 2847 5802 et
2899 5747 3084 5816 Deum,
3125 5746 3212 5817 qui
3249 5753 3320 5801 tot
3364 5742 3434 5798 cis
3469 5728 3673 5792 beneﬁcﬂ
