3840 6338
406 294 545 347 ίὲξίῖ)

973 279 1031 338 S.
1069 275 1415 334 BRUNONIS
1455 266 2104 328 CARTHUSIANORUM
2143 263 2629 321 lNSTlTUTORlS
2664 262 2815 320 OPP.
2856 263 3037 319 PARS
3077 262 3118 317 l.

3534 265 3662 317 ιξξι

398 411 482 457 est
501 393 866 455 descendenti.
917 390 1074 446 Sicut
1117 387 1261 442 enim
1293 385 1436 439 circa
1473 395 1759 450 vesperum
1791 381 1975 431 umbra
2011 392 2053 446 Α
2080 390 2291 436 manus,
2323 377 2372 430 id
2399 385 2483 430 est
2536 377 2652 431 haec
2689 375 2934 447 Operatio
2985 387 3176 431 mortis
3223 392 3392 441 mere,
3425 388 3514 432 tua
3567 391 3665 444 est,

399 491 732 551 descendens
765 504 796 542 a
834 483 1108 541 montibus
1145 479 1402 552 paulatim
1448 490 1727 537 crescens,
1774 470 1982 524 accedit

399 587 466 640 ad
523 590 764 645 noctem;
815 579 894 634 sic
929 585 984 632 et
1031 589 1130 644 ego
1180 588 1209 625 a
1265 570 1399 626 meis
1450 567 1683 631 ablatus,
1730 563 1980 634 patiendo

400 676 658 749 paulatim
683 673 749 727 ad
777 680 1003 725 mortem
1045 664 1265 728 accedo,
1293 673 1339 716 et
1371 675 1492 716 cmn
1526 658 1742 714 auferar
1781 653 1982 710 Judacis

403 746 490 822 ine
521 763 882 835 capientibus,
905 773 1162 813 excussus
1188 771 1304 808 sum
1333 753 1468 806 sicut
1517 749 1766 811 locuslw,
1799 746 1851 800 id
1899 751 1983 799 est

404 857 508 909 ιιιυὶ
541 834 708 908 δίιιια
746 850 1121 911 excutientur,
1173 853 1226 897 et
1257 841 1462 911 fugient
1515 836 1799 893 instabiles
1845 834 1985 889 sicut

404 944 667 1008 locustzc,
713 941 867 1011 juxta
923 935 1050 990 illud
1105 930 1477 1002 propheticum
1531 944 1545 980 :
1608 945 1626 977 ι
1673 924 1982 979 Percutiam

405 1045 681 1106 pastorem
702 1074 717 1098 ,
745 1043 800 1087 et
829 1034 1200 1099 dispergentur
1245 1037 1374 1078 oves
1403 1020 1584 1092 gregis
1625 1017 1812 1090 (Zacli.
1860 1031 1981 1079 xm,

408 1125 474 1192 7;
504 1124 693 1180 Matth.
725 1136 868 1184 xxvr,
891 1117 1003 1188 51).
1038 1135 1056 1167 ι
1086 1115 1201 1170 Νοιι
1234 1113 1406 1168 solum
1447 1120 1628 1164 autem
1655 1124 1683 1162 a
1709 1123 1792 1162 me
1821 1121 1987 1161 excu-

408 1221 608 1272 tientur
637 1213 895 1276 localiter,
926 1210 1018 1265 sed
1045 1218 1099 1262 et
1121 1224 1289 1277 genua
1315 1221 1428 1258 mea
1459 1202 1726 1274 inﬁrmata
1769 1209 1910 1264 sunt,
1936 1199 1988 1252 id

407 1316 492 1361 est
513 1302 734 1374 apostoli
758 1299 920 1355 etiam
953 1297 1044 1368 qui
1085 1311 1256 1367 genua
1294 1309 1414 1348 mea
1441 1293 1723 1355 dicuntur;
1754 1305 1817 1344 eo
1846 1288 1986 1358 quod

407 1412 504 1468 per
531 1410 624 1448 eos
649 1393 794 1447 ferar
821 1391 874 1444 in
905 1389 1157 1444 notitiam
1186 1386 1485 1448 hominum,
1513 1384 1653 1438 sicut
1693 1381 1864 1435 fertur
1893 1396 1988 1450 per

407 1500 581 1558 genua
627 1497 844 1552 corpus.
906 1479 1327 1533 lnlirmahuntur
1380 1476 1431 1529 in
1465 1475 1590 1538 fide,
1625 1482 1683 1526 ut
1719 1474 1881 1544 etiam
1922 1472 1988 1526 de

410 1575 810 1632 resurrectione
862 1587 980 1627 mea
1035 1571 1145 1624 sint
1197 1568 1535 1631 dubitaturi;
1573 1567 1648 1620 illi
1679 1565 1876 1634 quippe
1910 1564 1990 1616 in-

407 1665 604 1720 ﬁrmati
636 1671 763 1718 sunt
811 1661 901 1732 qui
933 1677 1053 1715 cum
1098 1659 1436 1713 haesitatione
1475 1657 1728 1710 dixerunt
1773 1673 1786 1708 :
1826 1673 1844 1704 ι
1883 1653 1990 1708 Nos

2082 485 2188 524 non
2217 485 2283 524 ex
2309 484 2506 522 eorum
2536 477 2832 536 potestate;
2851 477 2906 520 et
2945 469 3044 522 hoc
3075 468 3236 523 modo
3276 480 3393 534 tua,
3423 471 3566 538 quod
3595 482 3667 536 tu,

2082 562 2309 616 Domine
2331 602 2347 627 ,
2393 552 2582 631 fecisti,
2616 560 2777 615 id'est
2799 559 3111 628 (lisposuisti
3139 577 3276 613 eam.
3300 561 3563 614 Enuntiat
3583 578 3670 614 au-

2085 666 2192 708 tem
2225 653 2460 706 futuram
2489 667 2628 715 esse,
2660 651 2804 720 quod
2831 651 3028 714 oravit,
3065 666 3132 706 ne
3159 652 3442 705 videretur
3479 666 3547 705 ex
3575 653 3670 706 dif-

2083 745 2301 800 fidentia
2332 761 2540 808 orasse,
2571 745 2685 799 sic:
2721 743 2840 797 Dixi
2866 741 3055 812 adjma
3086 759 3193 810 mc,
3231 743 3482 806 Domine,
3519 752 3572 798 et
3601 745 3672 797 sic

2084 835 2268 891 facies.
2295 834 2618 890 Maledicent
2642 835 2742 900 illi,
2777 835 2828 888 id
2854 845 2938 890 est
2979 835 3289 904 deprimeut
3321 851 3410 890 me
3441 835 3498 889 iu
3542 853 3673 890 mor-

2087 937 2192 981 tem
2225 925 2493 990 Judmi;et
2533 935 2588 978 tu
2621 923 2910 989 benedices,
2946 923 2996 977 id
3042 931 3125 978 est
3171 924 3446 979 exaltabis
3484 940 3569 978 me
3597 941 3674 979 re-

2085 1017 2414 1072 suscitando.
2450 1015 2515 1068 Et
2538 1016 2663 1084 quia
2699 1013 3026 1068 maledicent
3053 1015 3479 1083 confundantur,
3515 1015 3674 1071 idest

2087 1108 2409 1162 erubescant
2431 1123 2536 1160 non
2565 1108 2629 1160 ad
2663 1107 2950 1161 utilitatem
2983 1121 3136 1160 suam
3168 1106 3340 1168 Judmi
3372 1109 3466 1177 qui
3512 1110 3675 1162 insur-

2086 1213 2235 1271 gunt,
2258 1201 2308 1254 id
2337 1209 2421 1254 cst
2443 1201 2727 1270 insui-gent
2748 1201 2802 1254 in
2825 1216 2903 1254 me
2932 1201 3114 1255 verbis
3135 1209 3188 1254 et
3211 1199 3672 1266 tribulationibus;

2087 1309 2262 1346 servus
2284 1302 2455 1344 autem
2489 1301 2606 1344 tuus
2635 1305 2698 1343 ex
2730 1291 2978 1360 opposito
3013 1291 3300 1356 (relabitur,
3335 1293 3403 1346 de
3455 1293 3674 1360 perenni

2089 1382 2259 1452 gloria
2283 1384 2472 1450 adt-pta
2500 1396 2618 1450 ego,
2648 1381 2876 1445 scilicet,
2919 1380 3143 1434 laztahor
3176 1380 3305 1450 quia
3338 1396 3538 1435 servus
3561 1391 3674 1436 tuus

2089 1492 2207 1531 sum
2236 1476 2288 1529 in
2317 1474 2463 1528 nullo
2496 1474 2591 1528 tibi
2634 1473 2922 1527 resultans.
2960 1472 3399 1541 Confttndantur,
3436 1473 3674 1542 inquam,

2088 1575 2143 1622 et
2177 1581 2280 1622 non
2309 1581 2524 1636 parum,
2563 1565 2658 1620 sed
2703 1565 3014 1630 induantur,
3056 1565 3222 1619 idest
3267 1566 3676 1620 circumdantur

2088 1654 2286 1728 pudore
2311 1673 2406 1729 per
2433 1656 2730 1730 emphasim
2765 1655 2934 1710 Juthei
2980 1657 3070 1727 qui
3096 1657 3381 1710 detrahunt
3428 1659 3582 1721 milii,
3619 1660 3678 1712 ad

407 1754 731 1827 putabamus
753 1751 895 1820 quod
929 1751 1016 1804 hic
1053 1758 1200 1806 esset
1229 1749 1607 1817 redempturus
1639 1745 1802 1800 lsracl
1832 1743 1984 1815 (Luc.
2019 1750 2062 1808 Β
2096 1753 2502 1808 similitudinem
2533 1753 2808 1821 corporis,
2840 1753 2982 1821 quod
3013 1768 3041 1806 a
3072 1769 3131 1808 re
3155 1753 3341 1807 indum
3374 1754 3682 1807 ρίι-ριηηίιη,

409 1862 563 1912 xxiv,
589 1846 704 1916 21).
741 1864 760 1896 ι
792 1843 1234 1906 lnfirmahuntur,
1281 1841 1526 1910 inquam,
1571 1840 1757 1894 ethoc
1788 1838 1998 1892 contin-

409 1949 558 2016 geta
595 1938 806 2008 jejunio
857 1935 1012 2006 panis
1052 1933 1194 1988 illius
1225 1973 1242 1999 ,
1292 1933 1382 2002 qui
1431 1934 1496 1986 (le
1542 1931 1678 1987 εωιο
1722 1928 1999 1985 descendit

409 2031 595 2100 (Joan.
622 2046 696 2094 γι,
729 2027 850 2099 41),
887 2027 990 2081 mei
1022 2026 1291 2081 videlicet.
1323 2025 1474 2092 Quod
1506 2033 1588 2078 est
1623 2039 1686 2078 ac
1722 2023 1764 2077 si
1808 2023 1994 2080 dicat:

409 2123 538 2177 lude
562 2121 640 2176 eis
661 2120 940 2190 continget
982 2118 1096 2172 haec
1123 2117 1432 2181 infirmitas,
1465 2115 1606 2185 quod
1638 2129 1722 2169 me
1749 2115 1996 2178 absente,

407 2213 840 2284 jejuuiierunta
885 2210 1308 2264 doctrina-mea.
1358 2207 1478 2260 Dixi
1526 2206 1669 2275 quod
1719 2205 1936 2258 aulerar
1967 2220 1997 2257 a

413 2306 574 2370 meis,
599 2305 840 2357 existens
870 2301 1061 2356 similis
1091 2301 1296 2354 umbra:
1316 2298 1608 2352 declinanti
1633 2312 1648 2362 ;
1691 2307 1736 2350 et
1766 2295 1846 2350 sic
1873 2312 1998 2348 caro

414 2414 530 2450 mea
558 2397 837 2449 immutata
885 2402 991 2459 est,
1019 2392 1070 2445 id
1106 2399 1190 2446 est
1239 2389 1637 2468 immutabitur,
1683 2397 1739 2440 ut
1788 2403 1852 2439 ex
1886 2386 2000 2439 ani-

414 2497 561 2542 mata
589 2489 683 2540 fiat
712 2486 1044 2548 inanimata;
1073 2493 1128 2538 et
1162 2484 1264 2537 hoc
1291 2489 1509 2551 prepter
1533 2480 1733 2543 oleum,
1762 2478 2000 2531 humano

417 2577 605 2648 generi
656 2576 930 2639 dandum,
983 2583 1042 2628 ut
1093 2573 1345 2627 omnibus
1393 2574 1551 2626 detur
1593 2571 1766 2641 gratia
1811 2568 2004 2623 remis-

417 2669 617 2735 sionis;
649 2683 770 2738 qua:
813 2667 994 2720 oleum
1019 2665 1236 2728 dicitur,
1269 2679 1334 2717 eo
1377 2663 1520 2732 quod
1552 2668 1776 2730 peccata
1818 2669 1999 2723 sanat,

415 2770 474 2816 et.
507 2762 685 2815 lumen
745 2760 940 2813 animae
993 2757 1286 2822 clarilicat,
1318 2755 1385 2810 ad
1438 2753 1845 2808 similitudinem
1895 2751 1996 2806 olei

419 2852 564 2922 quod
593 2851 811 2904 vulnera
843 2857 1018 2911 sanat,
1042 2855 1095 2902 ct
1123 2845 1309 2900 oculos
1337 2844 1588 2914 corporis
1610 2842 1898 2897 clarilicat.
1931 2839 1998 2892 lit

417 2951 703 3014 postquam
735 2955 862 2994 caro
910 2955 1028 2993 mea
1081 2935 1481 3000 immolabitur,
1519 2950 1612 3004 ego
1661 2933 1834 3002 factus
1885 2945 2000 2983 sum

419 3034 753 3105 appr'obrium
783 3031 913 3096 illis,
935 3031 986 3084 id
1014 3038 1098 3084 est
1132 3043 1233 3098 ego
1259 3028 1348 3098 qui
1373 3026 1438 3080 ad
1466 3026 1741 3079 hominum
1774 3023 2000 3078 salutem

2098 1853 2205 1899 tur.
2261 1845 2412 1911 Quod
2459 1853 2542 1899 est
2587 1845 2767 1898 dicere
2801 1861 2816 1899 :
2845 1845 3150 1898 l'lcnariam
3200 1846 3449 1900 habeant
3499 1847 3682 1900 confu-

2097 1939 2326 2002 sionem,
2374 1947 2428 1992 et
2475 1952 2582 1991 non
2616 1937 2916 2006 simplicem
2964 1937 3370 2002 confusionem,
3426 1943 3524 1993 sed
3569 1959 3680 2009 ope-

2100 2033 2324 2097 riuntur,
2361 2031 2412 2085 id
2449 2042 2531 2084 est
2563 2041 2748 2100 aperte
2778 2031 3183 2089 circumdcntnr
3218 2033 3536 2100 confusione
3570 2051 3680 2096 sua,

2099 2124 2151 2178 id
2175 2133 2257 2178 est
2286 2122 2602 2178 confusione
2623 2137 2784 2190 quam
2819 2121 2972 2176 malis
3004 2123 3213 2178 actibus
3237 2123 3351 2177 suis
3371 2139 3684 2192 promerca-

2101 2223 2204 2280 tur,
2234 2215 2366 2268 sicut
2399 2215 2650 2285 diploide,
2683 2215 2734 2268 id
2766 2224 2851 2270 est
2897 2217 2962 2268 ad
3008 2216 3222 2270 modum
3271 2215 3455 2285 duplic
3499 2217 3681 2270 vestis.

2101 2307 2536 2363 Scribitsanctus
2572 2305 2932 2378 Hieronymus
2960 2306 3246 2376 diploidem
3283 2321 3410 2360 esse
3457 2306 3685 2360 chlami-

2099 2403 2219 2456 dem
2253 2401 2492 2469 duplam,
2538 2399 2690 2468 cujus
2728 2415 2832 2454 una
2882 2415 3009 2468 pars
3051 2399 3301 2464 interior,
3338 2400 3517 2453 altera
3565 2415 3686 2453 vero

2098 2505 2181 2550 est
2203 2495 2461 2550 exterior.
2496 2493 2650 2548 Unde
2679 2507 2915 2560 congrue
2958 2491 3127 2547 Judrei
3169 2493 3330 2561 dupla
3362 2493 3685 2547 confusione

2100 2589 2352 2640 dicuntur
2394 2585 2566 2654 operti
2610 2582 2796 2646 fuisse,
2840 2583 2980 2636 sicut
3020 2583 3272 2652 diploide.
3313 2581 3434 2636 Una
3471 2585 3686 2653 quidem

2100 2677 2418 2732 etmfusioue
2469 2674 2700 2728 interius
2735 2673 2788 2726 in
2833 2673 3036 2737 anima,
3073 2681 3126 2727 et
3163 2673 3208 2726 si
3239 2688 3345 2726 non
3397 2675 3467 2725 ad
3519 2675 3686 2742 ιιιιτιιὶ-

2103 2769 2326 2822 tentiam
2365 2769 2418 2822 in
2450 2766 2849 2822 resurrectione
2877 2765 3076 2820 Christi
3105 2775 3159 2819 et
3201 2766 3535 2820 ascensione
3569 2784 3583 2817 :
3623 2767 3688 2817 al-

2103 2869 2216 2914 tera
2266 2875 2396 2914 vero
2440 2859 2680 2914 exterius
2713 2859 2764 2912 in
2806 2859 3046 2926 ipsorum
3090 2857 3338 2924 captione
3387 2866 3445 2908 ct
3479 2857 3688 2924 disper-

2101 2952 2278 3006 sione.
2311 2950 2440 3006 Dico
2487 2960 2756 3018 quatenus
2787 2948 2861 3001 illi
2909 2945 3322 3014 confundantur,
3373 2960 3477 3011 ego
3516 2956 3686 3005 autem

2103 3043 2386 3113 conﬁtebor
2434 3041 2679 3106 Domino,
2727 3055 2760 3094 ο
2791 3040 3085 3102 auditores,
3109 3039 3163 3091 in
3203 3054 3292 3090 ore
3337 3053 3478 3102 meo,
3517 3037 3572 3090 id
3616 3046 3690 3090 est

418 3127 630 3199 patiens
660 3123 1008 3194 opprobrium
1045 3135 1381 3190 nequaquam
1414 3134 1534 3173 esse
1574 3117 1845 3178 deberem,
1875 3115 1998 3168 liam

2105 3136 2208 3192 mei
2234 3131 2863 3190 confitebunturlaudcm
2897 3129 3140 3192 Domino,
3161 3144 3266 3182 non
3295 3128 3474 3182 solum
3509 3131 3687 3189 corde,

420 3215 1124 3285 illisJudteisopprobrimu,
1145 3211 1350 3267 scilicet
1367 3225 1464 3280 pro
1487 3207 1777 3278 epprobrio
1805 3221 2001 3274 magno

423 3310 774 3380 reputabant,
813 3305 954 3374 quod
1001 3305 1065 3358 de
1096 3317 1282 3356 eorum
1317 3313 1512 3370 genere
1543 3306 1702 3350 natus
1731 3295 1850 3349 sim.
1882 3295 1999 3362 Vel,

425 3402 553 3456 fiam
582 3381 688 3454 illis
719 3398 1092 3470 Opprobrium,
1121 3395 1173 3450 id
1207 3403 1291 3448 cst
1333 3407 1497 3446 causa
1521 3389 1796 3461 Opprobrii
1829 3406 1842 3442 :
1878 3405 2001 3442 nam

425 3507 524 3562 pro
551 3491 903 3546 crucifixioue
931 3504 1050 3544 mea
1094 3487 1146 3540 in
1189 3495 1448 3540 artes-num
1480 3481 1829 3551 opprobrium
1862 3481 2004 3548 apud

427 3585 679 3638 homines
706 3590 894 3647 erunt;
947 3589 1000 3634 et
1045 3594 1150 3633 non
1200 3576 1373 3631 solum
1409 3589 1494 3628 me
1538 3573 1882 3643 crucifigent,
1912 3573 2007 3628 sed

425 3675 591 3730 etiam
619 3673 873 3736 viderunt,
907 3671 958 3724 id
991 3679 1072 3725 est
1098 3685 1219 3723 cum
1256 3667 1615 3722 delectatione
1643 3664 1905 3734 aspicient
1927 3679 2008 3718 me

431 3775 726 3824 mortuum,
759 3761 1017 3815 habentes
1051 3773 1136 3813 me
1179 3757 1568 3830 spectaculum,
1618 3765 1666 3808 et
1713 3764 2004 3820 moverunt,

431 3854 488 3908 id
520 3861 603 3906 est
627 3850 918 3904 movebunt
958 3851 1132 3918 capita
1169 3867 1262 3902 sua
1290 3865 1413 3903 cum
1438 3848 1708 3902 derisione
1735 3847 1962 3903 dicendo
1993 3863 2004 3898 :

415 3968 457 4000 ,ι
496 3946 646 4000 Alios
701 3943 877 3998 salvos
920 3941 1086 4004 fecit,
1133 3941 1369 4010 scipsum
1417 3957 1524 3994 non
1575 3949 1753 4011 potest
1802 3939 2008 3994 salvum

432 4039 615 4092 facere
669 4033 883 4106 (Matth.
918 4046 1087 4095 xxvii,
1119 4031 1234 4100 litt).
1282 4051 1300 4082 ι
1333 4031 1401 4084 Ει
1440 4031 1565 4099 quia
1603 4047 1732 4086 caro
1760 4045 1876 4084 mea
1912 4031 2011 4083 im-

434 4127 753 4193 mutabitur,
788 4134 842 4178 et
884 4122 1010 4176 fiam
1047 4122 1420 4193 opprobrium,
1445 4122 1636 4191 adjuvit
1664 4139 1761 4184 me,
1797 4120 2013 4175 Domine

434 4222 575 4275 Deus
599 4233 780 4279 utens;
822 4225 876 4270 et
923 4217 1023 4270 hoc
1069 4217 1228 4270 tuodo
1276 4211 1467 4281 adjuva
1495 4227 1508 4264 :
1539 4211 1758 4266 Salvam
1792 4227 1871 4263 me
1902 4209 2010 4278 fac,

433 4311 813 4367 resuscitando
859 4317 912 4362 et
965 4305 1329 4361 immortalem
1387 4314 1442 4358 et
1499 4302 1887 4374 impassibilem
1943 4302 2015 4356 fa-

435 4405 648 4466 ciendo,
697 4409 752 4454 et
801 4398 906 4453 hoc
935 4400 1222 4451 secundum
1277 4395 1692 4450 misericordiam
1733 4403 1914 4460 tuam;
1957 4401 2016 4446 ut

435 4496 576 4549 sicut
627 4493 802 4564 ampla
837 4501 921 4548 est
964 4489 1336 4545 misericordia
1365 4499 1476 4556 tua,
1510 4487 1584 4542 ita
1624 4496 1680 4541 et
1713 4485 1858 4541 salus
1897 4500 2018 4539 mea
2053 4477 2092 4530 Ι)

435 4588 508 4640 sit
531 4585 725 4654 atnpla.

509 4674 598 4736 Et,
631 4689 714 4728 me
745 4673 967 4734 salvato,
1001 4675 1165 4727 sciant
1197 4671 1364 4728 Judwi
1400 4672 1512 4742 ipsa
1562 4670 1636 4724 rei
1663 4671 2016 4741 experientia,

401 4771 410 4774 “
437 4769 583 4836 quod
609 4767 718 4818 [nec
749 4782 934 4818 manus
963 4765 1123 4837 443
1148 4782 1308 4834 quam
1352 4766 1450 4835 ipsi
1484 4764 1758 4836 negligunt
1789 4774 1880 4818 tua
1919 4775 2017 4830 est,

442 4860 494 4913 id
524 4855 768 4924 estquod
808 4870 904 4924 ego
931 4872 1046 4908 sum
1093 4872 1282 4911 manus
1327 4865 1438 4922 tua,
1481 4856 1531 4910 id
1561 4866 1644 4909 est
1671 4855 1844 4910 Filius
1898 4865 2018 4909 tuus

439 4946 734 5004 secundum
760 4944 1115 5008 divinitatem,
1162 4947 1304 5015 quod
1352 4947 1456 5015 ipsi
1499 4956 1717 5015 negant.
1753 4944 1845 5012 Et,
1892 4946 2017 5001 licet

443 5039 997 5106 lilii-sitlnccmiatitts
1050 5040 1342 5090 secundum
1388 5038 1725 5093 divinitatem
1782 5038 2018 5093 conub-

441 5130 811 5196 stantialis,tu
861 5139 1053 5191 tamen,
1105 5125 1346 5194 Domine,
1385 5129 1574 5197 fecisti,
1607 5130 1658 5184 id
1689 5138 1773 5185 est
1821 5130 2017 5185 creasti

442 5242 580 5293 eum,
611 5231 904 5282 secundum
954 5224 1364 5279 humanitatem.
1408 5224 1598 5280 Manus
1625 5225 1801 5281 Patris
1852 5226 2018 5282 Filius

446 5315 660 5381 dicitur,
690 5332 754 5370 eo
777 5316 918 5385 quod
953 5330 1050 5385 per
1090 5316 1266 5385 ipsum
1305 5315 1486 5368 omnia
1529 5315 1689 5370 Pater
1737 5328 2010 5387 cperatur.

445 5411 578 5466 Cum
612 5428 669 5468 se
697 5413 860 5466 Deum
889 5423 943 5467 et
973 5413 1244 5468 hominem
1273 5427 1460 5466 verum
1502 5413 1759 5478 ostendit,
1790 5415 2023 5470 destruit

447 5513 500 5557 et
527 5503 737 5559 illorum
773 5502 1022 5558 lueresim
1058 5505 1148 5573 qui
1186 5519 1309 5560 eum
1351 5517 1472 5559 esse
1519 5502 1788 5558 hominem
1826 5505 2020 5570 solum,

446 5605 703 5652 eteorum
736 5597 826 5667 qui
872 5611 994 5652 eum
1037 5612 1154 5652 esse
1203 5598 1368 5652 Deum
1411 5607 1616 5652 tantum
1653 5606 2020 5651 asserueruut.

449 5687 542 5744 Vel
571 5689 647 5747 sic
681 5690 786 5746 :Et
833 5705 929 5761 per
959 5688 1060 5744 mei
1103 5689 1454 5747 salvationem
1503 5688 1676 5746 sciant
1719 5688 1862 5757 quod
1913 5689 2027 5744 haec

2103 3227 2198 3283 sed
2225 3235 2281 3282 et
2303 3241 2397 3280 ore
2424 3240 2546 3290 suo,
2576 3239 2684 3277 non
2710 3221 2936 3276 tacendo
2968 3236 3089 3290 pra;
3113 3221 3304 3274 timore
3352 3219 3687 3280 infidelium;

2105 3326 2162 3372 et
2189 3318 2291 3372 hoc
2318 3314 2492 3378 nimis,
2526 3313 2578 3366 id
2609 3323 2692 3368 est
2715 3312 2890 3366 valde.
2920 3331 2936 3361 ι
2973 3309 3144 3364 Corde
3175 3309 3318 3363 enim
3347 3309 3605 3362 creditur
3632 3310 3690 3362 ad

2101 3407 2393 3479 justitiam,
2423 3419 2518 3459 ore
2559 3412 2738 3457 autem
2769 3399 3037 3457 confessio
3069 3400 3129 3453 ﬁt
3152 3399 3217 3452 ad
3248 3399 3485 3452 salutem
3516 3398 3687 3468 (llam.

2108 3520 2162 3568 κ,
2194 3501 2306 3572 10),
2347 3519 2365 3552 ι
2393 3499 2459 3554 Ει
2503 3513 2608 3553 non
2637 3511 2820 3552 coram
2859 3495 3048 3565 paucis
3095 3493 3404 3548 inli.‘elibus
3433 3493 3546 3547 mei
3589 3492 3692 3545 lanx

2109 3596 2312 3652 dabunt
2342 3591 2648 3656 Dominum,
2685 3589 2780 3644 sed
2821 3589 2875 3641 in
2907 3586 3076 3640 medio
3122 3586 3406 3638 multorum
3463 3585 3691 3638 laudabo

2109 3687 2280 3750 illam,
2314 3685 2366 3738 id
2393 3693 2478 3738 est
2524 3682 2577 3736 in
2608 3679 2894 3734 manifesto
2925 3678 3214 3732 multorum
3246 3675 3554 3730 infidelium
3586 3676 3690 3727 lau-

2103 3779 2314 3840 dabunt
2335 3791 2457 3829 eum
2485 3789 2601 3839 ore,
2634 3789 2738 3827 non
2785 3769 3200 3824 reformidantes
3230 3767 3408 3820 minas
3455 3782 3647 3820 eorum
3675 3781 3689 3828 ;

2113 3881 2166 3924 ct
2197 3869 2320 3923 inde
2347 3849 2622 3937 continget
2644 3865 2759 3918 lucc
2789 3862 2929 3925 laus,
2965 3860 3108 3928 quod
3138 3874 3254 3928 ipse
3282 3857 3554 3910 Domums
3583 3857 3693 3909 asti-

2113 3967 2198 4029 tit,
2230 3963 2281 4017 id
2322 3969 2404 4015 est
2438 3959 2638 4014 astabit
2687 3975 2717 4010 a
2757 3955 2954 4010 dextris
2997 3954 3101 4007 mei
3143 3952 3415 4022 pauperis,
3467 3952 3692 4013 scilicet,

2116 4052 2550 4126 patrocinabitur
2591 4049 2722 4103 mihi
2760 4047 3054 4103 secumlum
3089 4044 3236 4098 illam
3279 4053 3564 4106 naturam,
3595 4057 3692 4110 qua

2117 4160 2321 4216 pauper
2345 4158 2501 4207 sum;
2546 4139 2610 4195 ad
2658 4137 3062 4194 similitudinem
3104 4133 3336 4204 patroni,
3371 4133 3466 4200 qui
3497 4148 3528 4184 a
3571 4133 3692 4184 dex-

2120 4214 2236 4293 iris
2259 4235 2513 4308 pauperis
2541 4241 2668 4298 stat,
2712 4232 2798 4287 cui
2829 4214 3222 4300 patrocinatur.
3259 4225 3377 4280 Non
3408 4227 3558 4278 enim
3601 4239 3693 4294 pa-

2118 4339 2364 4385 tronusa
2390 4325 2628 4380 sinistris
2673 4337 2795 4378 esse
2841 4322 3058 4385 dicitur,
3105 4319 3199 4375 sed
3226 4333 3258 4373 a
3303 4317 3536 4382 dextris,
3579 4329 3692 4369 cum

2119 4437 2215 4492 per
2241 4421 2485 4474 dextram
2515 4415 2865 4486 prosperitas,
2885 4428 2979 4482 per
2994 4412 3267 4466 sinistram
3303 4418 3488 4462 autem
3515 4410 3695 4461 adver-

2122 4512 2258 4566 sitas
2287 4508 2603 4577 accipiatur.
2628 4505 2867 4568 Astabit,
2908 4505 3148 4573 inquam,
3177 4517 3207 4554 a
3239 4501 3450 4554 dextris
3479 4501 3546 4552 ad
3579 4498 3690 4558 hoc,

2107 4600 2345 4666 scilicet,
2396 4608 2449 4651 ut
2505 4597 2728 4666 faceret,
2769 4595 2822 4650 id
2871 4605 2954 4648 est
2995 4593 3158 4647 faciat.
3217 4591 3418 4645 salvam
3471 4591 3691 4642 animum

2119 4708 2286 4747 meam
2309 4708 2340 4744 a
2369 4687 2566 4743 JtltltBlS
2593 4685 3036 4757 persequentibus.
3081 4683 3458 4738 rosascitando
3485 4694 3588 4743 nte,
3633 4691 3692 4728 ne

2121 4782 2176 4836 in
2213 4789 2382 4835 morte
2408 4779 2668 4833 detinear.

2607 4866 2672 4920 IN
2701 4863 3030 4920 PSALMUM
3066 4862 3201 4918 CIX.

2195 4961 2392 5017 PSLtlllli
2440 4959 2718 5014 centesimi
2764 4959 2886 5012 noui
2931 4955 3162 5010 Titulus.
3213 4953 3458 5007 Psalmus
3509 4949 3691 5007 Dauid,

2125 5053 2208 5107 vel
2243 5052 2406 5105 David
2434 5050 2709 5119 propheta:
2739 5063 2805 5101 eo
2843 5047 2986 5117 quod
3017 5046 3131 5113 ipse
3175 5045 3265 5100 hic
3310 5044 3568 5112 loquitur.
3617 5040 3692 5091 τοι

2125 5141 2294 5196 David
2329 5139 2526 5194 Christi
2557 5152 2620 5192 eo
2648 5137 2790 5207 quod
2823 5139 2889 5190 de
2931 5151 2997 5190 eo
3039 5136 3126 5189 hic
3168 5135 3279 5205 agit
3308 5133 3593 5203 Propheta.
3633 5130 3694 5183 Et

2129 5242 2273 5290 totus
2299 5233 2400 5285 istc
2427 5229 2664 5300 psalmus
2685 5229 2750 5283 ad
2773 5227 2982 5282 laudem
3006 5226 3120 5296 ejus
3149 5233 3358 5292 spectat
3387 5242 3401 5278 :
3427 5238 3546 5277 nam
3571 5221 3690 5289 quia

2123 5326 2391 5394 Propheta
2425 5322 2477 5375 in
2518 5321 2782 5390 superiori
2834 5321 3038 5386 psalmo
3083 5323 3256 5392 ipsum
3302 5319 3570 5374 Christum
3618 5314 3694 5364 iu-

2127 5417 2354 5472 duxerat
2385 5423 2655 5478 orantem,
2684 5429 2752 5467 ne
2793 5413 2910 5467 laus
2944 5412 3060 5482 ejus
3100 5422 3390 5477 taceretur,
3417 5424 3534 5466 eum
3585 5406 3692 5458 lau-

2126 5505 2684 5563 dabilemostenditex
2712 5506 3055 5561 attcstatione
3080 5515 3322 5575 paterna:
3343 5498 3687 5558 auctoritatis.

2127 5598 2334 5653 lnducit
2363 5597 2507 5652 enim
2539 5595 2712 5665 ipsum
2737 5595 2955 5651 Patrem
2993 5597 3059 5650 ad
3095 5584 3270 5666 ipsum
3307 5593 3580 5648 Dominum
3615 5587 3692 5652 je-

2131 5703 2250 5743 sum
2288 5686 2592 5756 loquentem
2626 5694 2679 5740 et
2718 5687 3100 5756 praedicentem
3147 5696 3205 5741 ut
3240 5691 3519 5754 conregnet
3569 5678 3691 5742 sibi,
