3840 6338
506 284 527 336 1
543 282 640 336 ΞΞἹ

1087 277 1145 333 S.
1187 274 1537 334 BRUNONIS
1573 271 2215 332 CARTllUSIANORUM
2248 270 2733 340 l.\'S_TlTUTORIS
2772 270 2922 329 OPP.
2955 271 3132 329 PARS
3161 271 3199 326 l.

3631 274 3753 331 £228

500 398 628 451 licet
657 406 711 453 et
741 410 837 466 per
874 404 923 449 te
947 395 1127 448 onmia
1174 393 1315 447 facta
1361 392 1491 457 sint,
1534 392 1675 447 sicut
1719 406 1815 461 per
1850 406 1954 445 me.
2009 391 2076 444 Et
2108 395 2150 451 Α
2181 391 2474 444 secundum
2502 389 2850 457 multiplicem
2881 389 3223 459 dignitatem,
3250 402 3370 457 qua:
3392 387 3747 443 consileratur

500 492 636 550 bene
662 488 948 566 punitum!)
993 501 1202 544 mecum
1236 484 1572 557 principium,
1602 483 1695 539 sed
1738 493 1906 536 tecum
1936 483 2088 553 priu-

496 589 713 658 cipium.
745 587 802 641 Si
849 584 993 639 enirn
1040 590 1270 653 poneret
1300 590 1353 633 tu
1399 594 1457 633 es
1503 593 1711 632 mecum
1744 577 2083 645 principium,

499 687 682 748 posset
728 693 756 731 a
809 676 948 730 male
998 671 1423 741 intelligentibus
1469 669 1675 734 errari,
1725 678 1782 721 ιιι
1835 682 1932 736 per
1985 666 2085 719 hoc

499 770 717 824 Patrem
749 767 1007 837 majorem
1043 763 1176 819 Filio
1206 761 1470 816 dicerent.
1522 758 1787 813 Czelerum
1830 772 1953 812 cum
1990 770 2085 826 po-

496 863 578 915 nit
618 877 717 930 ego
760 875 878 913 sum
921 868 1087 911 tecum
1126 852 1455 924 principium,
1507 865 1627 904 cum
1673 848 1804 902 nulli
1864 846 2082 902 dubium

507 956 577 1008 sit
622 954 838 1007 Patrem
873 966 976 1003 non
1022 961 1142 1000 esse
1172 945 1308 1001 Filio
1358 943 1644 1006 minorem,
1678 939 1867 1010 procul
1921 938 2084 994 dubio

494 1060 593 1111 per
623 1044 725 1097 hoc
752 1040 991 1095 innititur
1015 1052 1138 1091 eum
1169 1049 1287 1089 esse
1315 1034 1489 1089 eidem
1512 1031 1650 1087 Filio
1675 1040 2004 1086 cowternum
2030 1036 2086 1083 et

494 1132 846 1204 coaequalem.

566 1223 814 1279 Ostendit
857 1230 1023 1276 etiam
1067 1218 1119 1272 in
1149 1232 1255 1288 qua
1301 1224 1494 1271 natura
1533 1229 1655 1269 eum
1703 1212 1907 1284 genuit,
1950 1220 2005 1266 et
2034 1210 2083 1265 ei

495 1324 795 1370 cozclernus
822 1321 875 1366 et
905 1310 1195 1381 coaequalis
1225 1310 1316 1375 sit,
1360 1324 1484 1365 cum
1531 1307 1681 1362 addit
1710 1324 1724 1361 :
1757 1305 1822 1361 In
1860 1305 1943 1358 die
1975 1304 2084 1358 vir-

491 1407 616 1459 tutis
654 1414 760 1458 tua:
801 1406 855 1458 in
901 1402 1265 1474 splendoribus
1313 1411 1637 1455 sanctorum.
1670 1397 1824 1466 Quod
1857 1397 1937 1452 sic
1983 1396 2080 1450 ad-

493 1504 711 1563 aptalur
733 1512 745 1547 :
766 1493 957 1559 Genui,
981 1493 1227 1562 inquam,
1247 1503 1314 1554 te,
1340 1500 1392 1546 et
1415 1506 1533 1545 sum
1557 1499 1725 1544 tecum
1746 1486 2079 1559 principium,

490 1592 547 1638 et
582 1585 685 1638 hoc
714 1583 766 1636 in
800 1583 887 1636 die
921 1582 1124 1635 virtutis
1153 1590 1277 1646 tuw,
1308 1589 1362 1635 et
1401 1580 1455 1634 in
1489 1577 1850 1650 splendoribus
1876 1585 2085 1630 sancto-

491 1692 630 1740 rum,
662 1675 713 1728 id
747 1682 849 1739 est,
877 1673 929 1727 in
961 1688 1024 1728 ea
1056 1682 1246 1727 natura
1276 1682 1327 1727 te
1357 1671 1541 1741 genui,
1569 1670 1619 1724 in
1650 1686 1756 1739 qua
1780 1677 1835 1723 tu
1862 1683 1921 1723 es
1946 1667 2079 1732 dies,

2190 480 2478 535 ordinatim
2514 480 2565 533 in
2596 479 3011 534 Melchisedech.
3040 478 3437 533 Melchisedech
3463 481 3648 550 quippe
3674 500 3748 535 rer

2179 572 2407 641 justitite
2452 572 2857 640 interpretatur,
2903 571 2996 640 qui
3046 569 3147 623 fuit
3196 587 3290 625 rex
3340 570 3547 633 Salem,
3596 573 3641 625 il
3681 582 3749 628 et

2193 682 2211 714 ‹
2250 679 2341 717 rex
2392 664 2540 733 pacis
2584 663 2700 718 sine
2748 672 2921 733 patre,
2955 665 3073 717 sine
3096 672 3295 728 matre,
3344 678 3520 732 neque
3564 664 3748 720 initium

2186 756 2397 811 dierum
2434 771 2608 824 neque
2656 756 2817 809 linem
2859 756 2987 810 vita:
3031 755 3240 810 habens
3286 754 3475 824 (Hebr.
3509 772 3601 820 vit,
3629 757 3697 827 5).
3731 778 3747 809 ι

2186 848 2304 903 Non
2336 857 2513 904 tamen
2543 858 2600 902 ut
2631 847 2705 901 ita
2734 855 2879 902 esset
2908 847 2959 901 in
3013 863 3095 913 re,
3142 849 3237 902 sed
3285 848 3407 903 ideo
3435 848 3626 902 dicitur
3651 867 3752 904 esse

2188 942 2305 996 sine
2349 950 2533 1010 patre,
2567 940 2684 996 sine
2720 948 2917 1004 matre,
2969 954 3142 1009 neque
3169 940 3382 995 initium
3415 956 3587 1012 neque
3615 946 3751 997 linem

2186 1030 2395 1085 dierum
2453 1029 2737 1095 habuisse,
2782 1029 3036 1098 quoniam
3105 1029 3158 1083 in
3228 1030 3457 1084 historia
3533 1031 3655 1084 nihil
3696 1032 3751 1085 de

2185 1131 2360 1193 patre,
2394 1121 2528 1176 nihil
2572 1122 2639 1176 de
2690 1130 2884 1187 matre,
2934 1121 3049 1176 sive
3092 1121 3157 1176 de
3199 1120 3378 1185 initio,
3424 1120 3540 1175 sive
3575 1122 3635 1175 de
3662 1121 3751 1175 line

2185 1215 2397 1271 dierum
2427 1213 2544 1284 ejus
2587 1214 2803 1284 legitur.
2848 1214 2953 1268 Iste
3000 1229 3217 1285 quoque
3260 1213 3646 1269 Melchisedech
3673 1230 3747 1269 sa-

2186 1305 2379 1363 cerdo’s
2410 1304 2670 1361 Altissimi
2705 1304 2904 1377 legitur
2937 1304 3126 1370 fuisse,
3172 1314 3227 1359 et
3268 1305 3426 1375 panis
3459 1316 3515 1360 et
3544 1306 3642 1359 vini
3679 1324 3750 1360 sa-

2187 1398 2449 1454 criﬁcium
2499 1398 2782 1453 obtulisse.
2838 1397 2965 1452 Ilaec
3012 1398 3177 1467 igitur
3225 1398 3408 1453 omnia
3463 1399 3514 1452 in
3564 1398 3750 1454 Christo

2185 1490 2521 1545 considerari
2567 1499 2884 1560 potuerunt,
2916 1490 3008 1560 qni
3050 1490 3305 1544 nimirum
3332 1490 3561 1561 iustitiae
3595 1507 3675 1545 rex
3704 1498 3750 1545 et

2188 1581 2356 1635 totius
2387 1582 2538 1651 pacis
2579 1591 2680 1649 est,
2714 1581 2956 1637 existens
2992 1582 3111 1637 sine
3154 1591 3311 1651 patre
3351 1583 3642 1637 secundum
3671 1584 3751 1637 bu-

2188 1672 2526 1738 manitatem,
2561 1680 2615 1727 et
2663 1673 2782 1727 sine
2816 1682 3013 1738 matre,
3044 1681 3098 1728 et
3126 1674 3332 1744 absque
3374 1674 3533 1728 initio
3567 1674 3748 1729 dierum

490 1765 728 1830 scilicet,
777 1764 1073 1820 secundum
1107 1763 1447 1817 divinitatem
1482 1771 1530 1816 te
1572 1761 1749 1830 genui,
1803 1768 1859 1813 et
1904 1768 2080 1813 tecum
2114 1748 2158 1801 Β
2185 1770 2240 1817 et
2280 1762 2384 1816 ﬁne
2412 1763 2707 1817 secumlum
2752 1762 3129 1829 divinitatem;
3176 1763 3291 1833 qui,
3334 1763 3503 1817 etiam
3529 1765 3749 1817 sacerdos

489 1872 611 1910 sum
656 1856 1004 1925 principium,
1058 1869 1178 1924 qua:
1223 1853 1340 1908 dies
1374 1861 1480 1916 est,
1529 1852 1582 1906 id
1628 1858 1711 1905 est
1741 1849 1827 1904 die
1861 1848 2078 1903 clarior.

489 1950 646 2005 Unde
680 1949 746 2004 de
789 1964 848 2004 se
886 1947 1134 2002 Christus
1166 1946 1339 2000 dicit:
1382 1963 1399 1995 ι
1444 1943 1555 2014 Ego
1596 1957 1714 1997 sum
1762 1940 1851 1994 lux
1894 1939 2081 1995 mundi

490 2039 674 2111 (Joan.
704 2055 819 2103 vttt,
850 2038 959 2107 η).
995 2056 1012 2089 υ
1046 2036 1110 2089 1η
1137 2036 1241 2102 die,
1268 2036 1509 2105 inquam,
1540 2033 1743 2087 virtutis
1771 2042 1897 2096 tute,
1922 2030 1974 2085 id
1999 2037 2081 2084 est

490 2133 745 2203 potentiae
779 2141 905 2195 tuae,
953 2129 1181 2193 scilicet,
1231 2143 1352 2198 qua:
1380 2125 1637 2180 divinitas
1679 2131 1762 2178 est
1809 2122 1981 2177 virtus
2027 2129 2082 2175 et

487 2222 728 2292 potentia
758 2232 876 2286 tua;
906 2229 960 2275 et
994 2222 1048 2274 in
1076 2218 1443 2289 splendoribus
1471 2226 1773 2271 sanctorum
1815 2215 1969 2287 genui
2008 2223 2081 2278 te,

488 2325 545 2369 ct
584 2330 702 2369 sum
748 2323 914 2366 tecum
958 2312 1294 2382 principium,
1338 2309 1391 2363 id
1436 2317 1520 2363 est
1559 2308 1747 2362 eadem
1777 2306 2079 2372 divinitate,

488 2424 590 2477 per
617 2421 779 2477 quam
805 2413 1023 2459 sanctos
1049 2402 1357 2472 splendidos
1383 2400 1547 2465 facis;
1577 2400 1804 2469 ideoque
1831 2397 2085 2467 splendor

490 2507 805 2553 sanctorum
842 2495 1041 2549 dicitur
1078 2492 1265 2564 (llebr.
1298 2507 1338 2558 ι,
1366 2491 1444 2560 5).
1485 2490 1553 2545 Et
1589 2492 1724 2545 bene
1756 2489 1971 2558 quidem
2003 2488 2085 2542 di-

489 2590 632 2645 citur
660 2586 943 2658 pluraliter
982 2585 1322 2656 splendores,
1367 2598 1432 2637 eo
1464 2582 1623 2651 quod.
1652 2580 1837 2652 plures
1867 2587 2083 2634 sanctos

490 2682 545 2735 in
578 2680 817 2734 moribus
846 2676 1209 2749 splendilicat.
1241 2675 1338 2731 Vel
1373 2676 1453 2730 sic
1483 2692 1498 2729 :
1531 2673 1663 2729 Sum
1694 2684 1861 2727 tecum
1888 2673 2085 2743 princi-

487 2773 653 2841 pium,
690 2770 742 2824 id
774 2780 860 2825 est
899 2777 1203 2823 coaeternus
1232 2775 1287 2821 et
1314 2764 1624 2834 comqualis,
1673 2763 1727 2817 in
1767 2762 1852 2816 die
1878 2762 2082 2815 virtutis

488 2873 612 2924 tute,
652 2860 705 2915 id
734 2869 818 2915 est
852 2860 908 2914 in
940 2858 1241 2920 divinitale,
1287 2866 1340 2912 et
1378 2857 1431 2909 in
1470 2854 1832 2925 splendoribus
1869 2863 2080 2907 sancto-

488 2970 630 3018 rum,
668 2952 721 3007 id
753 2961 835 3008 est
880 2952 931 3005 in
982 2949 1291 3020 a-qualitate
1344 2948 1689 3017 splendormn
1741 2956 2080 3009 sanctorum,

488 3046 730 3110 scilicet,
786 3045 839 3098 in
887 3043 1194 3113 tumutitate
1242 3042 1414 3096 sancti
1466 3039 1729 3110 Spiritus,
1779 3054 1876 3109 per
1919 3052 2079 3107 quem

487 3152 678 3193 omnes
725 3136 899 3191 sancti
948 3134 1415 3204 splendiilcantnr,
1464 3132 1555 3203 qui
1595 3129 1787 3200 plurali
1819 3129 2081 3184 vocabulo

488 3228 807 3300 splendores
851 3226 1132 3290 dicuntur,
1168 3233 1389 3295 propter
1434 3222 1804 3292 septifortncm
1852 3220 2082 3289 gratiam

487 3319 626 3390 ejus.
656 3320 735 3372 Ac
763 3318 807 3372 si
838 3317 1022 3372 dicat:
1060 3316 1172 3387 Ego
1211 3324 1264 3369 et
1299 3324 1352 3369 tu
1404 3313 1719 3384 principium
1780 3327 1989 3376 sumus,
2029 3307 2082 3366 id

489 3420 575 3467 cst
601 3408 858 3465 comterni
892 3418 947 3463 et
976 3406 1298 3476 coarqualcs.
1330 3404 1422 3458 Vel
1454 3405 1530 3459 sic
1560 3404 1730 3458 multo
1758 3402 1951 3459 melius
1978 3400 2081 3471 legi

490 3512 669 3574 potest
704 3520 716 3554 :
752 3498 943 3563 Genui,
977 3500 1225 3569 inquam,
1257 3507 1326 3562 te,
1362 3509 1540 3551 tecum
1578 3496 1863 3551 existcndo
1889 3494 2084 3565 princi-

490 3597 657 3667 pium,
690 3597 831 3666 quod
860 3595 1035 3665 palam
1069 3594 1175 3649 erit
1204 3609 1289 3649 me
1322 3602 1372 3647 te
1398 3592 1669 3662 genuisse,
1700 3604 1746 3646 et
1773 3601 1939 3645 tecum
1962 3602 2083 3643 esse

490 3688 807 3756 principium
844 3686 896 3739 in
932 3686 1016 3739 die
1057 3685 1263 3739 virtutis
1294 3694 1420 3749 tute,
1455 3684 1508 3738 id
1538 3692 1622 3739 est
1664 3682 1717 3737 in
1758 3681 1844 3737 die
1867 3678 2079 3749 judicii,

494 3781 548 3834 in
580 3795 688 3849 quo
737 3777 1025 3833 manifesta
1071 3778 1176 3832 erit
1223 3778 1396 3831 virtus
1444 3786 1557 3841 tua,
1601 3791 1720 3845 qua:
1768 3773 1928 3829 modo
1975 3788 2081 3828 non

493 3870 749 3927 omnibus
777 3878 1019 3941 apparet.
1050 3870 1113 3923 Et
1150 3870 1325 3937 palam
1358 3869 1459 3923 erit
1485 3869 1539 3923 in
1569 3866 1931 3938 splendoribus
1961 3883 2083 3919 san-

492 3974 720 4027 ctorum,
765 3962 818 4017 id
861 3972 947 4016 est
976 3962 1029 4014 in
1056 3962 1139 4014 die
1168 3960 1257 4015 illa
1303 3961 1506 4015 virtutis
1540 3959 1705 4032 M6
1748 3971 1853 4014 tua:
1897 3960 1948 4012 in
1980 3973 2082 4027 qua

492 4064 713 4112 sanctos
744 4064 863 4109 tuos
895 4052 947 4107 in
974 4061 1235 4107 aeternum
1267 4050 1578 4121 splendidos
1610 4050 1794 4105 facies.
1824 4050 1977 4117 Quod
2003 4059 2086 4105 est

494 4147 725 4202 dicere:
761 4145 867 4201 Per
897 4153 1114 4199 sanctos
1162 4151 1283 4197 tuos
1327 4156 1462 4211 quos
1504 4143 1558 4195 in
1605 4141 1689 4194 die
1733 4140 1935 4194 virtutis
1981 4149 2084 4194 tua:

494 4238 806 4308 splendidos
838 4235 1025 4300 facies,
1054 4233 1240 4305 palam
1282 4233 1388 4288 erit
1424 4232 1568 4302 quod
1612 4230 1742 4285 tnihi
1784 4238 2085 4286 comternus

494 4347 555 4385 es
600 4338 653 4385 et
698 4327 990 4399 comqualis
1036 4336 1093 4383 et
1132 4326 1628 4383 consubstantialis.
1677 4324 1968 4395 Postquam
2017 4340 2084 4379 ex

2182 1852 2451 1908 Altissimi
2484 1852 2662 1908 Patris
2698 1854 2962 1919 existens,
3002 1856 3113 1909 veri
3146 1856 3301 1925 panis
3328 1864 3384 1910 et
3411 1856 3546 1921 vini,
3572 1856 3752 1911 scilicet

2184 1946 2430 2014 corporis
2454 1945 2535 2000 sui
2567 1956 2730 2016 atque
2760 1946 3063 2016 sanguinis,
3092 1946 3424 2001 sacriﬁcium
3454 1949 3507 2001 in
3538 1964 3626 2002 ara
3655 1965 3753 2003 cru-

2183 2038 2263 2092 cis
2307 2038 2524 2093 obtulit.
2580 2036 2657 2091 Tu
2703 2055 2798 2105 es,
2848 2039 3114 2107 inquam,
3181 2037 3428 2092 sacerdos
3497 2039 3753 2093 secundum

2185 2129 2419 2183 ordinem
2453 2129 2865 2197 Melchisedech;
2890 2141 2945 2185 et
2986 2132 3087 2187 huc
3114 2133 3167 2185 in
3197 2142 3474 2197 mternum,
3508 2132 3560 2186 il
3590 2145 3662 2188 est
3689 2134 3754 2186 ita

2184 2231 2243 2276 ut
2269 2221 2629 2277 sacerdotium
2659 2233 2804 2277 tuu;n
2841 2224 2891 2277 in
2924 2224 3042 2279 loco
3073 2225 3360 2280 sacerdotii
3384 2224 3498 2280 Liv
3523 2226 3749 2296 tici,jam

2185 2315 2453 2382 evacuati,
2480 2315 2775 2370 admissum
2807 2317 2897 2383 sit,
2939 2318 3144 2373 durans
3176 2319 3228 2372 in
3261 2328 3529 2373 reternum
3563 2320 3613 2373 in
3644 2329 3689 2373 te
3709 2329 3755 2373 ct

2186 2404 2239 2458 in
2274 2405 2401 2459 tuis.
2432 2403 2489 2458 In
2518 2406 2600 2459 sui
2631 2406 2850 2475 quidem
2876 2422 3107 2477 persona
3131 2409 3388 2464 sacerdos
3436 2410 3488 2462 in
3519 2419 3755 2463 aeternum

2187 2495 2408 2560 dicitur,
2456 2511 2562 2550 non
2604 2500 2746 2566 quod
2791 2498 3123 2553 sacriﬁcium
3168 2500 3418 2570 corporis
3461 2512 3621 2570 atque
3660 2517 3760 2552 san-

2186 2587 2367 2657 guinis
2400 2586 2451 2641 in
2478 2598 2741 2642 aeternum
2770 2588 2981 2652 oii'erat,
3016 2591 3160 2660 quod
3187 2600 3397 2646 tantum
3433 2594 3600 2647 semel
3629 2592 3759 2645 olzttz~

2185 2677 2266 2742 lit,
2310 2678 2404 2731 sed
2446 2680 2704 2747 quoniam
2754 2679 2806 2733 in
2852 2690 3117 2735 aeternum
3164 2697 3261 2750 pro
3302 2681 3433 2738 [iliis
3476 2695 3597 2739 orat
3635 2686 3755 2750 apud

2184 2765 2425 2822 Patrem.
2471 2768 2829 2822 Sacerdotum
2862 2769 3006 2824 enim
3050 2787 3156 2826 non
3202 2781 3415 2827 tantum
3458 2784 3543 2828 est
3567 2772 3755 2828 olierrc.

2185 2859 2278 2913 sed
2304 2868 2357 2913 et
2388 2875 2483 2929 pro
2509 2860 2705 2930 populo
2732 2875 2912 2916 orare.
2945 2861 3004 2917 In
3053 2864 3167 2918 suis
3193 2873 3375 2919 autem
3414 2867 3663 2920 sacerdos
3686 2876 3753 2917 es:

2185 2949 2238 3004 in
2265 2959 2551 3017 :eternum,
2580 2960 2635 3005 et
2664 2954 2963 3007 secundum
2990 2953 3325 3009 oblationem
3353 2971 3520 3025 quam
3551 2957 3601 3009 in
3626 2967 3757 3010 πιεῖ-

2187 3054 2337 3102 num.
2369 3039 2422 3095 id
2456 3050 2541 3095 est
2568 3056 2739 3111 usque
2772 3043 2838 3097 ad
2874 3042 3033 3097 tinem
3066 3045 3251 3099 mundi
3280 3044 3491 3117 jugiter
3526 3045 3754 3103 offerunt.

2187 3138 2241 3183 et
2266 3130 2561 3186 secundum
2588 3134 2912 3189 orationem.
2936 3134 3188 3202 Quotidie
3214 3152 3451 3208 namque
3472 3140 3758 3194 sacerdotes

2184 3219 2303 3287 ejus
2340 3230 2394 3275 et
2427 3221 2758 3279 oblationem
2806 3225 3073 3281 Dominici
3116 3229 3361 3298 corporis
3406 3240 3461 3284 et
3500 3232 3757 3301 sanguinis

2184 3309 2445 3376 ell‘crunt,
2475 3321 2528 3367 et
2560 3328 2657 3382 pro
2683 3314 2879 3386 populo
2905 3317 3209 3373 orationem
3246 3318 3504 3375 fundunt.
3534 3323 3757 3391 Congrue

2185 3418 2318 3459 sane
2359 3405 2511 3475 ponit
2551 3420 2673 3460 cum
2718 3407 3029 3477 juramento
3065 3408 3243 3466 Patris
3285 3428 3411 3467 eum
3459 3415 3688 3466 sacerdot
3719 3430 3757 3463 m

2184 3497 2468 3551 secundum
2497 3498 2731 3553 ordinem
2776 3498 3156 3557 Melchisedech
3203 3505 3258 3557 in
3289 3515 3547 3558 ccternum
3578 3508 3758 3559 euasti-

2187 3598 2359 3645 tutum
2389 3606 2532 3659 esse,
2573 3599 2630 3646 ut
2665 3593 2855 3648 innuat
2884 3610 2951 3650 ex
2996 3605 3108 3650 toto
3140 3596 3371 3651 ﬁrmiter
3404 3608 3459 3651 et
3502 3599 3758 3666 irrCCupc-

2187 3683 2435 3738 rabiliter
2490 3685 2856 3740 sacerdotium
2910 3684 3246 3753 Leviticum,
3305 3688 3358 3742 iu
3414 3688 3757 3743 sacerdotium

2187 3774 2579 3831 Melchisedech
2611 3787 3003 3833 commutatum
3033 3794 3172 3835 esse.

2260 3867 2552 3937 Postquam
2578 3869 2647 3924 de
2674 3869 2795 3940 ejus
2821 3870 3127 3927 sacerdotio
3153 3887 3218 3928 ex
3244 3873 3577 3928 auctoritate
3600 3872 3757 3928 Patris

2184 3959 2316 4030 egit,
2342 3960 2407 4015 de
2436 3960 2604 4030 ipsius
2631 3962 2834 4018 ultione
2862 3963 3141 4033 etjudicio
3166 3964 3350 4019 futuro
3383 3966 3498 4035 agit
3526 3966 3639 4020 sic:
3667 3964 3752 4021 Τιι,

2185 4068 2218 4107 0
2254 4052 2478 4109 Domine
2518 4054 2698 4120 Pater,
2727 4055 2914 4111 dixisti
2963 4054 3188 4110 Domino
3234 4073 3372 4120 meo,
3397 4056 3617 4112 Christo
3643 4052 3757 4109 Fiiio

2188 4152 2318 4198 tuo:
2354 4143 2486 4200 Sede
2525 4163 2557 4199 a
2597 4147 2794 4201 dextris
2828 4150 2977 4214 meis,
3008 4158 3115 4203 etc.
3139 4188 3153 4214 ,
3205 4157 3260 4203 et
3304 4148 3419 4217 ipse
3451 4148 3693 4202 Dominus
3731 4162 3755 4196 α

2186 4236 2383 4290 dextris
2416 4238 2521 4290 tuis
2550 4238 2743 4294 sedens
2779 4239 3059 4310 confregit,
3106 4239 3158 4295 id
3202 4249 3287 4295 est
3314 4251 3539 4295 a-terna:
3563 4244 3754 4295 damna-

2189 4328 2351 4383 tionis
2388 4328 2762 4385 confractione
2795 4329 3123 4404 confringet,
3163 4347 3269 4387 non
3309 4330 3486 4388 solun
3523 4336 3755 4391 minores,

493 4424 667 4495 ipsius
703 4422 886 4477 Patris
919 4421 1242 4477 auctoritate
1284 4419 1656 4491 comprobavit
1681 4419 1955 4475 Christum
1985 4417 2083 4473 Pa-
2118 4438 2161 4493 υ
2188 4420 2280 4473 sed
2317 4430 2369 4473 et
2400 4436 2541 4490 reges
2574 4422 2674 4476 sibi
2713 4422 2802 4478 hic
2833 4423 3210 4487 adversantes,
3255 4425 3309 4478 in
3353 4426 3439 4478 die
3470 4426 3586 4489 ircr,
3614 4425 3660 4478 id
3686 4432 3757 4475 est

494 4517 566 4570 tri
596 4529 953 4588 conregnare,
996 4523 1051 4569 et
1086 4513 1186 4583 ipsi
1223 4510 1738 4568 consubstantialem
1777 4520 1830 4565 et
1859 4521 2081 4567 coniter-

493 4624 624 4662 num
653 4616 707 4662 et
730 4607 1055 4680 comqualem
1080 4620 1220 4672 esse,
1245 4621 1313 4661 ex
1337 4605 1526 4661 eadem
1554 4604 1876 4660 auctoritate
1905 4603 2083 4658 Patris

495 4699 815 4768 comprobat
859 4714 957 4767 per
997 4712 1120 4753 eum
1167 4697 1508 4753 sacerdotem
1560 4693 1786 4759 factum,
1832 4693 2083 4749 sacerdo-

496 4786 632 4839 tium
689 4786 985 4843 Leviticum
1040 4788 1094 4842 in
1150 4786 1514 4843 sacerdotium
1570 4784 1968 4838 Melchisedech
2028 4783 2081 4837 in

495 4887 758 4933 aeternum
787 4893 907 4933 esse
932 4878 1396 4942 commutandum,
1430 4878 1508 4933 sic
1538 4896 1551 4931 :
1584 4877 1727 4941 Dixi,
1755 4892 1787 4930 ο
1819 4875 2082 4930 increduli

492 4970 685 5035 Judaei,
718 4971 863 5039 quod
902 4969 1160 5025 Dominus
1196 4970 1359 5026 Pater
1386 4970 1541 5034 dixit,
1575 4966 1627 5022 id
1664 4977 1766 5035 est,
1798 4966 1940 5021 dicet
1977 4966 2085 5020 Do-

495 5063 636 5115 mino
674 5060 811 5118 Filio
839 5079 851 5115 :
890 5059 1026 5115 Sede
1060 5078 1091 5115 a
1114 5061 1313 5115 dextris
1342 5062 1493 5125 meis,
1525 5068 1667 5125 etc.;
1694 5069 1747 5114 et
1776 5075 1883 5114 non
1912 5058 2083 5113 solum

484 5154 617 5224 ιιιοε,
643 5155 737 5210 sed
764 5156 926 5211 etiam
948 5154 1170 5224 Juravit,
1194 5153 1247 5207 id
1274 5161 1356 5207 est
1377 5152 1601 5219 jurabit,
1624 5151 1878 5205 Dominus
1900 5150 2083 5214 Pater,

479 5242 549 5337 ,lid
579 5256 662 5301 est
696 5246 925 5329 firmiter
949 5246 1093 5303 dicet
1136 5254 1189 5299 et
1236 5244 1518 5314 promittet
1546 5243 1789 5299 interiori
1815 5242 2086 5311 juratione

464 5324 728 5419 lc'Domino
759 5324 920 5401 Filio.
946 5348 993 5393 et
1018 5339 1097 5394 sic
1123 5336 1265 5407 quod
1294 5349 1397 5389 non
1422 5335 1679 5405 paenitebit
1709 5351 1827 5388 eum
1859 5334 2004 5399 inde,
2034 5333 2086 5388 id

452 5423 465 5509 ί
497 5438 583 5484 est
620 5443 727 5484 non
757 5429 1065 5486 immutabit
1095 5429 1422 5501 promissum
1461 5442 1641 5492 suum,
1673 5443 1703 5481 a
1735 5426 2089 5482 similitudine

495 5521 835 5594 paenitentis.
861 5520 1093 5588 Jurabit,
1120 5522 1364 5591 inquam,
1389 5527 1442 5574 et
1466 5533 1591 5574 ecce
1616 5517 1716 5571 hoc
1737 5516 1941 5586 jurabit
1968 5517 2085 5584 tibi,

497 5631 533 5670 ο
556 5613 775 5670 Christe
807 5634 818 5668 :
856 5614 934 5669 Tu
962 5630 1014 5669 es
1042 5615 1285 5669 sacerdos
1316 5612 1642 5668 constitutus
1670 5610 1953 5664 secundum
1988 5609 2087 5664 hu-

502 5708 838 5775 manitatem,
877 5707 1174 5766 secundum
1202 5707 1438 5761 ordinem
1480 5701 1880 5767 Melchisedech,
1912 5703 1971 5759 id
2003 5711 2087 5760 est

2185 4513 2435 4568 vindicta:
2480 4531 2609 4580 sum,
2642 4516 2851 4571 scilicet
2880 4516 2933 4570 in
2962 4518 3047 4571 die
3071 4516 3286 4587 judicii,
3316 4518 3369 4571 in
3403 4535 3514 4588 quo
3544 4516 3753 4572 vindicta

2186 4622 2280 4660 sua
2318 4605 2600 4661 manifesta
2637 4608 2762 4662 erit.
2810 4608 2878 4662 Et
2913 4619 3040 4663 tunc
3074 4609 3338 4679 judicabit
3372 4611 3425 4664 in
3460 4609 3752 4663 nationibus.

2188 4694 2238 4749 id
2273 4704 2357 4750 est
2390 4694 2656 4762 judicium
2688 4694 2859 4765 faciet
2888 4712 3101 4766 aequum
3154 4696 3207 4750 in
3248 4698 3509 4753 omnibus
3549 4696 3752 4750 ﬁdelium

2186 4795 2241 4839 et
2268 4786 2563 4842 inﬁdelium
2595 4788 2917 4858 generibus;
2963 4798 3019 4844 et
3060 4804 3158 4859 per
3195 4788 3467 4859 judicium
3514 4789 3630 4844 illud
3674 4789 3754 4837 im-

2186 4875 2339 4946 plebit
2388 4878 2601 4944 ruinas,
2654 4878 2708 4931 id
2754 4886 2839 4933 est
2888 4893 3015 4933 suos
3064 4878 3156 4948 qui
3204 4893 3263 4933 se
3313 4878 3402 4933 hic
3456 4879 3667 4933 diruunt
3709 4881 3753 4925 et

2189 4968 2507 5035 humiliaut,
2572 4987 2679 5026 non
2737 4970 3040 5037 extollunt,
3097 4970 3339 5041 implebit
3394 4970 3750 5025 exsultatione.

2188 5059 2341 5128 Quod
2388 5070 2469 5116 est
2506 5061 2687 5117 dicere
2739 5080 2751 5116 :
2795 5061 3036 5118 Humiles
3075 5078 3202 5118 suos
3234 5061 3521 5128 exaltabit,
3560 5071 3609 5116 et
3647 5076 3752 5114 ceno

2186 5153 2455 5222 quassnbit
2501 5154 2673 5222 capita
2721 5153 3004 5208 multorum
3052 5154 3105 5208 in
3148 5164 3321 5216 terra,
3372 5153 3421 5207 id
3474 5162 3558 5208 est
3591 5158 3749 5204 conte-

2189 5254 2272 5298 ret
2320 5243 2598 5315 superhias
2656 5244 2980 5308 multorum,
3023 5259 3157 5313 quas
3206 5244 3408 5299 habent
3453 5243 3508 5297 in
3560 5250 3750 5296 terrere

2188 5333 2352 5401 ﬂore,
2402 5351 2521 5405 qua:
2572 5350 2671 5405 per
2720 5336 2896 5407 capita
2948 5335 3307 5400 denotamur,
3360 5348 3426 5389 eo
3474 5333 3607 5403 quod
3652 5330 3749 5384 iier

2189 5442 2313 5495 pars
2367 5427 2419 5481 in
2472 5442 2701 5497 corpore
2762 5426 3048 5482 sublimior
3103 5427 3192 5481 sit.
3249 5425 3403 5481 Unde
3458 5425 3743 5495 propheta:

2195 5536 2213 5570 ι
2258 5517 2445 5574 Omnis
2484 5518 2641 5575 vallis
2680 5518 3008 5589 implebitur,
3053 5528 3110 5574 et
3151 5520 3328 5574 omnis
3370 5533 3522 5574 muns
3561 5522 3614 5569 et
3654 5508 3744 5563 (οἱα

2188 5607 2259 5663 lis
2299 5608 2461 5681 447
2503 5611 2880 5666 humiliabitur
2917 5610 3052 5681 (lsa.
3094 5627 3185 5675 XL,
3222 5610 3291 5675 4;
3341 5609 3465 5664 Luc.
3508 5623 3587 5668 Ill,
3632 5604 3697 5671 4)-
3725 5622 3739 5648 ν

2193 5699 2290 5758 Vel
2337 5704 2419 5759 sic
2449 5718 2464 5757 :
2492 5701 2758 5773 Implebit,
2788 5702 2841 5759 id
2861 5710 2944 5760 est
2978 5701 3255 5773 plenarias
3282 5701 3441 5756 faciet
3480 5698 3737 5752 intutum.
