3840 6338
112 324 128 383 l
139 326 220 381 39.9

108 442 259 496 ruinas
304 429 605 490 inﬁdelium,
656 432 716 481 ut
761 439 881 481 cmn
932 425 1023 481 hic
1070 444 1127 483 se
1160 443 1255 499 per
1291 432 1513 496 peccata
1546 422 1627 476 di-
1658 427 1706 485 Α

110 538 258 592 ruant,
277 527 380 595 ipse
401 535 490 576 eos
510 534 577 573 ex
604 526 714 571 loto
740 516 942 581 diruat,
967 531 1089 570 cum
1119 518 1172 570 in
1201 525 1461 571 mternum
1485 513 1633 567 dant-

109 620 247 679 nabit.
273 618 334 672 Et
360 609 716 681 conquassubit
748 610 920 675 cupita
947 608 999 660 in
1025 618 1162 661 terra
1197 606 1478 659 multorum
1498 621 1509 657 :
1531 603 1634 657 hoc

109 731 193 769 non
239 711 554 763 immolatur.
608 701 674 754 Et
703 700 827 755 inde
875 700 975 768 ipsi
1010 707 1159 752 tanta
1190 706 1430 767 potestas
1461 711 1489 748 a
1524 695 1635 749 Deo

108 806 240 859 Patre
277 798 500 860 dabitur,
542 792 686 864 quod
718 793 771 846 in
801 793 885 845 via
912 790 1076 860 hujus
1105 792 1232 845 vitae
1259 790 1487 860 positus,
1530 787 1635 842 sci-

108 897 223 957 licet,
250 893 295 945 in
326 891 420 945 hac
445 887 546 940 vita
574 901 669 954 per
690 900 850 954 quam
878 883 1145 953 regressio
1175 882 1236 936 ﬁt
1268 882 1333 936 ad
1356 880 1633 936 caelestem

106 983 313 1053 patriam,
346 978 462 1031 bibit
497 978 558 1028 de
580 983 825 1034 torrente,
857 973 908 1026 id
930 981 1015 1027 est
1046 972 1193 1026 bibet
1218 971 1284 1026 de
1311 969 1478 1026 calice
1508 983 1632 1040 pas-

106 1073 259 1135 sionis,
289 1085 399 1139 qua:
427 1066 623 1121 dcitur
651 1075 882 1127 torrens,
909 1078 974 1117 eo
999 1065 1142 1135 quod
1173 1066 1239 1118 ad
1278 1074 1488 1132 tempus
1510 1061 1631 1128 fuit,

106 1172 146 1215 ct
171 1176 331 1214 amara
359 1159 492 1213 sicut
517 1165 749 1219 torrens,
775 1154 869 1224 qui
900 1154 1008 1209 cito
1034 1169 1099 1209 ex
1130 1154 1330 1223 pluviis
1356 1166 1631 1217 crescens,

105 1252 190 1305 cito
213 1249 395 1309 deﬁcit,
435 1256 488 1301 et
519 1261 647 1299 cum
687 1246 936 1299 turbidus
976 1245 1048 1299 sit
1078 1261 1298 1299 amarus
1341 1244 1406 1298 ad
1447 1244 1635 1298 biben-

106 1343 221 1394 dum.
246 1341 302 1393 Et
324 1350 610 1408 propterea,
641 1337 765 1406 quia
800 1337 984 1391 bibere
1008 1353 1114 1392 non
1139 1345 1350 1400 renuet,
1383 1335 1634 1389 exaltabit

107 1433 217 1486 Deus
244 1431 390 1485 Pater
411 1440 564 1499 caput
595 1420 731 1497 ejus,
770 1428 822 1481 id
852 1437 935 1481 est
959 1427 1220 1482 exaltabit
1244 1427 1633 1482 sublimitatem

104 1524 208 1589 ejus.
239 1533 289 1577 ut
315 1539 451 1583 cum,
485 1521 715 1585 scilicet,
756 1525 991 1590 pritmnn
1027 1522 1078 1575 in
1113 1521 1418 1576 innocentia
1449 1522 1520 1575 sit
1545 1536 1635 1574 su-

104 1614 264 1676 blimis,
294 1611 453 1665 uudto
490 1611 664 1681 magis
700 1610 955 1664 sublimet
994 1626 1116 1664 eum
1154 1610 1332 1665 damlo
1367 1609 1439 1663 illi
1490 1627 1507 1659 ι
1540 1624 1636 1665 no-

104 1721 216 1767 men,
254 1702 383 1773 quod
424 1711 506 1757 est
550 1716 714 1772 super
758 1716 918 1755 nume
957 1716 1152 1755 nomen
1194 1700 1361 1772 (Phil.
1412 1715 1474 1766 tt,
1502 1700 1576 1757 9..
1610 1718 1629 1752 ›

103 1794 185 1847 l’er
205 1772 347 1862 caput
375 1792 591 1863 quidem
628 1806 693 1846 eo
725 1791 868 1861 quod
900 1791 1071 1845 altum
1107 1791 1180 1845 sit
1216 1790 1525 1846 sublimitas
1554 1792 1635 1844 in-
1670 1772 1709 1830 Β

106 1885 342 1957 telligitur.

549 1977 615 2033 IN
646 1977 977 2034 PSALMUM
1030 1976 1141 2033 CX.

138 2067 605 2124 Tiluluscentesimi
622 2068 835 2123 decimi:
854 2068 1192 2122 Alleluia.Ac
1208 2068 1249 2122 si
1271 2069 1411 2121 dicat
1434 2066 1636 2120 :Totus

103 2160 179 2214 iste
196 2162 407 2230 psalmus
422 2162 472 2216 iu
491 2162 571 2216 sui
596 2161 866 2216 evidentia
886 2161 1137 2214 omnibus
1150 2159 1395 2214 ﬁdelibus
1411 2158 1539 2213 dicit
1554 2156 1634 2211 al-

101 2251 247 2317 leluia,
274 2253 319 2307 id
346 2263 449 2317 est,
485 2252 699 2306 laudate
725 2252 891 2306 Deum
922 2252 974 2304 in
1001 2250 1308 2321 integritate
1332 2248 1635 2304 dilectionis

101 2348 141 2392 et
183 2340 315 2396 bona:
374 2341 729 2412 Operationis.
790 2340 1062 2408 Propheta
1137 2355 1370 2409 namtple
1421 2339 1476 2393 in
1529 2339 1634 2393 hoc

105 2434 272 2500 psalmo
314 2449 494 2505 agens,
539 2449 596 2489 se
638 2432 1016 2488 confessurqu
1054 2432 1283 2485 Domino
1325 2432 1376 2485 in
1422 2430 1632 2500 integra

103 2529 341 2585 dilectione
376 2542 427 2585 ct
460 2532 622 2586 bonis
664 2529 920 2600 operibus
961 2529 1109 2591 dicit,
1147 2528 1440 2583 ostendens
1468 2542 1632 2596 opera

102 2621 208 2675 bona
234 2639 407 2693 magna
434 2638 559 2678 esse
582 2632 636 2677 et
660 2641 687 2676 a
712 2622 960 2676 Domino.
992 2621 1057 2675 Et
1085 2637 1206 2691 qua:
1235 2623 1344 2676 sint
1375 2621 1461 2675 illa
1493 2621 1633 2676 bona

100 2724 227 2777 opera
253 2712 469 2780 Domini,
511 2713 753 2783 exponit.
790 2711 850 2765 Et
881 2712 999 2764 ideo
1024 2727 1082 2765 se
1113 2710 1486 2765 confessuruzn
1531 2709 1635 2765 Do-

103 2799 218 2854 mino
235 2801 427 2857 laudem
461 2804 619 2868 dicit,
654 2813 709 2857 ut
744 2801 926 2857 ﬁdeles
951 2818 1139 2857 omnes
1169 2804 1233 2857 ad
1263 2803 1631 2857 conﬁtendum

106 2888 314 2958 instruat,
353 2912 492 2965 quos
534 2896 696 2950 etiam
726 2909 845 2949 esse
871 2893 1266 2949 iuexcusabiles
1310 2894 1375 2948 dc
1406 2892 1630 2948 confes-

100 2981 221 3037 sione
243 2988 486 3041 ostendit.
522 2984 658 3039 Tum
705 2984 846 3049 ideo,
884 2986 1136 3053 quoniam
1171 2978 1483 3054 ignorantes
1528 3000 1631 3039 non

102 3083 217 3136 sunt,
243 3093 353 3131 cum
380 3079 455 3132 eis
494 3094 591 3149 per
629 3078 1011 3148 praedicatores
1043 3092 1220 3132 escam
1247 3078 1631 3148 doctrinmjam
1661 3115 1702 3170 Ο

105 3159 316 3222 Dominus
345 3170 574 3237 dederit,
615 3182 725 3226 tum
758 3174 882 3243 quia
929 3189 1033 3226 non
1068 3180 1193 3226 sunt
1233 3172 1298 3225 ad
1332 3172 1434 3226 hoc
1462 3172 1634 3241 impo-

105 3266 271 3325 tentes,
317 3279 436 3318 eum
478 3264 531 3318 in
567 3266 645 3319 eis
679 3265 937 3320 Dominus
963 3281 1059 3336 per
1091 3264 1345 3337 gratiam,
1372 3262 1634 3332 judicium

106 3359 147 3403 ct
171 3354 424 3411 veritatem
460 3366 738 3427 iperctur,
775 3366 885 3410 tum
930 3360 1094 3412 etiam
1134 3372 1198 3411 eo
1227 3358 1370 3425 quod
1399 3356 1528 3409 utile
1563 3357 1635 3411 sit

112 3444 339 3511 conﬁteri,
366 3464 482 3501 cum
515 3448 768 3502 mandata
793 3447 1001 3503 Domini
1040 3449 1150 3503 sint
1184 3446 1382 3502 ﬁdelia.
1414 3447 1479 3501 Et
1509 3448 1635 3515 quia

99 3525 182 3591 juu
220 3531 619 3604 Redemptorem
682 3535 850 3603 misit,
899 3553 995 3605 per
1040 3555 1199 3607 quem
1251 3546 1633 3592 testamentqu

104 3630 225 3671 suum
272 3625 535 3676 mandavit
561 3665 574 3689 ,
614 3633 674 3677 ut
717 3632 894 3679 autem
946 3629 1119 3694 magis
1157 3629 1221 3682 ad
1268 3627 1634 3681 conﬁtendum

104 3702 287 3761 Domino
305 3727 392 3767 eos
428 3714 770 3777 adhortetur,
795 3717 1080 3768 confirmat
1102 3732 1223 3771 eum
1249 3728 1494 3772 sanctum
1516 3733 1637 3771 esse

104 3799 460 3870 conﬁtentibus,
495 3813 553 3859 et
583 3803 880 3858 terribilem
918 3807 1161 3862 conﬁteri
1197 3808 1524 3862 nolentibus.

155 3885 418 3958 Cou/ilebor
437 3895 553 3957 tibi,
581 3894 821 3961 Domine,
855 3896 907 3948 in
935 3905 1040 3951 toto
1064 3899 1220 3953 corde
1246 3916 1379 3963 meo,
1403 3899 1632 3965 scilicet,

104 3973 291 4037 laudabo
325 3992 373 4038 te
402 3986 607 4057 jugiter
640 3987 693 4041 in
724 3997 831 4042 tota
878 3988 1164 4045 affectione
1199 3991 1381 4047 cordis
1422 3993 1549 4057 mei,
1580 3993 1633 4046 ia

105 4062 273 4138 integra
295 4073 599 4141 dilectione,
627 4086 681 4131 et
711 4078 814 4131 hoc
839 4078 892 4131 in
920 4080 1140 4133 consilio
1164 4091 1207 4133 et
1233 4084 1635 4151 congregatione

99 4155 337 4229 iuuerunt,
369 4166 417 4219 id
442 4175 551 4232 est,
579 4168 720 4221 hanc
744 4168 1137 4223 confessionem
1169 4169 1359 4223 faciam
1384 4173 1434 4225 in
1458 4173 1636 4226 imita-

106 4244 219 4301 tione
254 4250 539 4321 justorum,
582 4257 673 4326 qui
723 4258 824 4312 hoc
867 4275 971 4313 non
1019 4269 1222 4315 temere
1260 4261 1488 4330 faciunt,
1538 4265 1634 4319 sed

100 4350 195 4391 eum
222 4346 473 4412 consilio;
506 4357 562 4402 et
595 4349 685 4418 qui
718 4350 873 4419 pauci
910 4366 1014 4404 non
1058 4362 1206 4407 sunt.
1243 4357 1337 4408 sed
1367 4364 1425 4409 ut
1462 4354 1635 4422 major

102 4427 155 4479 sit
177 4438 477 4505 auctoritas,
528 4440 900 4510 congregatio,
944 4440 997 4494 id
1034 4451 1114 4496 est
1156 4443 1306 4496 multi
1346 4455 1490 4497 sunt.
1532 4444 1635 4498 Per
1664 4451 1711 4508 Ι)

102 4516 180 4573 hoc
201 4528 329 4591 Quod
359 4545 416 4585 se
451 4531 587 4585 dicit
620 4532 906 4585 Dominum
940 4532 1285 4586 laudaturmu
1318 4534 1525 4604 integra
1549 4536 1632 4589 di-

104 4608 310 4683 lectione,
350 4621 510 4677 datur
553 4623 774 4692 intelligi
814 4624 957 4693 quod
997 4626 1162 4679 etiam
1216 4625 1458 4680 laudabit
1510 4642 1633 4681 eum

101 4702 210 4760 bona
246 4715 577 4780 operatione,
622 4730 743 4769 cum
783 4716 993 4785 integra
1035 4715 1252 4771 dilectio
1298 4719 1471 4772 otiosa
1514 4734 1636 4774 esse

105 4807 187 4847 n0|!
216 4804 392 4869 possit,
420 4805 577 4871 juxta
628 4806 758 4860 illud
795 4808 1133 4861 Dominicum
1164 4826 1177 4861 :
1214 4828 1231 4859 ι
1269 4807 1323 4863 Si
1354 4810 1475 4878 quis
1516 4810 1637 4863 dili-

101 4883 160 4948 git
185 4904 272 4951 me,
302 4908 578 4948 sermones
617 4910 765 4949 meos
803 4896 1045 4949 servabit
1084 4894 1271 4966 (Joan.
1318 4912 1428 4963 xn',
1459 4898 1573 4967 25).
1610 4916 1630 4950 ι

102 4968 398 5049 Conﬁt.bor,
447 4984 715 5052 inquam,
775 4985 1005 5040 Domino
1037 5027 1052 5054 ,
1113 4996 1169 5040 et
1221 4987 1447 5041 interius
1501 4987 1639 5041 intc-

102 5077 174 5129 ἔτει
222 5071 503 5129 dilectione
556 5086 612 5129 et
676 5078 916 5132 exterius
977 5078 1118 5132 bona
1189 5081 1522 5146 operatione.
1574 5079 1639 5133 Et

103 5150 194 5209 1m:
234 5176 383 5228 opera
444 5164 691 5219 conﬁteri
748 5165 975 5220 interius
1038 5175 1092 5221 et
1144 5168 1386 5222 exterius
1445 5185 1638 5237 magna

103 5249 219 5308 Sunt,
270 5247 318 5300 id
374 5259 461 5303 est
523 5251 781 5317 honesta;
837 5261 892 5307 et
942 5269 1050 5306 non
1102 5263 1230 5306 sunt
1286 5269 1316 5307 a
1377 5270 1492 5319 me,
1546 5256 1640 5310 sed

102 5338 371 5392 suiuetiam
408 5341 638 5408 Domini,
676 5343 725 5395 id
753 5344 986 5405 est,lt:ec
1018 5344 1071 5396 in
1104 5360 1188 5397 me
1224 5344 1483 5399 Dominus
1507 5362 1636 5416 ope-

106 5432 244 5490 ratur,
266 5439 317 5482 et
336 5434 596 5501 exquisita
624 5444 769 5497 sunt,
798 5435 847 5488 id
876 5445 958 5488 est
988 5436 1151 5488 nimis
1174 5438 1416 5505 egregia.
1447 5438 1641 5507 Exqui-

103 5513 183 5565 sita
209 5534 297 5585 pro
327 5524 543 5594 egregia
572 5525 747 5595 ponit,
770 5540 834 5580 eo
866 5527 1008 5595 quod
1033 5526 1159 5579 illud
1191 5528 1332 5595 quod
1363 5530 1637 5597 egregium

103 5616 185 5670 est,
221 5610 498 5683 diligenter
537 5617 710 5671 soleat
749 5618 982 5686 exquiri.
1018 5616 1113 5671 Vel
1150 5618 1228 5673 sic
1266 5636 1279 5672 :
1325 5617 1449 5674 [lare
1484 5638 1640 5689 opera

108 5692 285 5753 Domini
316 5720 505 5774 magna
535 5716 680 5773 sunt,
730 5708 1009 5777 exquisita,
1056 5707 1109 5766 id
1148 5716 1251 5775 est,
1282 5708 1326 5763 si
1355 5709 1643 5780 dilige::ter

1022 272 1385 366 Exrosmo
1415 302 1479 358 IN
1514 301 1847 359 PSALMOS.
1888 337 1955 345 -
1988 306 2179 364 esse.
2215 296 2328 364 ex;

3172 305 3312 361 i250

1734 403 2051 491 exquiratur
2089 421 2243 490 cujus
2282 431 2486 475 natura:
2520 420 2655 483 sint,
2702 439 2890 493 magna
2938 428 3301 496 apparebunt.

1738 510 2007 578 Quoniam
2038 521 2220 566 autem
2252 511 2592 566 solummodo
2632 514 2843 568 dixerat
2870 535 2883 569 :
2918 517 3238 587 Con/itebor,
3258 530 3314 575 et

1736 612 1857 672 post
1886 602 2171 671 pluraliter
2207 603 2441 666 dixerat,
2474 619 2663 672 magna
2695 620 2875 671 apem,
2905 622 3009 661 non
3038 609 3312 679 intellige-

1738 705 1820 750 ret
1846 695 2043 765 aliquis
2076 696 2128 749 in
2165 696 2249 750 his
2276 696 2499 750 vocibus
2520 710 2641 765 qua:
2673 707 2797 750 sunt
2830 715 2843 750 :
2876 698 3175 769 Conﬁtebor
3197 704 3310 767 tibi,

1737 785 1982 852 Domine,
2012 788 2066 840 in
2100 796 2207 840 toto
2236 788 2392 840 corde
2426 802 2561 851 meo,
2599 786 2753 856 plura
2780 787 2919 842 bona
2949 804 3113 858 Opera
3144 793 3313 848 deuo-

1740 878 1863 943 tari,
1889 881 2034 947 quod
2064 887 2242 933 tamen
2276 893 2461 932 rerum
2493 887 2597 931 est.
2630 877 2867 947 Ideoque
2895 894 3076 949 posset
3104 886 3270 950 quaeri
3298 905 3311 938 :

1737 972 1868 1037 Quae
1904 972 2041 1026 dicis
2066 986 2185 1025 esse
2222 986 2415 1041 magna
2454 985 2618 1039 opera
2657 971 2920 1025 Domini?
2959 972 3041 1026 Ad
3069 972 3211 1042 quod
3238 976 3317 1029 sic

1737 1060 1889 1115 addit
1921 1079 1934 1114 ε
1968 1059 2164 1131 Magna
2192 1074 2348 1130 opera
2378 1058 2589 1113 Domini
2615 1059 2738 1114 dico
2764 1077 2777 1113 :
2807 1059 2888 1115 ire
2930 1061 2985 1114 in
3026 1078 3201 1116 omnes
3231 1079 3317 1116 eo-

1736 1151 1964 1205 luntates
1984 1151 2122 1220 ejus,
2154 1151 2204 1205 id
2234 1158 2320 1205 est
2342 1150 2563 1219 exsequi
2605 1165 2770 1220 opere
2792 1166 2983 1206 onmes
3014 1152 3318 1209 voluntates

1737 1243 1874 1313 ejus.
1913 1243 1979 1296 Et
2008 1243 2129 1311 quia
2163 1250 2343 1311 posset
2370 1243 2564 1298 iterum
2601 1243 2766 1311 quaeri
2807 1258 2926 1311 quae
2961 1243 3067 1297 sint
3091 1259 3318 1299 exsecu-

1739 1336 1915 1390 tiones
1954 1335 2292 1389 voluntatum
2363 1333 2517 1402 ejus,
2570 1334 2802 1388 intendit
2861 1333 2963 1388 hoc
3003 1336 3316 1400 ostendere,

1738 1425 1817 1480 sic
1845 1443 1859 1478 :
1896 1425 2035 1480 Ecce
2066 1426 2188 1480 dico
2220 1426 2598 1481 exsecutioues
2628 1425 2965 1479 voluntatum
2997 1425 3133 1495 ejus,
3165 1429 3315 1482 scili-

1738 1526 1848 1582 cet,
1885 1517 2143 1585 confessio
2180 1526 2526 1588 peccatorum
2560 1526 2647 1572 est
2677 1532 2805 1587 opus
2850 1516 3144 1572 voluntatis
3170 1518 3312 1587 ejus,

1739 1607 1791 1661 id
1823 1616 1926 1673 est,
1954 1610 2052 1663 hoc
2075 1608 2185 1663 vult
2206 1610 2320 1679 ipse
2343 1624 2786 1679 unumquemque
2810 1610 3023 1679 operari
3048 1619 3105 1664 ut
3133 1611 3317 1665 humi-

1738 1700 1863 1756 liter
1897 1711 2116 1770 peccata
2147 1717 2243 1757 sua
2276 1700 2622 1757 conﬁteatur.
2658 1700 2724 1755 Et
2764 1710 2884 1771 post
2918 1701 3317 1758 confessionem

1739 1777 2128 1862 magniﬁcentia
2148 1804 2234 1849 est
2262 1810 2392 1865 Opus
2414 1794 2548 1864 ejus,
2568 1794 2617 1848 id
2646 1803 2750 1860 est,
2776 1804 2898 1865 post
2923 1796 3323 1851 confessionem‘

1738 1883 1852 1935 vult
1890 1892 1948 1935 ut
1975 1883 2218 1937 auxiliati
2261 1884 2329 1939 ab
2393 1884 2509 1954 ejus
2546 1884 2718 1956 gratia
2762 1900 2860 1954 per
2902 1884 3128 1941 liberum
3168 1886 3316 1941 arbi-

1740 1973 1901 2027 trium
1934 1972 2100 2044 4η
2122 1987 2413 2043 operemur
2443 1975 2497 2029 in
2524 1976 2700 2043 nobis,
2727 1977 3048 2031 abstinendo
3072 1994 3100 2031 a
3130 1993 3318 2046 jecca-

1739 2064 1829 2128 tis,
1868 2063 2346 2133 magniﬁcentiam,
2381 2064 2433 2120 id
2461 2075 2543 2121 est
2570 2066 2936 2122 innocentiam
2956 2083 3078 2137 qua:
3108 2070 3318 2138 magni-

1738 2152 1954 2207 ﬁrcnlia
1985 2154 2204 2219 dicitur,
2243 2170 2308 2209 eo
2338 2156 2481 2225 quod
2514 2157 2752 2212 animam
2792 2173 3042 2227 magnam
3081 2158 3231 2225 facit,
3269 2160 3320 2213 id

1736 2254 1819 2299 est
1852 2245 1961 2298 Deo
2000 2246 2281 2301 honestam
2318 2258 2409 2301 :et
2449 2256 2571 2318 post
2608 2250 2772 2304 etiam
2811 2250 3029 2319 justitia
3065 2261 3147 2306 est
3183 2268 3320 2321 opus

1738 2338 2036 2392 voluntatis
2064 2338 2199 2407 ejus,
2245 2339 2296 2394 id
2333 2338 2646 2407 estjustitia
2672 2341 2931 2395 virtutum
2954 2350 3009 2397 et
3048 2341 3318 2397 bonorum

1737 2440 1985 2494 operum.
2020 2426 2173 2492 Quod
2201 2435 2285 2482 est
2310 2428 2523 2483 dicere:
2556 2427 2684 2483 Vult
2724 2439 2781 2484 ut
2809 2431 3102 2486 virtutibus
3130 2433 3313 2486 adluc-

1739 2530 1980 2578 reamus,
2015 2517 2066 2570 id
2100 2525 2186 2571 est
2226 2516 2291 2571 ad
2327 2517 2475 2587 justa
2508 2532 2669 2587 opera
2700 2518 2955 2573 insistere
2987 2529 3318 2589 satagamus.

1735 2607 1803 2662 Et
1838 2609 1955 2663 lucc
1980 2608 2193 2677 justitia
2221 2610 2462 2665 existens
2486 2626 2622 2681 opus
2646 2612 2763 2680 ejus
2789 2625 2961 2668 manet
2987 2615 3042 2669 in
3074 2613 3321 2669 ﬁdelibus

1736 2701 1850 2753 suis
1883 2715 2055 2769 usque
2077 2702 2133 2754 in
2158 2701 2417 2755 stcculum
2451 2702 2690 2755 futurum
2723 2704 3128 2758 subsecutivuut
3162 2704 3322 2772 lmjus

1734 2791 1935 2853 δίει-ειη,
1973 2801 2029 2844 et
2071 2792 2123 2844 in
2169 2792 2270 2846 hoc
2305 2802 2532 2860 apparet
2573 2808 2824 2861 maguum
2873 2794 3002 2862 quid
3041 2809 3194 2859 esse;
3234 2794 3319 2848 vel

1736 2883 1817 2937 sic
1850 2901 1862 2935 :
1908 2883 2022 2938 Dixi
2046 2884 2188 2951 quod
2218 2884 2467 2939 conﬁteri
2499 2884 2730 2939 Domino
2765 2885 2975 2957 integra
3005 2886 3315 2951 dilectione,

1735 2983 1791 3029 et
1821 2975 2065 3029 conﬁteri
2109 2977 2348 3045 perfecta
2388 2979 2730 3047 operatione,
2771 2989 2897 3032 sunt
2932 2994 3126 3049 magna
3154 2994 3317 3048 opera

1740 3065 1971 3119 Domini.
2004 3065 2067 3119 Et
2096 3067 2196 3120 hoc
2225 3068 2609 3137 comprobatur
2630 3084 2656 3121 a
2693 3067 3317 3139 minori,quia,scilicct,

1739 3157 1998 3223 confessio
2039 3169 2382 3225 peccatorum
2418 3170 2463 3212 et
2500 3159 2918 3228 magniﬁcentia,
2955 3160 3007 3214 id
3044 3171 3127 3215 est
3158 3161 3318 3216 iuno-

1739 3249 1941 3310 ceutia,
1969 3248 2111 3317 quod
2144 3248 2301 3317 longe
2334 3249 2511 3304 minus
2534 3259 2802 3318 estquam
2835 3250 3043 3317 integra
3075 3250 3313 3314 dilectio,

1738 3345 1819 3391 est
1850 3354 1978 3405 opus
1996 3338 2132 3407 ejus.
2168 3337 2235 3390 Et
2259 3337 2491 3407 justitia,
2520 3338 2570 3391 id
2600 3347 2681 3392 est
2704 3338 2954 3397 virtutes,
2982 3349 3036 3393 et
3063 3338 3151 3392 illa
3177 3342 3317 3394 bona

1738 3429 2007 3496 operatio,
2043 3443 2162 3497 qum
2199 3443 2304 3481 non
2348 3443 2378 3481 a
2419 3428 2527 3482 Deo
2561 3428 2720 3499 digna
2760 3438 2865 3492 est,
2900 3438 2957 3482 ut
2999 3430 3207 3500 integra
3239 3432 3320 3484 di-

1741 3518 1899 3572 lectio
1926 3527 1979 3572 el
2014 3518 2254 3588 perfecta
2285 3519 2533 3588 operatio
2561 3527 2645 3572 est
2674 3534 2801 3586 opus
2820 3519 2961 3587 ejus,
2987 3531 3031 3572 et
3061 3520 3146 3573 illa
3162 3520 3322 3589 justi-

1740 3610 1813 3661 tia
1839 3608 1953 3677 ejus
1986 3619 2156 3661 manet
2201 3617 2378 3662 tamen
2412 3608 2461 3660 in
2487 3608 2733 3676 pluribus
2762 3608 3009 3663 ﬁdelibus
3058 3625 3229 3678 usque
3268 3612 3321 3664 in

1738 3694 1987 3753 sicculum
2018 3699 2219 3764 sa'culi,
2249 3700 2301 3755 id
2328 3709 2411 3754 est
2448 3700 2683 3768 quandiu
2715 3701 2817 3754 hoc
2849 3701 3103 3755 saaculum
3138 3701 3319 3769 durat,

1739 3792 1840 3846 etsi
1871 3807 1975 3845 non
2010 3792 2082 3845 sit
2111 3806 2502 3861 usquequaque
2527 3780 2796 3861 perfecta;
2836 3785 2888 3845 et
2923 3809 3018 3862 per
3046 3794 3149 3849 hoc
3178 3796 3322 3863 quod

1739 3892 1942 3948 manet,
1972 3890 2187 3936 constat
2222 3882 2367 3951 quod
2394 3897 2645 3953 maguum
2671 3882 2795 3951 quid
2822 3894 2925 3939 est.

1810 3971 2105 4041 Postquam
2172 3986 2229 4026 se
2296 3971 2527 4026 Domino
2592 3973 2968 4028 coufessurum
3033 3977 3316 4046 promisit,

1737 4067 2051 4120 cteamdem
2070 4066 2465 4121 confessionem
2490 4066 2624 4121 satis
2650 4068 3069 4132 connuemlavit,
3103 4077 3159 4121 ut
3189 4068 3322 4123 ﬁde-

1742 4157 1816 4211 les
1841 4174 1993 4213 nova:
2017 4158 2150 4228 legis
2172 4158 2236 4211 ad
2271 4158 2638 4212 conﬁtendum
2673 4158 2902 4213 Dmnino
2938 4161 3202 4223 attrahat,
3225 4176 3319 4217 eos

1738 4252 1974 4305 ostendit
1997 4267 2103 4305 non
2127 4266 2247 4305 esse
2269 4248 2609 4305 excusabiles
2638 4264 2733 4315 pro
2765 4250 3090 4318 ignorantia,
3122 4251 3319 4321 quibus

1739 4362 1919 4399 escam
1949 4346 2213 4401 doctrina:
2241 4344 2502 4398 Dominus
2532 4351 2613 4398 est
2634 4341 2879 4407 daturus,
2909 4345 3019 4397 sic:
3052 4342 3173 4397 Dixi
3200 4362 3318 4400 con-

1738 4436 1945 4504 ﬁtebor,
1973 4436 2024 4489 id
2047 4444 2130 4489 est
2155 4435 2383 4489 laudabo
2405 4434 2691 4489 Dominum
2716 4436 2924 4502 integra
2953 4434 3242 4492 dilectione
3264 4449 3319 4493 et

1738 4526 1975 4597 perlecta
2007 4526 2414 4597 operatione,et
2434 4542 2552 4593 vos,
2589 4526 2773 4581 ﬁdeles
2801 4525 2933 4580 Novi
2953 4525 3313 4596 Testamenti,

1737 4618 1989 4672 similiter
2026 4617 2381 4683 conﬁtemini,
2418 4634 2539 4673 cum
2570 4620 2635 4673 de
2668 4619 2969 4688 ignorantia
3004 4623 3320 4676 excusatio-

1738 4725 1862 4764 nem
1916 4725 2020 4763 non
2076 4709 2342 4764 habeatis.
2400 4709 2536 4763 Nam
2597 4710 2849 4764 Dominus
2910 4712 3211 4768 misericors
3264 4716 3317 4769 in

1739 4813 1934 4856 natura
1965 4814 2013 4854 et
2044 4802 2322 4854 miscrulor
2360 4802 2655 4856 secundum
2692 4804 3081 4859 exliibitionem
3110 4806 3316 4861 beneﬁ-

1739 4896 1946 4949 ciorum
2001 4894 2307 4947 memoriam
2360 4893 2502 4961 fecit,
2559 4894 2609 4947 id
2655 4905 2737 4948 est
2786 4896 2967 4963 faciet,
2994 4898 3317 4951 mirabilium

1738 5003 1955 5040 suorum
1988 4985 2362 5053 antiquorum,
2394 4985 2621 5049 scilicet,
2662 4987 2930 5042 mirabilia
2960 5005 3057 5044 sua
3092 4990 3143 5043 in
3177 5002 3314 5044 tem-

1739 5089 1869 5144 pore
1900 5084 2117 5143 patrum
2154 5084 2468 5126 nostrorum
2499 5085 2739 5142 operata,
2774 5092 2892 5144 qua:
2913 5076 3023 5143 jam
3055 5093 3152 5146 per
3178 5088 3313 5133 tem-

1739 5166 1888 5236 poris
1929 5164 2319 5233 longitudinem
2357 5163 2614 5218 oblivioni
2664 5168 2773 5220 fere
2810 5176 2935 5219 sunt
2971 5168 3187 5232 tradita,
3233 5185 3317 5223 re-

1741 5259 1900 5311 ducet
1966 5257 2018 5310 in
2088 5266 2329 5325 tempore
2394 5259 2744 5327 plenitudinis
2816 5259 2881 5310 ad
2961 5263 3311 5324 memoriam,

1741 5349 2098 5417 impendendo
2123 5349 2383 5403 beneﬁcia
2411 5366 2530 5420 qua:
2557 5366 2651 5419 per
2677 5350 2896 5419 mystica
2924 5349 3010 5404 illa
3044 5352 3313 5407 mirabilia

1741 5438 1892 5492 fuere
1918 5440 2260 5509 praesignata.
2291 5439 2521 5507 Exponit
2553 5448 2731 5492 autem
2764 5440 2815 5492 iu
2849 5450 3001 5509 parte
3049 5444 3316 5508 quomodo

1742 5530 2044 5582 memoriam
2087 5530 2252 5585 faciet
2323 5531 2643 5584 mirabiliunt
2678 5549 2912 5596 suorum,
2953 5535 3074 5587 sic:
3114 5533 3314 5587 Memo—

1744 5622 1921 5685 riam,
1954 5621 2195 5691 inquam,
2259 5621 2421 5675 faciet
2473 5622 2793 5675 mirabilium
2833 5640 3078 5689 suorum,
3118 5634 3174 5677 et
3211 5625 3315 5681 hoc

1748 5715 1906 5771 modo
1932 5714 2148 5785 quidem
2174 5716 2313 5785 quod
2361 5715 2524 5784 dedit,
2568 5716 2619 5772 id
2673 5725 2757 5771 est
2802 5717 2972 5782 dabit,
3000 5734 3168 5771 escam
3213 5718 3312 5774 do-
