3840 6338
542 278 672 355 issi

1076 276 1135 346 S.
1175 284 1522 343 BRUNONlS
1555 275 2197 338 CARTHUSIANORUM
2227 276 2711 336 lNSTiTUTORlS
2750 280 2902 337 OPP.
2944 279 3122 339 PARS
3152 276 3191 338 l.

3595 286 3701 350 I23!

543 412 700 467 trime
727 404 858 461 Novi
889 400 1318 465 Testameuti,id
1349 406 1431 452 cst
1458 410 1608 451 novae
1632 395 1786 466 lcgis,
1816 390 2115 446 timentibus
2145 397 2190 454 Α
2215 388 2359 447 betis
2371 392 2596 448 Domino
2626 395 2676 448 in
2699 394 3055 463 cotnpletione
3071 396 3423 452 mandatorum
3441 398 3584 469 ipsius
3604 403 3704 461 Novi

540 516 594 553 se
634 506 785 553 casto
834 495 1049 557 timore,
1084 489 1345 561 apostolis
1380 488 1610 551 scilicet,
1648 494 1702 540 et
1743 500 1841 554 per
1870 483 1990 537 illos
2043 483 2115 536 ti-

542 596 751 643 mentes
779 582 1087 654 hujusmodi
1115 596 1239 635 esca
1280 580 1534 639 refectos.
1582 593 1780 631 memor
1823 577 1920 629 erit
1974 576 2116 631 illius

540 679 834 734 testamenti
868 676 980 740 sui,
1015 674 1067 728 id
1098 684 1181 727 est
1220 688 1372 726 nova:
1406 672 1537 742 legis
1573 684 1744 739 usque
1774 671 1827 722 in
1861 670 2115 723 circulum

539 772 805 833 futurum,
851 766 1081 830 scilicet,
1129 764 1270 818 illius
1314 777 1465 816 novre
1500 761 1633 829 legis
1677 775 1776 829 per
1823 760 2116 830 prophetas

538 862 845 931 promisste,
878 872 1039 928 quam
1082 856 1175 910 diu
1226 855 1374 908 visus
1422 862 1505 909 est
1552 851 1814 908 oblivioni
1863 852 2113 917 dedisse;

540 965 740 1004 memor
759 950 861 1001 erit
884 944 1058 1001 dando
1084 944 1226 997 illam
1258 943 1577 1011 frequenter
1602 958 1699 1012 per
1728 940 2023 1012 apostolos,
2062 950 2118 996 et

541 1048 771 1093 caeteros
800 1037 1200 1108 prmdicatores,
1225 1034 1462 1103 quaudiu
1490 1033 1721 1086 mundus
1744 1032 1851 1086 iste
1872 1030 2110 1085 durabit.

539 1132 611 1187 Et
633 1133 713 1187 sic
741 1146 938 1191 memor
962 1128 1058 1181 erit
1091 1127 1231 1196 quod
1259 1143 1365 1203 non
1390 1126 1562 1181 solum
1589 1124 2040 1195 praedicatoribus
2061 1132 2118 1179 et

541 1223 801 1294 apostolis
841 1221 990 1275 dabit
1041 1218 1342 1289 intelligere
1384 1217 1835 1289 signiﬁcationem
1888 1231 2115 1286 operum

540 1328 783 1376 suorum,
812 1327 932 1381 qua:
960 1312 1012 1365 in
1044 1311 1222 1365 Veturi
1253 1310 1603 1366 Testamento
1628 1310 1760 1380 egit,
1789 1309 1857 1364 ad
1884 1310 2114 1377 ﬁguram

537 1406 923 1461 beneﬁciorum
967 1402 1098 1456 Novi
1129 1402 1483 1465 Testamenti,
1516 1402 1610 1456 sed
1642 1411 1696 1456 et
1727 1416 1823 1470 per
1847 1400 2118 1469 praulica-

540 1506 687 1551 tores
739 1496 993 1549 timentes
1036 1508 1096 1548 se
1138 1493 1470 1548 annuntiabit
1508 1493 1700 1562 populo
1741 1510 1837 1547 suo
1868 1490 2112 1557 iudaice,

538 1586 783 1640 virtutem
813 1582 1227 1655 signiﬁcationis
1257 1599 1472 1653 operum
1501 1600 1743 1648 suorum,
1768 1599 1886 1653 qua:
1914 1583 1966 1637 in
2006 1583 2113 1639 Ve-

536 1675 640 1728 teri
671 1672 1019 1728 Testamento
1046 1672 1176 1753 egit.
1207 1672 1361 1739 Quod
1390 1682 1472 1726 est
1504 1672 1685 1727 dicere
1719 1687 1733 1725 :
1762 1672 1945 1727 Faciet
1978 1673 2112 1727 ﬁde-

2220 481 2577 540 Testamenti.
2615 484 2685 539 Et
2711 485 2831 539 ideo
2855 486 3029 539 adhuc
3051 487 3370 543 conlitemini
3399 488 3590 545 Domino
3610 498 3703 564 quia

2216 587 2460 628 sanctum
2488 585 2535 628 et
2565 575 2793 629 terribile
2846 592 3034 629 nomen
3081 576 3217 645 ejus,
3238 580 3372 647 quod
3393 589 3467 633 est
3490 580 3709 651 Dominus,

2220 665 2270 721 id
2301 677 2407 734 cst,
2440 683 2534 737 per
2574 668 2678 723 hoc
2705 683 2897 723 nomen
2930 669 3074 738 quod
3109 679 3192 725 est
3230 670 3467 726 Dominus
3491 675 3713 729 denotatur

2218 768 2460 823 sanctus,
2486 758 2637 814 idest
2656 759 2987 813 deiectahilis
3003 769 3055 814 et
3077 761 3254 815 suavis
3268 763 3616 829 conﬁtentibus,
3636 768 3714 823 ωι.

2216 857 2440 903 vaturus
2461 863 2575 914 eos,
2595 858 2649 903 et
2673 849 2931 903 terribilis
2952 850 3194 904 conﬁteri
3215 850 3496 908 nolentibus
3513 870 3591 910 eos
3607 856 3715 924 juste

2218 940 2593 995 damnaturus.
2620 939 2696 996 Ne
2720 956 2848 995 vero
2875 941 3061 995 inutile
3086 942 3354 996 videretur
3369 946 3496 1012 quod
3519 947 3716 1001 terribilis

2206 1040 2320 1098 est,
2344 1033 2580 1086 ostendit
2610 1048 2729 1103 qum
2755 1033 2962 1087 utilitas
2988 1034 3112 1088 inde
3134 1034 3421 1104 contingat,
3451 1035 3519 1091 sic
3541 1055 3552 1090 :
3577 1038 3715 1092 Terri-

2214 1123 2361 1189 bilis,
2390 1124 2628 1193 inquam,
2650 1133 2816 1189 est,et
2842 1141 2945 1180 non
2974 1134 3056 1179 est
3085 1125 3288 1195 absque
3318 1143 3495 1197 magna
3513 1129 3715 1183 utilitate.

2210 1213 2352 1269 .Nam
2405 1215 2562 1268 timor
2591 1215 2819 1281 Domini,
2868 1216 3077 1271 sci-licet
3131 1217 3293 1272 timor
3325 1218 3533 1283 servilis,
3563 1221 3717 1275 estini-

2219 1305 2351 1359 tium
2370 1304 2674 1374 sapientite,
2706 1306 2758 1360 id
2790 1315 2899 1372 est,
2922 1307 3075 1361 bona:
3102 1307 3225 1360 vita:
3263 1323 3376 1376 qua:
3396 1324 3504 1363 cum
3529 1314 3717 1381 sapeutia

2211 1397 2294 1451 ﬁt.
2330 1396 2491 1450 Pauci
2539 1397 2737 1467 quippe
2761 1405 2889 1451 sunt
2918 1397 3007 1463 qui
3035 1397 3214 1454 servili
3238 1398 3426 1454 timore
3450 1399 3565 1455 bene
3585 1402 3718 1456 vivere

2216 1502 2321 1542 non
2358 1486 2641 1558 incipiant,
2667 1502 2764 1557 per
2784 1502 2944 1557 quem
2977 1498 3159 1543 tamen
3201 1488 3268 1542 ad
3308 1490 3536 1544 timorem
3561 1499 3719 1544 castum

2215 1593 2358 1648 saepe
2402 1579 2751 1648 pertingitur.
2799 1578 2918 1633 Dixi
2957 1596 3150 1650 magna
3198 1593 3318 1635 esse
3355 1597 3498 1650 opera
3539 1580 3718 1645 Domini,

2215 1678 2271 1724 et
2320 1670 2462 1738 quod
2510 1669 2817 1722 memoriam
2884 1669 3050 1723 faciet
3105 1670 3420 1724 mimbilium
3454 1683 3720 1738 suorumet

536 1764 618 1821 les
644 1779 712 1818 ev
753 1762 956 1818 iudicis
984 1748 1288 1832 intelligere
1324 1778 1420 1833 per
1446 1764 1749 1818 doctrinam
1790 1765 2118 1834 praedicato-
2148 1748 2191 1807 Β
2218 1759 2357 1827 quod
2410 1757 2589 1826 ﬁdelia
2637 1759 2888 1811 mandata
2933 1758 3046 1827 ejus
3088 1769 3143 1814 et
3177 1759 3552 1826 redemptionem
3587 1759 3722 1815 mittet

536 1872 660 1915 rum
697 1856 1004 1910 timentium
1045 1870 1128 1920 se,
1168 1856 1295 1924 quid
1340 1856 1785 1925 signiﬁcaverqu
1817 1870 1983 1926 opera
2017 1872 2115 1911 sua

538 1948 786 2017 antiqua,
843 1956 902 2015 ut
961 1947 1064 2000 hac
1110 1947 1397 2003 occasione
1450 1947 1681 2001 interius
1729 1948 2113 2002 conﬁteantur.

536 2036 905 2103 Annuntiabit,
957 2038 1200 2106 inquam,
1251 2053 1347 2107 per
1380 2038 1631 2093 timentes
1676 2053 1736 2092 se
1782 2038 1975 2109 populo
2020 2056 2115 2094 suo

537 2128 767 2184 Judaico
795 2130 1248 2199 signiﬁcationem
1276 2146 1500 2199 operum
1532 2146 1752 2185 suorum
1785 2132 1885 2197 sic,
1917 2143 1975 2187 ut
2010 2132 2117 2191 illis

537 2220 860 2287 timentibus
908 2222 1191 2291 apostolis,
1218 2222 1447 2285 scilicet,
1474 2232 1521 2276 et
1548 2222 1738 2292 populo
1762 2240 1880 2289 suo,
1908 2224 2117 2279 scilicet

538 2313 820 2379 conversis
846 2329 912 2368 ex
936 2313 1159 2377 Judmis,
1184 2314 1267 2366 det
1294 2314 1653 2367 [nereditatem
1672 2316 1921 2383 gentium,
1954 2317 2004 2370 id
2035 2325 2120 2372 est

540 2400 634 2453 det
666 2415 964 2455 conversos
1001 2417 1069 2453 ex
1110 2401 1363 2471 gentibus
1399 2402 1507 2455 illis
1545 2402 1595 2455 in
1631 2403 2025 2471 lucreditatem,
2060 2414 2120 2459 ιιι

540 2504 637 2559 eos
660 2490 907 2543 doctrina
931 2507 1027 2545 sua
1057 2491 1327 2557 excolunt,
1350 2492 1496 2546 sicut
1518 2493 1715 2561 aliquis
1744 2496 2119 2551 haareditateut

540 2596 694 2636 suam
726 2583 943 2636 excolit.
976 2583 1198 2648 Gentes,
1235 2584 1479 2653 inquam,
1513 2585 1659 2640 dabit
1698 2586 1805 2640 illis
1836 2589 2119 2644 latet-edita-

540 2682 664 2738 tem,
690 2681 745 2727 et
775 2673 828 2726 in
857 2672 961 2727 illis
983 2673 1233 2743 gentibus
1258 2682 1419 2727 erunt
1442 2691 1597 2744 opera
1625 2692 1878 2731 manuum
1901 2679 2038 2748 ejus,
2069 2681 2120 2736 id

537 2772 622 2818 est
649 2764 866 2834 egregia
889 2778 1054 2833 opera
1077 2763 1221 2833 ejus,
1244 2779 1363 2833 qua:
1385 2766 1819 2837 dicunturjopera
1842 2785 2119 2836 manuum,

538 2850 606 2905 εό
627 2851 771 2920 quod
801 2852 973 2923 magis
1017 2867 1181 2921 quant
1226 2862 1425 2907 (uetera
1459 2856 1701 2909 membra
1744 2859 1961 2927 egregia
1994 2869 2123 2914 sunt

540 2943 608 2996 ad
639 2942 993 3011 operaudum.
1034 2942 1229 3012 Opera,
1266 2943 1508 3012 inquam,
1547 2945 1666 3014 ejus
1702 2950 1920 3019 egregia
1960 2960 2123 3006 erunt

538 3033 596 3086 in
625 3032 731 3087 illis
758 3033 1035 3103 gentibus,
1059 3048 1179 3103 quae
1199 3048 1364 3102 opera
1394 3044 1521 3090 sunt
1548 3039 1739 3091 veritas
1766 3041 2119 3109 etjudictum,

2215 1848 2407 1920 populo
2444 1865 2561 1915 suo,
2608 1858 2661 1904 et
2717 1850 2860 1920 quod
2920 1860 3162 1903 sanciunt
3214 1859 3262 1903 et
3317 1852 3529 1905 terribite
3583 1867 3723 1903 nom

2216 1938 2363 2007 ejus,
2424 1946 2481 1993 ct
2544 1939 2688 2009 quod
2757 1939 2966 1992 initium
3023 1940 3297 2010 sap'entiu:
3350 1940 3494 1993 timor
3546 1940 3721 2004 Domini,

2217 2037 2271 2082 et
2300 2030 2415 2083 inec
2474 2030 2656 2084 omnia
2699 2028 2883 2084 ﬁdeles
2938 2028 3070 2083 Novi
3118 2030 3441 2085 Tcstamenti
3483 2030 3718 2100 intelligam

2214 2119 2438 2186 debent,
2461 2127 2515 2173 et
2536 2118 2832 2173 intellectus
2858 2119 2958 2174 iste
2986 2120 3173 2185 bonus,
3208 2121 3260 2174 id
3280 2129 3363 2175 est
3382 2119 3518 2174 utilis
3534 2121 3719 2174 omnibus

2220 2210 2539 2280 facientibus
2584 2227 2723 2274 eum,
2758 2210 2809 2264 id
2855 2222 2958 2274 est,
2986 2211 3079 2280 qui
3142 2211 3248 2266 hoc
3287 2209 3425 2279 quod
3475 2208 3720 2279 intelligunt

2221 2302 2272 2356 in
2305 2313 2565 2373 quantum
2602 2314 2831 2372 possunt
2856 2303 3128 2374 complere
3172 2311 3440 2374 satagunt.
3485 2300 3727 2371 lntelligcno

2222 2396 2364 2451 tibus
2386 2396 2530 2450 enim
2554 2404 2733 2449 etnon
2758 2395 3084 2450 facientibus
3116 2394 3324 2449 inutilis
3357 2408 3435 2450 cst
3457 2393 3726 2456 intellectus;

2218 2497 2275 2542 et
2301 2487 2538 2541 lauda:io
2560 2487 2672 2555 ejus
2701 2486 2823 2541 boni
2852 2486 3181 2551 intellectus,
3214 2486 3263 2539 id
3287 2494 3367 2539 est
3397 2483 3645 2552 completio
3658 2496 3728 2549 per

2218 2577 2611 2645 operationem,
2643 2590 2763 2645 qua:
2794 2574 3031 2629 laudatio
3058 2574 3283 2640 dicitur,
3325 2588 3388 2629 eo
3426 2573 3555 2646 quod
3574 2571 3645 2626 ille
3662 2569 3729 2639 qui

2221 2667 2425 2737 aliquid
2459 2665 2763 2721 voluntarie
2791 2665 3047 2735 complet,
3099 2665 3235 2718 illud
3269 2663 3445 2717 laudat
3476 2663 3603 2731 quod
3621 2674 3730 2714 cozu-

2221 2760 2353 2832 plet,
2384 2770 2557 2813 manet
2594 2767 3011 2830 perseveranter
3039 2772 3215 2827 usque
3241 2758 3296 2811 in
3339 2754 3567 2810 sa'culum
3594 2750 3729 2806 seculi

2227 2849 2386 2917 hujus
2415 2848 2842 2904 subsecutivum.
2869 2848 2949 2902 Ac
2976 2849 3019 2902 si
3071 2849 3223 2901 dicat
3259 2864 3273 2901 :
3310 2847 3456 2900 Tunc
3500 2842 3731 2898 inzellectus

2224 2938 2329 2993 iste
2356 2939 2519 2993 bonus
2549 2946 2655 3004 est,
2684 2940 2726 2992 si
2756 2952 2853 3007 per
2882 2937 3303 3007 conrpletionem
3329 2936 3559 2989 laudetur
3584 2940 3628 2987 et
3656 2944 3730 2984 ll0ll

2223 3029 2291 3083 ad
2325 3030 2536 3094 horam,
2568 3029 2661 3084 sed
2697 3029 2740 3083 si
2772 3027 3013 3083 laudatio
3040 3029 3124 3080 illa
3148 3038 3371 3082 maneat
3391 3031 3732 3095 perseveranter

538 3124 692 3194 prius
718 3124 978 3193 judicium
1020 3134 1369 3193 peccatorum
1402 3140 1500 3194 per
1529 3127 1790 3182 humilem
1825 3129 2114 3184 confessio-

2224 3134 2393 3188 usque
2419 3119 2470 3173 in
2508 3120 2666 3173 linem
2710 3119 2866 3189 hujus
2889 3118 3033 3172 vitte.
3073 3136 3091 3168 ο
3119 3118 3225 3185 Qui
3248 3118 3387 3172 enim
3422 3126 3733 3186 perseverare

538 3230 683 3279 netu,
713 3223 914 3283 etpost
948 3214 1159 3280 veritas,
1190 3213 1241 3268 id
1275 3224 1359 3270 est
1394 3218 1625 3273 virtutes
1655 3230 1709 3273 et.
1748 3220 1885 3274 bona
1917 3238 2115 3291 opera;

541 3318 663 3381 qua:
691 3304 895 3359 veritas
939 3304 1213 3369 dicuntur,
1246 3320 1312 3360 eo
1348 3309 1489 3376 quod
1528 3309 1594 3361 ad
1632 3324 1819 3364 verum
1868 3326 1988 3366 esse
2019 3314 2119 3364 du-

538 3405 689 3462 cunt.
721 3394 886 3467 449
912 3397 989 3453 Ac
1016 3396 1062 3449 si
1093 3396 1276 3452 dicat:
1309 3396 1375 3451 Ut
1406 3398 1592 3453 ﬁdeles
1628 3415 1694 3455 ex
1733 3402 1985 3469 gentibus
2015 3403 2118 3457 sibi

539 3487 903 3551 conﬁteantur
953 3487 1159 3558 integra
1216 3489 1522 3555 dilectione,
1555 3506 1650 3558 per
1679 3493 2116 3561 praedicationem

542 3580 908 3653 apostolorum
930 3580 1244 3647 operabitur
1260 3581 1311 3634 in
1337 3581 1440 3636 illis
1454 3580 1715 3649 judicium
1741 3592 1796 3638 et
1815 3585 2114 3639 veritatem.

542 3667 803 3736 Adjuugit
826 3682 1043 3721 causam
1062 3668 1247 3734 aliam,
1268 3684 1437 3738 quare
1458 3672 1688 3726 debeant
1717 3673 1985 3739 conﬁteri,
2005 3675 2114 3730 sic:

541 3757 664 3812 Dixi
722 3758 1011 3825 conﬁtebor
1062 3759 1270 3829 integra
1339 3761 1649 3829 diiectione,
1693 3772 1748 3818 et
1798 3765 2117 3834 complenda

542 3848 799 3902 ntandata
827 3848 943 3917 ejus
972 3850 1108 3902 bona
1135 3852 1467 3919 operatione,
1499 3864 1552 3907 et
1582 3870 1677 3910 vos
1709 3871 1943 3925 quoque,
1982 3858 2106 3913 lide-

540 3942 640 4007 les,
670 3941 1002 3997 conﬁtemini
1050 3941 1125 3995 illi
1153 3943 1360 4013 integra
1408 3946 1713 4013 dilectione,
1748 3957 1803 4004 et
1838 3947 2117 4004 mandato-

540 4052 662 4091 rum
694 4034 812 4104 ejus
857 4034 1221 4104 completione
1246 4054 1258 4090 :
1287 4037 1469 4104 ﬁdelia
1517 4039 1660 4093 enim
1692 4050 1816 4094 sunt
1865 4044 2116 4097 mandata

539 4129 678 4200 ejus,
710 4128 911 4183 scilicet
953 4144 1056 4183 non
1116 4129 1348 4194 inutilia,
1399 4131 1493 4185 sed
1547 4140 1715 4197 certa,
1744 4147 1841 4202 pro
1882 4149 2112 4202 quorum

540 4219 898 4287 completione
960 4222 1254 4275 reddentur
1307 4224 1570 4290 promissa
1622 4225 1862 4292 praemia.
1914 4225 2116 4281 Fidelis

540 4312 743 4380 quippe
766 4312 965 4365 dicitur
1003 4328 1032 4366 a
1069 4329 1175 4383 quo
1202 4314 1467 4382 promissa
1517 4317 1893 4385 complentur;
1935 4318 2112 4387 ﬁdelia

2220 3209 2293 3265 rit
2320 3226 2488 3280 usque
2511 3210 2565 3263 in
2596 3211 2778 3274 linem,
2812 3209 2899 3263 hic
2938 3210 3119 3263 salvus
3170 3210 3280 3263 erit
3310 3207 3513 3280 (Matth.
3537 3203 3728 3271 x,22).n

2713 3320 2781 3375 1N
2818 3318 3153 3375 PSALMUM
3179 3319 3318 3375 CXI.

2291 3412 2500 3467 Titulus
2531 3411 2809 3467 centesitni
2845 3410 3113 3464 itntlecimi
3145 3427 3158 3462 :
3192 3409 3441 3471 Alleluia,
3485 3403 3735 3461 reversionis

2218 3507 2397 3577 Δί]θωὶ
2430 3517 2476 3561 et
2519 3504 2818 3559 Zacltariw.
2878 3503 3030 3571 Quod
3075 3503 3155 3559 sic
3184 3504 3513 3573 exponitur:
3550 3497 3735 3552 Laudat:

2218 3596 2384 3651 Deum
2414 3610 2527 3659 vos,
2560 3596 2870 3667 quicunque
2908 3596 2974 3649 de
3029 3596 3128 3650 hoc
3153 3596 3305 3665 quod
3336 3595 3421 3650 hic
3472 3593 3524 3646 ﬁt
3554 3606 3633 3660 per
3657 3590 3735 3639 vir-

2221 3695 2365 3740 tutes
2389 3696 2441 3739 et
2466 3701 2626 3755 Opera
2657 3686 2816 3750 bona,
2844 3687 2910 3739 de
2942 3686 3262 3740 reversione
3320 3684 3553 3741 videlicet
3594 3676 3734 3750 Agga'i

2219 3789 2273 3833 et
2298 3777 2574 3832 Zachariae
2596 3778 2661 3831 ad
2690 3776 3025 3831 Hierusalem
3059 3793 3074 3843 ;
3104 3778 3334 3842 scilicet,
3394 3775 3586 3831 laudate
3609 3773 3734 3826 Deatm

2217 3883 2313 3938 per
2334 3867 2528 3921 bonam
2572 3868 2758 3933 vitam,
2787 3882 3072 3938 perquam
3123 3866 3468 3922 revertamini
3508 3864 3567 3918 de
3587 3857 3735 3917 exsilio

2219 3958 2378 4027 hujus
2405 3958 2528 4013 vita:
2552 3959 2619 4013 ad
2642 3958 2977 4014 Hierusalem
3008 3958 3313 4025 cozlestem,
3339 3959 3405 4012 ad
3436 3953 3734 4011 iittitatioactn

2216 4049 2395 4118 Aggwi
2444 4059 2489 4102 et
2540 4046 2839 4114 Zacharia’,
2873 4048 2925 4103 id
2954 4058 3037 4103 est
3068 4047 3434 4118 perfecturum
3461 4046 3520 4098 ad
3548 4038 3735 4112 patriam

2214 4142 2455 4196 caelestis
2500 4140 2867 4207 Hierusalem,
2908 4142 3044 4197 bene
3097 4142 3331 4197 vivendo
3384 4135 3731 4195 rever-tentiam.

2214 4231 2444 4302 Aggaeus
2466 4247 2600 4286 sane
2622 4234 2711 4301 qui
2747 4231 2992 4287 solemnis
3021 4232 3101 4288 vel
3131 4233 3372 4302 festivus,
3407 4241 3457 4286 et
3497 4223 3735 4283 Zacharias

2215 4322 2307 4392 qui
2368 4322 2547 4377 zelen:
2605 4324 3014 4392 interpretatur,
3069 4325 3176 4378 duo
3232 4326 3503 4393 propheta:
3544 4319 3732 4373 fuerunt.

538 4403 783 4471 inquam,
817 4411 942 4457 sunt
978 4403 1233 4457 mandata
1278 4403 1409 4473 ejus.
1442 4404 1486 4458 si
1520 4419 1625 4459 non
1656 4407 1722 4459 ad
1750 4407 1940 4461 horam
1991 4408 2111 4463 fue-
2144 4433 2189 4491 υ
2215 4417 2306 4486 qui
2336 4417 2387 4470 in
2414 4417 2729 4485 captivitate
2756 4416 3084 4485 Babylonica
3111 4417 3349 4471 reditum
3373 4416 3587 4471 ﬁliorum
3606 4404 3733 4464 Israel

538 4493 650 4546 rint
698 4492 983 4562 completa,
1018 4494 1109 4547 sed
1160 4494 1490 4562 confirmata,
1540 4494 1592 4547 id
1626 4504 1712 4550 est
1752 4498 2113 4553 conﬁrmitate

537 4580 956 4650 perseverantia:
1011 4580 1274 4650 completa
1331 4596 1502 4650 usque
1548 4584 1601 4636 in
1638 4584 1886 4639 swculum
1933 4588 2112 4640 swculi

538 4668 702 4737 hujus
758 4670 1211 4735 subsecutivmu;
1254 4672 1353 4726 etsi
1390 4672 1498 4727 sint
1568 4673 1711 4742 facta
1768 4676 1822 4728 in
1876 4677 2109 4740 veritate,

538 4758 594 4811 id
623 4765 707 4810 est
744 4759 796 4811 in
828 4757 1174 4815 fundamento
1235 4776 1375 4815 vera:
1408 4763 1552 4827 ﬁdei,
1596 4773 1643 4817 et
1676 4767 1729 4817 in
1752 4766 2013 4834 wquitate,
2060 4768 2112 4821 id

539 4854 624 4899 est
649 4844 701 4898 in
723 4860 875 4913 aequa
907 4848 1225 4915 intentione,
1250 4860 1310 4904 ut
1337 4867 1443 4905 non
1471 4853 1845 4923 compleantur
1870 4857 2110 4910 contuitu

539 4936 932 5006 temporalium,
968 4939 1060 4992 sed
1105 4940 1408 4996 caelestium
1439 4943 1722 4999 bonorum.
1767 4946 1939 5001 Aliter
1966 4950 2111 5002 enim

539 5044 643 5080 non
686 5026 909 5081 valeret.
952 5028 1015 5081 Et
1046 5028 1165 5082 ideo
1196 5031 1372 5086 adhuc
1422 5035 1750 5090 coulitemini
1803 5038 2029 5093 Domino
2058 5040 2111 5093 in

536 5119 743 5186 integra
784 5119 1094 5184 dilectione,
1125 5128 1177 5173 et
1214 5120 1269 5172 in
1301 5125 1677 5181 mandatorum
1716 5126 1831 5197 ejus
1870 5130 2108 5200 comple-

536 5211 705 5274 tione,
733 5212 857 5279 quia
889 5212 1147 5267 Dominus
1196 5211 1361 5267 Pater
1389 5217 1550 5280 misit,
1579 5218 1631 5272 id
1670 5230 1754 5275 est
1796 5223 1995 5287 mittet,
2020 5240 2110 5293 po-

535 5302 658 5371 pulo
704 5320 799 5356 suo
835 5344 849 5366 ,
902 5306 1053 5360 vobis
1110 5305 1318 5361 scilicet
1372 5307 1640 5375 ﬁdelibus,
1693 5326 1755 5365 ex
1809 5311 2007 5369 Judznis
2057 5326 2113 5370 et

536 5391 1257 5464 gentibus,redemptionem,
1307 5397 1360 5451 id
1411 5406 1494 5451 est
1545 5397 1817 5454 Christum
1872 5405 1963 5473 qui
2008 5406 2111 5460 erit

537 5480 854 5551 redemptio,
885 5494 939 5539 et
961 5502 1056 5555 per
1084 5488 1227 5542 illam
1257 5490 1703 5560 redemptionem,
1746 5495 2030 5562 mandavit,
2058 5499 2110 5552 id

536 5582 619 5627 est
643 5576 939 5642 mandabit,
991 5581 1142 5635 vobis
1182 5592 1543 5639 testamentum
1573 5600 1725 5639 suum
1762 5601 1981 5653 novum,
2013 5607 2109 5646 au-

538 5678 665 5719 cens
696 5668 1029 5738 complentes
1053 5673 1177 5726 sein
1200 5685 1475 5743 wlcrnum,
1505 5677 1732 5747 ideoque
1749 5677 2106 5737 conﬁteride-

2215 4506 2281 4559 ad
2322 4505 2653 4560 Hierusalem
2677 4516 2733 4559 et
2760 4506 3159 4575 reparationem
3186 4507 3373 4577 templi
3404 4503 3732 4577 previderuut.

2213 4604 2264 4651 et
2304 4596 2471 4649 etiam
2519 4598 2819 4651 reversioni
2859 4598 2940 4650 ad
2994 4597 3331 4653 Hierusalem
3375 4607 3430 4653 et
3460 4588 3731 4666 rrparationi

2215 4688 2397 4757 templi
2456 4689 2842 4745 interfuerunt.
2900 4689 3057 4746 Unde
3088 4706 3185 4760 per
3231 4691 3336 4747 hos
3376 4694 3503 4744 duos
3550 4679 3732 4756 perfecti

2214 4777 2422 4846 quique
2442 4778 2802 4846 accipiuntur,
2826 4780 2918 4848 qui
2964 4779 3225 4847 zelautes,
3276 4782 3329 4835 id
3374 4788 3457 4833 est
3496 4775 3733 4830 Dominum

2211 4866 2395 4922 Jesum
2424 4868 2589 4940 450
2636 4871 2945 4942 diligentes,
2995 4882 3050 4927 et
3094 4882 3255 4942 prout
3294 4874 3376 4928 eis
3421 4867 3646 4940 possibile
3669 4871 3734 4916 est

2215 4959 2507 5024 imitantes,
2534 4962 2807 5017 solemnes
2829 4973 2884 5016 et
2911 4964 3086 5019 festivi
3113 4973 3257 5028 sunt,
3302 4966 3427 5018 dum
3459 4963 3507 5016 in
3530 4966 3730 5014 content-

2212 5045 2448 5117 platione
2472 5049 2659 5118 positi,
2699 5050 2848 5105 festis
2888 5051 3222 5107 solemnibus
3247 5054 3552 5123 angelorum
3588 5050 3730 5103 inten-

2212 5140 2345 5193 dunt
2371 5157 2387 5205 ;
2416 5140 2523 5209 iam
2571 5142 2732 5197 etiam
2762 5158 2857 5212 spe
2886 5153 3033 5198 certa
3069 5145 3426 5214 praeﬁdentes
3451 5144 3731 5197 Hierusalem

2212 5232 2449 5287 caelestis
2478 5233 2770 5302 perfectam
2801 5236 2852 5288 in
2876 5235 3058 5290 futuro
3102 5238 3516 5307 reparationem,
3540 5248 3640 5305 qua:
3656 5243 3732 5299 per

2212 5322 2384 5375 Adam
2411 5324 2459 5376 in
2498 5332 2649 5391 parte
2687 5326 2961 5380 destructa
3013 5327 3135 5392 fuit,
3182 5338 3441 5397 quantum
3494 5327 3551 5380 ad
3592 5321 3722 5377 homi-

2212 5427 2312 5466 nes
2377 5413 2609 5479 scilicet,
2657 5432 2762 5469 non
2817 5428 3078 5485 quantum
3111 5420 3177 5473 ad
3214 5420 3451 5488 angelos,
3497 5416 3557 5471 ad
3600 5423 3726 5481 quam

2210 5501 2549 5559 Hierusalem
2581 5506 2854 5562 crelestem
2901 5508 3064 5563 iidem
3095 5510 3315 5579 perfecti
3358 5510 3467 5581 jam
3492 5521 3579 5576 per
3599 5502 3717 5556 virtu

2217 5607 2298 5647 tes
2328 5602 2379 5648 et
2405 5594 2573 5649 bonas
2592 5599 2935 5665 operationes
2957 5598 3025 5655 de
3050 5600 3208 5667 hujus
3234 5603 3354 5655 vitm
3382 5598 3563 5655 exsilio
3584 5603 3729 5649 rever-

2211 5691 2417 5738 tuntur.
2442 5683 2642 5741 Horum
2672 5688 2853 5756 itaque
2874 5688 3088 5745 beatam
3117 5705 3475 5748 revers:onem
3497 5702 3583 5759 per
3606 5684 3726 5737 liﬂw'
