3840 6338
98 346 214 409 {233

995 336 1359 393 EXPOSITIO
1388 337 1455 392 IN
1495 338 1833 397 fSALMOS.
1864 368 1936 380 -—
1965 335 2162 392 PSAL.
2203 335 2340 392 CXI.

3160 342 3299 398 1234

88 477 176 519 rem
208 468 256 514 et
302 451 668 509 mandatorum
732 448 943 504 Domini
1002 450 1360 515 voluntatem,
1413 459 1469 505 et
1519 467 1617 521 per
1648 458 1691 514 Λ
1713 453 2007 522 jucundus,
2040 453 2089 507 id
2119 461 2202 508 est
2226 450 2576 522 acceptabilis
2597 461 2681 509 εει
2711 455 2756 509 ei
2794 435 2950 512 homo
2978 457 3180 524 othnis,
3205 459 3297 525 qui

88 547 421 608 innocentiam,
466 552 523 599 et
567 542 912 612 sapientiam,
939 541 1298 610 etjnstitiatn,
1326 550 1381 595 et
1428 541 1611 607 ﬁdem,

84 654 267 712 etspetu
311 636 621 697 ﬁrmam,et
660 632 1011 695 immobilem,
1046 641 1102 686 ct
1141 633 1405 701 pecuniae,
1451 632 1502 687 id
1532 640 1617 686 est

87 745 351 792 sermonum
387 742 605 782 suorum
634 725 1096 790 distributionem,
1127 724 1398 795 Propheta
1428 724 1481 778 in
1512 724 1616 778 hoc

87 825 261 897 psalmo
288 823 639 882 demonstrat,
675 832 736 871 ea
769 815 1071 870 intentione
1100 824 1158 868 ut
1189 831 1284 884 per
1332 815 1437 870 hoc
1463 816 1617 868 audi-

91 933 206 973 tores
223 927 453 985 quosque
474 927 578 965 tton
606 919 965 977 revertentes,
994 918 1100 963 tam
1128 909 1247 962 illos
1267 910 1357 978 qui
1377 909 1615 963 nondum

82 1009 179 1063 tilei
199 1005 431 1061 notitiam
486 1000 797 1055 habuerunt
824 1015 984 1068 quam
1030 999 1149 1053 illos
1177 1001 1267 1068 qui
1293 1000 1405 1068 jam
1455 999 1614 1053 ﬁdem

81 1101 270 1153 otiosam
310 1094 525 1157 habent,
580 1092 647 1146 ad
689 1092 993 1162 hujusntodi
1049 1092 1436 1156 reversionem,
1496 1106 1619 1159 qua:

78 1204 250 1242 Szttttlna
281 1185 371 1239 Dei
409 1184 524 1238 laus
551 1192 656 1248 est,
688 1182 1030 1237 adltortetnr.

131 1278 307 1332 Beatus
329 1278 424 1341 rir,
472 1277 561 1345 qui
616 1276 760 1329 timet
818 1274 1129 1341 Dominum,
1198 1276 1362 1327 etiam
1423 1274 1620 1329 timore

79 1368 243 1434 servili,
265 1376 316 1422 et
346 1367 431 1421 hie
466 1366 697 1431 scilicet,
727 1367 915 1420 beatus
938 1377 1022 1419 est
1048 1366 1174 1419 dum
1210 1365 1346 1419 bene
1383 1365 1621 1419 vivendo

77 1461 127 1512 ad
144 1460 353 1527 patriam
385 1459 681 1512 revertitur
709 1474 724 1522 ;
761 1467 815 1511 et
847 1457 900 1511 in
927 1458 1117 1509 l'ttturo
1137 1465 1422 1525 postquam
1456 1456 1617 1511 fuerit

80 1564 312 1602 reversus.
339 1547 408 1601 Et
428 1547 519 1602 ille
548 1548 744 1602 beatus
774 1547 858 1600 vir
882 1548 941 1600 in
964 1546 1229 1599 mandatis
1256 1546 1371 1614 ejus
1404 1545 1623 1601 Domini

76 1641 329 1708 persistens
360 1639 490 1694 volet
550 1640 734 1704 nintis,
775 1639 825 1692 id
873 1648 957 1692 cst
1015 1639 1235 1692 nimiam
1289 1637 1617 1692 voluntatem

78 1729 343 1785 dilectionis
363 1728 587 1786 habebit
616 1730 668 1783 in
698 1728 965 1783 mandatis
1013 1728 1141 1793 illis,
1172 1738 1227 1783 et
1253 1743 1440 1783 semen
1474 1729 1613 1798 ejus,

76 1821 203 1875 idest
229 1823 469 1877 dortrina
492 1820 611 1890 ejus
635 1836 740 1876 non
780 1822 883 1875 erit
912 1822 1137 1887 inutilis,
1165 1822 1259 1877 sed
1284 1832 1465 1892 potens
1486 1823 1614 1888 erit,
1651 1800 1690 1858 Β

76 1912 197 1965 idest
227 1910 407 1967 elﬁcax
453 1913 638 1967 eritin
677 1913 1044 1983 subditis,qui
1080 1913 1285 1969 habiles
1337 1922 1496 1967 erunt
1547 1914 1615 1968 ad

72 2002 333 2059 doctrinam
365 2002 514 2058 illam
544 2003 935 2074 recipiendam,
969 2006 1109 2059 sicut
1132 2014 1273 2058 terra
1312 2005 1447 2058 bene
1469 2004 1615 2059 culta

74 2097 123 2147 ad
146 2113 298 2151 semen
321 2097 749 2167 Sttsrip’endutn.
795 2096 1012 2160 Potens,
1037 2096 1285 2165 inquam,
1313 2097 1419 2150 erit
1443 2113 1618 2151 semen

71 2188 292 2244 dot-trina-
320 2189 458 2259 ejus,
484 2198 540 2243 et
570 2190 651 2244 sic
690 2189 911 2258 quidem
936 2190 1080 2257 quod
1122 2204 1218 2257 per
1248 2188 1398 2241 illum
1431 2203 1616 2242 semen

72 2281 305 2341 doctrina),
341 2284 612 2351 geret-alio
636 2295 913 2348 rectorum,
939 2282 991 2336 id
1021 2290 1103 2336 est
1166 2282 1401 2337 ﬁdelium
1430 2284 1619 2337 subdi-

73 2378 233 2435 torum,
265 2372 616 2437 benedicatur,
657 2373 706 2426 id
751 2382 833 2427 cst
860 2372 941 2425 vel
969 2371 1295 2426 exaltabitttr
1318 2373 1369 2426 in
1400 2373 1618 2427 virtuti-

70 2462 147 2514 lrts
171 2473 216 2516 et
239 2466 389 2518 bonis
413 2466 697 2535 operibus,
738 2465 825 2519 vel
867 2464 1337 2534 tnultiplicabitur,
1374 2476 1430 2519 ut
1461 2466 1615 2520 multi

70 2569 151 2604 nrm
182 2556 332 2618 recti.
363 2570 559 2609 eorum
606 2572 832 2611 numero
858 2572 953 2626 per
1009 2572 1195 2612 semen
1244 2557 1371 2610 illud
1427 2558 1621 2629 adjun-

67 2656 245 2712 gantur.
282 2646 376 2700 Vel
401 2648 484 2703 sic
511 2665 526 2701 :
555 2646 748 2703 Beatus
797 2650 895 2714 rir,
951 2650 1192 2718 inquam,
1223 2649 1351 2703 volet
1382 2650 1434 2701 in
1464 2666 1617 2703 man-

66 2738 176 2790 datis
216 2737 442 2803 Domini,
497 2749 547 2792 et
590 2755 761 2793 semen
803 2740 942 2809 ejus,
990 2740 1042 2794 id
1073 2748 1157 2794 cst
1186 2740 1324 2793 bona
1369 2740 1619 2796 voluntas

68 2827 133 2878 illa
156 2843 262 2896 qua:
281 2842 473 2884 semen
503 2837 589 2883 cst
614 2844 859 2898 operum,
909 2840 1091 2899 potens
1139 2831 1245 2884 erit
1285 2831 1339 2883 in
1373 2842 1533 2893 terra,
1566 2830 1616 2883 id

65 2926 146 2979 est,
173 2917 510 2974 fructiﬁcans
543 2920 685 2973 bona
735 2934 900 2990 opera
934 2919 987 2973 itt
1015 2920 1335 2975 terrenitate
1362 2936 1477 2980 sua,
1506 2918 1615 2972 sci-

64 3006 165 3061 licet
199 3011 247 3062 in
273 3011 652 3065 sensualitate.
688 3010 838 3077 Quod
871 3020 954 3065 est
978 3011 1199 3065 dicere:
1237 3010 1496 3065 Voluntas
1528 3010 1616 3063 illa

66 3114 148 3151 non
169 3101 311 3155 sedet
333 3102 710 3166 sensualitati,
737 3103 831 3156 sed
856 3111 1015 3173 coget
1068 3103 1236 3172 ipsam
1282 3102 1616 3157 sensualita-

64 3200 148 3244 tetu
183 3193 312 3247 bene
366 3194 619 3264 operari,
649 3203 703 3249 et
732 3209 828 3264 per
856 3194 1166 3264 exemplum
1237 3194 1355 3264 ejus
1395 3193 1620 3249 seminis
1646 3171 1686 3227 Ο

63 3281 126 3335 sic
172 3282 577 3348 frttctiﬁcantis,
635 3285 899 3355 generatio
956 3297 1216 3338 rectorum
1265 3286 1617 3351 benedicetnr,

60 3383 132 3425 att
164 3379 454 3430 secundum
492 3375 1025 3444 multiplicationem,
1070 3385 1165 3429 aut
1190 3377 1486 3431 secundum
1512 3378 1620 3430 vir-

62 3472 201 3518 tutum
248 3476 302 3521 ct
343 3482 585 3538 operum
661 3467 923 3522 bonorum
985 3468 1408 3534 exaltationcm;
1476 3470 1614 3523 etin

59 3558 183 3610 t'omo
202 3560 313 3628 ejus
337 3559 624 3625 interiori,
653 3559 704 3613 id
734 3567 817 3613 est
845 3559 897 3612 in
924 3560 1088 3614 corde
1114 3559 1230 3629 ejus
1255 3560 1307 3613 in
1338 3575 1446 3629 quo
1476 3561 1622 3631 cogi-

62 3651 196 3704 tando
238 3653 523 3708 inhabitat
552 3654 695 3707 sicut
747 3652 801 3706 in
862 3652 1043 3717 domo,
1081 3660 1166 3706 est
1212 3650 1402 3721 gloria,
1443 3652 1494 3707 id
1540 3661 1625 3708 cst

61 3739 363 3798 innocentia.
396 3744 561 3800 Unde
594 3743 708 3813 ipse
758 3742 1045 3815 gloriatur,
1087 3744 1242 3814 juxta
1295 3743 1425 3798 illttd
1476 3745 1623 3813 Apu-

59 3832 192 3885 stoli:
238 3852 256 3883 ι
285 3835 481 3889 Gloria
536 3843 723 3888 nostra
779 3835 892 3889 lucc
939 3843 1042 3897 est,
1093 3836 1461 3889 teStimouiutn
1494 3852 1625 3890 con—

57 3924 263 3979 scientia:
327 3935 541 3980 nostra:
607 3922 691 3994 (II
721 3922 843 3977 Cor.
878 3940 918 3989 t,
961 3923 1074 3994 1‘2),
1113 3943 1133 3975 ι
1184 3936 1231 3978 et
1282 3926 1477 3979 divitia:
1532 3940 1623 3981 sa-

62 4014 246 4077 tt'entia:
308 4017 629 4082 interioris,
685 4027 731 4069 et
781 4017 991 4086 justitia
1042 4032 1264 4086 operum
1312 4016 1425 4086 ejus
1482 4018 1625 4072 beati

57 4105 134 4159 vri
183 4120 353 4163 manet
418 4124 605 4181 usque
669 4110 724 4162 in
786 4110 1038 4163 sacutum
1095 4109 1297 4163 sa'cnli.
1347 4110 1500 4176 Quod
1545 4119 1628 4164 est

55 4195 250 4254 dit-ere:
300 4202 455 4258 Bene
487 4212 753 4272 operatur
795 4202 1183 4267 indesinenter,
1228 4212 1282 4256 et
1327 4217 1448 4257 cum
1477 4203 1629 4258 inno-

52 4301 156 4346 cens
196 4295 265 4349 sit
318 4306 380 4351 et
437 4296 665 4366 sapiens
710 4305 766 4349 ct
809 4294 1010 4363 justus,
1071 4310 1169 4365 per
1230 4296 1335 4351 hoc
1378 4296 1624 4350 doctrina

54 4395 130 4435 sua
168 4386 354 4444 valens
421 4397 517 4443 est
567 4388 634 4442 ad
666 4387 786 4453 hoc,
821 4397 877 4441 ut
905 4402 1001 4458 per
1023 4401 1143 4442 eam
1173 4389 1439 4458 generatio
1462 4402 1626 4441 recto-

53 4487 145 4527 rum
193 4477 587 4536 benedicatur.
663 4479 775 4535 lloe
848 4488 1031 4533 autem
1102 4481 1247 4549 quod
1297 4490 1478 4548 potens
1543 4488 1625 4534 cst
1659 4509 1702 4562 Β

52 4580 196 4622 senten
229 4572 371 4640 ejus,
408 4580 470 4627 et
500 4571 650 4642 quod
696 4570 864 4640 gloria
894 4582 941 4624 et
971 4570 1171 4625 divitia:
1213 4579 1341 4624 sunt
1377 4569 1431 4623 in
1467 4570 1624 4622 domo

51 4668 162 4721 ι’]υε.
188 4676 293 4717 non
326 4677 395 4717 ex
426 4662 560 4731 ipso
586 4670 690 4725 cst,
724 4660 815 4714 sed
841 4674 907 4715 ex
935 4660 1144 4715 lumine
1174 4674 1319 4714 vero.
1365 4658 1624 4713 Exortum

50 4757 106 4796 est
133 4751 270 4806 enim
306 4752 627 4809 secundum
669 4750 828 4807 ﬁdem
864 4752 921 4805 in
958 4752 1184 4806 tenebris
1217 4750 1410 4815 lumen,
1460 4751 1509 4805 id
1541 4756 1626 4805 cst

48 4829 93 4887 iu
117 4840 370 4898 cordibus
404 4843 727 4907 beatorum,
771 4841 860 4911 qui
902 4842 1056 4910 prius
1102 4850 1257 4895 erant
1289 4840 1538 4903 tenebrae,
1570 4850 1625 4894 et

48 4930 320 4986 Secundum
356 4942 600 5002 peccata
629 4943 683 4986 et
708 4947 767 4987 se
804 4935 1007 4987 undttnt
1035 4933 1416 5003 ignorantium.
1447 4930 1619 4985 Exor-

49 5024 135 5070 tunt
154 5032 246 5088 est,
276 5022 543 5095 inquam,
570 5025 746 5077 lumen
778 5024 832 5077 in
869 5024 1113 5089 tenebris,
1150 5033 1205 5079 et
1233 5025 1336 5078 hoc
1367 5024 1543 5087 rectis,
1573 5022 1623 5076 id

48 5118 113 5158 rst
135 5112 195 5165 ad
223 5130 365 5183 opus
398 5124 715 5179 rectorum,
761 5114 987 5177 scilicet,
1018 5115 1086 5168 ad
1114 5116 1215 5169 hoc
1250 5122 1499 5168 exortum
1540 5120 1623 5167 est

49 5206 93 5249 nt
128 5201 235 5258 illos
263 5206 358 5275 qui
394 5206 566 5277 prius
604 5213 763 5260 erant
808 5205 1066 5270 tenebrze,
1117 5214 1293 5259 rectos
1345 5204 1530 5268 faciat,
1570 5213 1624 5259 et

47 5287 131 5343 hoc
156 5294 460 5351 lumenest
495 5294 851 5349 eisexortum
890 5295 1166 5359 Christus,
1197 5294 1426 5361 scilitct,
1470 5296 1624 5349 mise-

44 5380 273 5443 t;rorsin
294 5398 531 5453 natura,
565 5398 610 5440 et
635 5388 982 5442 miseratorin
1005 5387 1308 5442 exhibendo
1339 5386 1619 5450 beneﬁcia,

40 5488 76 5528 ει
106 5482 300 5547 justus.
353 5486 415 5540 In
452 5485 571 5539 hoc
599 5483 743 5553 quod
784 5482 896 5551 jam
941 5482 1117 5552 jttstos
1151 5482 1620 5552 magisjustiﬁcat,

42 5567 194 5628 innuit
222 5578 368 5645 quod
400 5578 485 5631 et
529 5575 840 5631 inﬁdelibus
889 5575 1031 5631 idem
1086 5576 1267 5630 lumen
1306 5575 1531 5633 orietur.
1577 5574 1621 5628 si

36 5662 91 5713 ad
130 5665 250 5720 illud
285 5666 681 5731 accesserint;
714 5676 769 5720 et
822 5681 919 5734 per
962 5666 1063 5720 hoc
1106 5681 1199 5720 eos
1230 5664 1624 5720 inexcusabiles

40 5753 213 5813 Isddit.
257 5759 325 5814 Et
368 5756 651 5830 quoniam
679 5757 794 5827 ipse
839 5757 1210 5812 misericorsct
1238 5756 1513 5811 miserator
1542 5764 1625 5811 est

1717 544 1993 597 miseretur
2031 542 2356 614 indulgendo
2390 544 2742 612 peccantibus
2770 545 2822 599 in
2853 560 2934 612 se,
2974 547 3192 603 sicntet
3220 549 3295 602 illi

1717 636 1963 706 peccanti
2000 637 2140 690 Deus
2175 636 2520 690 condonavit.
2556 636 2626 693 Et
2658 653 2763 691 non
2794 639 2968 694 solum
2998 643 3296 703 miseretur,

1718 728 1813 783 sed
1841 739 1889 782 et
1924 728 2220 782 commodat
2244 743 2367 792 sua,
2391 728 2771 783 necessitatem
2803 729 3132 797 patientibus
3154 731 3297 785 sicut

1719 818 1795 874 illi
1847 818 1986 873 Deus
2024 820 2193 873 multa
2233 817 2498 873 beneﬁcia
2540 819 2773 884 confert,
2806 828 2864 873 ut
2901 819 2944 874 si
2992 834 3096 874 non
3134 821 3300 875 habet

1720 911 2005 981 pecuniam
2030 909 2190 982 5.51
2226 910 2291 964 ad
2325 912 2863 976 accommodandum,
2900 910 3092 966 saltem
3126 912 3301 981 dispo-

1720 1001 1818 1066 nit,
1851 1001 1902 1055 id
1934 1010 2021 1056 est
2043 1000 2319 1056 distribuit
2339 1018 2603 1055 sermones
2624 1019 2750 1056 suos
2780 1003 3125 1071 prtedieando
3149 1003 3296 1070 aliis,

1719 1093 1802 1147 vel
1850 1092 2193 1148 exhortando
2238 1092 2419 1162 aliquo
2448 1095 2606 1148 modo
2634 1095 2701 1149 ad
2746 1094 2883 1150 bene
2910 1096 3220 1162 vivendum,
3248 1106 3302 1153 ct

1719 1185 1823 1241 hoc
1861 1187 1915 1240 in
1950 1186 2163 1255 judicio
2196 1187 2544 1241 discretionis
2579 1186 2877 1257 judicando
2923 1187 3136 1243 scilicet
3162 1204 3299 1258 quo-

1718 1276 1880 1329 modo
1911 1276 2236 1345 loquendum
2267 1277 2484 1330 sitcum
2531 1276 2740 1346 peritis,
2780 1286 2829 1330 et
2874 1277 3142 1346 quomodo
3177 1294 3301 1332 cum

1720 1366 2011 1436 imperitis,
2035 1369 2313 1437 quomodo
2336 1382 2557 1438 quoque
2610 1383 2735 1422 etttn
2763 1368 3057 1433 nobilibus,
3086 1380 3139 1422 et
3168 1384 3303 1438 quo-
3336 1392 3341 1403 -

1720 1457 1881 1512 modo
1904 1473 2027 1512 cum
2061 1457 2410 1529 ignobilibus.
3050 1482 3053 1483 ν
3132 1494 3141 1502 .
3216 1506 3217 1509 η

1790 1551 1925 1606 Cum
1950 1551 2082 1607 dicit
2110 1552 2443 1617 commodat,
2467 1553 2649 1607 innuit
2675 1554 2798 1620 quia
2828 1553 2931 1608 hoc
2956 1553 3098 1622 quod
3118 1548 3303 1609 ﬁdeles

1719 1644 1973 1712 (Lantpro
1998 1643 2235 1709 Christo,
2288 1644 2367 1700 sic
2417 1645 2546 1698 dant
2600 1654 2656 1697 ut
2688 1646 2789 1698 hoc
2849 1644 3114 1713 recepturi
3171 1645 3301 1699 sint.

1723 1735 1853 1789 illud
1883 1737 2026 1790 enim
2058 1736 2201 1806 quod
2227 1736 2624 1801 commodatur,
2658 1746 2845 1806 postea
2878 1736 3154 1806 recipitur.
3210 1736 3303 1789 Vel

1718 1828 1799 1882 sic
1825 1845 1838 1881 :
1863 1828 2157 1897 jttcundus,
2184 1828 2423 1897 inquam,
2454 1828 2607 1882 homo
2646 1829 2734 1897 qui
2764 1830 3038 1882 miseretur
3062 1838 3109 1882 et
3159 1845 3303 1882 cont-

1720 1920 1897 1974 modat
1921 1920 2209 1991 egentibus
2236 1935 2360 1982 sua,
2390 1929 2446 1973 et
2474 1919 2785 1975 miserendo
2827 1929 2882 1975 et
2912 1920 3305 1974 commodando

1719 2011 1954 2078 disponet
1971 2027 2231 2064 sermones
2252 2009 2690 2074 suos,habettdos
2711 2010 2766 2063 in
2778 2010 2984 2080 judicio
3004 2010 3302 2076 tremendo,

1720 2102 1930 2157 scilicet
1956 2101 2193 2171 disponit
2218 2101 2345 2170 quid
2380 2101 2433 2154 in
2463 2101 2549 2155 die
2574 2099 2763 2169 jutlicii
2810 2102 3154 2169 respondeat,
3212 2102 3306 2155 ubi

1720 2194 2018 2262 unicuique
2049 2194 2278 2248 reddere
2329 2192 2600 2247 rationem
2647 2193 2939 2261 oportebit,
2988 2191 3304 2246 asintilitu-

1720 2284 1845 2339 dine
1874 2283 2018 2338 illius
2047 2284 2139 2353 qui
2171 2283 2389 2353 quando
2443 2298 2566 2337 eum
2611 2282 2793 2352 aliquo
2839 2292 2922 2336 est
2976 2282 3305 2352 litigaturos,

1719 2375 1955 2445 primum
1982 2374 2219 2443 disponit
2266 2387 2451 2427 secum
2479 2373 2716 2443 qualiter
2752 2373 2823 2427 ibi
2879 2373 2951 2428 sit
3005 2373 3303 2428 locuturus.

1718 2466 2024 2531 Jucundus,
2056 2467 2298 2535 inqttam,
2322 2468 2498 2520 homo.
2550 2466 2617 2520 Et
2651 2466 2703 2521 in
2736 2467 2840 2521 hoe
2860 2466 3134 2536 jucundus
3183 2481 3307 2521 esse

1720 2558 2185 2629 comprobabitttr,
2225 2559 2350 2625 quia
2381 2573 2482 2610 non
2510 2554 2919 2612 commovebitur
2941 2559 2992 2611 in
3028 2567 3302 2622 wternum,

1721 2666 1750 2706 a
1777 2651 2054 2721 proposito
2090 2648 2400 2704 sanctitatis
2421 2664 2554 2713 suae,
2584 2649 2675 2718 qui
2700 2663 2886 2703 revera
2934 2648 3043 2703 cito
3066 2664 3306 2703 commo-

1721 2752 1958 2806 veretur,
1991 2740 2092 2795 nisi
2124 2740 2235 2793 Deo
2270 2747 2416 2793 esset
2454 2735 2748 2804 jttcundus,
2803 2747 2857 2791 et
2900 2751 2999 2805 per
3048 2738 3150 2792 hoc
3203 2753 3307 2790 non

1721 2834 2147 2899 commovebitur,
2181 2831 2324 2902 quod
2351 2832 2465 2900 ipse.
2484 2830 2661 2899 justus
2685 2831 2923 2885 existens
2948 2831 3043 2883 erit
3093 2832 3146 2883 in
3201 2848 3307 2883 me-

1719 2925 1891 2978 moria
1921 2934 2116 2977 wterna
2153 2922 2294 2992 apud
2327 2921 2631 2982 Dominum,
2664 2920 2870 2974 scilicet
2889 2934 3103 2987 semper
3128 2934 3307 2989 agra-

1724 3014 1794 3068 tia
1824 3013 2035 3069 Domini
2059 3012 2418 3082 adjuvabitur,
2445 3025 2512 3066 ne
2536 3006 2768 3072 deﬁciat,
2802 3019 2855 3063 ct
2880 3010 3002 3079 quia
3026 3009 3079 3062 in
3109 3025 3304 3063 memo-

1723 3106 1804 3159 ria
1832 3114 2027 3158 mterna
2059 3104 2177 3170 erit,
2202 3119 2306 3156 non
2328 3101 2526 3155 timebit
2556 3102 2620 3155 ab
2644 3101 2911 3154 auditione
2955 3100 3121 3165 mala,
3154 3100 3202 3153 id
3226 3110 3308 3155 est

1723 3210 1752 3248 a
1784 3192 2134 3248 comminanti
2166 3191 2441 3245 auditione
2465 3199 2866 3259 perscculorum
2897 3205 2911 3253 ;
2938 3188 3167 3253 scilicet,
3199 3206 3303 3243 non

1724 3286 1919 3340 timebit
1946 3299 2068 3339 cum
2091 3284 2139 3337 ci
2163 3290 2541 3352 persecutores
2565 3290 2790 3337 mortem
2811 3280 3306 3335 cotntninabuntur.

1726 3375 1848 3429 Non
1872 3378 2093 3441 timebit,
2123 3376 2365 3444 inquam,
2397 3389 2523 3428 nam
2570 3390 2660 3427 cor
2680 3373 2793 3441 eius
2822 3383 3064 3442 paratum
3107 3384 3204 3439 est,
3255 3373 3308 3427 id

1724 3477 1806 3521 est
1829 3475 2026 3535 prtesto
2046 3478 2129 3522 est
2156 3481 2369 3535 semper
2390 3480 2599 3535 sperare
2633 3466 2688 3517 in
2716 3464 2962 3530 Domino,
3013 3472 3061 3518 et
3109 3465 3308 3534 conﬁr-

1726 3567 1925 3610 matum
1949 3566 2021 3610 est
2053 3570 2144 3608 cor
2163 3554 2276 3623 ejus
2315 3554 2400 3608 illa
2430 3569 2555 3625 spe;
2589 3562 2643 3609 et
2675 3553 2794 3608 ideo
2823 3570 2926 3608 non
2968 3554 3311 3609 commovebi-

1726 3656 1834 3710 tur,
1854 3656 1913 3701 ut
1940 3646 2074 3710 dixi,
2094 3662 2123 3699 a
2155 3648 2296 3700 bono
2313 3645 2590 3715 proposito
2619 3660 2735 3708 suo,
2766 3658 3124 3715 perseverans
3145 3645 3308 3698 donec

1726 3739 1792 3793 de
1823 3738 1923 3793 hac
1947 3738 2053 3792 vita
2090 3737 2372 3792 discedens
2397 3738 2669 3807 despiciat,
2724 3737 2774 3792 id
2805 3746 2889 3792 est
2915 3736 3311 3805 despectabilcs

1725 3837 1779 3884 et
1813 3829 1982 3883 victos
2005 3842 2127 3883 esse
2161 3828 2476 3898 comprobet
2503 3830 2742 3883 inimicos
2796 3844 2944 3891 suos;
2982 3828 3063 3882 vel
3098 3828 3178 3883 sic
3203 3827 3309 3882 duo

1728 3919 1813 3975 isti
1844 3935 2032 3974 versus
2062 3919 2349 3990 leguntur:
2386 3918 2504 3973 Dixi
2533 3920 2657 3989 quia
2686 3921 3003 3983 commodat,
3033 3935 3135 3973 non
3162 3935 3308 3972 com-

1726 4010 2011 4065 movebitur
2036 4009 2090 4062 in
2118 4012 2389 4073 teternuin,
2411 4009 2679 4079 jucundus
2708 4010 2861 4063 Itomo
2892 4026 2921 4061 a
2944 4008 3086 4063 bono
3110 4021 3307 4078 propo-

1727 4103 1831 4157 sito
1859 4115 1977 4166 suo,
2005 4110 2059 4157 et
2081 4102 2201 4157 ideo
2227 4102 2340 4171 ipse
2359 4102 2540 4172 justus
2569 4102 2807 4157 existens
2850 4100 2955 4164 hic,
3015 4100 3157 4169 apud
3204 4098 3313 4153 Do-

1728 4193 1933 4247 minum
1959 4192 2063 4248 erit
2086 4192 2338 4246 memoria
2366 4203 2584 4257 retenta,
2638 4192 2689 4246 id
2710 4201 2796 4245 est
2828 4205 3036 4246 memor
3070 4191 3175 4245 erit
3204 4188 3309 4243 Do-

1728 4285 1905 4341 minus
1931 4293 2188 4339 attentam
2214 4283 2265 4339 ei
2295 4282 2680 4338 beatitudinem
2705 4281 3025 4336 retribuere.
3078 4278 3143 4336 Et
3172 4276 3311 4334 bene

1728 4377 1829 4432 sibi
1868 4376 2115 4431 conscius
2144 4375 2403 4440 existens,
2438 4391 2539 4428 non
2559 4375 2756 4428 timebit
2782 4374 2834 4427 in
2853 4372 3034 4427 futuro
3063 4373 3129 4426 ab
3155 4371 3307 4425 audi-

1727 4468 1866 4519 tione
1897 4465 2059 4527 mala,
2079 4464 2132 4519 id
2160 4474 2243 4519 est
2271 4480 2466 4535 aspera
2493 4465 2708 4534 quando
2731 4462 3050 4517 damnandis
3072 4463 3305 4517 dicetur:

1733 4576 1751 4609 s
1782 4556 2052 4612 Discedite
2073 4571 2107 4609 a
2130 4571 2236 4619 me,
2269 4555 2559 4618 maledicti,
2597 4574 2616 4606 ι
2655 4562 2763 4608 etc.
2791 4552 3008 4623 (Matth.
3042 4569 3168 4618 xxv,
3194 4553 3308 4622 41.)

1727 4649 1837 4704 Νεε
1863 4648 2057 4703 timere
2074 4648 2291 4716 quidem
2325 4661 2452 4701 eum
2484 4644 2779 4714 oportebit,
2821 4644 2909 4698 hic
2933 4644 3076 4697 enim
3110 4651 3195 4698 cst
3218 4660 3310 4696 cor

1725 4740 1843 4810 ejus
1871 4740 1924 4794 in
1954 4739 2101 4794 omni
2134 4738 2332 4792 virtute
2351 4745 2598 4806 paratum
2632 4750 2841 4805 sperare
2889 4735 2943 4788 in
2974 4733 3224 4797 Domino,
3257 4733 3309 4786 id

1724 4834 1907 4889 estsic
1933 4842 2182 4903 paratum
2212 4838 2271 4883 ut
2302 4828 2470 4899 possit
2489 4842 2697 4897 sperare
2719 4826 2773 4879 in
2806 4825 3029 4880 Domino
3060 4841 3311 4880 remune-

1727 4928 2018 4990 rationem,
2042 4933 2097 4980 et
2133 4925 2214 4979 sic
2243 4932 2326 4979 est
2356 4932 2605 4993 paratum
2633 4920 2781 4990 quod
2811 4920 2863 4974 in
2898 4919 2993 4973 illo
3040 4928 3303 4988 apparatu

1726 5020 2095 5088 conﬁrmatum
2124 5029 2198 5071 est
2224 5033 2315 5071 cor
2339 5017 2474 5086 ejus,
2524 5030 2591 5069 ne
2625 5013 2938 5083 aliquando,
2969 5008 3329 5080 improvidus.

1725 5113 1817 5177 sit,
1849 5120 1902 5166 ct
1928 5110 2009 5165 sic
2040 5110 2406 5178 conﬁrmatum
2432 5117 2506 5161 est
2531 5123 2622 5159 cor
2651 5102 2954 5175 ejus,_qtted
3004 5115 3105 5153 non
3158 5116 3301 5152 cont-

1725 5203 2013 5258 movebitur
2036 5214 2392 5269 perseverans
2414 5199 2466 5252 in
2495 5197 2768 5267 proposito
2798 5209 2914 5253 suo,
2947 5195 3108 5243 donec
3129 5190 3302 5257 despi-

1724 5297 1824 5349 ciat
1848 5295 2139 5363 despectos.
2153 5300 2208 5346 et
2238 5291 2561 5360 impotentes
2584 5287 2819 5341 inimicos
2846 5300 2966 5337 suos
2992 5290 3305 5352 persecuto-

1726 5385 1950 5454 res,qui
2004 5384 2092 5438 hic
2139 5383 2206 5438 ad
2258 5383 2444 5437 horam
2498 5380 2550 5433 in
2602 5380 2718 5447 ejus
2769 5391 2935 5430 carne
2983 5382 3307 5443 potestatem

1724 5479 1945 5532 habent.
1982 5475 2081 5531 Vel
2110 5475 2188 5531 sic
2217 5492 2231 5528 :
2264 5474 2393 5527 Inde
2419 5480 2642 5542 apparet
2670 5470 2812 5540 quod
2839 5469 2926 5523 hic
2953 5467 3090 5521 bene
3118 5465 3301 5533 diSpo-

1725 5569 1805 5623 nit
1827 5583 2085 5621 sermones
2102 5581 2246 5627 suos,
2269 5580 2392 5635 quta
2418 5581 2473 5617 tn
2496 5575 2744 5617 wternum
2767 5577 2868 5614 non
2880 5556 3301 5616 commovebitur,

1727 5662 1777 5716 id
1799 5669 1881 5716 est
1903 5676 2008 5715 non
2035 5656 2423 5728 inquietabitur
2454 5654 2504 5708 in
2532 5663 2795 5708 retentum
2815 5651 2991 5720 aliqua
3006 5646 3315 5708 anxietate,

1729 5753 1822 5808 sed
1846 5753 1896 5806 in
1922 5750 2169 5805 memoria
2184 5758 2379 5805 a’terna
2405 5747 2500 5801 erit
2523 5747 2717 5815 'justus
2743 5744 2883 5814 apud
2906 5740 3223 5802 Dominum,
3246 5741 3318 5789 ιιι.
