3978 6328
617 343 754 399 1235

1163 339 1219 394 S.
1261 339 1610 396 BRUNONIS
1638 333 2277 397 CARTHUSIANORUM
2309 332 2790 390 lNSTITUTOillS
2829 333 2981 390 OPP.
3024 331 3201 390 PARS
3243 333 3280 388 1.

3640 346 3741 403 lT-G

618 460 661 516 ti
682 466 938 513 aeternam
969 455 1361 512 beatitudinem
1393 457 1592 511 tribuat
1625 475 1637 510 :
1663 468 1718 512 et
1745 472 1849 511 non
1881 455 2056 510 solum
2081 471 2182 509 non
2211 457 2257 516 Α
2287 455 2528 524 inquam,
2564 464 2665 511 est.
2692 456 2822 523 Quis
2839 458 2982 512 enim
3017 448 3272 514 Dominus
3313 471 3363 516 ct
3404 464 3522 519 Deus
3568 471 3750 528 excelsus

607 547 1022 614 sommorebitur,
1057 546 1153 602 sed
1205 548 1368 603 etiam
1413 565 1516 603 non
1569 548 1762 602 timebit
1806 549 1870 602 ab
1916 547 2183 601 auditione

607 639 747 694 inata
765 657 784 704 ;
801 639 942 710 quod
967 639 1145 694 minus
1175 649 1258 694 est
1277 653 1399 693 cum
1417 639 1652 693 dicetur:
1678 659 1697 690 ι
1723 639 2012 704 Discedite,
2035 656 2052 688 ι
2069 646 2179 693 etc.

676 729 813 795 Quia
863 729 1074 783 dixerat
1121 730 1436 796 commodat,
1488 729 1682 799 quibus
1730 731 2181 786 commodandum
2229 790 2233 796 ,

607 820 677 876 sit
705 819 1047 887 determinat,
1075 819 1153 874 sic
1186 838 1198 873 :
1231 819 1347 876 Dixi
1375 821 1517 889 quod
1545 836 1639 874 cor
1671 821 1785 890 ejus
1837 832 2080 890 paratum
2106 833 2182 877 est

607 925 814 973 sperare
840 911 892 962 in
925 909 1180 972 Domino;
1211 924 1308 964 nec
1339 918 1543 965 temere
1591 911 1808 980 quidem
1858 923 2040 981 sperat
2089 914 2184 969 bo-

605 1011 726 1051 nam
755 1011 784 1050 a
817 997 1044 1052 Domino
1070 997 1478 1054 retributionem
1515 1017 1528 1054 :
1561 1000 1674 1069 ipse
1711 1017 1943 1072 namque
1967 1005 2180 1073 propria

606 1090 864 1157 dispersit,
889 1098 944 1144 et
975 1090 1076 1144 hoc
1098 1105 1202 1144 non
1227 1092 1406 1145 mimis
1431 1101 1524 1146 aut
1553 1093 1765 1148 caeteris
1793 1095 2177 1160 nebulouibus,

606 1177 698 1232 sed
727 1178 870 1231 dedit
897 1180 1230 1248 pauperibus,
1255 1189 1309 1234 et
1331 1181 1450 1236 ideo
1489 1181 1698 1250 justitia
1729 1183 1984 1238 virtutum
2009 1183 2122 1251 ejus
2149 1201 2178 1238 a

607 1269 716 1320 Deo
745 1281 1062 1323 conservata
1101 1281 1276 1326 manet
1303 1289 1474 1344 usque
1503 1275 1561 1328 in
1606 1274 1853 1328 strculum
1883 1275 2085 1344 siccati,
2126 1277 2178 1331 id

603 1367 686 1412 est
723 1360 962 1429 quandiu
991 1363 1222 1418 mundus
1250 1364 1351 1420 iste
1372 1366 1606 1421 durabit.
1639 1366 1705 1420 Et
1731 1366 1782 1420 in
1817 1365 1998 1422 futuro
2019 1385 2180 1424 cornu

603 1449 737 1518 ejus,
777 1450 827 1503 id
872 1461 954 1506 est
1001 1453 1302 1510 sublimitas
1342 1456 1572 1524 justitixe
1607 1460 1743 1527 ejus,
1775 1462 2094 1516 eaaltabitur
2127 1465 2181 1518 in

602 1537 770 1606 gloria
798 1538 1148 1597 beatitudinis
1174 1553 1411 1600 aeterna}.
1434 1545 1598 1612 Quod‘
1613 1556 1697 1603 est
1732 1549 1914 1605 dicere
1945 1569 1959 1606 :
1993 1553 2106 1620 ipse
2126 1553 2178 1607 in

602 1627 770 1697 gloria
801 1630 1128 1687 exaltabitur
1153 1646 1374 1707 propter
1400 1654 1567 1694 cornu
1610 1640 1748 1710 ejus.
1803 1640 1954 1698 Hane
2000 1654 2179 1700 autem

601 1719 982 1778 exultationem
1009 1737 1247 1792 peccator
1269 1730 1498 1800 quisque
1523 1733 1728 1799 videbit,
1761 1745 1807 1788 et
1837 1734 2093 1792 irascetur
2113 1739 2180 1794 de

604 1812 728 1878 hoc,
757 1816 900 1883 quod
933 1817 1037 1872 tale
1067 1821 1194 1888 quid
1217 1837 1322 1876 non
1351 1822 1500 1891 fecit,
1527 1836 1746 1896 pmpter
1763 1830 1905 1898 quod
1957 1837 2013 1885 ‘ct
2064 1832 2178 1902 ipse

604 1904 852 1960 similiter
877 1908 1162 1965 exaltctur.
1194 1912 1258 1966 Et
1284 1930 1389 1970 non
1418 1931 1608 1985 parum
1634 1919 1919 1988 irascetur,
1943 1923 2034 1978 sed
2055 1925 2180 1978 den-

603 1995 738 2050 tibus
759 1999 867 2053 suis
895 1999 1095 2070 fremet,
1123 2005 1176 2070 id
1205 2015 1288 2060 est
1329 2009 1492 2065 nimis
1521 2011 1802 2082 irascetur,
1861 2016 1927 2070 ad
1961 2017 2177 2072 modum

604 2087 951 2144 vehementer
981 2092 1286 2165 irascentis,
1316 2100 1412 2168 qui
1433 2101 1685 2157 dentibus
1713 2105 1894 2160 fremit
1921 2125 1933 2159 :
1971 2108 2176 2178 fremet,

603 2178 845 2248 inquam,
869 2190 918 2234 et
938 2183 1180 2251 tabescet,
1213 2189 1262 2242 id
1293 2199 1370 2244 est
1399 2193 1612 2259 deﬁciet
1671 2205 1815 2251 totus
1860 2213 1972 2267 prae
2015 2202 2176 2256 nimia

605 2270 707 2325 ira.
737 2271 834 2328 Vel
863 2274 946 2329 sic
969 2293 982 2329 :
1009 2277 1122 2332 Non
1152 2279 1318 2351 452
1349 2283 1521 2338 solum
1574 2287 1675 2340 hoc
1725 2288 1923 2342 malum
1962 2289 2179 2345 habebit

603 2370 662 2415 ut
700 2362 990 2433 irascatur,
1024 2369 1116 2422 sed
1146 2381 1194 2423 et
1219 2374 1461 2440 tabescet,
1497 2377 1546 2429 il
1575 2387 1658 2449 est
1706 2379 1919 2436 deﬁciet
1969 2381 2019 2434 in
2071 2391 2180 2436 tor-
2218 2395 2222 2398 '

602 2454 841 2518 mentis;
875 2455 1148 2527 irascetur,
1174 2459 1415 2530 inquam,
1473 2475 1524 2519 et
1551 2467 1652 2522 hoc
1679 2469 1820 2532 ideo,
1877 2473 2002 2541 quia
2052 2482 2180 2528 tunc

601 2541 785 2607 peribit
815 2543 1128 2601 desiderium
1157 2552 1514 2617 peccatorum:
1541 2556 1738 2612 divitia:
1789 2560 1997 2615 scilicet
2046 2578 2180 2632 quas

605 2627 694 2684 hic
723 2629 876 2685 valde
895 2633 1352 2692 desideraverunt.
1383 2637 1473 2694 Vel
1491 2640 1570 2696 sic
1589 2659 1602 2695 :
1624 2642 1906 2712 Irascetur,
1938 2627 2178 2718 inquam,
2217 2671 2220 2674 ·

603 2719 918 2779 desiderans
936 2739 995 2780 se
1026 2726 1132 2782 tale
1165 2730 1293 2798 quid
1322 2729 1536 2798 fecisse,
1568 2746 1788 2806 propter
1835 2741 1976 2809 quod
2026 2744 2182 2796 'eXal-

560 2818 562 2820 '
605 2816 842 2874 taretur;
883 2813 976 2867 sed
1003 2813 1130 2871 illud
1160 2817 1476 2874 desiderium
1503 2833 1836 2892 peccatorum
1883 2829 2092 2897 peribit,
2128 2832 2180 2887 id

603 2905 689 2953 est
715 2897 905 2955 inutile
928 2902 1051 2958 erit.

1081 2995 1148 3048 ΙΝ
1184 2996 1512 3057 PSALMUM
1549 3002 1707 3059 CXII.

675 3079 1132 3190 Titu'i'cenl'csint'i
1155 3090 1451 3148 duodecitni
1470 3113 1483 3149 :
1503 3096 1744 3152 Alleluia.
1769 3101 2110 3159 Invitatenim
2126 3107 2176 3160 in
2206 3129 2252 3190 ε

603 3169 706 3224 hoc
730 3173 937 3240 psalmo
962 3175 1228 3248 PrOpbeta
1265 3197 1452 3239 omnes
1476 3196 1666 3256 gentes
1692 3192 1759 3245 ad
1799 3192 2010 3248 laudem
2057 3195 2174 3262 Dei,

601 3278 666 3318 eu
691 3267 1144 3337 consideratione,
1173 3273 1298 3344 quia
1334 3276 1475 3346 ipsas
1501 3288 1692 3348 gentes
1729 3283 1818 3338 hic
1843 3285 1910 3340 de
1948 3290 2175 3343 terreni-

605 3363 716 3410 tale
771 3373 865 3412 sua
922 3364 1171 3432 suscitat,
1220 3375 1276 3422 et
1305 3370 1522 3424 easdem
1556 3372 1612 3426 in
1659 3373 1842 3430 futuro
1876 3378 1940 3432 de
1991 3389 2172 3448 putre-

604 3444 729 3500 dine
751 3448 954 3516 eriget;
981 3461 1035 3507 et
1071 3455 1202 3524 quia
1227 3457 1521 3514 Ecclesiam
1577 3463 1666 3517 ditt
1717 3444 2004 3536 sterilem,‘
2027 3469 2177 3526 ferti-

605 3533 708 3588 lem
743 3539 893 3603 laoit,
923 3552 980 3596 et
1005 3544 1056 3598 in
1091 3546 1270 3603 futuro
1300 3549 1352 3605 in
1381 3551 1540 3607 domo
1567 3569 1688 3610 eam
1713 3557 1876 3614 faciet
1909 3533 2173 3618 habitare.

675 3625 933 3697 Laudate,
958 3637 1128 3702 pueri,
1156 3639 1455 3697 Dominum.
1487 3645 1638 3712 Quod
1669 3659 1753 3703 est
1784 3650 1965 3706 dicere
1993 3670 2004 3705 :
2034 3653 2178 3708 Lau-

604 3710 728 3793 date
750 3714 1054 3786 Dominum,
1077 3740 1110 3780 o
1137 3729 1388 3797 gentiles,
1417 3710 1580 3789 sicut
1613 3737 1735 3794 sitis
1780 3742 1952 3808 pueri,
2002 3742 2053 3797 id
2095 3753 2179 3800 est

604 3807 748 3861 servi
763 3808 900 3878 ejus.
927 3811 1017 3866 Vel
1033 3819 1182 3883 pueri
1200 3835 1252 3872 In
1284 3807 1950 3898 innocentia,juxlaillud:
1975 3833 2178 3892 «Nolite

603 3899 755 3966 pueri
787 3899 924 3957 elIici
955 3906 1222 3974 sensibus,
1253 3913 1345 3965 sed
1393 3915 1596 3971 malitia
1629 3923 1834 3988 parvuli
1867 3932 2042 3981 estote
2097 3929 2120 4000 (
2148 3929 2177 3983 I

603 3989 727 4046 Cor.
758 4007 870 4060 xt-v,
897 3994 967 4050 20
987 3995 1027 4068 ).
1060 4017 1077 4049 ι
1115 3998 1226 4053 Hoc
1255 4011 1430 4057 autem
1459 4007 1596 4059 idem
1624 4019 1703 4062 est
1737 4028 1800 4066 ac
1829 4015 1871 4068 si
1901 4017 1982 4070 sic
2031 3989 2182 4073 dicc-

605 4083 999 4142 ret:Laudate
1043 4088 1324 4146 Dominum
1381 4093 1538 4150 laude
1585 4099 1902 4157 innocentia:
1955 4115 2010 4161 et
2057 4109 2181 4165 obc-

603 4176 824 4233 dieutite-
851 4189 1062 4236 vestrae.
1113 4182 1179 4236 Et
1225 4183 1438 4240 laudate
1501 4205 1684 4243 nomen
1729 4192 1960 4262 l‘omini,
2005 4199 2055 4252 id
2095 4211 2180 4256 est

603 4264 818 4322 laudate
853 4270 1022 4327 Deum
1057 4275 1299 4328 contuitu
1326 4278 1501 4347 magni
1550 4282 1782 4339 nominis
1809 4286 1945 4356 ejus,
1971 4290 2178 4346 scilicet

602 4373 664 4409 ea
695 4361 1130 4420 consideratione
1155 4365 1279 4435 quia
1307 4366 1565 4426 Dominus
1589 4382 1832 4442 vocatur,
1863 4385 1917 4430 et
1945 4378 2046 4433 hoc
2069 4396 2174 4435 non

2217 557 2232 612 ξ
2283 546 2414 598 sicut
2448 543 2700 598 Dominus
2731 545 2866 599 Deus
2888 559 3085 612 noster,
3105 549 3194 616 qui
3215 548 3270 603 in
3295 550 3406 604 altis
3429 551 3611 620 habitat,
3631 567 3667 609 et
3681 561 3752 612 Int-

2282 633 2426 686 milia
2451 634 2654 704 respicit
2677 635 2731 690 iu
2760 636 2886 690 caelo
2911 646 2961 690 et
3009 637 3063 690 in
3096 647 3269 704 terra;
3307 641 3536 695 suscitans
3579 646 3629 698 dc
3653 657 3754 703 terra

2283 724 2506 793 inopem,
2535 733 2582 778 et
2613 726 2679 778 de
2705 735 2930 780 stercore
2952 728 3152 796 erigens
3173 744 3456 798 pauperem,
3509 742 3555 785 ut
3597 735 3754 790 colloca

2281 831 2397 870 eum
2419 831 2536 868 cum
2557 816 2899 887 principibus.
2929 833 3046 871 cum
3091 818 3416 886 principibus,
3463 820 3658 891 inquam,
3693 842 3759 902 po-

2281 903 2394 973 puli
2415 905 2519 958 sui.
2554 903 2658 970 Qui
2685 905 2924 959 habitare
2944 908 3095 975 facit,
3126 907 3178 963 id
3217 917 3300 964 est
3342 909 3504 975 faciet,
3531 913 3759 968 sterilcutia

2283 995 2459 1060 domo,
2485 1006 2703 1049 matrem
2729 995 2962 1064 ﬁliorum
2994 997 3279 1052 ltetantem.
3321 998 3492 1056 Nullus
3532 1004 3674 1073 itaque
3712 1009 3760 1059 ad

2283 1087 2740 1156 comparationem
2763 1086 2878 1157 ejus
2905 1096 2991 1141 cst
3010 1089 3264 1144 excelsus.
3303 1089 3407 1145 lloc
3442 1101 3595 1146 autem
3638 1104 3762 1149 totum

2283 1176 2348 1229 ad
2374 1173 2546 1244 majus
2576 1175 2788 1244 pondus
2820 1177 2920 1231 sub
2947 1177 3365 1248 interrogatione
3413 1181 3631 1250 positum,
3673 1198 3764 1253 pro-

2283 1268 2428 1322 batio
2453 1276 2537 1323 est
2561 1283 2684 1322 eum
2729 1283 2852 1324 esse
2896 1283 3060 1338 super
3111 1285 3304 1325 omnes
3341 1273 3601 1339 excelsum,
3636 1284 3677 1328 et
3706 1287 3764 1330 est

2281 1359 2631 1429 tequipollens
2659 1375 2724 1416 ac
2754 1362 2800 1416 si
2851 1361 2931 1416 sic
2965 1361 3170 1416 diceret
3205 1380 3218 1416 :
3252 1363 3377 1418 Dico
3424 1362 3670 1418 Dentium
3694 1380 3763 1418 no-

2283 1461 2452 1506 strum
2472 1451 2743 1506 excelsum
2756 1465 2898 1516 esse,
2925 1461 2980 1506 et
3001 1466 3128 1506 vere
3151 1453 3394 1508 excelsus
3411 1461 3489 1508 cst
3508 1453 3553 1507 in
3572 1455 3767 1524 potentia.

2282 1541 2415 1595 Cum
2439 1541 2586 1595 enim
2618 1539 2770 1594 multi
2794 1541 2999 1596 domini
3029 1543 3230 1598 terreni
3260 1552 3494 1612 potentes
3533 1546 3769 1610 videantur,

2283 1633 2402 1703 quis
2425 1632 2677 1688 dominus
2698 1643 2889 1703 potens
2915 1642 3000 1688 est
3031 1634 3175 1688 sicut
3201 1634 3453 1690 Dominus
3477 1635 3771 1690 nostcribiul-

2285 1721 2388 1775 lus.
2415 1721 2482 1775 Et
2503 1721 2625 1791 quis
2645 1723 2778 1776 deus
2799 1730 2993 1790 potens
3037 1721 3177 1776 sicut
3220 1721 3363 1778 Deus
3409 1721 3772 1785 nosterih’ullus;

2213 1797 2256 1850 Β
2281 1823 2334 1867 ει
2357 1813 2482 1868 inde
2509 1813 2742 1869 excelsus
2769 1829 2890 1869 esse
2917 1817 3320 1884 comprobatur,
3345 1816 3576 1885 quoniam
3602 1815 3672 1870 ille
3692 1825 3775 1869 tan-

2285 1915 2370 1960 tus
2398 1906 2641 1976 estquod
2669 1921 2774 1961 non
2805 1906 3072 1971 localiter,
3117 1907 3212 1962 sed
3251 1906 3591 1977 potentialiter
3627 1907 3776 1958 habitat

2281 1999 2334 2050 in
2361 1997 2502 2062 altis,
2537 1997 2586 2051 id
2611 2009 2696 2051 et
2719 1998 2769 2052 in
2801 1997 3116 2052 cmlestihus
3142 1998 3444 2068 spiritibus,
3487 1997 3603 2052 etin
3627 1995 3780 2050 sanctis

2281 2089 2414 2144 viris
2452 2090 2541 2158 qni
2564 2089 2654 2143 alti
2691 2098 2816 2144 sunt
2847 2089 2900 2143 in
2933 2091 3244 2144 sanctitate.
3279 2089 3357 2145 Ne
3383 2104 3502 2145 vero
3545 2089 3591 2143 in
3632 2103 3776 2157 supcr-

2281 2181 2368 2235 bia
2397 2181 2708 2236 viderentur
2729 2181 2842 2246 alti,
2872 2181 3061 2235 addit:
3093 2181 3159 2235 Et
3185 2181 3312 2236 licet
3338 2195 3430 2237 eos
3457 2180 3583 2236 altos
3613 2193 3708 2235 esse
3723 2177 3784 2232 di-

2282 2287 2425 2335 cam,
2452 2281 2628 2326 tamen
2662 2271 2865 2340 respicit
2890 2271 3003 2340 ipse
3027 2270 3288 2326 Dominus
3312 2271 3520 2324 humilia
3558 2270 3604 2323 in
3623 2266 3721 2321 celo
3746 2274 3780 2317 ct

2281 2363 2336 2416 in
2357 2372 2518 2428 terra,
2558 2363 2608 2417 id
2631 2372 2736 2427 est,
2767 2372 3015 2431 respectu:
3045 2361 3440 2418 misericordite
3467 2375 3568 2416 suae
3588 2367 3782 2430 operatur

2283 2455 2645 2508 humilitatem
2671 2455 2798 2508 etin
2832 2452 2980 2516 caelo,
3031 2453 3082 2506 id
3143 2463 3231 2508 est
3286 2453 3339 2508 in
3380 2453 3499 2507 altis
3541 2449 3784 2506 ctelestibus

2282 2545 2580 2614 spiritibus,
2616 2546 2668 2600 in
2708 2544 2914 2613 angelis
2939 2544 3164 2609 scilicet,
3193 2554 3242 2598 et
3291 2545 3533 2608 interra,
3566 2541 3613 2597 id
3655 2540 3786 2638 est'in

2283 2637 2492 2691 sanctis
2519 2635 2650 2690 viris
2670 2634 2760 2704 qui
2787 2635 2840 2688 in
2873 2644 3016 2688 terra
3048 2633 3228 2688 adhuc
3251 2642 3540 2690 manentes.
3563 2641 3684 2686 terra
3703 2633 3786 2695 ejus

2283 2727 2560 2782 fructifera
2589 2734 2735 2781 sunt.
2775 2726 2926 2793 Quod
2951 2735 3034 2781 est
3055 2726 3238 2781 dicere
3272 2739 3289 2780 :
3318 2725 3376 2782 ln
3424 2725 3523 2780 illis
3546 2723 3650 2778 altis
3671 2719 3786 2776 babi-

2285 2828 2304 2873 t
2343 2828 2380 2886 t,
2411 2817 2501 2888 qui
2540 2826 2719 2873 tamen
2743 2826 2989 2888 respectu
3019 2818 3208 2889 gratiae
3234 2833 3348 2874 suae
3374 2816 3588 2872 humiles
3609 2814 3787 2870 clliciun-

2283 2918 2392 2964 tur.
2426 2909 2490 2964 Et
2520 2911 2572 2965 in
2595 2909 2698 2965 hoc
2745 2924 2961 2981 quoque
2999 2911 3386 2980 comprobatur
3426 2908 3654 2972 excelsus,
3685 2903 3788 2975 quod

2283 3003 2466 3072 ipsein
2493 3001 2597 3058 hac
2627 3002 2734 3056 vita
2765 3009 2849 3057 est
2873 3003 3136 3056 suscitans
3165 3003 3374 3072 inopem
3419 3020 3450 3056 a
3493 3012 3634 3062 terra,
3659 2999 3700 3052 id
3727 3005 3790 3051 est

2283 3108 2718 3162 unumquemque
2738 3091 2948 3148 fidelem
2983 3093 3076 3164 qui
3109 3093 3265 3163 inops
3287 3102 3390 3158 est,
3421 3093 3470 3147 id
3493 3100 3588 3155 est,
3625 3087 3790 3144 humilis

2282 3185 2348 3240 ad
2373 3185 2589 3239 modum
2620 3183 2818 3252 inopis,
2855 3197 2952 3254 per
3002 3184 3266 3238 auxilium
3321 3183 3678 3244 misericordia:
3711 3193 3794 3234 sua

2278 3274 2503 3330 suscitat
2528 3289 2556 3326 a
2589 3283 2758 3338 terra,
2783 3273 2834 3326 id
2856 3281 2941 3328 est
2963 3273 3224 3328 sublimat
3249 3287 3376 3328 eum
3405 3273 3624 3329 ablatum
3644 3269 3698 3325 de
3718 3278 3792 3323 ter-

2279 3365 2531 3426 renitate,
2563 3363 2616 3418 in
2645 3378 2805 3433 quam
2842 3378 2936 3433 per
2962 3363 3135 3421 Adam
3165 3363 3410 3430 devenit,
3435 3363 3627 3420 scilicet
3643 3362 3697 3416 de
3716 3368 3796 3413 ter-

2280 3471 2410 3510 reno
2423 3454 2552 3510 facit
2565 3453 2920 3524 spiritualem,
2934 3469 3032 3524 per
3056 3465 3406 3524 peccatorum
3436 3449 3791 3522 indulgentiam;

2278 3546 2438 3619 453
2469 3555 2523 3600 et
2560 3545 2613 3600 in
2644 3545 2820 3599 futura
2863 3547 3256 3601 resurrectione
3299 3546 3407 3602 erit
3433 3547 3620 3614 erigens
3647 3554 3796 3611 paupe-

2280 3654 2411 3703 rem,
2447 3637 2499 3692 id
2553 3646 2638 3692 est
2673 3637 2972 3691 sublimans
3004 3651 3449 3708 unumquemque
3497 3633 3682 3689 ﬁdelem
3717 3629 3794 3683 im-

2281 3728 2632 3794 mortalitate,
2659 3728 2918 3797 capiendo
2947 3743 3070 3782 eum
3095 3737 3158 3782 tte
3182 3743 3434 3794 stercore,
3467 3728 3521 3783 id
3543 3735 3619 3783 est
3645 3723 3701 3780 de
3723 3735 3798 3790 pll-

2281 3819 2490 3874 tredine
2519 3819 2721 3886 carnis,
2755 3835 2874 3888 qua:
2915 3828 3134 3889 pr0ptcr
3162 3818 3600 3888 fteditatemjure
3634 3824 3798 3871 stercus

2281 3908 2506 3974 dicitur;
2549 3909 2628 3964 sic
2673 3909 2878 3964 scilicet
2930 3911 3101 3981 eriget
3137 3926 3259 3966 eum
3307 3913 3374 3966 de
3421 3921 3630 3967 stercore
3670 3917 3714 3961 ut
3757 3904 3796 3956 in

2279 4007 2477 4062 teterna
2529 4000 2860 4056 beatitudine
2911 4001 3124 4056 collucet
3168 4018 3288 4056 eum
3351 4019 3468 4057 cum
3513 3996 3797 4072 principibus.

2280 4105 2396 4143 cum
2434 4091 2773 4160 principibus,
2823 4092 3062 4160 inquam,
3114 4093 3298 4163 pepuli
3345 4094 3452 4159 sui,
3503 4092 3554 4148 id
3605 4098 3678 4145 est
3706 4099 3798 4140 cum

2279 4181 2588 4237 coelestibus
2615 4181 2844 4245 civibus,
2885 4182 2976 4250 qui
3007 4183 3092 4236 hic
3119 4183 3501 4254 principantnr
3521 4179 3692 4252 populo
3708 4190 3799 4233 sua.

2279 4272 2558 4342 dirigendo
2597 4287 2718 4326 eum
2749 4272 2816 4328 de
2845 4273 2984 4355 bono
3008 4273 3060 4328 in
3087 4274 3303 4340 melius,
3323 4277 3485 4346 juxta
3515 4273 3632 4328 illud
3657 4269 3802 4325 Domi-

2280 4360 2460 4414 nicum
2507 4377 2520 4413 :
2571 4378 2592 4410 ι
2627 4360 2797 4414 Erunt
2841 4363 2980 4415 sicut
3022 4362 3196 4431 angeli
3230 4364 3282 4416 in
3336 4364 3478 4419 coelo
3507 4361 3699 4433 (Matth.
3732 4371 3802 4412 xx.

605 4461 726 4500 cum
743 4449 1108 4508 dilationem;
1135 4455 1200 4508 ad
1227 4455 1440 4522 horam,
1493 4461 1586 4514 sed
1623 4465 1690 4516 εει
1721 4480 1750 4518 τι
1771 4466 1924 4521 vobis
1973 4468 2176 4524 θεηεάε,
2209 4460 2254 4518 ι)
2281 4449 2393 4512 50).
2432 4468 2449 4500 r
2488 4449 2674 4505 Utrum
2707 4458 2886 4505 autem
2917 4451 2996 4506 eis
3026 4450 3229 4506 fuerint
3259 4452 3312 4506 in
3330 4453 3500 4523 gloria
3532 4447 3735 4520 thuales
3753 4457 3802 4495 aII

606 4545 745 4591 ctum
766 4556 950 4596 nomen
973 4542 1206 4612 Domini,
1252 4547 1304 4601 id
1347 4557 1451 4612 est,
1483 4549 1638 4607 laude
1689 4569 1896 4610 summa
1948 4559 2182 4616 exaltate

608 4625 892 4683 Dominum
915 4633 1157 4686 contuitu
1188 4636 1422 4692 nominis
1441 4639 1558 4706 ejus
1585 4658 1649 4696 ea:
1670 4643 1767 4698 lioc
1808 4662 1968 4711 nunc,
2017 4649 2068 4703 id
2098 4660 2181 4706 est

603 4727 672 4768 ex
700 4715 800 4770 hoc
821 4723 1072 4787 praesenti
1104 4732 1344 4796 tempore
1365 4729 1668 4799 incipiendo
1687 4743 1741 4788 et
1756 4742 2176 4807 perseverando,

605 4822 768 4876 usque
795 4810 849 4862 in
867 4812 1116 4865 sarculum
1137 4825 1420 4874 aeternum.
1461 4820 1529 4875 Et
1559 4823 1661 4879 hoc
1691 4840 1795 4880 non
1823 4827 1948 4883 dico
1993 4833 2180 4898 paucis

604 4899 870 4968 gentibus,
909 4904 1002 4958 sed
1031 4903 1294 4962 laudabile
1321 4911 1391 4965 sit
1415 4929 1597 4968 nomen
1629 4915 1859 4983 Domini,
1884 4920 1936 4974 id
1960 4931 2043 4976 est
2067 4922 2180 4977 lau-

604 4990 800 5047 debilis
825 4991 897 5048 sit
926 4993 1186 5051 Doni-inus
1226 5003 1471 5056 contuitu
1504 5007 1737 5060 nominis
1756 5007 1839 5061 sui
1859 5047 1875 5073 ,
1927 5011 2179 5067 omnibus

603 5083 873 5152 gentibus,
901 5086 1262 5144 existentibus
1284 5107 1316 5143 α
1344 5093 1467 5147 solis
1497 5106 1613 5149 ortu
1635 5114 1796 5167 usque
1823 5099 1893 5152 ad
1914 5117 2176 5157 occasum.

605 5180 710 5234 Per
736 5181 850 5238 haec
879 5185 985 5238 duo
1021 5184 1236 5240 climata
1263 5186 1354 5240 dat
1385 5198 1576 5244 cretera
1611 5193 1794 5247 mundi
1837 5193 2054 5248 climata
2098 5196 2179 5248 in-

607 5272 866 5342 telligere.
905 5275 1166 5343 Laudate,
1196 5277 1445 5347 inquam;
1482 5288 1565 5334 est
1603 5281 1746 5335 enim
1779 5282 1971 5353 dignus
2001 5283 2176 5337 laude.

605 5365 860 5421 Dominus
886 5369 1030 5422 enim
1061 5369 1314 5435 excelsus,
1365 5369 1416 5424 id
1445 5379 1529 5425 cst
1573 5373 1915 5441 omnipotens
1947 5383 2054 5433 est.
2085 5375 2179 5429 do-

604 5459 818 5512 minans
838 5474 993 5527 super
1014 5476 1190 5514 omnes
1209 5471 1402 5530 gentes.
1435 5461 1498 5516 Et
1527 5476 1630 5515 non
1668 5461 1838 5515 solum
1869 5479 2030 5532 super
2051 5479 2178 5534 gen—

608 5559 708 5613 tes,
739 5551 832 5605 sed
861 5551 1021 5605 etiam
1046 5553 1186 5619 quod
1211 5552 1380 5620 majus
1401 5562 1500 5616 est,
1527 5553 1694 5620 gloria
1718 5553 1850 5621 ejus,
1881 5553 1931 5628 id
1964 5563 2045 5608 est
2067 5555 2176 5622 gloo

609 5640 746 5696 riosa
765 5640 1002 5708 potentia
1024 5640 1160 5710 ejus,
1181 5652 1264 5694 est
1286 5659 1439 5708 super
1465 5642 1636 5704 actos,
1657 5642 1705 5696 id
1725 5651 2177 5711 cstsuperonincs

610 5729 1018 5802 supercwlestcs
1086 5730 1431 5786 rationabiles
1511 5742 1835 5798 creaturas,
1908 5733 2169 5796 excelsus.

2285 4539 2596 4610 inaequales.
2633 4541 2870 4595 nondum
2911 4542 3066 4596 nobis
3095 4552 3178 4597 est
3205 4543 3513 4598 deﬁnitum.
3543 4543 3600 4596 Et
3622 4555 3704 4610 per
3727 4537 3804 4589 hoc

2282 4633 2444 4686 etiam
2493 4633 2743 4688 excelsus
2785 4648 2905 4688 esse
2949 4635 3430 4703 comprobabitur,
3472 4636 3594 4704 quia
3626 4633 3720 4700 ipse
3743 4632 3806 4678 est

2284 4719 2370 4774 ille
2399 4722 2489 4790 qui
2526 4721 2674 4791 facit,
2707 4722 2762 4777 id
2800 4731 2879 4777 est
2926 4724 3084 4778 faciet
3110 4724 3351 4779 habitare
3390 4727 3443 4780 iu
3478 4727 3642 4784 dante.
3672 4721 3715 4773 id
3743 4723 3808 4770 est

2283 4811 2336 4865 in
2389 4811 2724 4867 Hierusalem
2755 4814 2966 4869 caelesti
3001 4830 3119 4882 quin
3147 4824 3354 4869 interna
3392 4817 3581 4870 domus
3604 4809 3704 4879 ejus
3726 4813 3805 4863 est.

2282 4918 2388 4957 non
2431 4903 2603 4958 solum
2636 4904 2934 4960 Ecclesium
2981 4921 3046 4960 ex
3086 4905 3312 4970 Judteis,
3353 4908 3449 4962 sed
3475 4915 3528 4960 et
3559 4899 3808 4958 Ecclesiam

2281 5011 2346 5050 ex
2404 4997 2652 5066 gentibus
2713 4999 2862 5066 prius
2909 4998 3134 5052 sterilem
3188 5014 3219 5053 θ
3271 4998 3400 5054 ﬁliis
3455 4992 3806 5077 spiritualibus.

2283 5088 2440 5140 modo
2490 5102 2589 5156 per
2632 5089 2858 5158 gratiam
2907 5088 3126 5154 factam,
3165 5101 3412 5153 matrem,
3461 5099 3516 5145 et
3554 5103 3650 5142 non
3685 5082 3810 5136 unius

2283 5177 2374 5232 ﬁlii
2419 5187 2645 5242 tantum,
2677 5181 2770 5234 sed
2811 5189 3036 5235 matrem
3071 5181 3372 5250 spiritalem
3405 5181 3629 5250 ﬁliorum
3654 5171 3808 5230 multo-

2283 5287 2400 5327 rum
2427 5272 2810 5342 spiritualium.
2861 5272 3064 5337 Faciet,
3107 5273 3350 5343 inquam,
3391 5290 3512 5330 cani
3540 5271 3748 5324 habitare
3768 5263 3809 5315 iu

2279 5365 2458 5429 domo,
2487 5374 2542 5419 et
2569 5381 2674 5421 non
2697 5365 3054 5436 qualicunque
3071 5368 3249 5428 modo,
3273 5367 3632 5422 sedltctantem
3644 5366 3810 5415 aeterna

2279 5457 2482 5522 laetitia,
2503 5457 2656 5527 juxta
2694 5459 2822 5513 illud
2853 5459 3222 5529 propheticum
3253 5475 3267 5512 :
3307 5477 3324 5511 ι
3374 5458 3600 5519 Lmtare,
3625 5447 3809 5508 sterilis.

2279 5564 2396 5616 qua:
2416 5564 2518 5603 non
2541 5552 2726 5619 paris;
2754 5564 2975 5619 erumpe
3004 5559 3059 5603 et
3093 5549 3288 5615 clama,
3313 5565 3435 5618 qua:
3468 5563 3569 5602 non
3592 5541 3808 5616 parturis.

2279 5641 2403 5710 quia
2442 5641 2592 5695 multi
2623 5641 2714 5696 ﬁlii
2747 5643 2973 5698 desertae
3003 5643 3175 5713 magis
3204 5657 3362 5711 quam
3398 5639 3517 5709 ejus
3545 5654 3656 5710 qutc
3678 5635 3810 5726 habet

2281 5733 2453 5788 virum
2487 5731 2620 5800 (Isa.
2657 5749 2762 5800 LIV,
2803 5736 2816 5787 Ι
2846 5751 2860 5800 ;
2893 5733 3012 5789 Gal.
3063 5751 3136 5800 tr,
3165 5735 3276 5805 27).
3317 5751 3334 5785 ι
3369 5733 3525 5800 Quod
3575 5737 3650 5784 est
3692 5739 3746 5777 ac
3771 5736 3806 5772 st
