3978 6328
158 374 267 431 ιΞΞῚ

153 493 270 545 dicat
303 509 311 540 :
343 486 447 540 Non
471 483 635 539 solum
665 485 955 539 conSLituet
983 484 1198 540 domum
1233 505 1380 542 suam
1406 504 1469 543 ex
1499 489 1677 544 Eccle-
1709 496 1752 553 Α

153 583 219 639 9:3
237 580 539 640 Judmorum,
578 576 669 629 sed
706 579 868 629 etiam
899 592 963 630 ex
993 576 1228 632 Ecclesia
1259 580 1517 649 gentium,
1558 596 1678 649 qua:

96 694 102 713 ι
151 675 223 726 d'u
250 669 433 724 sterilis
478 666 595 733 fuit,
636 666 840 719 nullum
883 667 1218 735 spiritualem
1251 668 1358 723 Deo
1386 668 1550 722 ﬁlium
1581 686 1676 739 pa-

150 778 285 818 rens.
315 759 541 813 Ecclesia
568 761 808 827 gentimn
840 766 984 814 recte
1021 768 1192 813 mater
1220 759 1440 817 dicitur.
1472 760 1680 814 scilicet

150 867 236 909 tota
280 853 510 907 collectio
565 851 800 904 ﬁdelium
839 867 903 905 ex
957 852 1227 921 gentibus,
1270 867 1335 906 eo
1373 852 1515 921 quod
1545 851 1679 907 alios

146 943 432 999 auctoritate
481 956 572 995 sua
627 942 691 993 ad
726 940 884 995 ﬁdem
915 941 1257 1005 attraliendo,
1288 940 1398 995 Deo
1429 940 1601 1010 pariat
1625 948 1680 995 et

146 1034 350 1086 coctrina
402 1049 493 1085 sua
534 1031 801 1095 cnutriat;
860 1031 950 1085 ﬁlii
995 1041 1172 1086 autem
1216 1031 1467 1086 dicuntur
1499 1031 1679 1087 ﬁdeles

144 1126 311 1191 quique
339 1122 573 1190 ejusdem
622 1122 978 1183 collectionis,
1034 1138 1098 1177 eo
1144 1123 1285 1191 quod
1339 1122 1389 1175 in
1420 1122 1677 1176 concordi

146 1216 309 1269 unione
339 1214 667 1269 collectionis
717 1214 861 1269 illius
904 1214 1203 1269 secundum
1254 1212 1411 1267 ﬁdem
1456 1222 1513 1267 et
1549 1212 1682 1265 dile-

142 1308 339 1359 ctionem
383 1306 755 1375 persistentes,
797 1306 861 1359 de
894 1305 981 1359 die
1020 1305 1071 1357 in
1113 1305 1255 1359 diem
1296 1304 1348 1357 in
1389 1303 1683 1356 virtutibus

144 1404 385 1460 crescunt;
436 1396 576 1449 sicut
607 1395 698 1448 ﬁlii
732 1410 831 1465 per
867 1395 1239 1465 quotidianum
1274 1394 1464 1448 matris
1505 1393 1681 1447 nutri-

144 1496 345 1540 utentum
375 1498 714 1542 excrescunt.

571 1578 635 1631 ΙΝ
680 1578 1005 1633 PSALMUM
1051 1577 1230 1634 CXIII.

194 1667 381 1722 Titulus
418 1669 697 1723 centesimi
752 1670 945 1724 decimi
980 1669 1125 1723 tertii
1158 1684 1171 1722 :
1220 1668 1461 1722 Alleluia.
1488 1667 1543 1721 in
1581 1668 1685 1723 lioc

144 1759 309 1829 ps‘lmo
336 1759 596 1829 Propheta
623 1759 848 1829 loquens
898 1760 947 1813 in
975 1760 1260 1830 principio,
1294 1770 1350 1813 ut
1374 1775 1557 1814 omnes
1577 1769 1682 1813 tam

141 1849 315 1903 ItltlI‘OS
338 1865 491 1919 quam
522 1859 716 1919 gentes
744 1851 807 1901 ad
841 1849 929 1902 Del
957 1850 1168 1903 lamlem
1206 1850 1418 1912 invitet,
1451 1848 1681 1918 plurima
1716 1842 1757 1895 Β

146 1941 212 1993 Dei
266 1939 511 1994 beneﬁcia
559 1940 818 2003 ostendit,
879 1940 1088 1994 scilict2t
1136 1939 1403 2008 quomodo
1448 1953 1575 1992 suos
1616 1938 1681 1991 de

144 2029 336 2099 .IEgypto
368 2029 701 2083 inﬁdelitatis
748 2039 801 2084 et
836 2029 901 2083 de
931 2029 1127 2098 populo
1171 2029 1398 2083 barbaro
1426 2030 1678 2082 vitiorum

142 2132 183 2173 et
211 2121 543 2191 malignorum
586 2122 873 2191 spirituum
914 2123 1064 2176 exire
1097 2122 1323 2186 faciens,
1354 2136 1448 2176 eos
1478 2122 1680 2175 sancti-

143 2213 285 2266 ﬁcavit
320 2221 369 2267 et
397 2223 645 2283 potentes
674 2214 799 2268 fecit
825 2231 839 2279 ;
874 2222 927 2267 et
951 2215 1219 2282 quomodo
1247 2214 1498 2283 pOpulnm
1554 2213 1682 2266 inﬁ-

143 2305 291 2357 tlelcnt
332 2315 382 2358 et
429 2306 600 2359 falsos
638 2306 996 2367 Christianos,
1040 2307 1231 2360 timore
1274 2315 1681 2374 persecuturum

141 2394 431 2458 deﬁcientes,
475 2395 544 2448 ad
596 2394 961 2464 perfectornm
999 2395 1429 2449 Christianorum
1459 2394 1678 2449 confor-

144 2485 340 2538 tuitatcm
398 2501 587 2540 eorum
637 2486 884 2556 exemplo
936 2487 1176 2539 converti
1231 2484 1378 2539 fecit.
1434 2484 1687 2541 Ostendit

141 2588 163 2625 e
186 2573 269 2627 iam
304 2576 647 2643 prmlulnrttm
699 2586 753 2629 et
799 2576 1134 2630 subditorum
1170 2575 1588 2629 exsultationem
1616 2576 1681 2629 de

144 2666 446 2720 conversione
488 2667 674 2736 pnpuli
719 2666 969 2729 iuﬁlelis,
1000 2680 1160 2734 quem
1200 2675 1421 2735 propter
1454 2663 1681 2719 inﬁdeli-

144 2756 241 2809 ttzis
272 2759 680 2812 amaritudinem
726 2775 869 2811 mare
918 2767 1101 2822 vocat;
1136 2766 1190 2811 et
1216 2758 1281 2810 de
1324 2757 1681 2812 conversione

144 2848 354 2903 falsorum
379 2851 838 2913 Christianorum,
863 2866 998 2920 quos
1030 2858 1184 2902 vocat
1215 2849 1524 2911 Iordanem,
1557 2863 1679 2902 cum

142 2940 346 2998 Iordanis
373 2946 763 3012 interpretetur
795 2944 1096 3006 descensus,
1149 2956 1213 2995 eo
1243 2940 1385 3010 quod
1418 2942 1518 3009 ipsi
1551 2940 1682 2995 deﬁ-

145 3034 297 3087 ciealo
366 3054 392 3089 a
445 3036 780 3089 sublimitate
851 3033 1248 3087 communionis
1300 3031 1575 3096 Ecclesiae,
1628 3032 1680 3085 in

148 3126 525 3181 conformitatcm
579 3126 870 3181 inﬁdelium
917 3127 1249 3181 descendunt
1285 3127 1475 3180 timore
1508 3126 1684 3179 tribu-

148 3215 218 3275 ιιιιί
238 3234 379 3273 mum.
412 3220 603 3275 Postea
638 3235 765 3275 vero
788 3220 1199 3289 utprselatoium
1226 3218 1471 3288 exemplo
1494 3233 1685 3273 omnes

148 3316 186 3357 et
211 3305 398 3364 ludmos
442 3320 495 3365 et
533 3320 725 3382 gentes
756 3312 818 3365 ad
861 3312 951 3365 Dei
981 3312 1191 3364 laudem
1225 3312 1486 3374 attrahat,
1532 3320 1586 3364 et
1618 3311 1685 3365 ab

149 3398 396 3455 idololatria
424 3413 716 3467 removeat,
734 3404 875 3473 ipsos
889 3402 1137 3471 prtclatos
1161 3402 1435 3470 loquentes
1458 3401 1684 3467 inducit,

150 3488 219 3543 liei
246 3491 488 3549 beneﬁcia
536 3498 913 3559 ostendentes,
963 3504 1017 3549 et
1070 3494 1122 3548 in
1164 3494 1425 3549 idolorum
1466 3493 1686 3563 depres-

146 3580 281 3649 sione,
308 3595 356 3639 et
396 3587 444 3640 in
471 3587 561 3641 Dei
599 3586 756 3640 laude
791 3587 1157 3639 imntorantes.

203 3673 255 3726 In
279 3678 408 3731 exitu
433 3678 605 3733 Israel
633 3679 696 3731 de
729 3678 984 3747 JEggpto,
1011 3678 1196 3731 domus
1219 3676 1383 3731 Iacob
1410 3677 1474 3730 de
1496 3675 1684 3746 papula

150 3765 348 3823 barbaro.
396 3770 564 3825 Facta
599 3781 673 3824 est
713 3771 904 3823 Inda'a
946 3769 1292 3837 sanctiﬁcatio
1332 3769 1470 3838 ejus,
1516 3768 1686 3822 Israel

148 3871 331 3923 potestas
352 3864 482 3934 ejus.
507 3864 564 3919 ln
597 3866 684 3918 lllS
716 3864 925 3917 duobus
953 3864 1198 3916 versibus
1223 3863 1446 3931 singulis
1476 3862 1683 3932 singula

147 3951 207 4003 sic
228 3955 530 4021 adaptantnr
554 3972 573 4011 :
602 3954 667 4008 In
695 3957 838 4008 exiru
882 3953 1130 4007 Israelde
1162 3952 1415 4023 ﬂfggpto,
1440 3952 1582 4021 facta
1612 3962 1685 4005 est

148 4037 299 4095 Iuda'a
322 4045 668 4103 sanrti/icatio
699 4045 833 4114 ejus.
877 4043 1028 4112 Quod
1062 4052 1143 4097 est
1176 4044 1353 4097 dicere
1388 4061 1400 4096 ε
1443 4042 1686 4097 Excunte

148 4144 219 4193 per
248 4133 387 4189 ﬁdem
410 4136 573 4191 lsrael
605 4137 671 4191 de
696 4136 948 4206 Egypto,
982 4135 1031 4190 id
1075 4143 1181 4199 est,
1221 4143 1451 4188 exeunte
1486 4134 1682 4204 populo

151 4218 362 4287 ﬁdelium,
402 4228 492 4296 qui
536 4243 663 4281 eum
706 4229 865 4281 modo
900 4226 1061 4282 lsrael
1087 4226 1177 4288 sit,
1205 4225 1354 4294 prius
1388 4224 1545 4278 Israel
1578 4241 1680 4279 non

146 4319 253 4376 erat,
296 4316 355 4369 de
405 4317 648 4377 tenebris
700 4316 1037 4387 ignorantiae,
1087 4332 1206 4384 quae
1251 4330 1347 4383 per
1393 4314 1681 4384 {Egyptnm

148 4403 444 4473 tlenolantur,
468 4425 533 4465 eo
562 4410 705 4479 quod
730 4408 996 4479 [Egyptns
1021 4408 1241 4462 tenebrte
1274 4409 1678 4476 interpretatur,

147 4491 339 4554 Ῑιιίιιιεκι
382 4500 432 4551 in
466 4500 587 4567 ipso
624 4500 818 4569 populo
847 4498 1080 4553 ﬁdelium
1114 4497 1143 4553 Ι
1168 4498 1320 4561 δίνη,
1354 4498 1406 4551 id
1435 4505 1519 4550 est
1562 4513 1681 4549 con-
1716 4516 1758 4568 ι)

149 4580 269 4643 letle
302 4589 434 4655 ﬁds-2'.
472 4591 590 4644 Non
637 4591 779 4644 enim
834 4589 1029 4645 suﬁicit
1084 4589 1246 4643 corde
1290 4588 1535 4651 credere,
1578 4586 1682 4640 nisi

147 4674 274 4730 t'l‘am
301 4681 569 4737 confessio
611 4680 702 4733 ﬁat
750 4696 864 4734 ore.
906 4680 1059 4735 Unde
1088 4677 1377 4747 Apostolus
1406 4696 1419 4732 :
1455 4696 1473 4729 ι
1509 4677 1683 4732 Corde

146 4770 344 4825 creditur
381 4775 444 4827 ad
468 4773 763 4842 justitiam,
798 4788 891 4828 ore
922 4762 1101 4825 autem
1125 4770 1393 4825 confessio
1425 4768 1589 4841 454
1627 4768 1685 4821 fl!

148 4855 197 4908 ad
239 4862 452 4919 salutem
508 4865 687 4937 (Rom.
738 4881 790 4928 x,
846 4864 957 4929 10).
1016 4882 1035 4915 ι
1094 4862 1386 4929 Confessio,
1440 4862 1680 4929 inquam,

145 4946 346 5006 existens
395 4956 744 5025 sanctiﬁcatio
800 4956 913 5025 ejus
962 4953 1141 5025 populi
1200 4951 1457 5015 ﬁdelium,
1510 4952 1557 5005 id
1601 4959 1685 5005 est

147 5034 349 5095 existens
394 5059 559 5098 causa
592 5060 759 5114 quare
786 5061 815 5098 a
849 5046 959 5100 Deo
987 5044 1359 5099 sanctiﬁcetur
1387 5058 1485 5111 per
1516 5043 1685 5095 indul-

147 5130 340 5189 gentiam
362 5144 731 5202 peccatorum,
761 5145 814 5189 et
839 5137 892 5189 in
927 5138 1067 5189 esritu
1092 5137 1279 5189 domus
1301 5133 1469 5187 Iacob
1497 5136 1560 5187 de
1592 5150 1681 5203 pa-

146 5218 243 5278 pula
262 5222 492 5292 barbaro,
530 5226 672 5295 facta
697 5237 769 5280 est
802 5228 991 5281 domus
1024 5227 1111 5279 illa
1147 5227 1355 5290 Israel;
1380 5235 1433 5281 et
1460 5242 1555 5296 per
1583 5227 1685 5281 hoc

148 5306 259 5371 iacta
278 5325 345 5368 est
372 5328 599 5385 potestas
622 5318 756 5386 rjus,
787 5318 838 5373 id
871 5328 951 5372 est
979 5327 1170 5388 potens
1203 5320 1282 5373 Siti
1321 5320 1507 5388 ipsius.
1531 5318 1682 5385 Quod

146 5408 212 5452 εει
258 5405 426 5464 diecre
475 5428 487 5464 :
544 5409 672 5465 Post
720 5411 920 5465 exitum
971 5412 1036 5465 de
1085 5411 1314 5481 Egypto
1370 5413 1684 5480 ignorantia:

147 5504 339 5552 exeunte
383 5500 547 5555 domo
595 5501 782 5563 Iacob,
826 5502 877 5555 id
918 5511 999 5555 est
1051 5506 1247 5571 popqu
1288 5503 1546 5569 ﬁdelium,
1592 5506 1681 5573 qui

148 5586 273 5637 modo
317 5598 389 5644 est
424 5593 615 5649 domus
644 5593 831 5656 Iacob,
865 5594 917 5646 id
959 5602 1042 5647 est
1085 5594 1286 5647 familia
1342 5594 1431 5648 Dei
1474 5595 1683 5649 luctans

147 5686 298 5732 contra
326 5684 450 5745 vitia
497 5691 553 5739 et
603 5684 977 5755 supplantans,
1015 5700 1076 5740 ea
1110 5686 1172 5739 de
1214 5685 1404 5755 populo
1437 5687 1679 5751 barbaro,

148 5759 187 5813 id
212 5778 279 5821 est
301 5772 359 5828 de
383 5784 631 5833 vastante
658 5775 1002 5833 multitudine
1032 5777 1284 5834 vitiorum
1312 5787 1401 5833 aut
1430 5778 1682 5847 malignu-

1092 326 1452 430 cxeosmio
1492 372 1555 428 IN
1595 373 1927 432 PSALMOS.
1968 407 2033 416 κ
2063 376 2256 433 PSAL.
2294 377 2470 434 mnu.

3218 392 3235 444 l
3246 390 3349 446 9.38

1783 508 1899 545 rum
1948 493 2265 564 spirituum;
2310 496 2400 565 qui
2445 494 2669 566 populus
2722 497 2980 556 barbarus
3029 501 3250 567 dicitur,
3286 522 3351 563 co

1781 584 1922 652 quod
1959 585 2206 641 devastet
2229 598 2461 642 mentem
2501 604 2530 642 a
2568 588 2874 654 virtutibus,
2920 608 2949 646 a
3000 595 3353 654 similitudine

1781 675 1957 743 populi
1988 676 2227 741 barbari,
2258 680 2486 746 patriam
2518 679 2753 747 aliquam
2796 680 3143 739 devastantis.
3182 684 3353 741 Facta

1780 774 1855 818 est
1889 764 1977 818 illa
2020 766 2205 821 domus
2232 767 2419 831 Iacob,
2466 768 2657 834 Israel,
2693 769 2744 823 id
2773 781 2856 824 est
2885 772 3071 825 videns
3103 774 3268 829 Deum
3299 777 3353 830 in

1781 857 2254 928 contemplatione.
2296 859 2376 914 Ac
2403 860 2446 914 si
2479 861 2624 916 dicat
2654 880 2667 915 :
2699 861 2991 931 Postquam
3028 863 3093 917 de
3123 864 3355 935 Egypto

1780 948 2008 1018 populus
2036 948 2271 1003 ﬁdelium
2295 952 2482 1016 exivit,
2505 952 2731 1023 p0pulus
2759 952 3023 1009 barbarus
3042 955 3354 1021 resistebat,

1782 1039 1992 1094 scilicet
2019 1039 2303 1095 multitudo
2330 1041 2582 1095 vitiorum
2605 1053 2659 1098 ct
2684 1043 3039 1113 malignorum
3069 1045 3357 1115 spirituum

1784 1129 1856 1183 illi
1890 1130 2086 1200 populo
2125 1131 2382 1197 ﬁdelium,
2415 1148 2479 1186 ex
2504 1148 2667 1201 prava
2696 1136 3088 1192 consuetudine
3129 1137 3357 1191 nimium

1784 1220 2042 1274 assultnm
2072 1221 2295 1286 faciens,
2323 1231 2378 1277 et
2413 1222 2490 1278 sic
2520 1240 2640 1280 eum
2667 1224 2819 1278 valde
2849 1240 2880 1279 a
2908 1228 3359 1296 contemplatione

1783 1311 2131 1368 sublimitatis
2194 1314 2389 1369 divinze
2437 1314 2716 1379 detinens;
2764 1316 2858 1370 sed
2902 1324 3188 1386 postquam
3246 1318 3360 1387 ipse

1784 1411 1970 1457 contra
2011 1404 2153 1459 lntnc
2198 1405 2450 1474 populum
2500 1404 2789 1458 barbarum
2840 1405 3069 1459 viriliter
3123 1406 3357 1469 luctans,

1784 1508 1906 1547 eum
1955 1495 2164 1559 divit-it,
2198 1504 2251 1549 et
2292 1496 2408 1565 ejus
2444 1497 2640 1551 nimios
2682 1496 2918 1551 assultus
2945 1497 3144 1551 auxilio
3172 1498 3363 1566 gratim

1785 1583 2022 1637 cmlestis
2061 1585 2252 1650 evasit,
2283 1595 2408 1640 tunc
2437 1587 2649 1641 tandem
2681 1586 2860 1641 factus
2887 1596 2969 1642 est
3014 1586 3186 1640 Israel
3215 1587 3365 1655 quod

1788 1675 1937 1743 prius
1967 1690 2071 1728 non
2097 1685 2236 1740 erat,
2278 1675 2328 1729 id
2356 1684 2440 1730 est
2476 1677 2944 1747 contemplationis
2974 1676 3166 1731 intuitu
3195 1675 3365 1729 Deum

1789 1766 1987 1828 uiJens,
2021 1777 2073 1820 et
2122 1768 2361 1820 existens
2409 1766 2578 1822 Israel
2618 1767 2792 1821 factus
2826 1775 2910 1820 est
2942 1766 3104 1820 etiam
3133 1774 3362 1834 potestas

1784 1856 1920 1922 ejus,
1956 1839 2008 1909 id
2034 1866 2114 1909 est
2147 1865 2339 1923 potens
2370 1859 2453 1912 sui
2491 1857 2659 1925 ipsius
2694 1872 2751 1911 se
2779 1856 2913 1910 bene
2940 1854 3141 1909 auxilio
3168 1854 3364 1907 divina:

1784 1948 1968 2017 gratiae
2000 1947 2052 2001 in
2083 1947 2374 2003 virtutibus
2400 1956 2451 2002 et
2480 1948 2737 2018 operibus
2769 1946 2924 2000 bonis
2946 1946 3203 2015 regendo,
3240 1959 3361 1998 cum

1785 2035 1836 2087 in
1874 2044 2141 2106 potestate
2188 2036 2366 2106 populi
2421 2036 2639 2089 barbari
2688 2035 2838 2105 prius
2880 2042 3063 2097 esset;
3106 2032 3192 2086 vel
3241 2032 3363 2087 sic:

1783 2126 1981 2181 Factus
2006 2136 2088 2181 est
2112 2126 2280 2180 Israel
2306 2127 2531 2198 populus
2555 2127 2814 2192 ﬁdelium,
2840 2135 2895 2182 et
2926 2141 3023 2195 per
3050 2126 3152 2179 boe
3183 2123 3362 2177 factus

1782 2225 1866 2271 cst
1908 2227 2133 2285 potestas
2169 2218 2305 2286 ejus,
2356 2217 2408 2271 id
2459 2226 2561 2283 est,
2596 2233 2694 2288 per
2741 2218 2845 2271 hoc
2888 2215 3030 2284 quod
3063 2213 3237 2268 factus
3283 2219 3368 2266 est

1783 2305 1977 2372 Israel,
2021 2306 2192 2362 factus
2213 2317 2293 2362 est
2326 2323 2487 2362 causa
2525 2309 2811 2377 potestatis
2835 2322 2966 2369 suat,
3002 2304 3230 2367 scilicet,
3264 2303 3366 2355 hoc

1783 2400 1924 2467 quod
1955 2398 2125 2453 Israel
2149 2401 2325 2456 factus
2345 2409 2451 2466 est,
2477 2417 2639 2455 causa
2663 2399 2766 2453 fuit
2788 2414 2956 2470 quare
2988 2398 3143 2451 ﬁeret
3177 2404 3367 2464 potens

1785 2490 1839 2543 in
1901 2490 2197 2546 miraculis.
2255 2491 2365 2545 [loc
2422 2502 2602 2546 autem
2649 2490 2791 2560 quod
2851 2489 3082 2559 pepulus
3128 2486 3364 2540 ﬁdelium

1784 2578 1960 2636 factus
2005 2590 2090 2635 est
2138 2580 2308 2634 Israel
2339 2592 2390 2637 et
2424 2590 2635 2649 potens,
2670 2595 2793 2638 cum
2840 2578 2990 2649 prius
3027 2586 3171 2631 esset
3216 2576 3367 2646 igno-

1786 2684 1913 2723 rans
1943 2679 1995 2724 et
2025 2670 2311 2739 impotens,
2342 2672 2464 2725 vidit
2495 2688 2656 2734 mare,
2685 2671 2735 2725 id
2761 2679 2844 2725 est
2866 2669 3169 2723 amaricans
3196 2682 3361 2736 popu-

1785 2757 1869 2812 lus
1898 2758 2217 2824 inﬁdelium,
2259 2770 2308 2816 et
2342 2772 2397 2815 ut
2431 2762 2680 2815 similiter
2706 2760 2868 2815 Israel
2895 2773 2942 2814 et
2975 2772 3165 2829 potens
3190 2758 3369 2819 ﬁeret,

1785 2847 1918 2918 fugit
1947 2851 2013 2903 ab
2040 2852 2400 2907 amaritudine
2432 2852 2787 2917 inﬁdelitatis,
2819 2851 3124 2906 accedendo
3153 2848 3221 2902 ad
3249 2848 3366 2902 dul—

1785 2943 2029 2996 cedinem
2058 2941 2205 2996 ﬁdei.

1859 3034 1923 3087 Et
1955 3034 2055 3087 hoc
2084 3036 2272 3099 etiam,
2301 3035 2507 3091 scilicet
2547 3035 2797 3106 populum
2842 3032 3200 3104 perfectorttm
3247 3046 3368 3086 esse

1734 3177 1755 3199 η
1788 3125 1973 3191 Israel,
2010 3135 2065 3179 et
2097 3136 2369 3196 potentem
2415 3129 2534 3181 ridi!
2588 3128 2858 3189 Iordanis,
2916 3125 2967 3180 id
3016 3133 3098 3179 est
3138 3123 3367 3193 populus

1790 3219 2046 3273 deﬁciens
2079 3220 2334 3274 falsorum
2385 3220 2639 3281 ﬁdelium,
2695 3218 2784 3288 qui
2836 3218 3027 3271 timore
3061 3216 3366 3269 tribulatio;

1791 3326 1916 3365 num
1952 3311 2019 3365 ab
2052 3311 2334 3366 altitudine
2376 3310 2494 3364 ﬁdei
2530 3312 2580 3364 in
2613 3325 2759 3364 mare
2795 3308 3170 3369 descenderat,
3203 3307 3367 3359 idest

1791 3404 1841 3458 in
1882 3404 2316 3459 conformitatetn
2364 3402 2540 3472 populi
2595 3401 2846 3463 inﬁdelis,
2902 3409 2955 3452 et
3009 3408 3066 3451 ttt
3112 3397 3366 3451 Iordanis

1788 3497 1952 3551 Israel
1986 3508 2040 3552 et
2088 3507 2278 3567 potens
2311 3497 2464 3550 ﬁeret
2494 3494 2561 3547 ab
2607 3494 2951 3554 inﬁdelitate,
2986 3491 3037 3544 in
3067 3504 3226 3557 quam
3272 3489 3365 3541 de-

1789 3594 2092 3657 scenderat,
2122 3606 2395 3645 conversus
2424 3598 2495 3643 est
2530 3599 2832 3651 retrorsum,
2862 3585 2926 3636 ad
2967 3581 3357 3636 sublimitatem

1788 3684 2143 3739 confessionis
2185 3683 2326 3736 lidei.
2369 3682 2519 3748 Quod
2552 3679 2819 3749 quondam
2863 3676 3247 3746 pra-signatum
3282 3680 3368 3726 est

1789 3775 1841 3827 in
1868 3774 2103 3829 Iordane
2160 3772 2342 3837 ﬁuvio,
2386 3771 2475 3840 qui
2530 3785 2651 3823 cum
2706 3781 2798 3837 per
2835 3782 2957 3820 eum
2990 3781 3114 3820 arca
3154 3763 3365 3818 Domini

1792 3865 2061 3925 transiret,
2099 3864 2304 3917 divisus
2350 3871 2433 3916 est
2485 3870 2538 3914 ut
2587 3860 2813 3914 liberum
2869 3858 3155 3911 transitum
3214 3855 3367 3909 daret

1788 3956 1991 4009 Levitis
2020 3971 2200 4008 arcam
2251 3952 2567 4008 ferentibus.
2612 3949 2775 4017 Cujus
2805 3965 2934 4004 sane
2982 3947 3215 4002 llnminis
3242 3961 3366 4014 pars

1787 4047 2033 4117 superior
2060 4047 2175 4099 vice
2208 4045 2345 4099 muri
2375 4042 2631 4106 substitit,
2664 4041 2889 4096 inferior
2917 4048 3095 4094 autem
3136 4038 3187 4091 in
3215 4051 3366 4088 mare

1786 4137 2064 4191 descendit
2113 4134 2249 4205 (Ios.
2303 4150 2381 4198 Ill,
2426 4133 2530 4202 lli).
2565 4132 2756 4187 Utrum
2810 4140 2991 4183 autem
3024 4136 3208 4197 postea
3240 4139 3364 4194 pars

1787 4229 1873 4282 illa
1900 4243 2018 4296 qua:
2047 4226 2349 4288 descendit,
2384 4234 2528 4278 retro
2558 4237 2815 4276 conversa
2845 4218 3026 4282 fuerit,
3062 4218 3111 4270 in
3139 4216 3362 4270 historia

1787 4335 1889 4372 litm
1924 4319 2135 4388 legitur.
2170 4316 2295 4369 Dico
2325 4314 2467 4383 quod
2515 4330 2655 4365 mare
2692 4311 2846 4381 fugit,
2876 4319 2929 4363 et
2956 4308 3209 4361 Iordanis
3240 4324 3365 4359 con-

1784 4428 1959 4464 uersus
1983 4422 2078 4473 est,
2111 4409 2339 4475 ideoque
2384 4415 2602 4471 montes,
2644 4404 2693 4457 id
2725 4413 2805 4457 est
2839 4402 3044 4472 priclali
3081 4400 3361 4454 exsultave-

1786 4508 1905 4550 runt
1934 4508 1989 4549 nt
2018 4497 2225 4561 arietes,
2259 4494 2310 4548 id
2356 4503 2438 4549 est
2465 4504 2648 4565 utpote
2695 4493 2917 4557 arietes,
2961 4491 3162 4545 scilicet
3197 4490 3363 4543 duces

1791 4588 1953 4642 totius
2002 4588 2178 4658 populi
2237 4586 2494 4652 ﬁdelium,
2544 4586 2687 4639 sicut
2737 4584 2934 4638 arietes
2982 4582 3147 4638 totius
3186 4583 3366 4653 gregis

1787 4683 1952 4735 duces
1986 4691 2129 4735 sunt.
2180 4679 2246 4733 Et
2278 4679 2473 4733 merito
2522 4678 2953 4739 exsultavcrunt,
3005 4676 3128 4744 quia
3175 4689 3362 4730 eorum

1786 4773 1959 4828 oﬁicio
2002 4769 2399 4840 prtcdicationis
2463 4768 2567 4822 lioc
2612 4767 2816 4822 factum
2880 4766 3000 4820 fuit.
3052 4765 3119 4819 Et
3161 4767 3225 4819 de
3265 4766 3364 4820 hac

1785 4865 1973 4921 eadem
2025 4862 2145 4931 fuga
2192 4871 2237 4914 et
2273 4858 2631 4914 conversione
2672 4856 2851 4921 colles,
2908 4857 2958 4910 id
3011 4865 3096 4911 est
3142 4855 3363 4914 subditi.

1785 4952 2389 5015 exsultavcrunt,sicut,
2440 4950 2492 5004 id
2539 4958 2623 5003 est
2670 4957 2879 5018 utpote,
2919 4947 3042 5018 agni
3086 4948 3279 5008 ovium,
3313 4945 3385 5001 i‘tl‘;

1785 5056 1888 5113 est,
1923 5045 2043 5099 novi
2082 5057 2178 5114 per
2207 5041 2364 5096 ﬁdem
2390 5052 2442 5096 et
2470 5041 2802 5103 innocentes.
2827 5041 2965 5095 sicut
2988 5037 3107 5107 agni
3139 5035 3383 5104 juvenes.

1786 5150 1927 5203 sunt,
1978 5148 2034 5193 et
2084 5136 2338 5192 animalia
2385 5136 2713 5198 innocentia,
2749 5143 2817 5193 et
2849 5141 2971 5188 sunt
3002 5132 3139 5203 agni,
3164 5130 3367 5189 ovium,

1787 5232 1838 5285 id
1878 5240 1982 5295 est,
2012 5232 2115 5285 hoc
2145 5228 2288 5298 quod
2320 5228 2439 5298 agni
2472 5236 2593 5282 sunt
2627 5241 2723 5299 per
2751 5239 2880 5278 oves
2920 5221 3165 5289 contigit,
3200 5220 3251 5273 id
3282 5229 3365 5272 est

1789 5337 1886 5391 per
1918 5320 2188 5390 prazlatos,
2227 5319 2316 5388 qui
2342 5319 2594 5373 dicuntur
2617 5329 2765 5378 oves,
2797 5327 2860 5366 eo
2887 5312 3030 5380 quod
3063 5311 3207 5381 ipsos
3231 5310 3363 5364 sub-

1786 5414 1928 5468 ditos
1968 5411 2216 5466 doctrina
2273 5426 2368 5464 sua
2416 5408 2682 5470 nutriunt,
2722 5421 2749 5459 a
2793 5404 3144 5459 similitudine
3181 5402 3361 5457 ovium

1787 5521 1955 5576 agnos
2008 5506 2145 5558 lacte
2197 5503 2569 5557 nutrientium.
2623 5499 2727 5553 Per
2761 5499 2862 5552 hoc
2904 5496 3047 5566 quod
3079 5496 3144 5550 de
3174 5493 3362 5548 inﬁde-

1788 5598 1916 5650 lium
1973 5596 2145 5649 salute
2192 5595 2444 5663 praelatos
2490 5600 2545 5645 et
2599 5589 2843 5644 subditos
2894 5588 3027 5642 dicit
3063 5585 3357 5646 exsultare,

1787 5703 1973 5741 eorum
2013 5686 2234 5755 nimiam
2266 5683 2588 5738 charitatem
2619 5682 2685 5734 ad
2735 5682 2828 5736 Dei
2861 5680 3070 5734 laudem
3101 5676 3359 5731 ostendit.

1789 5778 1913 5832 Sive
1944 5787 2150 5831 montes
2202 5789 2485 5844 possumus
2516 5772 2759 5844 accipere
2812 5769 3041 5840 majores
3075 5768 3365 5841 prmlatos;
