3978 6328
532 289 671 345 liii!)

1089 282 1145 336 S.
1181 281 1531 359 BRUNONIS
1564 278 2203 353 CARTIIUSIANORUM
2238 279 2716 337 INSTITUTORIS
2755 280 2904 338 OPP.
2937 279 3115 341 PARS
3144 283 3183 337 Ι.

3618 291 3733 348 ιειο

530 403 858 460 ‘colles'vero
902 399 1163 479 minores.
1193 400 1344 477 Facit
1375 412 1556 455 au'em
1606 400 1954 470 quaestionem
1983 398 2114 453 Pro-
2139 400 2188 459 Α
2216 415 2375 467 super
2426 400 2788 453 misericordia
2837 409 2928 452 tua
2967 410 3016 453 et
3071 399 3281 454 ueritate
3326 409 3436 467 tua,
3487 402 3536 457 id
3575 416 3646 460 est
3681 408 3734 464 de

532 493 698 566 pheta
736 494 801 546 de
831 489 951 559 fuga
986 490 1173 553 maris,
1201 499 1257 545 et
1286 491 1354 544 de
1382 490 1736 544 conversione
1762 487 2034 553 Jordanis,
2062 495 2119 543 ct

535 587 604 641 de
634 583 900 638 montium
939 589 994 637 et
1036 581 1256 637 collium
1306 581 1690 648 exsultatione,
1736 596 1845 634 non
1892 590 1951 634 ιιι
1995 579 2119 634 inde

537 675 768 738 dubitet,
800 673 892 729 sed
939 681 999 727 ut
1031 673 1094 726 ad
1125 673 1226 727 hoc
1257 672 1542 743 diligenter
1577 670 2117 725 animadvertendum

536 764 872 820 audientium
925 754 1137 818 mentes
1187 763 1503 825 exsuscitet,
1550 759 1713 832 455
1762 760 1997 815 innitens
2024 774 2124 829 per

538 850 852 925 hujusmo‘di
894 856 1246 927 quaestionem
1278 854 1382 908 hoc
1409 854 1616 922 absque
1663 867 1860 925 magno
1890 852 2122 908 consilio

538 948 635 1003 Dei
666 948 887 1002 minime
919 945 1230 1016 contigisse.
1264 944 1329 998 Et
1358 945 1461 998 hoc
1493 945 1573 998 sic
1601 944 1765 999 dicit:

614 1037 787 1103 Mare,
837 1037 1082 1106 inquam,
1119 1036 1275 1105 fugit,
1307 1045 1362 1091 et
1389 1035 1646 1090 Iordanis
1696 1051 1973 1090 conversus
2021 1044 2120 1100 est,

540 1137 597 1184 et
620 1137 818 1182 montes
847 1137 895 1181 et
923 1126 1078 1181 colles
1102 1127 1510 1182 exsultarerunt.
1545 1127 1686 1196 Ergo
1711 1126 1837 1196 quid
1882 1133 1956 1179 est
2006 1124 2123 1187 tibi,

542 1221 598 1277 id
622 1228 729 1283 est,
755 1233 879 1289 qua:
900 1219 1116 1275 occasio
1149 1227 1298 1274 tanta
1330 1216 1430 1274 fuit
1484 1218 1602 1282 tibi,
1634 1234 1663 1271 ο
1705 1233 1870 1281 mare,
1904 1223 2127 1286 propter

543 1314 684 1384 quod
708 1312 1023 1384 fugistiiEt
1044 1323 1118 1378 tu,
1145 1312 1420 1378 Iordanis,
1448 1312 1575 1384 quid
1603 1310 1704 1365 fuit
1727 1310 1821 1364 tibi
1846 1309 1967 1379 quia
1996 1323 2125 1360 con-

543 1421 723 1459 versus
762 1421 814 1458 es
839 1404 1173 1458 retrorsum?
1199 1402 1263 1457 Et
1292 1419 1409 1468 vos,
1447 1382 1671 1466 montes,
1712 1415 1815 1470 qua
1845 1396 2128 1453 occasione

543 1496 871 1562 exsultastis,
896 1505 973 1561 ut,
1007 1496 1060 1551 id
1088 1506 1173 1552 est
1211 1504 1415 1566 utpote,
1448 1496 1656 1557 arietes,
1687 1500 1743 1548 et
1790 1506 1905 1555 vos,
1946 1489 2122 1552 colles,

543 1586 701 1651 sicut,
743 1586 796 1641 id
824 1596 910 1641 est
934 1595 1151 1656 utpote,
1183 1586 1306 1657 agni
1355 1583 1573 1639 ovium?
1601 1596 1728 1638 vere
1770 1581 1886 1636 sine
1933 1593 2126 1649 magna

545 1691 605 1730 re
633 1660 869 1731 hoc'non
903 1676 1146 1749 contigit.
1184 1675 1491 1742 Quaestione
1519 1674 1584 1728 ad
1615 1671 1948 1727 audientium
1978 1685 2129 1726 men-

2220 489 2595 545 tnisericordia
2652 500 2709 544 et
2767 490 3002 544 veritate
3053 498 3164 554 tua,
3221 490 3518 546 scilicclda
3552 494 3734 563 glorias:

2222 581 2420 635 nomini
2450 589 2560 646 tuo,
2590 582 2836 636 vocando
2863 590 3053 651 gentes
3084 582 3149 634 ad
3174 580 3332 636 ﬁdem
3361 598 3455 652 per
3480 584 3738 643 miscricor-

2222 673 2362 728 diam
2397 682 2563 737 tuam,
2594 682 2647 726 et
2675 670 2894 726 Judacos
2913 682 3137 741 propter
3187 672 3468 727 veritatem
3514 683 3605 729 tua:
3641 692 3741 745 pro-

2222 762 2495 818 missionis
2514 761 2883 833 complendae;
2925 760 3219 832 promisisti
3243 778 3474 832 namque
3503 772 3549 818 te
3571 763 3743 822 Judmos

2223 868 2347 908 esse
2374 853 2726 908 salvatnrum.
2755 852 2879 907 Sive
2903 861 3083 923 potest
3112 853 3478 909 misericordia
3506 864 3556 908 ct
3587 857 3747 911 veritas

2226 945 2414 1015 accipi,
2442 954 2703 1014 quantum
2737 944 2804 998 ad
2833 956 3122 1013 utrosque;
3153 942 3366 998 Judtcos
3395 944 3530 998 enim
3564 953 3610 999 et
3648 960 3749 1016 gen-

2228 1051 2310 1097 tes
2339 1058 2405 1098 ex
2436 1039 2809 1097 misericordia
2832 1038 3083 1103 salvavit,
3111 1048 3166 1093 et
3192 1048 3451 1107 utrosque
3479 1055 3533 1094 se
3555 1040 3748 1094 salvatu-

2228 1150 2347 1189 rum
2396 1134 2738 1203 promiserat.
2811 1131 2877 1184 Et
2927 1129 3064 1184 adeo
3111 1129 3352 1200 gloriﬁca
3412 1145 3592 1184 nomen
3634 1140 3752 1187 tuum

2228 1225 2367 1295 apud
2400 1234 2585 1296 gentes
2624 1232 2681 1279 et
2724 1221 2959 1286 Iudaeos,
3004 1238 3068 1275 ne
3106 1222 3318 1292 quando
3367 1222 3536 1275 dicant
3578 1233 3754 1292 gentes:

2230 1317 2332 1372 Ubi
2368 1328 2442 1372 est
2469 1317 2611 1371 Deus
2659 1315 2879 1371 eorum?
2912 1314 2966 1370 id
3007 1322 3114 1380 est,
3170 1322 3229 1365 ut
3256 1312 3541 1382 aliquando
3583 1314 3653 1368 sic
3685 1314 3759 1368 ﬁat

2229 1410 2451 1466 evidens
2476 1408 2718 1479 potentia
2752 1416 2843 1461 tua
2882 1419 2978 1477 per
3006 1404 3289 1471 miracula,
3319 1405 3463 1475 quod
3487 1415 3654 1475 gentes
3677 1421 3759 1458 non

2229 1501 2414 1555 dicant
2442 1501 2585 1570 quod
2631 1498 2793 1554 modo
2825 1499 3035 1560 dicunt,
3090 1496 3300 1551 scilicet
3338 1497 3405 1549 ad
3445 1496 3761 1564 exprobratio-

2231 1605 2354 1645 nem
2386 1599 2600 1646 tuorum
2632 1589 2893 1654 ﬁdelium;
2921 1587 3108 1643 dicunt
3136 1606 3150 1641 ;
3180 1585 3281 1641 Ubi
3318 1597 3394 1640 est
3439 1585 3569 1639 Deus
3587 1585 3764 1640 eorum!

2232 1681 2441 1737 scilicet
2470 1677 3243 1747 Christianorum.'Nusquam
3286 1692 3388 1732 nos
3425 1677 3551 1731 deos
3593 1684 3766 1729 nostros

543 1779 628 1824 tes
664 1768 829 1835 facta,
865 1768 1009 1840 ipsos
1049 1768 1302 1839 praelatos
1357 1781 1497 1836 quos
1551 1763 1855 1820 exsultasse
1901 1771 2132 1818 testatus

2248 1772 2519 1827 )stendere
2545 1785 2855 1842 possumus,
2886 1767 3099 1835 Jovem,
3128 1766 3457 1823 Mercurium
3490 1775 3544 1822 et
3562 1774 3767 1831 exteros,

544 1868 631 1914 cst
658 1859 1070 1928 respondentes,
1096 1867 1150 1913 et
1182 1869 1352 1927 usque
1384 1855 1450 1910 ad
1484 1854 1643 1910 ﬁnem
1698 1852 1886 1924 psalmi
1914 1861 2131 1923 agentes

544 1950 775 2017 inducit,
797 1959 855 2005 ut
899 1951 1070 2020 magis
1114 1964 1300 2004 eorum
1335 1948 1590 2003 credatur
1619 1945 1951 2019 auctoritati,
1989 1960 2133 2015 quo-

545 2058 666 2098 rum
690 2057 834 2097 same
862 2040 1265 2112 praedicationis
1298 2037 1474 2094 ollicio
1508 2038 1633 2108 iuga
1667 2037 1781 2091 hare
1838 2034 1982 2090 facta
2024 2044 2129 2100 est,

544 2143 602 2187 et
623 2132 927 2197 conversio,
959 2139 1014 2186 et
1040 2132 1143 2186 hoc
1175 2130 1335 2185 modo
1368 2130 1586 2199 quidem
1614 2142 1707 2183 eos
1743 2127 2134 2197 respondentes

545 2225 770 2280 inducit.
806 2224 1073 2290 Quoniam
1104 2221 1372 2293 Propheta
1418 2221 1633 2276 dixerat
1666 2237 1679 2274 :
1730 2219 1870 2285 Quid
1906 2229 1978 2273 est
2018 2218 2133 2284 tibi,

546 2330 715 2379 mare,
743 2323 849 2367 etc.
876 2311 1135 2382 Sequitur
1163 2312 1511 2382 praelatorum
1546 2311 1828 2380 responsio
1852 2310 1930 2364 sic
1956 2326 1969 2362 :
2001 2307 2136 2364 Vere

549 2418 656 2457 non
683 2410 767 2455 est
788 2401 995 2469 absque
1017 2415 1074 2454 re
1105 2400 1366 2465 maxima,
1398 2400 1542 2467 quod
1577 2414 1677 2452 nos
1716 2407 1927 2452 montes
1957 2397 2136 2451 exsul-

555 2493 810 2548 tavimus.
856 2492 932 2546 De
984 2492 1086 2546 hoc
1131 2491 1274 2545 enim
1321 2490 1714 2544 exsultavimus
1768 2488 1913 2559 quod
1944 2505 1974 2541 a
2002 2488 2138 2556 facie

550 2583 766 2637 Domini
796 2592 936 2636 mota
962 2590 1035 2636 est
1064 2591 1227 2645 terra,
1258 2580 1308 2633 id
1351 2591 1455 2644 est,
1524 2579 1752 2650 populus
1798 2588 2137 2633 terrenorum

554 2683 840 2730 metusest
878 2674 943 2730 ab
974 2673 1294 2729 inﬁdelitate
1347 2674 1414 2729 ad
1462 2674 1647 2739 linem,
1679 2682 1735 2727 et
1782 2674 1885 2728 hoc
1920 2690 1952 2727 a
1981 2671 2138 2741 facie,

556 2769 610 2821 id
635 2777 717 2822 est
744 2782 772 2821 a
802 2767 1112 2839 cognitione
1146 2766 1357 2822 Domini
1406 2766 1655 2835 contigit,
1687 2776 1740 2821 et
1775 2780 1880 2821 non
1910 2766 2141 2820 recentis

557 2859 790 2925 Domini,
829 2860 923 2914 sed
960 2877 990 2914 a
1030 2860 1164 2929 facie
1194 2858 1288 2913 Dei
1308 2857 1498 2925 Iacob,
1552 2858 1603 2912 id
1634 2866 1718 2913 est
1759 2873 1787 2912 a
1833 2857 2142 2928 cognitime

555 2952 701 3007 illius
728 2951 821 3007 Dei
874 2966 1036 3020 quem
1068 2951 1235 3006 Jacob
1296 2950 1609 3020 patriarcha
1666 2949 1852 3004 coluit.
1910 2947 2143 3019 Exponit

559 3054 739 3100 autem
770 3043 1041 3114 quomodo
1074 3043 1143 3097 ad
1197 3042 1561 3112 cognitionem
1593 3040 1688 3095 Dei
1730 3040 1897 3096 Jacob
1947 3053 2141 3109 perve-

557 3146 773 3202 nerunt,
803 3138 881 3190 sic
911 3150 924 3187 :
959 3136 997 3189 Α
1025 3134 1179 3205 facie,
1209 3134 1450 3203 inquam,
1482 3131 1579 3185 Dei
1621 3131 1809 3186 Jacob.
1859 3132 1963 3198 Qui
2005 3132 2147 3188 Deus

561 3230 957 3287 illutninationc
1013 3227 1221 3299 gratiae,
1280 3228 1527 3281 convertit
1589 3234 1789 3294 petram
1856 3225 1913 3278 in
1958 3234 2146 3296 stagna

563 3337 843 3391 aquarum,
870 3333 971 3375 nos
998 3317 1205 3375 scilicet
1228 3315 1479 3386 praelatos
1504 3313 1595 3384 qui
1637 3313 1704 3367 ad
1729 3313 1946 3368 modum
1980 3323 2148 3382 petrae

565 3416 686 3471 duri
720 3430 941 3469 eramus
987 3414 1039 3468 in
1088 3411 1429 3476 inﬁdelitate,
1467 3409 1736 3466 convertit
1786 3412 1854 3465 ab
1897 3410 2149 3466 ariditate

567 3510 884 3579 ignorantiae
914 3507 982 3562 ad
1018 3508 1120 3561 hoc
1151 3513 1210 3559 ut
1248 3519 1492 3559 essemus
1540 3502 1747 3559 similes
1787 3503 1995 3575 stagnis
2040 3502 2151 3573 plc-

570 3601 655 3654 nis
684 3614 969 3669 aquarum,
1002 3598 1054 3651 id
1092 3606 1177 3652 est
1204 3596 1346 3667 pleni
1376 3596 1531 3665 aquis
1585 3594 1827 3650 scientiae
1870 3595 2146 3666 spiritalis.

570 3694 713 3747 sicut
742 3701 930 3759 stagna
971 3687 1130 3758 plena
1173 3696 1302 3743 sunt
1337 3686 1514 3756 aquis.
1562 3686 1629 3741 Et
1674 3702 1783 3741 non
1832 3687 2004 3743 solum
2054 3702 2153 3742 nos

570 3782 798 3840 scientia
826 3780 952 3835 fecit
982 3795 1100 3835 esse
1128 3779 1385 3850 repletos,
1417 3779 1512 3835 sed
1544 3788 1593 3833 et
1640 3796 1740 3835 nos
1792 3780 1942 3850 prius
1975 3796 2152 3850 rupem

571 3875 892 3939 existentes,
923 3872 974 3927 id
1006 3877 1090 3927 est
1117 3870 1281 3926 duros
1309 3878 1365 3925 et
1387 3869 1572 3925 aridos
1607 3872 1673 3926 ad
1704 3871 1924 3925 modum
1979 3870 2152 3940 rupis,

571 3968 839 4025 convertit
858 3967 912 4021 in
935 3964 1102 4037 fontes
1126 3977 1403 4033 aquarum,
1439 3960 1489 4015 id
1529 3972 1613 4016 est
1668 3963 1733 4015 ad
1780 3962 1883 4017 hoc
1935 3960 2158 4017 adduxit

570 4070 632 4115 ut
668 4071 917 4115 essemus
945 4053 1101 4125 quasi
1134 4052 1305 4122 forms
1329 4066 1612 4120 aquarum,
1659 4050 1868 4105 scilicet
1906 4050 2158 4121 suppedi-

572 4160 753 4207 tantes
819 4146 1004 4218 jngem
1053 4142 1359 4199 doctrinam
1421 4138 1749 4206 inﬁdelibus,
1820 4140 1888 4194 ad
1941 4140 2157 4194 modum

571 4238 1024 4311 lontiumjugiter
1062 4231 1219 4306 aquis
1244 4230 1603 4288 manantium.
1654 4231 1721 4284 Ει
1768 4229 1845 4285 sic
1895 4245 1993 4300 per
2038 4243 2156 4293 nos,

572 4341 821 4399 inﬁdeles
848 4339 1048 4398 terreni
1106 4335 1175 4393 ad
1225 4332 1592 4407 cognitionem
1642 4323 1854 4383 Domini
1901 4334 2161 4393 pervene-

2232 1865 2327 1919 sed
2355 1864 2494 1918 Deus
2523 1878 2710 1918 eorum
2761 1875 3024 1931 nusquam
3049 1869 3309 1930 apparet;
3349 1873 3608 1927 nusquam
3628 1867 3712 1911 est.

2303 1954 2535 2011 Ostenso
2573 1952 2904 2024 improperio
2929 1952 3198 2023 gentium,
3241 1949 3344 2019 ipsi
3379 1956 3564 2003 contra
3591 1946 3772 2001 laudant

2235 2052 2425 2112 Deum,
2458 2057 2513 2102 et
2542 2045 2683 2102 idola
2706 2051 2971 2117 spernunt
2998 2042 3079 2098 sic
3105 2059 3120 2097 :
3151 2041 3362 2096 Gentes
3384 2040 3548 2093 Deum
3573 2048 3770 2090 nostrum

2236 2160 2342 2198 non
2374 2157 2493 2199 esse
2532 2140 2888 2211 comprobare
2923 2134 3297 2199 intendentes,
3345 2131 3531 2185 dicunt
3556 2148 3569 2183 :
3599 2126 3684 2182 Ubi
3713 2136 3771 2180 est

2234 2236 2401 2309 456
2430 2235 2568 2289 Deus
2590 2230 2808 2287 eorum?
2832 2228 2973 2283 Deus
3001 2235 3178 2279 autem
3211 2234 3393 2278 noster
3416 2222 3467 2274 in
3494 2219 3629 2273 uelo.
3652 2215 3774 2283 Quod

2237 2336 2319 2381 est
2348 2326 2528 2381 dicere
2554 2342 2566 2377 :
2590 2320 2853 2389 Quoniam
2878 2314 3166 2372 invisibilis
3194 2321 3300 2377 est,
3325 2311 3515 2366 dicunt
3542 2323 3652 2363 cum
3675 2321 3775 2377 gec-

2241 2427 2321 2474 tes
2349 2430 2615 2486 nusquam
2639 2426 2792 2477 esse;
2828 2409 2921 2465 sed
2949 2409 3090 2463 Deus
3120 2415 3309 2461 noster
3360 2404 3416 2456 in
3467 2400 3587 2455 coelo
3624 2408 3710 2462 est,
3735 2397 3775 2450 id

2239 2521 2323 2567 est
2351 2512 2403 2566 in
2432 2507 2636 2580 angelis
2668 2515 2721 2561 ct
2750 2505 2803 2559 in
2845 2500 3157 2559 cmlestihus
3206 2496 3364 2561 viris,
3414 2509 3520 2549 non
3561 2490 3776 2555 localiter,

2242 2604 2335 2659 s'rd
2398 2600 2695 2657 sexundum
2760 2594 3156 2650 inhabitantem
3236 2586 3497 2657 gratiam.
3551 2582 3637 2637 Vel
3681 2581 3776 2635 sic;

2243 2697 2387 2751 Deus
2408 2701 2590 2749 noster
2610 2688 2860 2746 Christus
2888 2686 3031 2740 Deus
3053 2690 3108 2737 et
3134 2682 3298 2736 homo
3334 2679 3388 2733 in
3414 2676 3550 2730 coelo
3571 2684 3645 2729 est
3668 2671 3779 2726 lou-

2243 2790 2384 2852 litrr,
2425 2782 2715 2841 secundum
2746 2790 2982 2848 corpus;
3023 2784 3079 2830 et
3110 2773 3234 2826 licet
3261 2785 3292 2823 a
3341 2769 3497 2825 vobis
3520 2782 3615 2822 non
3640 2762 3780 2817 videa-

2243 2891 2355 2946 tur,
2389 2888 2565 2934 tamen
2597 2874 2733 2929 adeo
2762 2880 2953 2940 potens
2980 2874 3085 2933 est,
3125 2864 3267 2935 quod
3302 2863 3483 2917 ontnia
3511 2864 3782 2946 qmrcunqve

2244 2941 2597 3038 salutarem.
2626 2964 2706 3019 nu
2739 2976 2870 3016 vero
2897 2959 3150 3030 gentium,
3202 2953 3297 3026 qui
3351 2967 3454 3007 nec
3503 2950 3572 3004 dii
3612 2941 3784 2999 dicendi

2249 3070 2397 3127 sunt,
2455 3058 2549 3115 sed
2594 3053 2883 3111 simulacra
2935 3058 3165 3111 tantum,
3233 3044 3462 3100 omnino
3512 3041 3787 3109 impotentes

2248 3124 2396 3213 sunt.
2415 3151 2484 3209 Ut
2506 3150 2649 3207 enim
2685 3148 2750 3202 de
2774 3141 3002 3213 lapideis
3028 3150 3084 3197 et
3117 3138 3311 3209 ligneis
3324 3145 3381 3190 et
3405 3130 3593 3189 ferreis
3610 3124 3787 3183 simula-

2249 3246 2359 3300 cris
2389 3252 2682 3302 taceamus,
2698 3237 2813 3304 ipsa
2833 3232 2999 3288 etiam
3012 3228 3301 3284 simulacra
3323 3222 3564 3295 gentium
3578 3230 3681 3287 quae
3693 3219 3792 3267 sunt

2251 3345 2528 3407 argentum
2549 3339 2595 3385 et
2619 3343 2836 3392 aurum,
2874 3332 2931 3379 et
2975 3323 3079 3378 hoc
3137 3316 3281 3389 quod
3336 3312 3626 3368 simulacra
3674 3312 3789 3405 sunt,

2253 3403 2357 3485 non
2410 3425 2614 3480 habent
2660 3435 2725 3475 ex
2762 3432 2844 3483 se,
2886 3415 2980 3470 sed
3036 3427 3193 3483 opera
3243 3419 3504 3461 manuum
3566 3403 3788 3455 hominum

2253 3528 2412 3583 sunt;
2445 3533 2501 3570 os
2525 3514 2714 3568 habent
2744 3518 2793 3563 et
2831 3523 2933 3561 non
2969 3504 3270 3574 loquentur,
3313 3508 3369 3554 et
3410 3512 3516 3551 non
3542 3505 3709 3547 verum
3726 3502 3791 3547 ος.

2254 3609 2349 3665 sed
2377 3603 2782 3677 imaginarium,
2809 3586 2989 3653 oculos
3015 3589 3370 3662 imaginarios
3420 3587 3606 3641 habent
3646 3590 3691 3677 et
3711 3592 3791 3630 non

2254 3669 2520 3755 ridebunt:
2549 3693 2717 3746 Aures
2740 3684 3090 3759 imaginarias
3119 3682 3309 3736 habent
3348 3687 3401 3731 et
3454 3692 3555 3729 non
3598 3669 3691 3725 aud
3709 3676 3791 3721 ent.

2256 3791 2428 3847 Nares
2458 3782 2811 3855 imaginarius
2839 3779 3029 3833 habent
3052 3786 3098 3829 et
3142 3790 3247 3827 non
3307 3768 3618 3826 odorabunt.
3664 3760 3794 3813 Pedes

2257 3878 2607 3952 imaginarios
2633 3876 2835 3930 habent
2858 3880 2906 3926 et
2929 3885 3033 3924 non
3056 3864 3430 3921 ambulabunt.
3462 3859 3528 3914 Et
3572 3871 3680 3912 cum
3700 3859 3794 3923 κυι-

2260 3985 2347 4032 ιιιι·
2370 3949 2749 4043 imaginarium
2779 3964 3037 4028 habeant,
3070 3972 3175 4013 non
3206 3956 3329 4010 dico
3378 3968 3489 4009 non
3535 3949 3691 4006 solum
3717 3957 3797 4043 non

2259 4030 2558 4140 loquentdr,
2585 4068 2642 4115 ut
2662 4056 2933 4119 homines,
2963 4052 3057 4109 sed
3082 4048 3225 4120 quod
3253 4046 3439 4101 minus
3479 4050 3581 4140 est,
3609 4053 3697 4140 non
3714 4030 3799 4087 cla-

2261 4128 2475 4215 mabunt
2498 4154 2663 4210 etiam
2691 4151 2748 4205 in
2773 4156 2984 4220 gutture
2997 4159 3115 4206 suo,
3170 4138 3384 4195 scilicet
3410 4134 3587 4191 nullus
3634 4128 3799 4184 clamor

2260 4251 2345 4305 vel
2376 4248 2676 4305 bestiarum
2710 4242 2794 4298 vel
2823 4238 3103 4295 volucrum
3150 4240 3236 4289 est
3284 4232 3336 4287 in
3370 4236 3587 4301 gutture
3627 4230 3798 4312 eorum:

2262 4324 2510 4400 Pcr‘hoc
2532 4336 2699 4408 igitur
2721 4338 2948 4403 apparet
2981 4326 3146 4399 quod,
3175 4338 3300 4379 cum
3336 4320 3468 4374 talia
3523 4317 3645 4377 sint,
3684 4318 3799 4363 0mm

574 4446 737 4504 runt;
769 4435 977 4494 faciunt
1001 4416 1187 4507 autem
1224 4426 1610 4501 apostropham
1654 4422 1722 4477 ad
1761 4420 1952 4485 Deum,
1997 4433 2156 4472 oran-
2184 4440 2235 4500 Ι)
2260 4441 2452 4491 eam“
2484 4426 2757 4502 potem“;
2787 4437 2911 4480 cum
2966 4429 3144 4474 amem
3187 4414 3314 4469 {alia
3360 4412 3495 4474 δῖοι,
3526 4416 3577 4461 cl
3607 4412 3753 4507 tamn
3778 4409 3800 4445 ει

576 4538 659 4586 tes
685 4538 743 4585 ut
768 4529 939 4601 magis
964 4535 1019 4585 et
1066 4526 1243 4598 magis
1266 4525 1471 4582 terram
1499 4518 1569 4575 ad
1600 4517 1759 4573 ﬁdem
1794 4518 2151 4575 commoveat,

575 4620 757 4673 ethoc
782 4622 846 4673 ad
878 4623 1135 4673 honorem
1165 4616 1399 4671 noruinis
1433 4611 1538 4667 sui.
1580 4609 1817 4664 Dicimus
1840 4603 1982 4673 quod
2016 4612 2156 4655 terra

577 4720 721 4766 mota
747 4718 846 4775 est,
878 4709 931 4763 in
974 4724 1169 4779 magna
1210 4716 1385 4778 parte,
1418 4713 1489 4767 et,
1525 4718 1557 4757 o
1584 4700 1827 4761 Domine,
1856 4708 2009 4752 move
2038 4705 2157 4746 eam

579 4801 751 4872 magis
776 4808 831 4855 et
859 4797 1451 4868 magisilluminatione
1495 4789 1822 4863 cognitionis
1846 4788 1943 4849 tui,
1996 4792 2049 4838 et
2090 4781 2160 4833 da

578 4892 919 4965 gloriamnon
944 4889 1111 4951 nobis,
1130 4886 1366 4949 Domine,
1397 4900 1499 4937 non
1524 4882 1690 4944 nobis,
1715 4878 1803 4932 sed
1826 4874 2021 4931 nomini
2048 4882 2158 4935 tuo,

582 4988 634 5040 id
665 4995 767 5051 est,
795 4980 1035 5055 glorilica
1059 4993 1156 5049 per
1179 4981 1280 5034 hoc
1309 4977 1482 5045 magis
1506 4984 1559 5031 et
1581 4975 1752 5046 magis
1770 4984 1964 5027 nomen
1989 4976 2161 5029 tuum,

580 5077 852 5148 quodjam
902 5074 1129 5130 multum
1162 5079 1245 5127 est
1280 5070 1657 5142 glorilicatum.
1692 5065 1846 5133 Quod
1897 5070 1981 5117 est
2023 5060 2166 5114 dice-

582 5186 641 5224 re
665 5187 679 5222 :
707 5169 823 5223 Non
848 5176 1100 5238 optamus
1129 5162 1426 5219 inﬁdelium
1459 5160 1869 5214 conversionem
1906 5155 1971 5207 ad
1997 5151 2164 5206 nostri

581 5258 991 5322 exultationem,
1022 5259 1114 5313 sed
1160 5256 1227 5311 ad
1282 5252 1546 5323 majorem
1602 5249 1835 5303 nominis
1867 5247 1941 5303 tui
1972 5242 2169 5314 gloriﬁ-

581 5352 871 5409 cationcm.
898 5351 1035 5418 Quia
1068 5359 1246 5405 autem
1302 5348 1385 5402 bis
1421 5342 1573 5414 ponit
1617 5357 1717 5393 non
1764 5338 1929 5415 nobis,
1969 5339 2035 5391 ad
2080 5334 2167 5389 iu-

581 5450 941 5508 culcationcm
976 5447 1292 5503 remotionis
1323 5442 1493 5515 ponit,
1534 5452 1697 5507 quam
1751 5434 2165 5488 incttlcalioucm

582 5545 789 5600 faciunt
821 5543 887 5598 ad
918 5540 1331 5598 instructionem
1401 5543 1801 5591 successorum,
1856 5538 1922 5577 ne
1974 5522 2169 5590 aliquis

582 5639 685 5693 sibi
723 5637 951 5708 gloriam
984 5636 1036 5690 in
1085 5635 1185 5689 hoc
1214 5631 1417 5687 mundo
1453 5634 1682 5698 quarrat,
1726 5620 1820 5677 sed
1871 5618 1996 5671 Deo.
2061 5617 2166 5680 Da,

587 5729 838 5803 inquam,
895 5730 1118 5803 gloriam
1181 5726 1376 5781 nomint
1432 5735 1559 5788 tuo,
1614 5729 1666 5776 et
1725 5717 1825 5773 hee
1885 5710 2168 5777 contirgat

2261 4486 2599 4582 suiltissi'mis
2629 4486 2922 4589 gentilibus
2949 4510 3223 4571 colantur,
3247 4502 3449 4559 similes
3475 4500 3579 4555 illis
3604 4494 3715 4589 [iant

2265 4618 2459 4681 terius,
2495 4586 2674 4667 omnes
2697 4612 2785 4683 qui
2820 4606 3021 4678 faciunt
3046 4617 3140 4665 ea;
3168 4599 3313 4654 sicut
3340 4593 3529 4649 colunt
3553 4586 3804 4683 scilitfl'“

2264 4712 2397 4781 ﬁant
2426 4705 2643 4769 similes,
2671 4672 2731 4757 υἱ
2757 4701 2897 4757 sicut
2925 4712 2986 4752 ea
3010 4691 3253 4750 exterius
3277 4687 3444 4744 surda
3470 4692 3525 4781 et
3548 4693 3643 4781 non

2266 4765 2337 4857 t‘a
2366 4806 2513 4860 sunt,
2554 4765 2637 4852 sic
2664 4803 2719 4851 et
2750 4792 2851 4864 ipsi
2882 4788 3110 4844 interius
3142 4784 3196 4837 in
3226 4780 3410 4836 anima
3440 4765 3693 4845 spirituali
3715 4765 3804 4812 visu

2265 4901 2318 4946 et
2346 4889 2530 4944 auditu
2561 4863 2805 4942 careant.
2835 4880 2899 4935 Et
2941 4893 3045 4933 non
3077 4874 3249 4930 solum
3303 4868 3396 4940 qni
3449 4863 3640 4920 faciunt
3664 4863 3709 4909 et
3735 4864 3806 4946 ca-

2268 4984 2387 5037 lunt
2412 4994 2475 5034 ea
2499 4978 2694 5033 similes
2719 4975 2825 5029 illis
2850 4972 3004 5041 ﬁant,
3038 4967 3131 5022 sed
3160 4974 3208 5019 ct
3245 4961 3321 5016 illi
3358 4962 3449 5026 qui
3491 4964 3542 5010 et
3567 4952 3608 5005 si
3635 4960 3725 5002 non
3745 4941 3806 4989 la-

2268 5077 2439 5137 ciunt,
2473 5070 2664 5125 saltem
2692 5065 2961 5133 conﬁdunt
3013 5061 3067 5113 iu
3111 5057 3210 5120 eis,
3255 5061 3506 5124 putantes
3533 5046 3654 5098 deos

2270 5166 2384 5221 lloc
2410 5170 2590 5217 autem
2623 5132 2809 5213 dicunt
2831 5169 2938 5208 non
2971 5144 3346 5219 imprecative,
3370 5140 3464 5195 sed
3516 5132 3802 5221 conccsilfir

2271 5267 2330 5311 ut
2357 5263 2548 5326 gentes
2578 5265 2607 5303 a
2639 5245 3054 5305 simulacrorum
3086 5238 3297 5294 cultura
3345 5214 3805 5326 revocerrtuer‘I’tE

2272 5302 2413 5418 qm:d
2440 5352 2631 5416 gentes
2661 5337 2946 5395 conﬁdunt
2978 5335 3030 5387 in
3054 5328 3385 5388 simulacris,
3417 5323 3631 5418 ideoque

2272 5394 2346 5496 clis
2371 5394 2523 5509 ﬁniit.
2554 5435 2754 5490 Domus
2780 5439 2959 5484 autem
2992 5424 3164 5479 Israel
3191 5439 3296 5477 non
3319 5420 3391 5475 sit
3420 5411 3604 5509 similis
3631 5394 3809 5509 simul:

2274 5482 2404 5592 eris,
2434 5526 2619 5579 domus
2646 5521 2790 5576 enim
2821 5514 3011 5582 Israel,
3043 5514 3094 5568 id
3123 5522 3207 5566 cst
3237 5508 3441 5592 familia
3472 5497 3689 5592 ﬁdelium

2275 5580 2529 5674 diturum,
2560 5608 2728 5661 Deum
2752 5603 2802 5657 in
2835 5580 3291 5667 contemplatione
3336 5585 3643 5674 videntium.
3670 5580 3807 5674 sit“:

2277 5708 2344 5760 rit
2373 5719 2477 5760 non
2511 5702 2565 5757 in
2610 5698 2783 5762 idolis,
2835 5694 2927 5750 sed
2989 5692 3042 5746 in
3076 5687 3316 5752 Domino,
3357 5696 3411 5738 et
3443 5678 3554 5735 ideo
3591 5660 3807 5725 Dominus
