3978 6328
193 326 323 382 i2"

1095 322 1458 380 EXPOSITIO
1487 322 1551 377 IN
1584 318 1921 380 I‘SALMOS.
1959 348 2029 358 —-
2065 318 2255 376 PSAL.
2293 320 2470 379 CXIII.

3317 316 3458 388 {9&2

190 441 409 511 adjutor
434 450 623 492 eorum
653 444 739 492 est
778 436 845 492 ad
883 415 1021 493 bene
1051 436 1408 513 operandum,
1442 446 1488 490 et
1515 445 1777 505 protector
1803 438 1852 495 Α
1882 433 1991 485 lum
2021 433 2135 488 caeli
2159 434 2278 503 fecit
2303 435 2550 503 Domino,
2582 439 2634 495 id
2666 452 2746 496 est
2774 443 2839 497 ad
2868 444 2971 501 hoc
3004 444 3140 502 fecit
3176 454 3234 502 ut
3268 446 3479 518 perso—'

188 547 368 585 eorum
404 538 502 595 est,
530 542 596 582 ne
619 544 648 582 a
677 528 825 583 vitiis
854 538 1195 597 superentur.
1228 527 1294 581 Et
1328 528 1517 582 domus
1569 529 1771 591 Aaron,

191 621 242 676 id
268 628 351 676 est
382 618 587 673 familia
614 617 853 672 ﬁdelium
903 617 1273 688 prtelatorum,
1304 617 1528 687 speravit
1574 618 1627 670 iu
1667 615 1773 670 Do-

188 711 353 776 mino,
383 721 438 766 et
465 710 580 781 ipse
616 708 833 779 adjutor
850 718 897 761 et
921 718 1182 778 protector
1201 724 1381 761 eorum
1412 715 1507 760 est.

257 798 376 855 Hoc
395 809 577 855 autem
600 798 972 869 accipiendmn
1001 808 1085 854 est
1116 799 1182 853 de
1204 799 1462 868 praelatis,
1500 807 1554 855 et
1589 799 1774 855 subdi-

194 889 263 945 tis
295 889 553 945 Ecclesia:
584 889 649 945 de
677 888 899 945 Judads.
952 891 1056 946 Per
1097 890 1315 945 domum
1362 900 1542 947 autem
1594 892 1775 948 Aaron

192 982 547 1050 prmiatorum
613 981 862 1037 collectio
935 983 1221 1053 accipitur,
1298 992 1353 1039 et
1405 1000 1501 1053 per
1552 986 1773 1040 domum

189 1076 356 1132 Israel
393 1076 638 1132 collectio
663 1077 1033 1143 subditorum,
1079 1093 1144 1133 eo
1180 1079 1322 1148 quod
1373 1079 1545 1136 trihus
1592 1079 1775 1134 Aaron

189 1168 291 1223 Sttb
317 1166 497 1222 \‘etcri
525 1166 873 1223 Testamento
891 1169 1142 1224 omnibus
1165 1170 1411 1225 tribubus
1436 1168 1598 1225 Israel
1624 1171 1778 1240 prin-

188 1258 493 1327 cipabatur.
550 1258 663 1314 lloc
694 1259 858 1314 etiam
889 1261 1185 1315 secundum
1244 1261 1479 1316 nominis
1511 1261 1778 1331 interpre-

191 1347 455 1402 tationem
500 1348 637 1403 bene
686 1350 972 1413 convenit;
1013 1351 1194 1405 Aaron
1249 1352 1448 1421 quippe
1495 1362 1775 1406 montanus

188 1438 604 1510 interpretatur.
639 1440 876 1496 Montani
922 1452 1103 1498 autem
1158 1459 1394 1514 congrue
1438 1444 1642 1515 prmlali
1682 1460 1776 1501 vo-

187 1542 412 1599 cantur,
438 1543 658 1603 propter
676 1534 1007 1604 pt’a‘latiouis
1032 1551 1144 1591 suae
1168 1538 1553 1594 sublimitatem
1578 1555 1592 1606 ;
1626 1554 1779 1594 mon-

188 1636 354 1683 tanos
376 1628 522 1681 enim
548 1626 781 1682 dicimus
808 1627 1055 1683 homines
1102 1628 1155 1682 in
1186 1628 1589 1685 summitatibus
1623 1645 1780 1685 mon-

188 1722 326 1776 tium
356 1720 686 1777 habitantes.
716 1718 833 1775 Non
868 1719 1040 1775 solum
1073 1727 1251 1775 autem
1282 1720 1488 1791 praelati
1542 1729 1598 1776 et
1646 1723 1776 1778 sub-

184 1812 285 1867 diti
309 1827 380 1867 ex
412 1810 611 1867 ludatis
635 1820 992 1882 speraverunt
1020 1810 1072 1864 in
1102 1810 1352 1877 Domino,
1376 1809 1472 1867 sed
1501 1820 1557 1866 et
1581 1827 1774 1868 omnes

186 1904 239 1958 in
268 1903 527 1975 gentibus
552 1903 641 1973 qui
671 1902 853 1956 timent
877 1900 1180 1964 Dominum,
1215 1910 1322 1954 tam
1351 1900 1558 1971 przelati
1609 1917 1773 1972 quam

183 1994 416 2061 subditi,
456 1993 574 2049 sive
599 2001 751 2048 casto
784 1992 999 2057 timore,
1045 1991 1159 2046 sive
1188 1992 1398 2057 servili,
1436 2001 1775 2062 speraverant

182 2085 239 2139 in
266 2083 524 2145 Domino,
549 2093 603 2139 et
625 2084 747 2138 ideo
774 2082 992 2153 adjutor
1012 2100 1193 2139 eorum
1214 2093 1261 2138 et
1292 2095 1555 2154 protector
1596 2102 1775 2140 eorum

182 2186 281 2229 est.
308 2173 429 2230 [Ioc
456 2183 636 2230 autem
663 2175 805 2245 quod
840 2175 890 2228 in
918 2175 1148 2230 Domino
1184 2177 1527 2245 speravimus
1578 2184 1634 2231 et
1681 2174 1775 2230 Ju-

183 2266 282 2321 daei
311 2274 369 2321 et
396 2264 647 2337 gentiles,
679 2282 786 2321 non
816 2280 881 2321 ex
910 2267 1065 2323 nobis
1115 2266 1238 2332 fuit,
1262 2267 1357 2322 sed
1393 2283 1459 2322 ex
1488 2268 1590 2322 hoc
1629 2266 1772 2337 quod

183 2360 449 2415 Dominus
487 2361 577 2430 qui
613 2376 711 2415 nos
740 2360 828 2415 diu
885 2360 1141 2416 oblivioni
1190 2360 1430 2426 dederat,
1462 2361 1514 2416 in
1548 2361 1776 2416 inﬁdeli.

184 2460 299 2508 tate
322 2452 552 2523 positos,
581 2468 779 2506 memor
798 2453 895 2522 fuit
926 2453 1117 2515 nostri,
1152 2463 1209 2507 ut
1236 2453 1302 2506 ad
1328 2453 1487 2507 ﬁdem
1512 2452 1775 2509 adductos

182 2540 235 2595 in
258 2556 325 2596 se
354 2550 638 2611 sperantes
671 2542 912 2608 faceret;
944 2553 991 2597 et
1018 2557 1116 2611 per
1161 2543 1264 2599 hoc
1292 2542 1553 2597 benedixit
1602 2545 1773 2609 nobis,

182 2629 234 2684 id
267 2639 360 2686 est
386 2630 651 2686 exultavit
678 2646 798 2698 nos,
848 2640 904 2687 et
926 2634 1223 2688 secundum
1272 2648 1556 2688 numerum
1594 2634 1775 2689 multi-

182 2726 525 2797 plicationis,
576 2737 632 2781 ct
667 2726 964 2782 secundum
1010 2736 1363 2797 augmentum
1407 2728 1663 2782 virtutum
1720 2737 1776 2782 ct

180 2831 416 2886 Operum
444 2816 733 2870 bonorum.
765 2817 1000 2886 Exponit
1028 2827 1208 2872 autem
1229 2833 1325 2887 per
1347 2827 1551 2886 partes,
1581 2819 1776 2888 quibus

181 2906 449 2961 benedixit
473 2907 550 2963 sic
576 2926 592 2963 :
619 2907 912 2973 Benedixit,
948 2908 1191 2977 inquam,
1215 2909 1372 2963 nobis
1400 2926 1413 2963 :
1447 2910 1653 2964 scilicet
1677 2910 1774 2965 be-

182 3001 397 3055 nedixit
431 3001 608 3054 domui
652 2999 844 3067 Israel,
876 2999 929 3055 id
951 3010 1036 3055 est
1066 2999 1285 3056 familia:
1322 3001 1560 3055 ﬁdelium
1590 3003 1777 3057 subdi-

181 3098 365 3144 torum
398 3105 461 3145 ex
492 3089 691 3145 ludatis
718 3108 729 3143 :
760 3099 814 3144 et
842 3090 1099 3145 benedixit
1148 3091 1328 3145 domui
1377 3094 1573 3156 Aaron,
1608 3093 1659 3147 id
1693 3102 1775 3148 est

180 3182 418 3238 familiae
446 3182 814 3253 praelatorum,
844 3198 911 3239 ex
943 3182 1146 3239 Judmis
1198 3193 1256 3239 et
1314 3185 1583 3255 gentibus,
1624 3185 1775 3241 bene-

177 3275 319 3329 dixit
341 3275 583 3328 omnibus
604 3276 695 3345 qui
719 3276 900 3328 timent
924 3274 1244 3343 Dominum,
1263 3277 1376 3332 sive
1405 3287 1555 3332 casto
1580 3278 1773 3334 timore

178 3365 301 3420 sive
321 3364 529 3429 servili,
557 3364 765 3435 pusillis
793 3382 910 3420 cum
938 3367 1249 3438 majoribus,
1281 3368 1332 3422 id
1360 3376 1443 3423 est
1465 3368 1695 3424 subditis
1720 3380 1775 3426 et

180 3457 456 3526 prtelatis.
480 3456 649 3512 Orant
681 3473 779 3528 pro
808 3459 1115 3530 adjectione
1143 3460 1480 3517 subditorum
1531 3473 1587 3517 et
1637 3480 1773 3534 pra:-

156 3546 419 3603 latorum
442 3547 542 3603 sic:
574 3547 820 3603 Diximus
848 3548 975 3619 quia
999 3549 1259 3606 Dominus
1285 3552 1567 3607 benedixit
1594 3555 1769 3621 vobis,

176 3654 209 3694 ο
235 3637 481 3709 prmlati,
505 3649 558 3695 et
580 3640 800 3694 subditi.
837 3640 1007 3713 Super
1043 3659 1130 3697 vos
1166 3652 1346 3699 autem
1386 3645 1497 3715 jam
1526 3646 1629 3701 sibi
1674 3662 1773 3718 per

179 3730 341 3788 ﬁdem
392 3732 633 3801 adjectos
671 3732 892 3801 adjiciat
946 3734 1205 3790 Dominus
1251 3737 1406 3802 alios,
1455 3738 1505 3793 id
1535 3748 1615 3793 est
1648 3748 1769 3810 post

175 3836 268 3879 vos
288 3823 410 3894 jam
433 3823 535 3878 sibi
562 3839 652 3894 per
674 3825 1020 3894 adoptionem
1036 3827 1224 3897 gratia:
1253 3828 1518 3897 adjectos,
1545 3820 1767 3899 adjiciat

175 3914 342 3988 557
388 3915 543 3979 alios,
578 3918 671 3988 qui
697 3919 874 3973 adhuc
898 3918 1163 3973 increduli
1197 3928 1355 3984 sunt,
1378 3930 1426 3974 et
1459 3938 1617 3991 super
1653 3938 1763 3989 vos,

176 4005 227 4060 id
251 4017 343 4062 est
362 4015 488 4074 post
516 4021 634 4062 vos.
660 4007 750 4077 qui
783 4007 1072 4078 adjiciendi
1102 4009 1254 4075 estis,
1281 4009 1499 4080 adjiciat
1527 4010 1766 4080 aliosqui

176 4101 282 4153 sint
318 4099 445 4163 lilii,
490 4098 539 4153 id
571 4109 656 4155 est
710 4099 1017 4156 imitatores
1067 4100 1327 4167 vestri,et
1358 4118 1534 4171 super,
1576 4102 1632 4157 id
1681 4111 1768 4159 est

178 4204 325 4261 pust,
371 4189 493 4244 illos
516 4190 659 4259 ﬁlios
686 4201 883 4247 vestros
912 4192 1134 4263 adjiciat
1162 4208 1380 4264 quoque
1407 4194 1567 4262 alios,
1606 4205 1663 4253 et
1687 4198 1767 4253 sic

176 4296 355 4350 usque
386 4280 440 4333 in
464 4279 626 4336 finem
653 4283 836 4337 mundi
868 4297 965 4353 per
1017 4300 1208 4341 omnes
1260 4288 1639 4358 generationes
1684 4289 1767 4345 l'a-

175 4373 300 4429 ciu.
336 4381 386 4423 et
421 4384 509 4424 vos
539 4385 730 4427 omnes
755 4381 811 4426 et
835 4373 950 4444 jam
982 4373 1179 4445 adjecti
1209 4385 1266 4431 et
1294 4377 1475 4433 adhuc
1502 4378 1766 4446 adjicien-

1878 523 2072 579 ualiter
2106 525 2352 580 uuiretur
2380 527 2605 582 Domino
2620 531 2811 591 Nerbo
2841 550 2855 599 ;
2888 537 2968 589 vel
3007 537 3190 592 eretum
3226 541 3362 604 caeli,
3402 540 3459 595 id

1878 624 1962 667 est
1995 614 2330 670 Dominicum
2365 617 2640 673 hominem
2705 621 2827 690 fecit
2860 623 3087 680 Domino
3112 628 3213 682 sibi
3243 629 3458 685 scilicet

1879 703 2108 760 Domino
2168 707 2563 778 subjiciendum
2619 715 2915 767 secundum
2963 720 3104 785 quod
3153 720 3310 774 homo
3348 731 3453 777 est.

1881 796 2034 854 Uude
2082 800 2373 869 Apostolus
2421 819 2435 855 :
2499 818 2517 853 ι
2578 802 2772 869 Caput,
2827 805 3022 874 inquit,
3069 809 3264 865 Christi
3316 810 3455 866 Deus

1880 888 1931 960 (1
1954 888 2077 945 Cor.
2110 908 2184 958 XI,
2216 892 2480 965 3).)Cuut
2511 894 2646 949 dicit
2668 896 2853 950 cretum
2880 898 3014 964 radi,
3047 899 3209 954 datur
3232 903 3454 974 intelligi

1880 996 1976 1052 per
2004 983 2105 1039 hoc
2130 986 2272 1054 quod
2304 989 2559 1057 supponit
2592 989 2736 1056 cceli,
2777 993 2918 1060 quod
2957 993 3163 1062 praelati
3193 995 3285 1064 qui
3326 997 3448 1051 caeli

1880 1084 2022 1138 sunt,
2060 1087 2321 1146 quantum
2367 1080 2433 1133 ad
2462 1078 2708 1136 subditos
2746 1123 2760 1143 ,
2822 1084 3022 1138 subditi
3067 1101 3283 1156 quoque
3332 1097 3459 1142 sunt

1881 1164 2164 1224 Douiiuico
2192 1168 2397 1224 homini
2447 1171 2539 1241 qui
2589 1173 2786 1227 cmlnm
2822 1183 2927 1239 est,
2952 1186 3212 1244 quantum
3245 1178 3311 1231 ad
3334 1193 3450 1232 eos.

1882 1257 2035 1313 Unde
2060 1260 2385 1331 Apostolus:
2416 1281 2434 1314 ι
2471 1262 2664 1334 Caput,
2701 1266 2893 1335 inquit,
2930 1267 3030 1319 viri
3063 1267 3317 1324 Christus
3362 1279 3451 1322 est

1881 1345 2092 1419 (lb.'d.).
2144 1370 2163 1403 ›
2238 1351 2448 1406 Dicitur
2500 1369 2713 1423 quoque
2777 1354 2959 1421 l’ater,
3006 1352 3164 1423 juxta
3225 1356 3457 1409 Ambro-

1880 1440 2046 1505 simn,
2070 1457 2188 1495 esse
2234 1455 2399 1514 caput
2450 1443 2631 1509 Verbi,
2671 1460 2776 1499 non
2812 1446 2956 1514 quod
2986 1446 3136 1512 prius
3164 1454 3257 1499 aut
3287 1443 3461 1511 majus

1881 1530 1955 1583 sit
2014 1529 2210 1597 Verbo,
2239 1535 2331 1588 sed
2363 1534 2489 1604 quia
2533 1550 2601 1590 ex
2658 1533 2820 1589 Patre
2867 1535 2939 1589 sit
2973 1534 3206 1590 Verbum
3261 1532 3457 1589 inclia-

1881 1618 2079 1674 biliter.

1953 1710 2091 1776 Quia
2149 1727 2280 1768 vero
2327 1713 2545 1770 dixerat
2604 1715 2893 1770 Dominqu
2925 1715 3121 1771 callum
3171 1724 3225 1771 et
3254 1725 3455 1771 terram

1809 1780 1849 1837 Β
1882 1801 2099 1871 fecisse,
2124 1803 2174 1857 id
2196 1814 2281 1859 est
2304 1805 2556 1876 praelatos
2578 1815 2633 1862 et
2658 1807 2920 1873 subditos,
2941 1821 3008 1861 ue
3030 1808 3306 1863 videretur
3328 1808 3458 1862 sub-

1879 1895 2029 1961 ditis,
2047 1895 2189 1965 quod
2220 1895 2316 1950 soli
2344 1896 2454 1951 Deo
2479 1897 2875 1966 snlijectionem
2901 1899 3178 1965 deberent,
3196 1908 3252 1955 et
3271 1900 3461 1971 pra-la-

1879 1986 2110 2054 tis-nou,
2133 1988 2349 2042 additur
2377 1989 2457 2044 sic
2491 2005 2505 2043 :
2541 1990 3088 2061 Dominus,inquam,
3121 1991 3241 2060 fecit
3272 1991 3458 2045 enatum

1876 2084 1924 2130 et
1946 2088 2169 2142 terram;
2209 2089 2405 2133 (errant
2430 2091 2633 2146 atatem,
2668 2081 2720 2135 id
2751 2091 2833 2136 est
2890 2082 3159 2147 subditos,
3197 2082 3337 2136 dedit
3384 2082 3454 2135 ad

1876 2169 2226 2224 excolendum
2256 2179 2311 2225 et
2340 2173 2632 2241 regendum
2661 2174 2789 2242 ﬁliis
2816 2175 3109 2241 hominum,
3143 2175 3194 2229 id
3218 2183 3300 2229 est
3322 2190 3460 2243 pra:-

1875 2260 2016 2326 Iatis,
2060 2262 2460 2318 rationabiliter
2492 2276 2545 2319 ut
2580 2267 2832 2322 homines
2853 2282 2911 2321 se
2944 2267 3287 2321 habentibus.
3318 2268 3461 2329 Cum~

1875 2364 2131 2417 autem,o
2167 2355 2415 2421 Domine,
2446 2356 2644 2411 cadum
2669 2368 2719 2411 et
2749 2368 2949 2414 terram
2995 2359 3205 2423 feceris,
3240 2367 3297 2413 et
3345 2360 3459 2413 ha‘c

1875 2444 2143 2498 beneﬁcia
2172 2459 2290 2513 qua:
2315 2447 2570 2515 superius
2606 2450 2843 2515 ostendi,
2878 2449 3123 2504 contuitu
3156 2449 3346 2502 horum
3370 2464 3462 2502 sn-

1875 2535 2272 2605 pradictorum,
2303 2553 2406 2590 non
2435 2537 2726 2592 laudabunt
2760 2549 2807 2592 te
2835 2541 3025 2593 mortui
3056 2542 3107 2595 in
3138 2540 3459 2594 inﬁdelitate

1876 2642 2040 2696 neque
2061 2642 2240 2681 omnes
2270 2625 2388 2681 falsi
2418 2626 2717 2682 Christiani
2745 2631 2835 2700 qui
2865 2631 3182 2685 descendunt
3215 2630 3268 2683 in
3293 2631 3460 2700 infer-

1876 2731 2022 2778 num,
2054 2716 2105 2769 id
2138 2724 2222 2771 est
2258 2717 2310 2770 iu
2342 2716 2777 2787 profunditatem
2821 2721 3073 2774 vitiorum
3103 2738 3116 2773 :
3156 2739 3175 2771 ι
3225 2720 3341 2774 Non
3371 2731 3460 2775 est

1875 2808 2017 2861 enim
2044 2810 2287 2878 speciosa
2312 2811 2430 2867 laus
2454 2813 2507 2866 in
2539 2828 2634 2868 ore
2663 2816 2969 2883 peccatoris
3000 2816 3193 2884 (ICccli.
3222 2832 3312 2883 xv,
3344 2817 3453 2885 9).»

1876 2898 2098 2966 Hormi,
2135 2902 2376 2971 inquam,
2419 2921 2526 2959 non
2548 2905 2841 2959 laudabunt
2874 2918 2957 2970 te;
2986 2908 3075 2961 sed
3100 2924 3193 2961 nos
3227 2911 3315 2978 qui
3339 2909 3462 2962 rivi-

1875 3006 2014 3059 mus,
2045 2993 2098 3047 in
2126 2994 2229 3049 ﬁde
2260 3004 2317 3048 et
2338 2996 2495 3051 bonis
2521 2998 2800 3066 operibus,
2832 2999 3178 3053 benedirimus
3208 2999 3458 3065 Domino,

1801 3123 1847 3186 Ο
1878 3097 1994 3150 ore,
2026 3084 2190 3139 corde
2231 3095 2287 3139 et
2311 3100 2501 3157 opere,
2542 3087 2852 3158 incipicmlo
2880 3106 2944 3143 ea:
2982 3090 3079 3144 Iwc
3107 3107 3267 3156 nunc,
3286 3092 3335 3144 id
3366 3100 3453 3145 est

1877 3192 1941 3231 ex
1967 3178 2219 3245 praesenti
2254 3186 2522 3249 tempore,
2555 3192 2602 3234 et
2633 3183 3034 3251 perseverando
3087 3200 3247 3253 usque
3275 3183 3328 3235 in
3358 3199 3461 3237 sa:-

1876 3268 2051 3322 culum
2085 3268 2344 3323 futurum.
2377 3268 2494 3326 Hoc
2525 3283 2706 3326 autem
2734 3272 2857 3328 ideo
2889 3273 3075 3327 dicunt
3101 3282 3160 3327 ut
3215 3282 3460 3328 mortuos

1875 3376 1905 3413 a
1939 3370 2114 3415 morte
2164 3360 2501 3417 inﬁdelitatis
2545 3372 2603 3419 et
2629 3364 3026 3418 descendentes
3071 3365 3122 3419 in
3184 3363 3456 3431 infernum

1873 3453 2154 3519 vitiorum,
2178 3454 2246 3509 ab
2281 3454 2398 3524 ipso
2432 3454 2643 3511 inferno
2673 3467 2928 3511 revocent
2957 3473 2971 3522 ;
3009 3457 3062 3510 iu
3097 3458 3199 3510 ﬁde
3232 3473 3359 3513 vero
3402 3466 3460 3513 et

1873 3545 2031 3601 bonis
2057 3547 2312 3616 operibus
2337 3546 2603 3611 viventes,
2636 3548 2702 3602 ad
2722 3549 3183 3617 perseverandum
3208 3549 3455 3604 invitent.

1874 3636 2000 3692 Sive
2033 3638 2135 3692 hoc
2156 3637 2275 3693 ideo
2298 3637 2505 3701 dicunt,
2537 3639 2662 3707 quia
2692 3649 3006 3705 oraverant,
3043 3640 3312 3695 dicendo:
3344 3641 3456 3693 Ad-

1863 3729 2041 3799 jirint,
2105 3738 2236 3795 etc.,
2283 3737 2343 3783 ut
2377 3729 2539 3785 citius
2587 3728 2883 3800 impetrent
2925 3731 3072 3800 quod
3129 3741 3456 3796 oravcrnut,

1869 3819 2204 3874 ostendendo
2237 3820 2494 3888 quoniam
2522 3818 2683 3875 aliter
2708 3835 2833 3874 cum
2891 3820 3138 3877 inﬁdeles
3187 3837 3291 3875 nou
3344 3822 3459 3875 lau-

1870 3910 2094 3976 dabunt,
2124 3911 2229 3964 nisi
2262 3926 2357 3966 eos
2375 3910 2524 3981 prius
2556 3911 2625 3966 ad
2652 3911 2811 3966 ﬁdem
2836 3910 3140 3979 adjicienda
3166 3913 3233 3967 de
3282 3921 3457 3966 morte

1870 4001 2203 4058 inﬁdelitatis
2230 4003 2446 4073 eripiat.
2486 4004 2782 4059 Sciendum
2841 4006 2985 4075 quod
3027 4021 3151 4061 cum
3201 4005 3452 4075 superius

1867 4095 2193 4151 dixissemus
2224 4109 2349 4150 esse
2372 4096 2777 4166 responsionem
2806 4096 3188 4166 praelatorum,
3219 4096 3307 4151 ubi
3360 4096 3445 4149 di-

1868 4195 2014 4242 ctum
2041 4195 2128 4242 est
2159 4203 2173 4241 :
2207 4187 2248 4240 Α
2272 4185 2408 4254 [acie
2440 4185 2679 4249 Domini,
2708 4195 2841 4250 etc.,
2875 4200 3045 4254 posse
3074 4201 3290 4255 quoque
3321 4184 3448 4238 illud

1868 4278 2010 4333 idem
2030 4292 2153 4333 esse
2189 4278 2552 4332 communiter
2605 4276 3048 4346 responsionem,
3102 4286 3160 4332 et
3185 4276 3351 4329 utaris
3398 4284 3454 4331 ιι

1866 4369 2116 4425 Jordanis
2137 4380 2192 4424 et
2223 4369 2486 4423 montium
2513 4377 2570 4423 et
2598 4369 2819 4423 collium
2873 4383 3045 4438 usque
3086 4368 3153 4423 ad
3203 4377 3451 4438 apostro-

176 4461 224 4515 di
244 4461 510 4517 benedicti
535 4462 674 4525 sitis,
709 4462 761 4517 id
783 4473 869 4519 est
906 4464 1347 4534 multiplicati,et
1375 4467 1429 4521 in
1464 4468 1761 4528 virtutibus
1800 4467 1847 4526 D
1873 4463 2033 4532 Pllam
2062 4461 2209 4515 illam
2237 4461 2289 4514 Ῐη
2328 4461 2488 4514 ιθῐιίο
2528 4474 2686 4515 Versu
2718 4460 2805 4514 Ubi
2836 4460 3061 4525 dicitur.
3123 4478 3223 4514 ηοη
3282 4452 3451 4524 ιέυὺὶδο

175 4552 409 4606 cxaltati
437 4550 689 4618 Domino,
714 4553 768 4608 id
799 4555 969 4610 estad
1022 4556 1282 4612 honorem
1326 4558 1558 4613 Domini.
1611 4561 1765 4627 Quod

175 4646 473 4701 estdicere
497 4661 510 4698 :
548 4644 661 4699 lloc
689 4647 832 4717 quod
860 4648 1129 4704 benedicti
1152 4649 1327 4717 eritis,
1343 4667 1449 4706 non
1476 4653 1631 4708 vobis
1670 4656 1765 4709 sed

175 4735 409 4790 Domino
440 4737 769 4803 ascribatur;
788 4738 1038 4803 Domino,
1064 4738 1408 4810 inquam,qui
1428 4742 1549 4811 fecit
1575 4742 1763 4797 ctutum

175 4835 219 4878 et
247 4838 472 4880 terram.
499 4825 653 4892 Quod
681 4827 976 4884 estdicere
1011 4846 1024 4882 :
1062 4828 1164 4895 Qui
1195 4830 1393 4899 dignus
1416 4840 1499 4885 est
1530 4832 1759 4899 honore,

172 4929 295 4971 cum
327 4916 451 4987 ipse
469 4917 655 4970 emtum
696 4917 910 4985 fecerit,
937 4918 989 4973 id
1014 4927 1100 4974 est
1131 4920 1406 4990 pralatos,
1464 4932 1518 4975 et
1544 4932 1759 4987 terram,

176 5011 223 5061 id
249 5021 337 5064 est
371 5009 649 5076 subditos,
673 5023 728 5066 et
758 5027 863 5065 non
910 5012 1082 5066 solum
1115 5012 1354 5067 minores
1381 5013 1762 5081 prselatos,sed

172 5113 219 5153 et
243 5107 437 5155 cretum
476 5102 588 5155 caeli
613 5103 757 5171 fecit,
780 5104 833 5159 id
862 5112 946 5158 est
976 5105 1211 5175 majores
1236 5104 1493 5175 praelatos
1524 5107 1763 5177 quisuut

171 5194 355 5246 eretum
383 5192 525 5257 creti,
556 5195 606 5247 id
637 5203 720 5250 est
747 5195 952 5264 praelati
992 5210 1157 5265 super
1201 5198 1443 5253 minores
1481 5198 1755 5268 pra-latos,

174 5284 272 5335 hoc
297 5282 449 5352 quod
496 5283 681 5336 emittm
717 5284 833 5337 caeli
863 5296 1010 5350 sunt,
1057 5287 1177 5355 fecit
1224 5288 1359 5358 ipse,
1401 5298 1455 5344 et
1503 5290 1604 5344 hoc
1655 5290 1756 5345 sibi

173 5373 424 5442 Domino,
456 5376 509 5430 id
538 5386 622 5432 est
648 5379 714 5432 ad
762 5379 1023 5434 honorem
1058 5382 1149 5451 qui
1206 5382 1466 5439 Dominus
1512 5392 1621 5449 est;
1676 5385 1755 5439 vel

171 5467 249 5523 sic
275 5486 290 5522 ε
320 5468 438 5524 Νοη
465 5471 641 5525 solum
676 5473 932 5542 praelatos
954 5483 1008 5528 et
1033 5475 1279 5531 subditos
1304 5476 1432 5531 fecit
1460 5478 1563 5531 hoc
1613 5478 1754 5547 quod

172 5569 317 5625 sunt,
345 5561 439 5616 sed
464 5562 728 5635 eternium
768 5565 902 5631 caeli,
961 5566 1014 5621 id
1072 5575 1157 5622 est
1183 5567 1522 5624 Dominicum
1576 5568 1754 5623 homi-

174 5664 311 5715 nem,
351 5651 441 5722 qui
472 5653 670 5708 cozlum
704 5663 787 5709 est
815 5671 977 5726 super
994 5671 1187 5713 omnes
1212 5657 1401 5713 cmlos.
1431 5658 1496 5716 Et
1528 5660 1630 5715 hoc
1660 5675 1755 5714 rte-

1870 4562 2001 4616 etc.,
2030 4552 2174 4621 quod
2199 4551 2331 4605 solis
2352 4551 2588 4622 pra-latis
2609 4562 2922 4622 competere
2958 4553 3190 4607 videtur.
3221 4554 3455 4608 Senten-

1870 4644 1943 4698 tia
1972 4653 2149 4698 tamen
2189 4646 2378 4699 eadem
2413 4653 2518 4708 est,
2544 4645 2588 4699 si
2620 4645 2690 4699 sit
2721 4646 3004 4715 responsio
3049 4646 3317 4710 omnium,
3366 4649 3449 4703 vel

1869 4735 2149 4805 responsio
2168 4736 2505 4790 solummodo
2533 4735 2904 4806 praebitorum.
2923 4735 2979 4791 Si
3012 4736 3178 4807 igitur
3203 4738 3273 4791 sit
3299 4753 3450 4792 com-

1866 4829 2046 4882 munis
2073 4828 2315 4883 omuium
2342 4829 2645 4899 responsio,
2677 4830 2757 4885 sic
2791 4831 3099 4901 adoptatur.
3142 4830 3374 4898 Qumris,
3420 4849 3452 4885 o

1864 4921 2158 4989 Propheta,
2188 4934 2408 4993 propter
2429 4924 2556 4992 quid
2586 4937 2687 4994 ego
2711 4939 2861 4979 mare
2890 4924 3061 4995 fugio,
3089 4934 3144 4979 et
3187 4940 3288 4994 ego
3331 4923 3451 4979 Jor-

1865 5013 2020 5069 dauis
2046 5029 2340 5069 conversus
2373 5029 2510 5079 sum,
2542 5024 2595 5068 et
2623 5030 2723 5070 nos
2765 5025 2976 5071 montes
2995 5025 3051 5071 et
3079 5016 3247 5071 colles
3262 5016 3448 5070 exsul--

1863 5107 2121 5160 tavimus.
2152 5105 2276 5161 llzec
2307 5116 2488 5162 autem
2508 5108 2688 5162 omnia
2722 5109 2847 5163 inde
2878 5108 3238 5178 contigerunt,
3265 5110 3387 5177 quia
3417 5126 3448 5163 a

1862 5198 1998 5267 facie
2030 5196 2238 5250 Domini
2264 5209 2404 5252 mota
2428 5209 2501 5251 est
2524 5209 2685 5263 terra,
2710 5210 2819 5255 etc.
2853 5197 2961 5254 Hos
2986 5207 3165 5253 autem
3215 5198 3295 5253 sic
3359 5213 3447 5251 re-

1860 5289 2209 5359 spondentes,
2241 5288 2441 5345 idcirco
2469 5291 2734 5363 Pr0phcta
2763 5293 2985 5355 inducit,
3020 5307 3084 5345 ne
3099 5292 3296 5362 aliquis
3334 5292 3448 5346 haec

1860 5393 1957 5451 per
2020 5380 2129 5433 vim
2179 5382 2551 5450 praebitorum,
2603 5384 2683 5439 vel
2744 5400 2841 5455 per
2887 5384 3114 5439 liberum
3161 5386 3446 5440 arbitrium

1860 5473 2030 5529 maris
2059 5482 2113 5529 et
2166 5473 2419 5530 Jordanis
2473 5476 2614 5531 facta
2649 5491 2772 5532 esse
2820 5486 3053 5547 putaret.
3102 5477 3235 5530 (lum
3264 5487 3444 5531 autem

1858 5566 1962 5622 hoc
1991 5575 2286 5631 removeat,
2322 5566 2494 5621 innuit
2520 5568 2702 5623 omnia
2734 5569 2850 5624 haec
2876 5569 2987 5625 Deo
3018 5583 3139 5624 esse
3172 5568 3444 5623 ascribeu-

1860 5662 1948 5727 da,
1980 5661 2045 5716 ad
2076 5660 2251 5716 laudis
2277 5661 2395 5731 ejus
2431 5663 2930 5733 exaggerationem.
2961 5661 3301 5733 Apostmpha
3316 5674 3445 5718 vero
