3872 6320
470 337 609 392 1243

1018 328 1076 384 5.
1119 327 1465 387 BBUNONIS
1500 329 2140 389 CARTIIUSIANORUM
2182 332 2671 392 lNSTlTUTORlS
2704 335 2872 394 ΟΡΡ..
2894 337 3076 395 PARS
3119 339 3158 394 l.

3571 345 3681 402 {illi

465 467 584 520 q'ta:
615 449 880 516 sequitur,
919 461 1038 501 cum
1070 446 1199 501 dicit
1235 465 1248 502 :
1280 446 1402 502 Non
1428 447 1598 514 nobis,
1665 463 1784 516 qua:
1827 446 2042 516 quidem
2076 449 2120 506 Α
2149 463 2227 502 res
2259 451 2464 515 mortis,
2488 454 2581 506 sed
2611 462 2658 506 et
2681 453 2913 521 pericula
2943 453 3140 522 inferni
3187 454 3484 508 int-eneruat
3530 475 3616 521 me,
3641 463 3686 517 id

465 541 533 594 al
564 541 706 594 solos
727 538 976 606 pl‘tlfiiltOS
999 538 1167 610 458
1197 541 1413 605 attinet,
1445 542 1632 595 eodem
1657 541 1816 596 modo
1863 549 1919 594 ut
1949 555 2042 594 su-

465 629 647 699 pcrius
685 629 992 699 adoptatur.

962 717 1027 772 ΙΝ
1068 717 1396 772 PSALMUM
1425 715 1600 773 CXIV.

536 807 746 862 Titulus
771 811 1050 864 centesimi
1087 810 1279 863 decimi
1313 809 1491 877 quarti
1525 826 1536 861 :
1573 807 1818 864 Alleluia.
1851 809 1904 863 ln
1941 808 2044 865 boc

462 901 674 970 psalmo
717 903 932 969 quidem
981 910 1064 955 est
1113 917 1210 955 vox
1255 902 1692 972 congregationis
1752 903 1989 957 ﬁdelium
2025 946 2040 969 ,

459 992 861 1045 ostendenlium
888 991 1147 1058 integram
1177 1006 1336 1059 quam
1367 1007 1492 1060 erga
1528 993 1693 1046 Deum
1726 993 1922 1048 habent
1957 994 2041 1049 di-

459 1080 766 1144 lectionem,
804 1081 1046 1136 contuitu
1075 1081 1459 1136 beneﬁciorum
1516 1092 1569 1138 et
1595 1100 1714 1154 qua:
1742 1083 1856 1152 jam
1911 1101 2042 1141 con-

463 1174 604 1238 tulit,
645 1183 697 1227 et
727 1188 844 1241 qua:
869 1174 1044 1227 adlmc
1070 1175 1461 1229 estcollaturus
1486 1191 1501 1240 ;
1535 1193 1654 1246 qum
1680 1177 1842 1232 etiam
1864 1188 2041 1232 ostcn'

469 1265 624 1318 dunt.
651 1265 713 1319 Et
742 1266 840 1320 hoc
864 1266 928 1318 ad
960 1266 1372 1322 instructionem
1397 1269 1726 1324 audientium
1761 1281 1919 1326 :ntet
1944 1272 2039 1341 ipsi

460 1355 768 1410 corumdem
795 1358 1176 1412 beneﬁciorum
1198 1361 1464 1426 contuitu,
1499 1363 1663 1417 Deum
1694 1364 1902 1434 intrng
1923 1365 2043 1419 dili-

459 1457 606 1516 gant,
636 1458 689 1502 et
712 1449 790 1503 sic
821 1449 1024 1519 integra
1055 1451 1342 1507 dilectione
1369 1469 1489 1508 cum
1516 1454 1755 1510 laudent.

535 1538 1064 1605 Dile:ri,Dominum,
1119 1543 1325 1612 integra
1379 1545 1691 1602 dilectione.
1735 1548 1868 1603 Cum
1913 1549 2042 1603 dicit

466 1643 526 1684 se
558 1627 838 1684 Dominum
867 1631 1140 1698 dilexisse,
1175 1633 1350 1688 innuit
1377 1650 1590 1704 quoque
1625 1651 1680 1690 se
1714 1637 2041 1707 omnialcgis

465 1731 731 1789 prmerpta
792 1724 1114 1792 complesse.
1173 1723 1304 1778 Nam
1339 1726 1390 1778 in
1436 1726 1726 1780 dilectione
1787 1737 1896 1782 tota
1953 1729 2037 1786 lex

2148 547 2248 604 est,
2282 541 2406 594 vitia
2433 558 2551 611 qua:
2579 552 2704 598 sunt
2729 544 2988 613 pericula,
3012 560 3107 614 per
3133 559 3252 612 quis
3279 544 3490 598 venitur
3529 549 3588 602 ad
3624 553 3682 606 in-

2149 627 2384 693 fernum,
2421 631 2601 683 tandiu
2636 645 2721 683 me
2745 643 3028 700 persecuta
3059 641 3187 686 sunt
3225 640 3282 683 ut
3307 633 3591 688 invenirent
3615 654 3676 692 se-

2145 718 2380 772 cundum
2422 735 2747 774 consensum
2773 732 2827 776 et
2856 723 3053 776 malam
3089 725 3482 793 operationem,
3539 738 3586 781 et
3623 732 3682 785 sic

2147 823 2233 862 me
2260 807 2433 862 valida
2467 809 2783 866 inﬁrmitate
2813 812 3236 867 bumiliaverunt
3266 824 3324 867 nt
3351 830 3446 884 per
3477 832 3554 870 me
3578 837 3684 873 nun.

2145 917 2304 970 quam
2329 917 2542 970 possem
2567 905 3024 976 exsurgere.Cum
3045 907 3211 976 igitur
3224 907 3303 962 sic
3329 922 3499 962 essent
3521 926 3548 963 a
3568 913 3683 965 dolo-

2148 991 2296 1043 ribus
2319 991 2706 1057 circumdatus,
2733 1005 2786 1048 et
2811 1009 2839 1048 a
2869 995 3126 1064 periculis
3155 996 3428 1060 iuventus,
3467 1001 3682 1066 quoniam

2145 1082 2302 1136 aliter
2349 1097 2453 1134 non
2495 1097 2645 1137 eram
2684 1099 2965 1149 evasurus,
3022 1087 3194 1140 mreni
3257 1085 3686 1147 animadversione

2144 1171 2536 1226 tribulationem
2575 1173 2814 1242 ipsorum
2846 1174 3231 1244 periculorum,
3263 1187 3311 1230 et
3339 1177 3562 1232 dolorem
3578 1183 3686 1234 mul-

2147 1263 2381 1332 tipliccm
2431 1265 2777 1320 mortalitatis
2803 1276 2858 1320 et
2890 1267 3286 1334 passibilitatis,
3345 1284 3453 1338 quo
3485 1270 3684 1326 circnm-

2142 1353 2300 1410 datus
2323 1371 2493 1410 eram.
2537 1357 2691 1424 Quod
2749 1366 2832 1412 est
2885 1358 3110 1414 dicere:
3143 1359 3518 1416 Animadverti
3574 1366 3688 1434 quod

2144 1449 2296 1517 prius
2354 1463 2460 1503 non
2512 1449 3005 1505 animadverteram
3039 1490 3053 1512 ,
3097 1449 3308 1505 seilicet
3345 1461 3540 1521 quanta
3573 1464 3688 1509 esset

2146 1539 2420 1594 tribulatio
2435 1548 2490 1601 et
2517 1540 2670 1594 dolor
2693 1555 2863 1604 meus,
2886 1551 2932 1593 et
2963 1541 3044 1594 sic
3069 1541 3305 1595 invocavi
3329 1557 3514 1595 nomen
3539 1541 3688 1596 Domi-

2143 1634 2221 1694 ni,
2253 1632 2304 1686 id
2334 1641 2418 1687 est
2477 1633 2626 1686 oravi
2669 1632 2955 1686 Dominttm
3010 1633 3452 1688 consideratione
3492 1636 3690 1692 nominis

2145 1722 2252 1787 sui,
2283 1723 2424 1793 quod
2451 1731 2538 1777 est
2570 1723 2846 1778 Dominus.
2873 1724 2950 1778 Ae
3003 1725 3048 1777 si
3093 1724 3302 1778 diceret
3328 1741 3341 1776 :
3368 1723 3690 1779 Cons‘derans

459 1825 492 1877 p
526 1823 562 1864 ιι
585 1810 654 1864 let
675 1818 723 1864 et
756 1790 1029 1880 prophetae
1054 1813 1267 1883 (Matth.
1301 1832 1434 1877 xxtt,
1455 1815 1564 1885 ill).
1593 1817 2040 1888 Adjtmgitantem

2148 1827 2268 1864 etim
2313 1811 2735 1881 on'mipntentem
2784 1828 2905 1868 esse
2928 1813 3218 1868 occasione
3269 1814 3450 1880 magni
3483 1808 3685 1868 neminis

459 1915 817 1971 causatn'qra
844 1919 882 1956 'e
910 1903 1095 1957 dilexit
1125 1905 1202 1958 sic
1238 1923 1249 1958 :
1283 1904 1403 1959 Ideo
1433 1906 1594 1959 dilexi
1623 1908 1826 1976 iu'cgrc
1863 1907 2043 1962 Domi-

457 2005 610 2055 num,
635 1993 884 2060 quoniam
913 2004 1122 2048 certum
1147 2004 1230 2048 est
1256 1995 1384 2048 mihi
1419 1997 1561 2064 quod
1598 1996 1849 2050 Dominus
1880 2014 2044 2050 exau-

455 2079 584 2144 diet,
607 2083 902 2136 secundum
933 2083 1184 2139 effectum
1213 2086 1264 2140 in
1298 2087 1496 2152 ﬁtturo,
1521 2088 1608 2156 qui
1636 2089 1848 2159 bicjam
1877 2105 2042 2142 exau-

459 2173 858 2230 ditsecnndnm
896 2178 1327 2248 dispositionem.
1387 2197 1559 2234 vocem
1604 2183 1860 2236 orationis
1893 2199 2038 2246 metu,

458 2263 510 2316 id
533 2275 616 2320 est
645 2282 828 2322 vocent
853 2271 1179 2325 exteriorem
1205 2274 1631 2342 deprecaIiVam,
1661 2275 2040 2344 procedentem

460 2356 530 2410 ab
565 2361 810 2413 oratione
841 2375 957 2413 mea
989 2361 1258 2426 interiori,
1287 2363 1338 2416 id
1364 2372 1447 2416 est
1469 2381 1496 2415 a
1545 2363 1682 2416 bona
1736 2362 2038 2418 aﬁ't'etioxe.

457 2445 611 2512 Quod
632 2457 716 2501 est
745 2449 926 2504 dicere
958 2467 970 2503 :
1005 2450 1128 2503 Ideo
1157 2465 1277 2505 eum
1309 2453 1514 2521 integre
1537 2451 1703 2507 dilexi
1757 2464 1812 2506 et
1855 2454 2040 2521 diligo,

455 2537 585 2605 quia
625 2537 738 2591 scio
767 2553 890 2592 cum
920 2539 1282 2608 perlecturum
1317 2543 1367 2595 in
1395 2542 1598 2607 l'utm'o,
1628 2543 1770 2612 quod
1810 2541 2044 2600 aﬁ’ectio-

463 2645 531 2682 ne
567 2638 622 2683 et
670 2645 799 2683 voce
834 2633 981 2685 oravi
1019 2641 1072 2687 et
1102 2649 1218 2688 oro.
1268 2633 1401 2688 Cum
1438 2635 1570 2690 dicit
1623 2635 1805 2701 dilexi,
1833 2637 1924 2690 dat
1955 2638 2042 2690 in-

470 2719 710 2790 telligere
747 2735 805 2774 se
847 2723 959 2792 jam
992 2723 1043 2776 in
1093 2724 1380 2779 dilectione
1433 2727 1754 2795 perstitisse,
1803 2735 1855 2780 et
1895 2727 1948 2780 in
1979 2742 2039 2781 ca

459 2813 800 2882 augmentari
834 2830 892 2866 se
918 2815 1154 2880 assidue,
1180 2825 1233 2870 et
1261 2833 1356 2887 per
1402 2817 1502 2872 boc
1548 2819 1717 2888 magis
1765 2820 2042 2876 auditores

458 2903 526 2958 ad
558 2903 898 2958 dilectionem
935 2907 1158 2972 invitat;
1189 2909 1374 2972 dilexi,
1403 2910 1643 2979 inquam,
1685 2912 1808 2981 quia
1877 2929 2043 2966 exau-

459 2994 584 3057 diet,
618 3003 672 3048 et
700 3012 802 3048 non
836 2995 1007 3050 solum
1040 2999 1163 3066 quia
1190 2999 1240 3052 in
1273 2989 1452 3055 futuro
1473 3004 1740 3067 exaudiet,
1770 3004 2040 3057 sedeliam

2143 1899 2280 1968 ejus,
2307 1905 2449 1972 quod
2474 1912 2556 1958 est
2585 1905 2861 1968 Dominus,
2892 1907 3124 1959 invocari
3153 1923 3294 1969 eum,
3329 1905 3380 1959 id
3406 1915 3488 1961 est
3514 1907 3561 1960 in
3587 1908 3692 1963 alic-

2145 1993 2328 2045 ctioae
2351 1993 2595 2047 interiori
2617 1994 2765 2046 oravi
2796 2009 2919 2048 eum
2949 1994 3046 2058 ita,
3079 1994 3268 2048 dicens
3295 2011 3308 2047 :

2213 2083 2379 2154 459
2407 2083 2452 2137 0
2473 2083 2691 2138 Domine
2719 2125 2734 2149 ,
2785 2084 2948 2138 libera
2995 2086 3226 2138 animam
3267 2101 3438 2138 meum
3465 2096 3518 2140 ct
3548 2086 3622 2140 bic
3640 2089 3698 2141 de

2145 2175 2430 2244 periculis,
2469 2184 2522 2229 et
2553 2175 2605 2230 in
2648 2176 2827 2229 l'nturo
2856 2176 2923 2230 de
2959 2175 3259 2230 doloribus.
3293 2177 3440 2230 lslud
3467 2218 3480 2240 ,
3513 2194 3570 2241 o-,
3606 2194 3690 2231 non

2144 2266 2228 2320 e’st
2287 2265 2532 2320 vocative
2588 2266 2852 2336 positum,
2906 2265 3000 2321 sed
3049 2266 3311 2335 optativa.
3387 2266 3440 2320 l'u
3506 2267 3700 2321 Debui-o-

2145 2357 2339 2426 quippe
2369 2357 2594 2411 habetur
2619 2374 2758 2411 anim
2785 2357 3011 2412 Adonai.
3051 2359 3207 2412 Anna
3239 2373 3370 2413 vero
3406 2361 3606 2429 signum
3627 2371 3703 2413 est-

2145 2445 2454 2514 optationis.
2497 2445 2762 2499 Caeterum
2786 2486 2802 2512 ,
2830 2447 2954 2516 quia
2981 2462 3078 2501 nos
3110 2445 3284 2501 Latini
3331 2462 3437 2500 non
3472 2447 3696 2502 babenms

2145 2548 2332 2587 vorem
2359 2535 2486 2589 huic
2508 2535 2656 2598 voci,
2687 2549 2805 2603 qua:
2843 2543 2929 2589 est
2950 2551 3088 2588 anna
3109 2574 3125 2600 ,
3149 2535 3595 2606 arquipolleotem,
3621 2551 3694 2604 po-

2145 2626 2308 2680 situm
2331 2634 2416 2680 est
2446 2643 2508 2691 o,
2553 2626 2695 2696 quod
2747 2627 2961 2698 signum
3003 2637 3086 2680 est
3126 2628 3442 2695 optationis.
3491 2625 3627 2681 Unde
3651 2628 3694 2682 in

2144 2716 2466 2786 quibusdam
2485 2716 2900 2770 trauslatoribus
2919 2717 3209 2782 invenitur,
3227 2717 3462 2781 obsecro,
3487 2717 3693 2770 Domine.

2149 2808 2276 2862 Dico
2304 2809 2446 2878 quod
2495 2809 2724 2861 invoravi
2775 2807 3058 2862 Dominum
3105 2810 3334 2863 dicens:
3388 2808 3434 2863 0
3483 2809 3692 2873 Domine,

2145 2899 2307 2952 libera
2331 2901 2563 2953 animam
2587 2915 2753 2952 meam
2773 2939 2788 2963 ,
2816 2907 2870 2952 et
2903 2898 2966 2952 in
2988 2899 3169 2953 futuro
3193 2914 3222 2952 a
3250 2899 3526 2953 doloribus
3554 2900 3698 2966 passi-.

2143 2988 2369 3045 bilitatis
2391 3030 2406 3054 ,
2446 2998 2501 3044 et
2532 2990 2618 3043 bic
2641 3006 2669 3042 a
2695 2989 2951 3058 periculis
2981 2989 3176 3042 inferni
3196 3029 3210 3053 ,
3262 3000 3315 3044 et
3357 2991 3440 3044 sic
3469 2991 3696 3042 invocans

465 3086 592 3153 quia
635 3086 722 3140 hic
745 3086 862 3156 jam
897 3087 1162 3142 inclinavit
1213 3106 1394 3144 aurem
1443 3108 1592 3145 suam
1625 3093 1751 3146 milii
1801 3094 2033 3155 inﬁrmo.

2148 3081 2432 3135 Dominum
2465 3080 2770 3134 humiliatus
2799 3097 2914 3133 sum
2946 3080 2998 3133 in
3045 3079 3330 3134 alTectione
3361 3081 3594 3134 interiori
3615 3120 3628 3143 ,
3653 3081 3706 3132 id-

460 3175 512 3228 id
538 3186 623 3229 est
649 3179 1085 3232 condescendere
1118 3178 1245 3234 fecit
1273 3197 1458 3236 aurem
1515 3183 1900 3238 misericordiae
1929 3200 2039 3238 sua:

460 3264 592 3319 mibi
624 3266 876 3322 inﬁrmo:
909 3283 937 3321 a
967 3269 1317 3327 similitudine
1363 3273 1578 3338 medici,
1610 3289 1796 3328 aurem
1825 3275 2042 3331 inﬁrmo

460 3353 553 3420 qui
595 3355 735 3424 loq'zi
781 3357 864 3410 vix
900 3360 1425 3426 potestinclinantis.
1486 3362 1638 3429 Quod
1690 3365 1980 3419 estdicere
2025 3385 2038 3421 :

463 3443 578 3498 Non
611 3446 784 3500 solum
808 3450 1065 3517 quodoro
1097 3451 1146 3504 in
1178 3451 1358 3506 futuro
1381 3455 1647 3518 exaudiet,
1702 3464 1759 3508 ut
1823 3457 2040 3510 tandem

468 3535 738 3603 perﬁriat,
794 3539 886 3591 sed
915 3553 1038 3592 cum
1095 3541 1344 3596 inﬁrmus
1373 3559 1565 3606 essem,
1605 3553 1659 3597 et
1693 3561 1789 3613 pro
1807 3547 2044 3601 inﬁrmi-

463 3633 574 3680 tate
599 3641 721 3680 eum
742 3643 978 3696 O'arem,
1013 3633 1169 3689 nullis
1195 3643 1372 3690 tamen
1401 3635 1617 3705 adjutus
1648 3640 1855 3694 meritis
1881 3642 2040 3708 meis,

467 3733 534 3772 ex
567 3718 677 3772 sola
701 3721 871 3788 graia
910 3739 992 3776 me
1021 3726 1312 3792 examlivit,
1344 3737 1402 3782 ut
1438 3730 1724 3797 perliceret
1755 3733 1894 3800 quod
1917 3747 2042 3787 ora-

467 3808 611 3862 bant.
649 3810 781 3865 Cum
805 3813 934 3866 dicit
967 3815 1131 3869 Deum
1163 3817 1264 3870 sibi
1287 3834 1470 3873 aurem
1496 3819 1810 3885 inclinasse,
1869 3823 2045 3877 innuit

465 3915 527 3955 se
555 3917 762 3958 orasse.
797 3903 867 3960 Ut
895 3916 1074 3960 autem
1101 3910 1441 3965 auditoribus
1467 3915 1770 3982 exemplum
1806 3917 2044 3984 praebeat

461 3990 661 4059 iugiter
679 3995 890 4054 Grandi,
929 3999 1097 4067 utqui
1124 4009 1224 4052 stat
1253 4001 1432 4056 videat
1459 4017 1522 4056 ne
1545 4003 1700 4056 cadat
1732 4003 1782 4072 (Ι
1811 4003 1933 4057 Cor.
1981 4020 2039 4069 x,

468 4083 590 4148 l2),
623 4098 680 4138 se
712 4087 947 4153 quandiu
983 4088 1032 4140 in
1069 4089 1169 4142 hac
1193 4091 1301 4144 vita
1331 4093 1732 4146 eritoratnrmn
1787 4094 2039 4156 aﬁirmat,

466 4172 544 4224 sic
573 4188 588 4225 :
620 4172 921 4242 Inclinavit,
947 4177 1190 4246 inquam,
1229 4197 1406 4233 aurem
1463 4199 1612 4234 suam
1644 4183 1790 4246 mihi,
1831 4184 2045 4237 inﬁrmo

464 4265 662 4318 oranti.
698 4267 760 4324 Et
791 4277 848 4321 ιιι
871 4267 1071 4334 jugiter
1103 4271 1228 4323 mibi
1257 4288 1442 4327 aurem
1475 4275 1697 4327 inclinet
1722 4315 1735 4338 ,
1769 4276 2040 4339 invocabo,

465 4352 518 4406 id
541 4363 625 4408 est
655 4354 705 4408 in
729 4355 1012 4412 alfectioue
1036 4359 1408 4416 interiorientn
1437 4366 1621 4430 orabo,
1648 4367 1700 4418 in
1723 4366 1902 4418 diebus
1920 4367 2045 4421 ruris

2145 3183 2228 3228 est
2258 3189 2380 3226 cum
2415 3173 2713 3226 humilitate
2740 3171 3044 3226 aﬁ'ectionis
3069 3182 3124 3226 et
3146 3173 3454 3226 devotionis
3481 3174 3693 3227 invocavi

2143 3279 2265 3318 eum
2317 3273 2569 3332 reputans
2611 3279 2695 3316 Ine
2725 3262 3133 3317 iusullieientem
3177 3278 3334 3327 esse,
3390 3272 3448 3316 ut
3501 3280 3588 3332 per
3625 3279 3694 3316 me

2145 3355 2419 3408 liberaret.
2447 3354 2510 3406 Et
2532 3354 2656 3422 quia
2684 3353 2991 3407 humiliatus
3017 3370 3153 3418 sum,
3191 3353 3452 3408 Dominus
3490 3354 3693 3406 liberant

2135 3447 2249 3516 jam
2284 3462 2363 3499 me
2401 3462 2430 3499 a
2477 3446 2822 3500 tribulatione
2865 3446 3228 3516 periculorum
3273 3446 3510 3510 inferni,
3555 3445 3694 3500 idest

2145 3539 2318 3600 vitiis,
2351 3553 2419 3593 ne
2458 3538 2587 3592 mibi
2619 3547 2826 3592 tantum
2857 3547 3117 3606 quantum
3171 3539 3322 3608 prius
3373 3537 3691 3608 pﬁevaleant.

2147 3631 2436 3697 Dominus,
2475 3631 2692 3699 inquam
2719 3669 2735 3694 ,
2777 3629 3020 3686 existens
3060 3632 3358 3684 misericors
3406 3631 3460 3684 in
3494 3639 3694 3689 natura.

2144 3733 2192 3776 et
2208 3723 2385 3792 justus
2406 3761 2420 3787 ,
2453 3733 2500 3775 et
2535 3721 2676 3774 Deus
2706 3732 2897 3775 noster.
2933 3721 3096 3788 Quasi
3143 3722 3289 3775 dicat
3318 3739 3334 3775 :
3372 3721 3456 3776 Me
3482 3722 3700 3775 iilzeravit

2145 3816 2234 3886 qtti
2270 3816 2500 3869 liberare
2531 3829 2618 3868 me
2642 3814 2844 3879 debuit,
2870 3828 2990 3868 cum
3013 3813 3082 3867 sit
3105 3814 3425 3878 misericors,
3455 3815 3698 3882 etjustns:

2146 3918 2200 3962 et
2251 3907 2343 3976 qni
2379 3907 2614 3962 liberare
2674 3920 2759 3958 me
2801 3906 3003 3973 potuit,
3057 3920 3181 3960 eum
3229 3906 3301 3959 sit
3347 3904 3491 3960 Deus
3541 3915 3702 3958 noster

2145 3996 2504 4063 omnipotens.
2534 3993 2779 4050 Ostendit
2808 4003 2988 4048 autem
3029 3993 3168 4046 unde
3195 3993 3572 4062 comprobezttr
3615 3993 3697 4042 mi-

2145 4088 2365 4142 sericors
2391 4096 2439 4139 et
2454 4086 2633 4154 justus
2657 4125 2672 4150 ,
2703 4085 2949 4140 addendo
2974 4085 3200 4153 singulis
3235 4083 3443 4153 singula
3473 4084 3582 4136 sic:
3611 4081 3693 4133 Mi-

2145 4183 2364 4236 sericors
2388 4191 2492 4247 est,
2547 4189 2601 4236 et
2635 4181 2756 4234 inde
2781 4181 3163 4248 comprobatur
3192 4179 3505 4232 misericors
3549 4176 3596 4228 in
3620 4190 3700 4227 n.1-

2149 4285 2296 4337 tura,
2346 4275 2472 4344 quia
2523 4275 2800 4326 miseretur
2843 4270 3204 4340 impentlendo
3249 4266 3420 4324 multa
3467 4269 3700 4323 beneﬁcia

2148 4365 2549 4420 miscricordi:e.
2600 4363 2666 4417 Et
2722 4363 2847 4416 inde
2902 4362 3290 4430 comprobatur
3344 4375 3466 4415 esse
3503 4359 3699 4428 justus;

468 4442 726 4504 existens,
766 4445 922 4498 idest
947 4447 1126 4499 tandin
1154 4464 1276 4500 eum
1310 4449 1570 4502 invocabo
1592 4452 1828 4518 quandin
1877 4451 1926 4503 in
1960 4453 2043 4504 Itis
2075 4461 2119 4516 Ι)
2145 4457 2268 4526 quia
2291 4467 2374 4510 est
2400 4454 2695 4508 custodiens
2732 4453 2974 4522 parrulos
2995 4492 3010 4517 ,
3044 4452 3096 4506 id
3133 4459 3218 4506 est
3249 4450 3432 4506 ﬁdeles
3469 4465 3590 4505 suos
3625 4447 3701 4517 qui

468 4531 658 4586 diebus
683 4535 1008 4591 transitoriis
1030 4552 1154 4602 ero;
1181 4540 1272 4608 qui
1301 4541 1403 4593 mei
1438 4550 1599 4604 sunt,
1657 4558 1795 4610 quos
1835 4542 2046 4597 scilicet

467 4636 569 4691 ego
597 4638 742 4678 meos
771 4625 870 4679 l'eci
901 4666 916 4690 ,
954 4628 1080 4681 dum
1125 4643 1220 4684 eos
1265 4631 1536 4698 peccando
1578 4632 1628 4684 in
1689 4632 1859 4685 Adam
1912 4633 2041 4687 milii

469 4713 757 4781 acquisivi.
835 4714 1082 4770 Ostendit
1143 4729 1322 4771 autem
1386 4719 1528 4772 unde
1583 4735 1706 4772 eum
1756 4721 1808 4774 in
1863 4719 2045 4775 l‘utnro

470 4803 736 4869 exaudiet,
767 4804 844 4860 sic
875 4822 887 4858 :
917 4805 1044 4860 Dico
1071 4808 1326 4875 quoniam
1357 4809 1598 4862 exaudiet
1657 4809 1912 4863 Dominus
1959 4828 2046 4864 ro-

475 4910 584 4949 cem
607 4897 859 4949 orationis
893 4913 1038 4950 mete.
1072 4898 1136 4950 Et
1158 4913 1377 4952 necesse
1395 4901 1611 4968 quidem
1657 4910 1740 4954 est
1773 4909 1833 4955 ut
1881 4917 2048 4955 exau-

472 4986 615 5040 diat:
641 4987 764 5056 quia
792 4989 1241 5042 circumdederunt
1271 5007 1350 5042 me
1380 4992 1606 5054 dolores,
1624 4993 2046 5061 quisuntrausm

477 5077 676 5140 mortis,
712 5083 985 5146 corporeae
1017 5078 1240 5138 scilicet.
1274 5089 1348 5133 tot
1379 5083 1620 5136 sustineo
1648 5083 1860 5136 dolores
1905 5099 2050 5136 mor-

477 5167 703 5222 talitatis
726 5177 781 5220 et
810 5168 1204 5237 possibilitatis,
1226 5173 1421 5240 quibus
1459 5175 1770 5242 pervenitur
1794 5174 1860 5228 ad
1903 5190 2050 5229 mor-

477 5266 586 5314 tem
637 5263 909 5331 corporis,
970 5270 1027 5316 ut
1055 5263 1177 5318 inde
1200 5273 1343 5320 totus
1373 5281 1470 5334 per
1520 5267 1818 5334 emphasim
1865 5267 2052 5320 videar

479 5366 600 5405 esse
629 5352 1017 5407 circumdatus.
1046 5354 1089 5406 Δ
1119 5356 1316 5422 quibus
1347 5371 1566 5410 necesse
1593 5365 1676 5410 est
1700 5367 1859 5411 nttne
1886 5373 2051 5410 exau-

481 5437 894 5511 ditnm-eripiat
929 5441 983 5495 in
1014 5441 1213 5508 ﬁttnro,
1261 5445 1363 5499 etsi
1402 5447 1558 5498 modo
1601 5460 1704 5497 non
1731 5447 1909 5515 eripit.
1949 5446 2051 5502 Os-

487 5530 656 5583 tendit
677 5545 890 5600 quoque
915 5532 1054 5586 unde
1077 5533 1174 5586 sibi
1197 5549 1380 5588 aurem
1408 5535 1704 5600 inclinavit,
1727 5535 1835 5590 sic:
1859 5535 2052 5590 Aurem

483 5619 722 5702 inquam,
753 5621 878 5673 mihi
918 5621 1207 5686 inclinarit,
1240 5624 1382 5692 quod
1415 5625 1598 5692 utique
1642 5626 1773 5678 mihi
1800 5640 2050 5679 necessa-

492 5709 628 5765 rium
661 5711 782 5766 fuit.
805 5712 920 5768 Non
949 5712 1119 5768 solum
1151 5715 1296 5768 enim
1335 5716 1783 5772 cirrunulederuut
1811 5717 2053 5772 medela-

2149 4563 2207 4604 sc
2247 4547 2497 4618 parvulos
2535 4547 2769 4611 faciunt,
2821 4546 2872 4600 id
2900 4555 2986 4600 est
3022 4545 3251 4600 humiles
3277 4545 3538 4605 custodit,
3583 4558 3641 4597 ne
3675 4556 3700 4594 a

2149 4639 2436 4694 sanctitate
2457 4653 2554 4692 sua
2581 4636 2873 4699 deﬁciant,
2926 4636 3068 4704 quod
3102 4635 3352 4704 equidem
3388 4636 3585 4704 justum
3607 4642 3698 4692 est,

2150 4738 2207 4782 ut
2227 4728 2474 4782 videlicet
2502 4727 2706 4799 parvuli
2736 4725 2803 4780 ab
2817 4741 2883 4780 ee
2904 4725 3294 4780 custodiantur.
3312 4725 3466 4780 Facit
3487 4731 3704 4793 apostro-

2149 4821 2308 4888 pbam
2332 4817 2702 4872 adbortatorie
2735 4815 2802 4870 ad
2833 4815 3069 4870 animam
3099 4831 3254 4870 suam
3285 4817 3405 4870 sic:
3443 4816 3558 4870 Dixi
3596 4813 3712 4882 quia.

2150 4911 2407 4966 Dominus
2429 4910 2540 4980 jam
2579 4908 2830 4963 liberavit
2858 4921 2943 4962 me
2969 4922 2998 4960 a
3038 4907 3292 4976 periculis
3316 4947 3332 4972 ,
3373 4914 3429 4961 ct
3463 4906 3515 4960 in
3547 4905 3703 4958 fututro

2149 5001 2400 5056 exaudiet
2429 5014 2612 5054 vocem
2636 4997 2900 5053 orationis
2957 5013 3088 5053 mea:
3110 5037 3126 5062 ,
3170 5005 3226 5052 et
3267 4997 3390 5052 ideo
3413 5037 3430 5060 ,
3484 5015 3514 5050 ο
3549 4998 3703 5049 animo

2150 5106 2264 5142 mea
2291 5128 2304 5152 ,
2334 5099 2627 5142 convertere
2654 5103 2682 5140 a
2714 5095 2958 5156 respectu:
2989 5086 3366 5151 saecularium,
3417 5087 3472 5140 in
3510 5087 3702 5154 requieta

2152 5193 2329 5245 tuam,
2359 5180 2411 5233 id
2444 5188 2528 5234 est
2559 5179 2611 5232 in
2640 5179 3122 5233 censiderationem
3148 5187 3204 5232 et
3223 5192 3374 5246 spem
3397 5178 3592 5246 requiei
3617 5185 3702 5229 tua:

2153 5269 2367 5324 futurte.
2419 5269 2571 5336 Quod
2625 5277 2710 5323 est
2749 5269 2964 5323 dicere:
3014 5268 3172 5322 Omni
3226 5269 3562 5324 secularium
3596 5280 3704 5321 cura

2153 5361 2480 5432 posthabita,
2512 5361 2728 5416 intende
2751 5368 2812 5422 et
2838 5375 3001 5429 Opere
3021 5371 3077 5415 et
3103 5359 3390 5415 aﬁ‘ectione
3411 5359 3464 5414 in
3491 5360 3704 5428 requieta

2153 5453 2503 5507 beatitudinis
2532 5460 2766 5506 :elernre.
2818 5452 2880 5506 Et
2935 5453 3038 5506 boc
3073 5453 3292 5521 quidem
3319 5452 3499 5508 facere
3523 5452 3667 5506 debes
3689 5487 3702 5512 ,

2153 5544 2276 5612 quia
2304 5542 2556 5594 Dominus
2581 5541 2858 5609 benefecit,
2896 5541 2952 5595 id
2979 5551 3063 5596 est
3086 5541 3408 5606 benefaciet,
3444 5543 3533 5596 tibi
3556 5544 3602 5596 in
3630 5539 3702 5594 ila

2157 5633 2358 5701 requie.
2397 5632 2464 5686 Et
2500 5633 2599 5686 boc
2632 5632 2789 5686 modo
2819 5632 3032 5701 quidem
3063 5632 3368 5688 benefaciet
3396 5633 3526 5688 milii
3547 5672 3562 5697 ,
3598 5631 3700 5700 quis

2159 5723 2366 5794 eripuit,
2381 5722 2430 5777 id
2452 5732 2532 5777 cst
2551 5722 2764 5792 eripiet,
2781 5723 3007 5776 animam
3030 5738 3198 5776 meam
3222 5722 3288 5776 de
3311 5733 3475 5778 morte
3497 5732 3700 5778 :etema:
