3872 6320
143 301 165 355 l
174 299 272 356 9.45

1091 296 1452 355 ΕΧΡΟἚΙΤΙΟ
1479 297 1547 354 ΙΝ
1589 298 1922 354 PSALMOS.
1967 331 2033 340 —
2065 301 2256 357 PSAL.
2289 305 2446 360 CXV.

3271 281 3409 377 talia

141 419 238 483 vel,
267 414 462 488 eripiet
499 415 736 472 animam
773 429 946 471 meam
982 414 1048 470 de
1080 426 1284 483 morte,
1321 417 1376 473 id
1421 427 1506 474 est
1539 417 1720 498 .vitam
1750 425 1797 482 Α
1825 420 1916 488 qui
1945 419 2106 477 homo
2126 431 2207 477 est
2239 423 2562 493 simpliciter
2583 429 2791 486 scilicet
2820 440 3066 492 terrenus
3104 452 3213 492 non
3245 437 3406 507 spiri-

139 525 308 568 meam
361 509 430 564 de
476 508 809 564 mortalitate
854 518 909 564 et
960 509 1356 579 passihilitatc,
1415 519 1471 567 et
1529 511 1725 584 eripiet

1828 509 1979 574 talis,
2013 513 2184 582 magis
2209 516 2521 584 appretians
2549 518 2688 596 hanc
2711 521 2876 577 vitam
2907 541 3068 594 quam
3099 538 3356 584 :etcrnam
3384 569 3401 596 ,

139 602 307 658 oculos
330 617 530 658 mensa
556 602 832 672 lacrymis,
865 617 934 657 ne
959 617 1043 656 me
1074 602 1301 658 ulterius
1336 601 1623 674 lacrymari
1650 604 1721 659 sit
1823 602 1947 658 dum
1977 602 2119 658 hanc
2147 605 2454 674 impendere
2479 593 2720 678 dubitat,
2764 628 2862 682 pro
2904 593 2993 670 illa
3027 619 3254 673 mendax
3280 593 3398 685 est,

136 706 381 759 necesse,
410 691 558 747 sicut
598 692 686 746 hic
727 693 942 762 expedit
974 708 1070 762 pro
1098 701 1442 762 peccatorum
1467 694 1715 749 recorda-

137 786 273 842 tione
297 824 314 852 ,
343 793 400 840 et
443 799 548 856 pro
573 793 789 840 aeterna:
816 786 1002 854 patriae
1043 785 1318 840 dilatione.
1359 786 1510 842 Unde
1535 785 1718 840 Domi-

126 890 229 933 “nus
257 878 308 932 in
349 876 686 947 Evangelio:
733 895 751 927 ι
777 877 946 941 Beati,
994 877 1196 947 inquit,
1225 877 1315 948 qui
1367 894 1509 932 nunc
1553 878 1715 944 ﬁctis,

135 969 250 1038 quia
281 967 534 1022 ridebitis
565 965 719 1037 (Luc.
745 982 814 1030 vr,
858 967 972 1037 2|).
1008 986 1026 1018 ι
1083 968 1155 1022 De
1181 967 1362 1021 futuro
1400 983 1525 1022 vero
1568 975 1712 1022 statu

133 1059 204 1112 sic
231 1057 451 1128 legitur:
491 1075 510 1108 ‹
543 1057 830 1128 Abstcrget
874 1057 1015 1112 Deus
1055 1074 1270 1114 omnem
1301 1058 1594 1130 lacrymam
1645 1058 1714 1113 ab

131 1146 288 1202 oculis
321 1153 638 1202 sanctorum
687 1148 872 1217 (Apoc.
917 1165 1043 1214 xxI,
1075 1148 1162 1217 4);
1217 1167 1236 1201 ι
1276 1157 1323 1202 et
1373 1149 1528 1215 pedes
1567 1165 1710 1204 meos

131 1237 406 1292 interiores
431 1277 447 1303 ,
479 1237 797 1294 all'ectiones
833 1240 1058 1306 scilicet,
1109 1240 1304 1310 eripiet
1327 1258 1358 1294 a
1384 1241 1534 1312 lapsu
1564 1241 1710 1297 scili-

131 1337 240 1390 cet,
275 1336 336 1381 ut
368 1336 560 1397 postea
593 1343 692 1384 nec
720 1329 882 1383 etiam
911 1329 961 1382 in
990 1329 1276 1384 allectionc
1298 1329 1479 1392 labar,
1506 1331 1594 1400 qui
1623 1331 1710 1386 hic

131 1417 390 1473 multoties
416 1417 573 1473 labor
598 1419 650 1473 in
681 1419 868 1474 vitium
903 1435 1010 1474 non
1063 1420 1236 1474 solum
1277 1418 1561 1476 affectione
1613 1421 1707 1477 sed

130 1517 176 1563 et
198 1508 528 1579 operatione.
569 1510 638 1564 Et
666 1518 792 1566 tunc
817 1509 1030 1580 placebo
1055 1510 1278 1565 Domino
1309 1525 1406 1582 per
1439 1512 1620 1566 omnia
1653 1513 1706 1566 in

131 1601 263 1655 nullo
282 1615 508 1670 prorsus
537 1599 818 1658 oﬁ'cndens
843 1643 859 1669 ,
909 1603 1000 1674 qui
1037 1603 1124 1659 hic
1154 1604 1205 1658 in
1231 1603 1416 1659 multis
1441 1604 1491 1660 ei
1517 1604 1705 1676 displi-

130 1705 232 1746 ceo.
262 1690 513 1757 Plat-cbo,
543 1692 789 1763 inquam,
829 1694 1070 1750 existens
1095 1695 1150 1748 in
1191 1696 1397 1764 regione
1427 1697 1662 1750 virorum
1683 1737 1700 1764 ,

131 1781 177 1834 id
204 1788 283 1836 est
316 1781 366 1836 in
395 1781 736 1838 Hierusalem
770 1785 979 1840 caelesti
1009 1825 1024 1852 ,
1057 1786 1109 1839 in
1137 1801 1243 1857 qua
1290 1786 1467 1842 nullus
1497 1787 1699 1842 habita-
1737 1773 1776 1832 Β

128 1873 200 1926 bit
223 1913 238 1938 ,
266 1873 366 1928 nisi
396 1872 587 1929 vivens
615 1874 667 1928 in
691 1885 976 1930 aeternum.

583 1967 651 2020 IN
691 1967 1021 2024 PSALMUM
1061 1967 1220 2024 cxv.
1385 2043 1388 2046 Α

193 2054 393 2111 Titulus
447 2058 733 2113 centesimi
786 2060 982 2115 decimi
1035 2061 1208 2131 quinti
1243 2080 1255 2114 :
1290 2061 1541 2116 Alleluia.
1574 2061 1688 2116 Vox

130 2149 365 2206 Ecclesia:
391 2160 717 2223 martyrum,
751 2151 873 2208 lidci
897 2168 1008 2208 sure
1034 2155 1392 2209 constantiam
1415 2165 1466 2209 et
1490 2157 1700 2226 passio-

131 2259 238 2298 nem
268 2259 360 2313 pro
385 2243 487 2299 ﬁde
509 2254 566 2300 ct
591 2245 865 2301 oblatione
903 2247 984 2302 sui
1036 2246 1205 2316 ipsius
1243 2263 1338 2318 per
1379 2249 1697 2318 martyrium

131 2335 488 2392 ostendentis:
550 2347 611 2392 ut
653 2339 930 2394 auditores
980 2340 1210 2394 invitent
1256 2340 1324 2393 ad
1369 2339 1696 2395 laudamlnm

131 2427 280 2482 Deum
318 2427 566 2499 exemplo
620 2445 718 2486 suo
757 2446 855 2502 per
892 2430 1052 2485 ﬁdem
1092 2440 1145 2488 et
1186 2430 1614 2508 co:.lessioucm,
1645 2438 1700 2486 ct

131 2522 444 2592 martyrium.

186 2612 387 2668 Credidi
420 2625 640 2684 propter
683 2617 822 2686 quod
860 2615 1064 2671 locutus
1112 2633 1249 2670 sum.
1300 2615 1544 2671 Psalmns
1597 2615 1698 2672 iste

126 2704 247 2774 apud
276 2703 538 2760 llebraros
565 2707 716 2776 quasi
751 2723 888 2761 unus
918 2719 1200 2776 reputatur
1237 2723 1357 2761 cmn
1395 2706 1693 2776 superiori,

125 2795 232 2863 quia
260 2810 373 2850 eum
403 2811 470 2850 eo
513 2797 592 2852 sic
615 2799 922 2854 continuari
953 2808 1130 2868 potest
1157 2816 1169 2851 :
1204 2798 1322 2853 Dixi
1351 2799 1494 2869 quod
1516 2798 1698 2852 Domi-

126 2903 208 2939 nus
241 2885 409 2956 eripiet
440 2889 683 2941 animam
719 2905 889 2943 meam
934 2891 999 2944 de
1025 2899 1218 2955 morte,
1250 2898 1306 2944 et
1343 2889 1521 2943 oculos
1557 2905 1696 2944 meos

126 2992 152 3026 a
176 2975 432 3046 lacrymis,
459 2986 526 3032 et
563 2980 716 3047 pedes
743 2996 883 3034 meos
911 2996 943 3034 a
971 2979 1152 3048 lapsu,
1201 2989 1258 3034 et
1297 2979 1420 3049 quia
1473 2979 1694 3050 placebo

127 3065 358 3134 Domino;
386 3078 439 3124 et
466 3071 581 3126 lnoc
611 3079 778 3125 totum
809 3072 1007 3125 credidi
1047 3082 1256 3141 propter
1299 3071 1441 3141 quod
1473 3065 1695 3134 credere
1723 3115 1764 3141 ,η

130 3158 278 3224 ipsam
312 3161 693 3218 credulitatem
723 3177 897 3217 meam
933 3163 985 3216 in
1013 3163 1247 3218 evidenti
1297 3165 1501 3218 locutus
1532 3181 1689 3227 sum;

132 3249 206 3302 vel
229 3249 335 3305 sic:
369 3250 434 3306 Ut
455 3251 524 3306 de
547 3252 694 3308 omni
726 3252 829 3308 ﬁde
854 3253 1064 3308 dicatur
1090 3292 1104 3317 ,
1138 3263 1191 3308 et
1233 3253 1304 3308 sit
1331 3253 1567 3322 psalmus
1595 3268 1692 3323 per

135 3353 212 3394 se:
237 3338 278 3395 Ο
296 3342 598 3408 credentes,
625 3342 790 3398 nolite
816 3343 1009 3398 timore
1045 3345 1434 3402 humiliationis
1459 3345 1688 3402 tribula-

136 3431 318 3488 tionum
338 3473 354 3500 ,
383 3450 414 3490 a
439 3435 729 3492 manifesta
755 3436 878 3493 ﬁdei
909 3437 1252 3494 confessione
1284 3439 1546 3495 desistere
1573 3456 1588 3506 ;
1635 3448 1687 3494 et

135 3521 241 3576 inde
264 3538 344 3578 me
369 3525 520 3581 vobis
571 3527 881 3596 exemplum
932 3529 1236 3600 proponite.
1294 3529 1406 3600 Ego
1458 3543 1690 3599 namque

135 3616 342 3683 credidi,
372 3617 423 3672 id
461 3627 555 3674 est
576 3628 781 3674 rectam
811 3620 970 3674 ﬁdem
1001 3621 1056 3674 in
1086 3622 1248 3676 corde
1280 3622 1440 3676 ha':ui
1469 3663 1484 3686 ,
1525 3621 1690 3694 560

131 3711 465 3780 troplerthtl
485 3710 693 3766 locutus
727 3728 842 3764 sum
867 3751 882 3776 ,
925 3710 978 3766 id
1006 3722 1091 3766 est
1114 3723 1298 3780 aperte
1329 3711 1500 3782 ipsam
1529 3713 1686 3766 ﬁdem

132 3811 215 3851 ore
236 3801 503 3858 confessus
528 3818 671 3858 sum.
701 3803 767 3857 Et
791 3803 910 3858 ideo
930 3820 1022 3872 ego
1059 3804 1149 3874 qni
1191 3819 1310 3858 cum
1341 3815 1485 3859 recte
1507 3804 1687 3859 credi-

133 3885 319 3952 derim,
370 3899 425 3944 et
464 3901 618 3946 recte
655 3891 866 3946 locutus
919 3893 1059 3959 sim,
1112 3893 1332 3946 minime
1382 3894 1686 3948 debuissem

134 3974 377 4033 humiliari
408 3999 421 4034 :
451 3981 763 4035 humiliatus
793 3999 912 4037 sum
944 3983 997 4036 in
1027 3983 1462 4039 tribulationibus
1489 3985 1644 4039 nimis
1668 4027 1683 4050 ,

131 4063 274 4120 idest
302 4069 488 4138 valde;
515 4071 633 4137 vel,
662 4073 968 4127 humiliatus
1003 4090 1116 4126 sum
1153 4073 1203 4126 in
1253 4074 1688 4131 trilntlationilms

130 4153 264 4209 nimis
285 4196 299 4220 ,
338 4157 493 4214 idest
523 4175 686 4230 Supra
713 4161 929 4215 modum
967 4178 1098 4216 meae
1129 4162 1455 4234 fragilitatis,
1480 4166 1687 4220 sci‘icct

129 4257 270 4313 Supra
307 4262 463 4317 quam
513 4267 608 4322 pos
641 4260 694 4308 et
745 4251 1007 4321 [agilitas
1049 4268 1166 4306 mea
1201 4254 1322 4322 rati.
1364 4253 1514 4310 Unde
1543 4254 1688 4326 Apu-

129 4335 314 4392 stolus:
348 4359 365 4391 t
403 4339 573 4411 Supra
607 4343 820 4398 modum
850 4343 1065 4414 (inquit)
1099 4346 1305 4416 gravati
1345 4361 1532 4400 sumus
1554 4387 1568 4410 ,
1610 4347 1682 4400 ita

1820 693 1939 746 etsi
1965 693 2094 748 nihil
2118 711 2211 750 ore
2232 697 2376 752 dicat
2402 740 2416 764 ,
2464 716 2585 754 cum
2620 701 2760 757 hanc
2787 704 2948 758 vitam
2990 695 3239 774 opinetur
3281 725 3403 766 esse

1818 783 1940 838 vita:
1990 785 2184 842 futura:
2237 794 2671 860 praeponendam.
2715 794 2779 849 Et
2835 796 2960 866 quia
3009 813 3107 869 ego
3155 801 3404 855 similiter

1817 874 2050 929 mendax
2077 891 2252 938 essem
2290 889 2344 934 et
2370 897 2523 950 reus,
2554 885 2596 938 si
2627 885 2951 953 simpliciter
2995 886 3159 942 homo
3205 903 3398 953 essem,

1813 966 1940 1035 quid
1977 970 2259 1023 retribuam
2284 971 2508 1026 Domino
2534 989 2629 1043 pro
2659 976 2896 1030 omnibus
2926 977 3081 1030 bonis
3111 994 3227 1048 qum
3252 967 3402 1030 retri-

1815 1057 1922 1110 buit
1952 1059 2100 1126 milii,
2129 1062 2339 1117 scilicet
2367 1079 2490 1118 cum
2516 1079 2613 1134 pro
2637 1067 2876 1135 peccatis
2895 1067 3173 1122 meismihi
3204 1067 3398 1122 remis-

1811 1147 2018 1205 sionem
2043 1151 2282 1222 ipsorum
2312 1164 2656 1223 peccatorum
2682 1195 2697 1221 ,
2727 1165 2782 1210 et
2819 1154 3262 1224 justiﬁcationcm
3283 1198 3298 1222 ,
3345 1166 3401 1210 et

1811 1252 2004 1298 caetera
2059 1243 2320 1300 beneﬁcia
2361 1245 2446 1314 pie
2483 1247 2836 1314 retribuet-it,
2887 1249 3017 1318 quid
3069 1249 3287 1320 dignum
3341 1259 3396 1303 ει

1808 1334 2104 1403 pretiosum
2156 1335 2256 1404 ipsi
2296 1336 2589 1392 retribuam
2640 1353 2738 1408 pro
2785 1339 3037 1393 omnibus
3095 1339 3182 1393 his
3238 1339 3396 1393 bonis

1809 1441 1928 1494 qua:
1953 1426 2080 1479 mihi
2114 1427 2408 1482 retribuit?
2446 1427 2584 1482 Ecce
2609 1428 2724 1484 seio
2745 1430 2870 1497 quid
2902 1431 3206 1495 retribuam,
3241 1429 3392 1484 scili-

1807 1523 1892 1570 cet
1917 1515 2042 1586 quia
2077 1515 2150 1570 nil
2191 1515 2365 1583 majus
2409 1532 2508 1587 pro
2556 1533 2621 1573 eo
2670 1521 2869 1588 possim
2901 1520 3122 1576 facere:
3163 1517 3393 1574 Calicem

1804 1604 2075 1670 salutaris,
2101 1606 2150 1660 id
2176 1614 2260 1662 est
2283 1605 2581 1662 Salvatoris
2605 1607 2827 1674 Christi,
2855 1610 3132 1679 accipiant,
3163 1619 3391 1664 mortem

1804 1695 2054 1750 videlicet
2107 1713 2268 1766 quam
2303 1697 2388 1754 ille
2437 1714 2649 1768 prome
2682 1699 2853 1754 lihens
2891 1701 3165 1756 sustinuit.
3215 1699 3281 1754 Et
3325 1717 3392 1758 ne

1805 1786 2052 1842 deliciam
2130 1791 2323 1844 timore
2393 1789 2547 1859 hujus
2609 1791 2836 1858 Culicis,
2885 1793 3133 1846 inrocabo
3203 1811 3390 1848 nomen

1804 1877 2046 1946 Domini,
2105 1880 2156 1934 id
2210 1892 2293 1937 εει
2350 1883 2612 1939 invocabo
2659 1885 2822 1940 Deum
2868 1885 2998 1940 mihi
3055 1886 3388 1955 adjutorcm,

1803 1969 2238 2026 considet‘aticnc
2264 1973 2441 2042 magni
2475 1975 2708 2030 nominis
2733 1975 2880 2045 ejus,
2918 1977 3058 2044 quod
3097 1986 3180 2031 est
3210 1976 3392 2031 Domi-

1803 2074 1923 2112 nus.
1954 2058 2093 2114 :ilors
2114 2061 2361 2130 equidem
2391 2063 2527 2119 calix
2557 2064 2752 2134 duplici
2777 2065 3130 2121 similitudine
3153 2064 3386 2133 dicitur;

1802 2149 1884 2203 vel
1911 2150 2029 2204 ideo
2060 2151 2312 2220 quoniam
2357 2168 2543 2208 amara
2590 2164 2673 2210 est
2704 2156 2895 2221 carni,
2952 2157 3092 2210 sicut
3140 2155 3386 2226 quaedam

1801 2239 1995 2295 calices
2015 2241 2289 2310 potionum
2314 2243 2644 2298 medicorum
2661 2286 2674 2307 ,
2698 2261 2816 2314 qua:
2845 2244 2972 2300 licet
2992 2245 3386 2310 saluberrimae,

1802 2337 1980 2388 tamen
2015 2332 2378 2386 amarissima:
2402 2342 2526 2387 sunt
2553 2349 2567 2398 ;
2601 2333 2686 2387 vel
2714 2334 2839 2404 quia
2867 2335 3008 2389 sicut
3029 2334 3166 2388 calix
3193 2334 3384 2403 optimi

1801 2419 1908 2473 vini
1933 2421 2201 2474 hominem
2224 2438 2382 2492 quem
2407 2415 2670 2487 inebriat,
2705 2424 2770 2478 ab
2796 2423 2884 2478 illo
2905 2434 3045 2478 statu
3073 2423 3123 2477 in
3147 2440 3252 2494 quo
3281 2435 3386 2493 est,

1801 2509 1854 2564 in
1882 2511 2046 2565 alium
2080 2521 2282 2567 statum
2311 2521 2508 2580 mutat,
2544 2513 2616 2568 ita
2645 2524 2699 2570 et
2717 2514 2829 2584 ipsa
2859 2528 3005 2569 mors
3033 2515 3181 2568 illum
3225 2531 3387 2585 quem

1800 2593 2034 2672 invadit,
2067 2607 2136 2663 ab
2162 2607 2320 2677 hujus
2357 2607 2481 2662 vita:
2507 2616 2648 2663 statu
2675 2609 2729 2663 in
2753 2617 2952 2663 statum
2991 2606 3154 2661 alium
3189 2617 3380 2661 mutat.
3447 2597 3450 2600 ’

1870 2695 2053 2751 Potest
2098 2707 2278 2752 autem
2315 2711 2503 2752 versus
2535 2698 2622 2753 ille
2647 2699 2861 2768 quiest,
2892 2696 3004 2768 Ego
3045 2698 3186 2763 dixi,
3229 2697 3388 2753 alitur

1797 2787 2072 2850 construi,
2100 2797 2158 2843 ut
2183 2788 2310 2842 illud
2343 2789 2716 2858 interpositum
2751 2789 2855 2854 sit,
2903 2790 3044 2857 quod
3085 2798 3170 2843 est
3213 2791 3382 2843 omnis

1797 2876 1950 2930 [tento
1975 2876 2227 2944 mendax,
2264 2885 2318 2930 et
2358 2879 2653 2933 secundum
2698 2879 2800 2934 hoc
2847 2879 3214 2949 adaplahitnr.
3247 2879 3378 2934 Dico

1797 2967 2050 3037 quoniam
2091 2967 2402 3022 humiliatus
2436 2985 2551 3022 sum
2579 3009 2593 3032 ,
2635 2977 2690 3022 et
2731 2971 2832 3024 hoc
2866 2985 2970 3023 non
3004 2971 3194 3025 accidit
3223 2979 3376 3024 extra

1799 3060 1932 3115 velle
1961 3075 2158 3114 metnn.
2208 3059 2320 3131 ligo
2359 3062 2502 3114 enim
2534 3061 2646 3115 diari
2682 3062 2734 3114 in
2763 3077 2976 3115 excessu
3008 3079 3120 3115 meo
3141 3102 3156 3126 ,
3203 3061 3254 3116 id
3297 3071 3381 3116 est

1795 3153 1964 3207 statui
1989 3162 2043 3206 et
2073 3151 2373 3219 dijnd'tcans
2402 3155 2453 3208 in
2478 3168 2702 3208 excessu
2753 3154 2976 3208 rationis
3026 3169 3196 3209 nze.c:
3236 3153 3376 3220 Quid

1792 3245 2078 3299 retribuam
2111 3243 2334 3298 Domino
2364 3262 2458 3314 pro
2489 3245 2729 3299 omnibus
2761 3244 3039 3300 beneﬁciis
3076 3261 3191 3316 qua:
3227 3246 3380 3298 retri-

1791 3337 1897 3390 buit
1928 3335 2096 3388 mihi?
2124 3335 2234 3392 lloc
2275 3348 2419 3391 certe
2475 3339 2768 3391 retribuam
2793 3377 2807 3402 ,
2857 3337 3071 3391 calicem
3125 3336 3377 3390 salu:aris

1791 3429 2088 3498 accipiam;
2125 3437 2173 3482 et
2199 3471 2214 3496 ,
2260 3444 2328 3484 nc
2365 3429 2614 3484 delicium
2667 3428 2720 3483 in
2778 3430 3090 3498 acceptione
3115 3469 3130 3494 ,
3189 3443 3375 3480 nomen

1789 3519 2002 3574 Domini
2031 3521 2298 3574 invocabo.
2329 3521 2394 3576 Et
2422 3522 2540 3577 ideo
2563 3521 2674 3576 dixi
2704 3523 2756 3575 in
2800 3538 3016 3576 excessu
3051 3536 3162 3573 meo
3187 3561 3201 3586 ,
3249 3519 3375 3587 quia

1789 3610 1967 3664 omnis
1995 3611 2158 3667 homo
2183 3611 2499 3681 simpliciter
2517 3613 2757 3667 existens
2781 3627 2885 3666 non
2913 3609 3234 3682 spiritualis,
3267 3595 3374 3660 non

1789 3704 2048 3758 obediens
2081 3704 2188 3758 Deo
2215 3719 2385 3774 usque
2414 3708 2479 3759 ad
2508 3715 2757 3768 mortem,
2788 3706 3016 3758 mendax
3049 3712 3135 3758 est
3164 3703 3214 3757 in
3247 3716 3376 3771 pro-

1791 3795 2045 3850 missione
2072 3811 2189 3850 sua.
2215 3795 2474 3850 Promisit
2503 3797 2645 3850 enim
2688 3796 2795 3850 Deo
2817 3795 2869 3850 in
2899 3795 3220 3864 baptismate
3247 3799 3376 3852 obe-

1788 3887 2046 3942 dientiam
2077 3889 2318 3942 omnium
2349 3898 2742 3958 praeceptorum
2779 3885 2895 3955 ejus
2919 3928 2932 3952 ,
2993 3887 3044 3940 in
3089 3903 3194 3956 quo
3219 3904 3374 3942 meno

1788 3979 1890 4034 dax
1922 3988 2034 4046 est,
2073 3994 2193 4033 cum
2218 3993 2315 4050 pro
2345 3994 2410 4034 eo
2438 3979 2572 4033 mori
2605 3977 2860 4032 formidat
2886 4020 2900 4043 ,
2951 3977 3090 4032 sicut
3129 3977 3242 4047 ipse
3273 3991 3373 4047 pro

1786 4070 2040 4124 omnibus
2063 4079 2310 4124 mortuus
2359 4078 2461 4124 est.
2505 4070 2634 4124 Dico
2665 4069 2808 4138 quod
2840 4067 3030 4120 devovi
3072 4067 3124 4120 in
3157 4083 3370 4120 excessu

1786 4179 1931 4228 meo,
1979 4164 2122 4234 quod
2152 4178 2250 4234 pro
2283 4162 2510 4218 Domino
2552 4160 2766 4215 calicem
2797 4159 3048 4213 salutaris
3090 4159 3367 4227 accipiant.
3411 4158 3416 4162 ’

1787 4255 1853 4308 Ει
1884 4255 1998 4310 lucc
2026 4266 2140 4308 vota
2171 4273 2284 4308 mea
2309 4293 2324 4319 ,
2353 4254 2403 4308 id
2433 4260 2518 4307 est
2540 4253 2653 4306 lucc
2683 4267 2800 4305 mea
2839 4251 3125 4320 promissy
3159 4249 3370 4304 scilicet

1787 4357 1846 4400 ut
1869 4363 1952 4401 me
1983 4357 2078 4418 per
2097 4356 2324 4401 mortem
2351 4345 2539 4410 feram,
2575 4359 2678 4396 non
2700 4344 2913 4396 reddam
2941 4343 2992 4396 in
3024 4341 3365 4409 abscondito;

130 4431 408 4504 Illtaederet
433 4450 530 4490 nos
559 4435 720 4489 etiam
751 4435 931 4490 vivere
957 4434 1039 4505 (Il
1067 4435 1188 4490 Cor.
1220 4453 1268 4500 ι,
1301 4437 1354 4492 8)
1381 4477 1396 4502 ,
1437 4455 1454 4487 ι
1487 4436 1606 4491 ideo
1629 4445 1684 4491 et
1715 4456 1759 4514 ι)
1788 4435 1880 4490 sed
1907 4437 2126 4490 reddam
2168 4437 2221 4490 in
2271 4436 2556 4489 manifesto
2590 4449 2768 4487 coram
2800 4436 2940 4487 omni
2990 4430 3184 4503 populo
3228 4433 3364 4503 ejus,

128 4532 210 4574 vos
228 4527 463 4595 exemplo
502 4528 606 4583 mei
635 4527 918 4584 credentes
954 4526 1266 4597 loquimini,
1294 4544 1398 4581 non
1432 4527 1682 4582 reformi-

129 4608 296 4668 dantes
317 4611 609 4679 humiliari.
652 4617 786 4688 Quia
814 4633 945 4672 vero
980 4616 1194 4672 dixerat
1233 4633 1291 4672 se
1342 4618 1681 4672 lnuniliatum

127 4711 232 4757 t‘s-e
251 4742 266 4768 ,
300 4705 416 4763 ideo
445 4709 571 4780 quia
601 4709 812 4766 loeutus
837 4720 940 4776 est,
971 4718 1186 4781 putaret
1215 4711 1409 4780 aliquis
1432 4727 1552 4764 eum
1576 4727 1680 4764 non

130 4790 276 4855 fui$se
303 4797 603 4857 locuturum
629 4843 644 4866 ,
671 4802 716 4857 si
747 4804 913 4857 sciret
941 4803 1082 4873 quod
1111 4803 1311 4858 idcirco
1333 4811 1474 4858 esset
1507 4803 1685 4857 Immi-

129 4877 337 4944 liandus.
364 4887 445 4942 Ad
476 4891 579 4952 hoc
597 4905 727 4960 ergo
752 4891 1160 4958 removendum,
1191 4893 1428 4948 ostendit
1451 4908 1509 4946 se
1532 4902 1686 4948 autc-

127 4987 269 5037 ‘lltam
292 4977 598 5050 loqueretur
622 4983 723 5040 hoc
753 4985 1053 5053 providisse
1088 4993 1146 5040 ut
1187 4987 1422 5056 seipsum
1457 4987 1565 5040 Deo
1588 5001 1686 5056 per

131 5069 420 5136 martyrium
448 5073 686 5130 oﬂ'erret.
723 5075 832 5131 Hoc
875 5085 1053 5131 autem
1107 5077 1185 5132 sic
1233 5079 1402 5133 dicit:
1453 5077 1680 5132 Locutus

128 5171 227 5218 3""!
252 5201 268 5226 ο
299 5164 548 5237 inquam,
581 5179 632 5225 et
657 5181 876 5241 propter
915 5171 1016 5226 hoc
1042 5170 1346 5224 humiliatus
1379 5170 1428 5223 in
1459 5168 1682 5223 tribula-

133 5247 344 5311 liOnihus
367 5298 382 5324 ,
407 5270 460 5314 ει
489 5261 602 5317 haec
627 5263 930 5317 humiliatio
952 5277 1055 5334 non
1095 5263 1318 5328 contigit
1334 5271 1526 5331 prmter
1549 5260 1682 5317 velle

131 5353 286 5398 meum
311 5359 364 5402 et
405 5353 809 5422 dispositionem
865 5369 1062 5410 meam.
1119 5353 1230 5423 Ego
1281 5368 1541 5422 namque,
1586 5353 1677 5422 qui

121 5441 259 5512 recte
299 5443 523 5513 credidi,
569 5446 680 5500 dixi
729 5447 782 5500 in
805 5462 1015 5500 excessu
1045 5462 1156 5500 meo
1196 5446 1476 5508 interiori,
1513 5445 1564 5499 id
1599 5454 1680 5501 est

133 5531 218 5588 c30
243 5525 316 5582 sic
341 5534 586 5604 cogitavi,
618 5544 672 5592 et
700 5536 936 5607 disposui
967 5537 1017 5590 in
1052 5546 1260 5590 secreto
1285 5535 1506 5589 rationis
1523 5551 1676 5600 mer,

133 5615 257 5675 (ιιιοιι
275 5625 477 5680 excedit
499 5628 795 5685 subtilitate
818 5643 1032 5683 Omnem
1061 5630 1348 5682 humanam
1377 5631 1672 5692 rationem;

132 5711 244 5785 vere
263 5715 422 5769 omnis
453 5720 688 5775 existens
711 5723 860 5775 homo
902 5731 981 5776 est
1007 5721 1258 5784 mendax,
1288 5722 1337 5774 id
1371 5729 1469 5784 est,
1501 5723 1675 5776 omnis

531 5918 556 5933 ο

1788 4527 1993 4582 scilicet
2030 4527 2313 4582 manifeste
2341 4542 2463 4581 eum
2504 4523 2836 4588 conﬁtebor,
2878 4531 2932 4578 et
2987 4539 3168 4579 coram
3217 4525 3366 4580 omni

1786 4619 1983 4690 populo
2017 4619 2251 4673 lidclium
2310 4618 2540 4682 moriar,
2597 4619 2757 4672 idest
2798 4617 2864 4671 ad
2913 4618 3012 4671 hoc
3055 4617 3256 4672 moriar
3311 4627 3370 4673 ut

1785 4711 2037 4765 omnibus
2066 4709 2185 4764 dem
2226 4707 2528 4778 exemplum
2567 4723 2666 4777 pro
2699 4708 2926 4762 Domino
2960 4708 3246 4762 moriendi.
3287 4707 3366 4764 Ne

1785 4817 1915 4857 vero
1945 4802 2218 4858 videretur
2245 4800 2403 4854 alicui
2427 4815 2615 4868 parum
2641 4815 2760 4855 esse
2808 4816 2905 4870 pro
2936 4801 3165 4855 Domino
3193 4801 3363 4867 mori,

1785 4903 1846 4949 ut
1879 4894 2052 4964 magis
2095 4893 2162 4947 ad
2184 4891 2488 4960 bnjusmodi
2539 4903 2768 4948 mortem
2821 4894 3008 4947 incitet
3049 4894 3364 4959 auditores,

1782 4985 2020 5042 ostendit
2069 4985 2175 5040 hoc
2226 4985 2334 5040 Deo
2369 4985 2661 5056 pretiosum
2711 5001 2862 5050 esse,
2899 4984 3020 5038 sic:
3063 4983 3191 5038 Dico
3221 4983 3364 5051 quod

1783 5077 1996 5132 calicem
2025 5077 2276 5132 salutaris
2305 5077 2560 5146 accipiam
2588 5093 2604 5140 ;
2637 5075 2778 5144 quod
2830 5075 3012 5142 utique
3058 5071 3362 5126 faciendum

1783 5183 1865 5230 est
1884 5174 2050 5240 mihi,
2099 5191 2222 5229 nam
2255 5176 2308 5228 in
2339 5185 2612 5244 conspectu
2637 5213 2651 5238 ,
2685 5173 2735 5225 id
2771 5179 2851 5225 est
2897 5170 2949 5222 in
2998 5167 3362 5238 reputatione,

1785 5266 1998 5321 Domini
2040 5267 2268 5336 pretiosa
2325 5275 2450 5332 cst,
2522 5267 2574 5320 id
2630 5274 2712 5319 cst
2753 5263 2906 5317 valde
2955 5261 3153 5318 chara.
3222 5275 3362 5312 mors

1781 5369 2083 5410 sanctorum
2150 5356 2283 5426 ejus.
2357 5355 2509 5422 Quod
2575 5363 2659 5408 est
2733 5351 2915 5407 dicere
2970 5368 2984 5404 :
3043 5350 3360 5420 Cuicunque

1782 5449 1901 5503 vilis
1928 5447 2169 5502 videatur
2206 5488 2221 5512 ,
2295 5447 2553 5502 Dominus
2623 5455 2802 5500 tamen
2851 5454 3076 5500 mortem
3145 5451 3360 5497 sant-ta-

1785 5555 1899 5592 rum
1947 5553 2168 5592 suorum
2228 5547 2434 5608 reputat
2491 5552 2609 5592 CSse
2673 5537 3001 5607 pretiosam;
3072 5535 3156 5589 vel
3225 5534 3356 5588 sic:

1783 5633 1904 5685 Ideo
1955 5630 2170 5684 calicem
2220 5631 2472 5685 salutaris
2549 5632 2828 5702 accipiam,
2876 5630 2925 5683 id
2976 5633 3057 5682 est
3105 5639 3357 5690 morzem,

1781 5723 1906 5791 quia
1947 5737 2084 5773 νισι-,ς
2151 5729 2450 5773 sanctorum
2503 5721 2619 5788 ejus
2684 5722 2919 5773 existens
2976 5718 3029 5770 in
3085 5728 3357 5785 conspeciu
