3978 6328
565 288 693 346 liii!

1132 279 1190 336 S.
1225 277 1310 331 ιιιι
1322 275 1570 334 UNONIS
1598 263 2162 330 CARTIIUSlAXOlll

2295 259 2777 321 INSTITUTORIS
2813 265 2966 322 Ot’P.
3014 267 3190 323 PARS
3221 269 3260 324 1.

563 404 945 464 circumdnntcs
975 396 1428 454 circumdederunt
1455 411 1558 460 me,
1583 403 1630 448 et
1662 402 1839 446 tamen
1867 392 1918 444 in
1946 386 2150 442 nomine
2183 383 2226 438 Α
2257 383 2356 447 nis,
2392 384 2722 455 desigttalt'ix
2753 385 2953 440 lattitiae
2989 395 3045 441 et
3075 386 3265 442 salutis
3291 395 3528 453 aeternae;
3559 395 3680 462 quod
3699 405 3762 453 est

568 491 962 566 Domini
987 488 1376 560 contigitquod
1404 487 1544 541 ullus
1577 501 1692 541 sum
1725 486 1776 538 in
1799 500 1904 537 eos.
1943 479 2056 534 Hoc
2092 486 2150 532 ιιι

565 593 812 662 superius
840 587 1130 660 exponitur
1158 605 1170 639 :
1213 582 1680 639 Circuntdederunt
1703 621 1718 644 ,
1769 581 2012 649 inquam,
2045 592 2148 641 me,

565 695 621 738 et
648 685 751 737 ltoc
785 683 918 735 sicut
952 697 1096 750 apes,
1127 679 1177 733 id
1205 687 1286 730 est
1313 676 1518 730 similes
1561 675 1754 744 apibus
1785 673 1836 727 in
1871 671 2152 726 ferocitate

564 783 620 827 et
647 773 877 827 ueritate
907 769 1094 835 uintia,
1125 785 1245 838 qua:
1274 765 1435 822 simul
1466 765 1616 820 irata:
1643 774 1791 827 sunt,
1827 761 1986 816 nimis
2015 761 2152 815 acri-

568 877 650 920 ter
695 866 919 920 instant.
970 863 1062 917 Vel
1109 864 1239 915 sicut
1285 877 1427 929 apes,
1467 857 1518 912 id
1566 867 1650 913 est
1688 857 1895 913 similes
1938 856 2149 926 apibus.

566 959 698 1012 Nam
727 959 868 1012 sicut
897 972 1026 1026 apes
1052 955 1234 1008 fanum
1263 953 1474 1007 dulcem
1505 962 1816 1022 operantur,
1849 951 1931 1005 sic
1961 959 2015 1005 et
2051 948 2149 1018 ipsi

565 1067 662 1120 per
709 1048 1117 1103 tribulationum
1167 1045 1507 1108 instantiam,
1561 1042 1821 1112 majorem
1872 1041 2154 1096 cltaritatis

566 1139 902 1195 dulcedinem
932 1153 1058 1205 erga
1088 1138 1255 1191 Deum
1287 1135 1497 1206 eperati
1548 1143 1694 1189 sunt.
1741 1133 1956 1200 Quanto
1998 1146 2154 1186 nant-

567 1245 673 1300 que
705 1227 876 1296 magis
913 1227 1180 1290 ittlirutor,
1217 1234 1366 1279 tanto
1405 1225 1574 1295 magis
1605 1223 1796 1277 fortior
1825 1238 1944 1276 sum
1976 1231 2026 1276 et
2056 1235 2156 1290 po-

573 1330 693 1374 lens
727 1317 776 1386 (I
804 1318 924 1372 Cor.
957 1335 1055 1384 xu,
1086 1318 1195 1387 10),
1227 1328 1274 1371 et
1307 1325 1614 1370 exarserunt
1650 1315 1701 1368 itt
1731 1331 1816 1368 ttte
1851 1312 2154 1366 tribulatio-

568 1412 749 1476 nibus,
778 1411 912 1463 sicut
955 1411 1088 1479 ignis
1119 1409 1478 1463 esardescere
1513 1409 1649 1462 solet
1689 1407 1741 1460 in
1773 1407 1959 1475 spinis.
2023 1403 2154 1457 Nam

567 1498 712 1551 sicut
749 1496 890 1566 ignis
929 1495 980 1548 itt
1023 1495 1250 1562 spinetis
1287 1509 1576 1556 accensus,
1626 1492 1810 1561 spinas
1859 1489 2155 1552 comburit,

569 1600 820 1643 truncum
852 1598 1030 1641 autem
1074 1587 1299 1641 illaesum
1331 1585 1592 1660 dimittit;
1625 1585 1704 1638 sic
1735 1595 1789 1638 et
1819 1600 2008 1638 eorum
2061 1583 2158 1636 tri-

567 1679 870 1734 itulationes
885 1689 1246 1748 peccatorum
1275 1678 1459 1747 Spinas
1488 1677 1539 1730 itt
1571 1692 1656 1730 me
1683 1683 2153 1745 consumpserant.

2250 473 2431 528 dicere
2463 491 2474 525 :
2506 475 2652 530 Adeo
2684 475 2853 532 fortes
2883 491 2979 531 eos
3012 477 3062 530 itt
3097 471 3438 533 tribulatione
3465 479 3596 548 facit,
3623 494 3670 538 ut
3690 503 3764 541 nec

2251 562 2304 616 itt
2336 564 2684 618 tribulatione
2718 579 2905 619 vocem
2940 565 3174 620 tristitiae
3197 567 3486 636 proferant,
3515 571 3598 624 sed
3621 588 3764 628 vocem

2251 652 2623 722 designanteut
2678 655 3100 709 exsultationem
3164 666 3524 725 mteruatttque
3569 659 3764 718 salutent.

2251 744 2411 800 Juxta
2441 748 2583 816 quod
2617 749 2668 800 itt
2704 747 2930 802 Actibus
2969 749 3336 818 apostolorum
3374 750 3554 819 legitur
3577 771 3590 807 :
3615 773 3629 804 t
3653 755 3769 811 Ibant

2251 838 2548 910 gaudentes
2585 854 2614 892 a
2653 848 2946 908 conspectu
2983 839 3221 902 concilii,
3266 842 3509 908 quoniam
3544 844 3668 914 digiti
3700 846 3771 900 ita-

2253 931 2348 985 biti
2386 939 2512 985 sunt
2549 947 2644 1000 pro
2684 932 2901 985 nomine
2938 930 3064 985 Jesu
3109 932 3487 987 contumeliam
3526 936 3622 1004 pati
3667 937 3770 1006 (Act.

2255 1022 2446 1093 v,4i).
2477 1043 2493 1074 ι
2544 1023 2657 1076 Non
2703 1023 2876 1076 solum
2920 1034 3098 1078 autem
3145 1023 3245 1077 fuit
3291 1025 3534 1079 Dominus
3572 1029 3772 1096 fortitudo

2254 1132 2391 1179 mea,
2427 1115 2720 1170 secutulqu
2762 1115 2976 1169 robusta
3011 1117 3271 1174 membra.
3310 1127 3368 1171 ut
3395 1134 3473 1170 ttte
3500 1117 3674 1173 faceret
3694 1119 3776 1174 for-

2257 1220 2364 1265 tem
2397 1220 2452 1264 et
2485 1219 2824 1264 constantem
2869 1215 3058 1264 contra
3097 1211 3526 1278 persecutiones,
3552 1211 3632 1266 sed
3652 1213 3775 1267 etiam

2256 1305 2474 1356 dextera
2511 1302 2718 1355 Domini
2765 1303 2886 1370 fecit
2929 1302 2982 1356 itt
3037 1316 3122 1356 me
3170 1303 3434 1364 virtutem,
3477 1301 3525 1354 id
3562 1311 3632 1356 est
3654 1302 3779 1355 Filias

2261 1397 2350 1451 Dei
2405 1395 2532 1450 fecit
2585 1395 2636 1448 itt
2685 1411 2770 1448 tne
2816 1395 3131 1456 victoriam,
3175 1393 3384 1448 scilicet
3434 1392 3552 1448 fecit
3589 1396 3777 1463 qumfaut

2261 1487 2502 1540 membra
2556 1500 2674 1539 mea
2736 1485 2972 1539 robusta.
3001 1483 3112 1552 jaat
3166 1485 3385 1538 vincere
3430 1499 3602 1537 omnes
3642 1500 3782 1552 μετειλ-

2260 1585 2496 1643 cutores,
2550 1586 2608 1631 ut
2667 1591 2768 1630 nec
2831 1576 2882 1630 itt
2945 1587 3120 1630 morte
3165 1576 3414 1643 corporis
3454 1575 3695 1628 cederent.
3735 1574 3782 1628 Et

2263 1684 2358 1738 per
2422 1669 2524 1722 ltoe
2588 1669 2801 1722 dextera
2870 1667 3080 1720 Domini
3145 1667 3394 1721 exultavit
3463 1683 3561 1729 me,
3630 1667 3673 1719 id
3723 1677 3784 1718 rst

567 1767 652 1823 Me
701 1777 881 1822 autem
933 1767 1156 1822 illtesum
1207 1767 1560 1831 dimiserunt,
1603 1776 1649 1819 et
1697 1767 1796 1821 ltoe
1844 1768 1896 1820 in
1946 1766 2153 1820 nomine
2187 1756 2228 1814 Β
2258 1761 2570 1814 sublintavit
2622 1769 2677 1815 et
2723 1759 3044 1829 gloriticavit
3101 1759 3189 1812 illa
3241 1758 3478 1812 membra
3528 1773 3655 1821 mea,
3695 1773 3784 1827 qua:

567 1858 782 1914 Domini
811 1859 1056 1928 contigit,
1089 1859 1212 1928 quia
1249 1859 1390 1912 ullus
1420 1875 1534 1912 sum
1576 1859 1628 1911 in
1659 1875 1765 1912 eos.

641 1954 754 2010 lloc
779 1954 942 2009 etiam
976 1961 1034 2006 ut
1057 1952 1305 2022 superius
1332 1953 1640 2022 exponitur.
1667 1951 2154 2018 Circunulederunt,

570 2047 810 2116 inquam.
850 2062 952 2112 me,
995 2053 1051 2100 et
1092 2044 1159 2098 ab
1190 2061 1377 2100 eorum
1420 2045 1864 2100 tribulationibus
1902 2045 2157 2114 impuisus

535 2135 538 2138 ’
567 2155 709 2202 sum,
748 2137 800 2192 id
827 2147 909 2192 cst
938 2151 1250 2206 percussus,
1279 2147 1333 2189 ut
1371 2136 1631 2200 caderem,
1668 2137 1717 2189 id
1753 2147 1834 2190 est
1873 2137 1939 2190 ad
1971 2137 2072 2192 Itoc
2105 2143 2160 2190 ut

569 2247 599 2284 a
628 2230 904 2300 proposito
935 2244 1056 2284 meo
1087 2229 1396 2284 deficerent.
1431 2229 1580 2295 Quod
1615 2240 1695 2283 est
1729 2229 1909 2284 direre
1935 2247 1947 2283 ε
1974 2229 2047 2283 Ea
2081 2229 2161 2283 in-

572 2321 810 2376 tentione
854 2336 940 2375 me
977 2320 1416 2375 trilutlaliouiluts
1465 2321 1816 2390 itttpulcrunt,
1866 2331 1923 2376 ut
1961 2338 2044 2376 me
2093 2322 2159 2376 ad

571 2424 760 2463 casum
799 2409 1044 2488 defectus
1081 2410 1429 2464 adducerent.
1474 2409 1590 2464 Non
1632 2412 1804 2465 solum
1839 2423 2018 2467 autem
2058 2415 2159 2465 itu-

570 2499 753 2569 pulsus
805 2516 946 2566 sum,
991 2500 1083 2553 sed
1123 2505 1286 2553 etiam
1333 2501 1626 2555 secundum
1676 2504 1921 2570 qmelant
1964 2505 2158 2558 debilia

574 2589 813 2642 membra
846 2605 964 2642 mea
1003 2605 1209 2642 eversus
1241 2606 1378 2655 sum,
1404 2601 1456 2642 ut
1486 2593 1744 2654 caderem,
1779 2593 1829 2646 id
1857 2604 1938 2648 est
1970 2595 2162 2649 timore

576 2677 983 2733 tribulationum
1019 2679 1306 2749 quemdam
1351 2681 1547 2734 debilia
1582 2683 1821 2737 membra
1855 2702 1971 2739 mea
2009 2696 2162 2740 nuta-

571 2779 790 2837 veruut,
820 2787 924 2825 non
955 2772 1034 2827 sic
1089 2781 1146 2825 ut
1193 2788 1260 2826 ex
1309 2783 1421 2827 toto
1461 2775 1736 2841 caderent,
1768 2777 1860 2831 sed
1889 2779 2068 2848 sicutj
2111 2796 2161 2834 ttt

571 2861 854 2926 caderent,
890 2861 941 2914 id
981 2869 1064 2916 est
1113 2870 1166 2914 ut
1207 2863 1297 2931 qui
1347 2863 1398 2916 itt
1447 2863 1603 2918 initio
1638 2881 1798 2922 casus
1831 2878 2010 2924 essent
2049 2870 2161 2940 jam

571 2953 744 3022 parati
780 2952 847 3007 ad
883 2952 1264 3008 tlcliciettdutu.
1317 2953 1408 3019 Et,
1450 2973 1518 3010 tte
1559 2955 1610 3009 itt
1659 2972 1722 3010 ea
1765 2967 1920 3026 parte
1961 2961 2014 3013 itt
2056 2977 2160 3030 qua

572 3057 794 3098 eversus
823 3058 940 3097 sunt
970 3059 1036 3098 ex
1071 3053 1180 3098 toto
1209 3044 1483 3111 caderent,
1517 3046 1768 3101 Dominus
1805 3052 2028 3118 sttsrcpit
2059 3069 2158 3115 me,

2254 1853 2364 1922 jam
2389 1853 2660 1917 vicerunt,
2695 1861 2751 1904 ttt
2787 1851 3079 1906 laudabilia
3117 1851 3260 1921 apud
3303 1851 3484 1905 lidcles
3517 1851 3782 1904 habeantur.

2261 1945 2511 2010 Dextera,
2542 1945 2784 2014 iuquatu,
2815 1943 3023 1998 Domini
3059 1943 3180 2012 fecit
3221 1945 3484 1998 virtutem.
3525 1941 3624 1998 lloc
3649 1954 3785 1997 autent

2261 2038 2382 2092 ideo
2424 2037 2640 2108 repetit,
2689 2047 2747 2091 ut
2785 2037 2886 2091 bac
2927 2037 3222 2091 occasione
3268 2037 3430 2091 addat
3474 2037 3785 2090 reutotionettt.

2260 2131 2455 2186 I’osset
2499 2131 2642 2186 cuitu
2697 2145 2727 2183 a
2775 2131 3216 2200 persecutoribus
3266 2129 3428 2197 objiei
3473 2145 3485 2183 :
3526 2130 3651 2184 Dicis
3683 2129 3788 2198 quod

2264 2223 2524 2278 Dominus
2549 2223 2679 2278 fecit
2705 2232 2755 2278 te
2777 2223 3016 2290 vincere,
3041 2226 3184 2292 quod
3215 2234 3371 2279 certe
3399 2225 3582 2278 utirunt
3603 2223 3788 2284 videatr,

2261 2333 2384 2372 eum
2423 2317 2604 2386 potius
2634 2315 2870 2371 videaris
2912 2317 2962 2370 itt
3003 2316 3339 2387 quibusdam
3390 2316 3630 2371 membris
3652 2323 3791 2384 pertu—

2262 2408 2392 2464 lisse
2449 2424 2510 2464 ea
2559 2425 2682 2480 quae
2751 2411 2818 2466 ad
2867 2418 3101 2464 mortem
3155 2410 3424 2475 attinent,
3481 2409 3790 2464 tribulationes

2261 2499 2472 2555 scilicet
2513 2513 2686 2570 usque
2728 2500 2793 2553 ad
2838 2499 3120 2570 sanguinis
3169 2498 3491 2554 ell‘usiouem
3539 2498 3665 2568 quod
3694 2496 3789 2548 victi

2263 2590 2541 2644 sustinere
2598 2588 2793 2644 solent.
2851 2591 2933 2644 Ad
2973 2591 3116 2661 quod
3167 2591 3420 2659 sequitur
3471 2589 3675 2643 remotio
3707 2589 3787 2641 sic:

2261 2679 2424 2751 [‘65
2447 2681 2590 2736 Bene
2617 2682 2842 2752 dicet-go
2864 2681 3006 2749 quod
3030 2681 3244 2734 dextera
3279 2681 3485 2734 Domini
3499 2681 3607 2750 fecit
3630 2679 3792 2732 metia-

2263 2790 2325 2827 ce
2356 2788 2405 2836 e,
2426 2789 2521 2842 per
2547 2775 2849 2843 pass'ouem
2867 2774 3101 2842 ipsarum
3120 2781 3155 2826 tt
3171 2771 3544 2826 ibulatioauut.
3569 2771 3673 2824 Non
3685 2771 3790 2822 enim

2264 2879 2425 2918 eausa
2455 2865 2697 2932 ipsarttm
2731 2864 3141 2918 tribulationum
3171 2865 3398 2925 moriar,
3437 2863 3571 2930 quod
3599 2877 3680 2914 vos
3700 2876 3792 2928 per-

2264 2965 2542 3010 secutores
2573 2957 2800 3026 putatis,
2839 2958 2931 3010 sed
2983 2973 3077 3024 per
3119 2969 3212 3011 eas
3246 2957 3300 3010 in
3349 2967 3600 3010 mtertuuu
3650 2957 3790 3008 rirnttt.

2267 3047 2516 3115 Coz'gruc
2538 3047 2792 3101 nimirum
2823 3049 2980 3117 ponit
3005 3051 3221 3116 moriar,
3251 3050 3375 3104 licet
3409 3050 3656 3120 posuisset
3681 3048 3790 3116 fecit,

573 3152 672 3207 per
703 3136 968 3190 auxilium
998 3138 1396 3206 patrocinantis
1423 3140 1628 3207 gratim.
1664 3140 1818 3206 Quod
1844 3152 1927 3196 est
1950 3143 2158 3200 dicere:
2191 3121 2232 3178 (ἶ
2267 3140 2410 3208 quod
2437 3141 2771 3208 prteteritum
2802 3151 2906 3196 est.
2956 3143 3034 3196 Ac
3059 3143 3101 3196 si
3141 3143 3352 3198 diceret
3386 3161 3401 3196 :
3434 3143 3566 3198 Bene
3601 3143 3701 3196 dico
3733 3156 3795 3192 me

573 3227 792 3296 Adjuvit
817 3229 1014 3283 debilia
1043 3230 1286 3283 membra
1324 3245 1439 3284 tttca
1463 3229 1576 3298 jam
1609 3248 1822 3300 eversa,
1859 3251 1924 3290 ne
1957 3253 2020 3290 ex
2053 3245 2163 3293 toto

573 3321 870 3384 caderent;
929 3335 960 3374 a
1008 3320 1367 3376 similitudine
1421 3322 1668 3393 alicujus,
1727 3326 1817 3393 qui
1871 3327 2166 3395 quemlibet

575 3427 804 3480 pro..um
852 3411 918 3465 ad
959 3413 1262 3467 cadendum
1311 3413 1468 3482 cujus
1509 3413 1620 3483 jam
1672 3431 1766 3485 pes
1816 3434 2039 3474 eversus
2081 3430 2167 3476 est

575 3503 834 3572 suscepit,
869 3505 1060 3557 dextra
1103 3502 1335 3558 fulciens
1369 3519 1492 3559 eum
1524 3522 1592 3560 ne
1627 3507 1805 3562 cadat.
1845 3508 1900 3562 ltt
1944 3525 2006 3563 ea
2039 3525 2166 3566 vero

577 3602 736 3662 parte
773 3592 992 3646 fortium
1028 3595 1416 3660 membrorum,
1451 3595 1503 3650 itt
1531 3613 1638 3666 qua
1669 3607 1873 3652 tantum
1901 3599 2167 3669 impulsus

579 3704 699 3742 sum
733 3696 788 3742 et
817 3703 923 3741 non
956 3703 1181 3743 eversus
1219 3689 1293 3743 l'ui
1323 3730 1338 3754 ,
1370 3690 1626 3745 Dominus
1659 3693 1915 3762 fortitudo
1946 3712 2082 3759 mea,
2114 3696 2165 3750 id

578 3785 853 3833 estcausa
883 3776 1220 3833 fortitudinis
1253 3797 1404 3835 lllCtl'.
1438 3781 1590 3849 Quod
1622 3793 1706 3838 est
1739 3784 1958 3841 dicere:
1990 3786 2168 3840 Forti-

579 3869 684 3926 bus
711 3867 919 3922 viribus
950 3867 1106 3932 nteis,
1135 3884 1254 3938 qua:
1279 3887 1362 3925 me
1389 3873 1456 3926 ad
1489 3873 1893 3931 tribulationem
1930 3878 1982 3931 itt
2015 3879 2168 3948 pulso

580 3974 688 4015 non
723 3957 1135 4024 vaeillaveruut,
1177 3959 1322 4014 dedit
1365 3964 1624 4020 Dominus
1673 3967 2000 4025 fortitudinis
2034 3986 2166 4025 con-

581 4051 868 4118 stantiam,
912 4061 970 4105 Ill.
1013 4052 1064 4106 in
1111 4053 1250 4108 bono
1293 4057 1568 4124 [ιι-θροδίιο
1608 4075 1706 4113 suo
1737 4075 2165 4128 perseverarent.

581 4141 650 4197 Et
685 4159 781 4214 per
805 4144 904 4199 ltoc
933 4138 1108 4200 factus
1137 4155 1217 4200 est
1243 4146 1361 4200 laus
1387 4164 1521 4211 mea,
1556 4149 1639 4202 vel
1673 4149 1909 4207 laudatio
1943 4170 2082 4221 mea,
2118 4157 2169 4211 id

581 4245 666 4290 est
687 4235 862 4290 facttts
889 4247 974 4292 est
999 4237 1127 4291 ntilti
1152 4253 1313 4292 causa
1348 4237 1522 4294 laudis
1553 4240 1632 4293 vel
1659 4241 2001 4308 laudationis,
2027 4248 2171 4302 scili-

583 4336 671 4382 cet
697 4329 799 4384 ltoc
827 4329 958 4383 mibi
989 4346 1084 4398 per
1119 4329 1491 4385 fortitudinem
1537 4333 1788 4398 contulit,
1817 4345 1872 4389 ttt
1906 4337 1958 4390 itt
1986 4338 2172 4395 Eccle-

584 4419 663 4475 sia
696 4419 850 4475 laude
877 4422 1068 4492 diguus
1092 4422 1298 4477 habear
1322 4441 1335 4476 :
1367 4423 1450 4478 vel
1479 4424 1653 4492 factus
1680 4438 1753 4480 est
1777 4427 1918 4495 laus,
1945 4431 2027 4483 vel
2056 4432 2172 4485 lau-

2261 3230 2370 3298 jam
2398 3232 2588 3284 vicisse
2610 3235 2905 3286 scentulum
2957 3235 3202 3303 quaedam
3265 3236 3528 3300 membra,
3575 3249 3678 3304 qua:
3714 3232 3793 3302 jam
3860 3291 3868 3298 _

2269 3320 2648 3376 tt-ibulatimtes
2676 3339 2929 3392 perpessa
2970 3335 3095 3379 sunt
3124 3334 3179 3380 et
3208 3335 3528 3382 constanter
3541 3332 3795 3381 erasertntt.

2268 3417 2382 3472 Non
2409 3420 2552 3474 enim
2583 3433 2792 3475 mortua
2834 3434 2961 3477 sunt
2991 3424 3075 3478 illa
3123 3427 3372 3481 membra
3417 3442 3529 3481 mea
3552 3441 3636 3496 per
3670 3423 3797 3478 tribu-

2271 3512 2522 3578 latioues,
2554 3516 2648 3569 sed
2679 3529 2776 3583 per
2826 3517 2931 3572 ltoc
2957 3519 3143 3574 vivere
3195 3520 3581 3591 perpetualiter
3614 3520 3798 3585 interpe-

2263 3613 2413 3658 runt.
2447 3605 2512 3658 Et
2543 3607 2794 3662 similiter
2829 3625 2926 3678 per
2957 3610 3271 3666 instantiam
3305 3613 3689 3669 tribulationunt
3719 3623 3797 3660 non

2269 3700 2495 3766 moriar,
2535 3704 2833 3757 secundum
2889 3704 2977 3770 illa
3040 3707 3284 3762 membra
3336 3723 3458 3778 quae
3499 3716 3615 3761 sunt
3665 3703 3800 3758 adhuc

2270 3805 2529 3861 passura;
2563 3793 2656 3846 sed
2696 3809 2792 3862 per
2840 3795 2984 3863 ipsas
3031 3797 3413 3853 tribulatioues
3439 3800 3622 3859 vivata,
3659 3794 3798 3852 idest,

2271 3883 2652 3939 tribulationes
2674 3901 2854 3940 causa:
2907 3897 3068 3941 erunt
3094 3890 3236 3958 quod
3267 3889 3512 3944 membra
3539 3902 3642 3942 mea
3667 3884 3802 3939 adhuc

2271 3995 2493 4048 passura
2549 3980 2667 4034 sine
2704 3983 2808 4035 line
2837 3982 3038 4037 vivant.
3095 3983 3246 4051 Quod
3301 3994 3392 4039 est
3431 3979 3802 4046 dicere:‘t\'eque

2272 4071 2487 4125 fuerunt
2512 4071 2886 4128 tribulatiuues
2917 4074 3174 4130 membris
3202 4076 3341 4129 meis
3365 4074 3478 4144 jam
3503 4073 3661 4144 passis
3677 4082 3801 4125 causa

2273 4165 2460 4218 mortis
2483 4180 2655 4234 neque
2669 4166 2907 4233 passut'is
2931 4167 3104 4222 adltuc
3126 4183 3282 4223 causa
3303 4169 3496 4224 tuortis
3508 4175 3668 4222 erunt.
3694 4162 3804 4217 Mors

2274 4256 2418 4309 enim
2443 4256 2742 4324 corporalis
2785 4272 2906 4325 qua:
2935 4273 3032 4326 per
3064 4257 3440 4315 tribulatioues
3468 4257 3667 4320 accidit,
3693 4265 3804 4308 mors

2274 4346 2496 4400 dicemla
2525 4363 2628 4401 non
2661 4357 2762 4411 est,
2789 4351 2881 4402 sed
2914 4350 3536 4421 vittepriueipiuunl‘ost
3557 4347 3802 4405 haneenitu

2273 4447 2504 4490 mortem
2534 4439 2704 4491 sancti
2732 4439 2908 4494 vivere
2938 4439 3169 4494 feliciter
3195 4442 3479 4512 incipiunt.
3517 4439 3654 4496 Unde
3676 4436 3801 4492 etiam

586 4514 752 4577 datio,
772 4529 911 4579 utea,
940 4515 1114 4580 idest,
1145 4513 1259 4570 llan
1287 4515 1336 4568 itt
1363 4531 1447 4569 me
1475 4515 1674 4583 cchcit,
1707 4528 1764 4572 ttt
1788 4535 1888 4589 ego
1921 4537 2042 4576 eum
2076 4540 2168 4579 oc-
2204 4491 2249 4548 υ
2283 4529 2398 4582 dies
2423 4529 2601 4582 obitus
2621 4543 2918 4601 martyrum
2961 4533 3140 4587 natale
3177 4491 3398 4589 dicitur.
3433 4533 3577 4588 Tunc
3623 4530 3740 4586 enim
3764 4527 3802 4578 ia

587 4606 804 4659 casiuue
845 4621 976 4659 mea:
1013 4605 1346 4662 fortitudinis
1383 4608 1450 4662 ab
1491 4624 1556 4662 eo
1591 4609 1730 4664 data:
1777 4611 2084 4679 laudarem,
2117 4627 2171 4670 et

589 4708 683 4762 per
717 4694 858 4763 ipsas
895 4696 1266 4753 tribulatioues
1295 4709 1342 4752 et
1374 4701 1773 4768 susceptionem
1805 4713 1858 4758 et
1892 4704 2168 4760 fortitudi-

590 4798 713 4838 nem
763 4783 936 4851 fnctus
977 4796 1052 4842 est
1095 4788 1223 4840 mihi
1266 4790 1488 4843 tendens
1525 4794 1576 4844 in
1618 4791 1840 4846 salutem
1887 4806 2167 4850 teteruattt.

589 4872 742 4938 Quod
783 4880 865 4926 est
899 4872 1082 4927 dicere
1121 4893 1134 4928 :
1175 4875 1279 4932 Per
1316 4880 1417 4934 hoc
1461 4891 1717 4950 uperatus
1759 4892 1864 4952 est,
1904 4896 1957 4942 et
1995 4890 2169 4944 adltuc

582 4965 783 5035 jugitet‘
814 4965 942 5019 facit
967 4964 1194 5021 salutem
1226 4986 1400 5025 meam
1427 4982 1706 5030 teternam.
1745 4995 1763 5027 ι
1793 4976 1908 5032 Νοιι
1940 4994 2172 5036 corona-

593 5058 739 5112 Litur
765 5057 930 5124 enim,
973 5059 1076 5115 ttisi
1105 5059 1198 5130 qui
1239 5061 1474 5131 legitime
1511 5071 1804 5126 certaverit
1831 5071 1916 5143 (11
1949 5074 2080 5132 Tim.
2109 5093 2171 5144 tt,

593 5149 609 5178 1‘-

590 5149 668 5220 5).
717 5167 734 5198 ι

670 5246 800 5300 Dico
839 5247 979 5316 quod
1022 5247 1284 5304 fortitudo
1326 5264 1442 5304 mea
1483 5263 1566 5308 est
1609 5261 1904 5315 secundum
1949 5264 2172 5320 robusta

596 5337 836 5391 membra
881 5353 1022 5394 mea.
1069 5339 1135 5393 Et
1178 5341 1229 5394 itt
1273 5350 1482 5396 tantum
1527 5344 1579 5396 in
1617 5346 1696 5399 eis
1734 5349 1968 5406 robustis
2007 5369 2169 5409 causa

595 5427 926 5482 fortitudinis
949 5438 1052 5494 est,
1075 5433 1216 5500 quod
1242 5434 1297 5486 in
1323 5432 1672 5487 tabernaculis
1689 5436 1977 5506 justorum,
2013 5444 2063 5496 id
2090 5456 2175 5499 est

595 5522 646 5574 itt
675 5518 1202 5578 tabernaculantibus
1222 5523 1404 5592 justis,
1435 5527 1643 5581 scilicet
1671 5528 1724 5582 iu
1755 5531 1988 5589 robustis
2016 5538 2170 5604 nteis,

591 5616 681 5684 qui
712 5613 843 5681 justi
875 5623 1023 5682 sunt,
1061 5626 1115 5671 et
1147 5618 1198 5672 itt
1234 5621 1596 5678 tabernaculis
1631 5625 1834 5680 milititr.
1865 5627 1954 5682 Dei
1992 5645 2175 5699 perse-

595 5718 871 5776 Verautes,
903 5723 1007 5763 non
1041 5719 1125 5765 est
1159 5726 1257 5767 vox
1298 5719 1566 5784 ItltBl‘Ol'iS,
1608 5719 1700 5775 sed
1729 5735 1826 5774 vox
1861 5723 2172 5779 exsultatio-

2277 4629 2478 4672 azterna
2509 4619 2615 4671 viia
2644 4631 2954 4675 nascuntur.
2986 4621 3090 4676 Per
3115 4622 3214 4677 hoc
3265 4634 3448 4678 autem
3491 4623 3732 4677 auditores
3753 4614 3803 4668 ad

2279 4727 2384 4764 tttat
2401 4714 2593 4783 tyrittm
2611 4716 2856 4779 attrahit,
2880 4733 3001 4770 cum
3029 4718 3170 4773 dicat
3184 4718 3324 4776 hanc
3343 4731 3533 4788 tempo-
3549 4716 3671 4772 alem
3692 4728 3804 4766 mer-

2277 4818 2403 4867 tem,
2423 4820 2525 4859 non
2555 4822 2672 4860 esse
2690 4813 3047 4873 mortem,sed
3073 4813 3393 4881 principium
3423 4816 3556 4868 vite.
3575 4801 3806 4875 Dieoqllod

2276 4899 2526 4960 vivam,et
2548 4899 2782 4956 indeltoc
2818 4905 3393 4974 poteritcomprobari,
3419 4906 3539 4977 quia
3565 4911 3671 4973 post
3697 4900 3805 4952 ltatzc

2279 4991 2524 5057 corporis
2581 4999 2635 5046 et
2681 4993 2876 5048 animae
2940 4996 3362 5065 separationem,
3405 4996 3619 5050 narrabo
3683 5005 3804 5061 ορεηι

2282 5077 2512 5147 Domini,
2563 5099 2667 5137 non
2703 5100 2834 5140 voce
2857 5087 3072 5155 quidem
3102 5102 3238 5154 mea,
3270 5090 3364 5144 sed
3388 5105 3544 5145 c.:usa
3572 5102 3658 5142 ero
3674 5095 3806 5152 Quare

2281 5172 2349 5226 ab
2370 5173 2492 5227 aliis
2549 5177 2934 5245 superstitibus
2991 5189 3345 5234 ttarrettturet
3372 5180 3644 5235 laudentur
3679 5186 3802 5242 opm

2283 5267 2535 5321 Domini:
2579 5269 2720 5337 quod
2767 5271 3014 5340 equidem
3064 5288 3171 5326 non
3229 5284 3396 5338 esset,
3451 5274 3547 5328 nisi
3593 5271 3802 5324 ViVCfL‘lll.

2281 5357 2410 5410 Nam
2441 5361 2637 5412 mortui
2673 5377 2776 5414 non
2825 5360 3118 5416 laudabunt
3168 5363 3451 5418 Dominum
3508 5361 3802 5426 (Psal.c:ttu.

2282 5453 2391 5510 17).
2421 5452 2573 5518 Quod
2601 5463 2684 5507 est
2713 5455 2894 5508 dicere
2923 5469 2936 5507 :
2969 5455 3083 5524 lpsa
3115 5473 3231 5510 mea
3274 5459 3569 5512 constantia
3597 5467 3740 5508 usoue
3763 5447 3801 5498 in

2281 5545 2441 5598 finem
2469 5546 2623 5599 firma
2669 5562 2832 5600 causa
2873 5549 2976 5602 erit
3003 5565 3172 5618 quare
3212 5552 3299 5605 alii
3328 5551 3589 5606 nat-rando
3632 5544 3804 5598 laude—nl

2277 5650 2439 5704 opera
2497 5636 2726 5698 Domini,
2781 5637 2988 5692 scilicet
3031 5642 3391 5696 constantiam
3452 5653 3506 5695 et
3549 5636 3802 5694 victoriato.

2278 5737 2333 5782 et
2362 5737 2560 5783 caetera
2586 5729 2848 5785 beneﬁcia
2886 5748 3006 5802 qua:
3030 5733 3082 5787 in
3121 5749 3206 5789 me
3232 5745 3502 5806 operatur.
