3978 6328
220 310 337 365 uss
1109 295 1466 356 exrosmo
1497 296 1561 351 lN
1591 293 1922 351 l’SALMOS.
1949 328 2016 336 -
2057 296 2250 352 PSAL.
2291 297 2494 355 cxvu.
3291 309 3428 364 iam

273 421 390 476 Dico
420 431 520 470 non
541 409 753 473 moriar,
785 417 841 464 et
869 424 995 466 vere
1026 412 1294 480 separatio
1330 411 1449 465 talis
1473 409 1667 464 anim-.1:
1693 419 1749 464 et
1774 415 1824 472 Α
1852 409 2089 479 ipsorum
2119 411 2532 480 reputationezr,
2555 426 2664 467 non
2691 423 2949 484 quantum
2981 415 3048 472 ad
3090 418 3166 474 rei
3223 425 3428 478 verita—

215 507 431 580 corporis
461 519 564 558 non
586 510 666 556 est
690 501 915 556 dicemla
966 517 1134 564 mors,
1183 503 1276 556 sed
1301 501 1605 570 castigatio.
1647 499 1754 554 Do-
1857 509 1983 556 tem.
2012 502 2178 559 Nemo
2205 505 2348 556 enim
2383 512 2557 572 potest
2578 504 2712 558 eflici
2769 507 2860 562 Dei
2919 511 3202 580 templum,
3235 515 3338 570 nisi
3372 517 3429 572 in

216 605 366 658 minus
415 597 552 651 enim
609 609 704 664 per
753 594 911 671 talem
963 603 1191 648 mortem
1237 604 1292 648 et
1354 591 1752 647 tribulationem
1853 593 1956 647 fide
1980 593 2178 648 Christi
2233 594 2509 660 fundatus,
2558 611 2716 665 quem
2761 596 2927 654 Judtei
2983 603 3430 674 reprobat-erunt,

216 689 456 760 castigavit
487 703 565 739 me
601 683 711 753 jam
753 685 1046 739 secundum
1069 683 1312 752 quaedam
1365 685 1603 738 membra
1637 699 1752 738 mea
1851 683 2180 754 denegantes
2235 701 2355 737 eum
2413 701 2592 754 regem
2634 686 2798 739 Israel
2841 702 2960 742 esse
2993 699 3046 743 et
3088 693 3176 746 Dei
3201 693 3428 763 Filium,

217 781 434 854 ("nciam
465 793 616 848 passa
641 786 785 840 sum,
807 778 1069 846 εηειίραηε
1093 777 1255 830 etiam
1287 792 1428 832 nunc
1458 777 1752 831 secundum
1846 773 1999 842 juxta
2031 774 2158 828 illud
2185 791 2197 827 :
2228 793 2245 825 ι
2269 774 2386 829 Noli
2417 776 2656 830 scribere
2680 792 2770 831 rex
2800 777 3101 834 Julazorum
3125 823 3140 846 ,
3183 785 3273 839 sed
3301 788 3427 854 quia

217 877 292 930 illa
328 872 576 934 membra,
642 886 761 939 qme
823 884 963 922 nunc
1011 869 1285 938 patiuntur
1334 878 1386 924 et
1428 871 1751 924 mor'untur.
1853 864 1967 934 ipse
2019 866 2152 920 dixit
2179 866 2202 920 ε’
2226 867 2337 920 Rex
2383 883 2501 920 sum
2549 865 2853 921 Judmorum
2910 869 3368 945 (Joan.xrx,2l).
3409 895 3425 927 ι

215 963 466 1032 Castigare
489 977 592 1014 non
628 959 889 1029 accipitur
919 959 1026 1026 hic,
1056 967 1111 1012 ut
1146 959 1313 1028 accipi
1349 959 1504 1024 solet,
1538 962 1630 1014 sed
1655 975 1754 1030 po-
1853 955 1914 1008 Et
1949 953 2172 1010 iterum:
2209 975 2226 1006 ι
2259 956 2564 1010 Secundum
2587 956 2754 1027 legem
2788 957 2944 1013 debet
2995 962 3128 1014 mori
3173 965 3295 1032 quia
3329 966 3422 1018 Fi-

193 1035 343 1108 ‘nitnr
373 1051 634 1118 castigare
665 1063 762 1118 pro
788 1064 1038 1118 purgare.
1087 1047 1258 1102 Morte
1298 1064 1528 1118 namque
1553 1059 1756 1119 marty-
1853 1043 1983 1098 lium
2041 1045 2156 1104 Dei.
2191 1061 2249 1101 se
2273 1046 2397 1101 fecit
2428 1045 2615 1118 (lbid.,
2648 1062 2699 1114 γ,
2735 1047 2808 1108 7).
2844 1067 2862 1099 ι
2894 1049 2994 1115 Qui
3032 1050 3168 1120 lapis
3205 1069 3300 1122 pcr
3331 1056 3432 1111 huc

220 1141 276 1196 rii
305 1149 354 1192 et
383 1137 752 1201 tribulatione,
806 1147 859 1192 el
903 1147 1124 1206 peccata
1153 1152 1272 1207 quae
1329 1137 1380 1191 in
1428 1139 1754 1208 martyribus
1853 1137 1994 1207 quo]
2021 1136 2119 1191 fuit
2143 1153 2170 1190 a
2195 1135 2394 1192 Jtulmis
2428 1140 2763 1206 reprobatus,
2801 1149 2856 1193 et
2901 1142 2950 1192 in
2983 1153 3208 1198 mortem
3245 1144 3421 1212 datus,

215 1239 323 1286 sunt
344 1229 591 1285 Dominus
625 1238 836 1296 purgat,
863 1237 917 1280 et
945 1243 1131 1282 eorum
1159 1243 1386 1282 coronas
1419 1238 1750 1297 augmentat.
1853 1226 2023 1295 factus
2055 1237 2128 1280 est
2155 1229 2209 1282 in
2242 1238 2401 1297 caput
2435 1227 2611 1298 anguli
2641 1241 2660 1279 :
2688 1244 2808 1282 cum
2867 1229 3014 1298 prius
3073 1248 3177 1286 non
3238 1233 3428 1288 fuisset

216 1318 494 1387 Castigat'il,
560 1317 800 1384 inquam,
832 1333 933 1380 me,
961 1327 1008 1370 et
1056 1317 1134 1371 sic
1174 1333 1257 1372 me
1283 1319 1597 1388 castigatum
1651 1336 1755 1373 non
1853 1326 2012 1384 caput
2037 1314 2238 1385 anguli,
2267 1316 2317 1370 id
2343 1325 2422 1370 est
2465 1315 2637 1370 factus
2686 1326 2766 1372 est
2811 1328 2968 1386 caput
2998 1319 3225 1388 duplicis
3251 1324 3430 1392 parie-

190 1401 404 1462 ἰνιιιιίιιὶι
433 1410 583 1462 morti
604 1416 838 1462 aeternas.
865 1408 1016 1475 Quod
1045 1409 1316 1464 estdicere
1349 1427 1362 1463 :
1394 1409 1498 1464 Per
1525 1411 1755 1480 castiga-

1862 1405 1924 1458 lis
1945 1404 2221 1468 Beelesite,
2257 1405 2478 1472 parietis
2526 1405 2734 1460 scilicet
2785 1407 3018 1462 fidelium
3054 1425 3120 1464 ex
3151 1408 3346 1465 ludatis
3374 1423 3431 1468 et

217 1500 389 1554 tionem
413 1499 570 1553 talem
597 1499 837 1554 membra
881 1514 998 1554 mea
1019 1497 1133 1566 jam
1162 1515 1318 1568 passa
1344 1515 1374 1554 a
1401 1509 1573 1554 morte
1596 1511 1755 1556 teter-

1862 1493 2071 1560 parietis
2102 1491 2334 1546 fidelium
2365 1509 2428 1546 ex
2463 1503 2586 1562 gent
2611 1494 2730 1564 bas,
2785 1497 2875 1565 qui
2933 1513 3171 1568 congrue
3200 1501 3430 1569 angulus

215 1607 271 1645 na
297 1591 547 1645 liberavit.
580 1590 842 1657 Quoniam
885 1606 1014 1660 ergo
1045 1592 1340 1656 tribulatio,
1399 1602 1454 1648 et
1495 1593 1607 1650 ham
1635 1610 1756 1649 cor.
1851 1583 2068 1638 dicitur.
2097 1583 2248 1638 Sicut
2282 1584 2423 1640 enim
2448 1584 2739 1654 aliquamlo
2786 1587 2890 1640 duo
2943 1587 3176 1657 pariete;
3226 1589 3427 1644 diversi

214 1684 340 1752 poris
365 1693 416 1737 ει
441 1683 634 1737 animm
654 1683 926 1753 separatio
959 1693 1041 1738 ρει
1078 1685 1208 1738 mihi
1238 1687 1523 1756 castigatio
1553 1696 1605 1742 ει
1633 1687 1754 1740 vim
1853 1674 1904 1728 in
1933 1674 2128 1744 angulo
2160 1678 2505 1739 conveniunt,
2534 1686 2587 1730 et
2616 1694 2644 1730 a
2672 1677 2910 1746 qualibet
2968 1681 3210 1751 angulari
3253 1681 3430 1751 lapide

215 1773 420 1838 occasio,
465 1773 780 1838 concedo,o
809 1785 1209 1843 persecutores,
1259 1792 1361 1831 non
1419 1777 1746 1832 referundo:

1862 1780 2012 1834 supra
2066 1767 2262 1836 posito,
2301 1776 2356 1822 et
2401 1777 2561 1836 caput
2617 1784 2804 1824 eorum
2855 1771 3148 1836 existente,
3203 1780 3430 1840 uterque

217 1863 398 1930 Αρενηε
429 1862 552 1915 mihi
584 1873 766 1932 ρονιαε
787 1863 1043 1932 justum,
1078 1865 1130 1919 id
1160 1875 1243 1924 ρει
1288 1876 1587 1936 Ιηιαιρίηιειιθ
1621 1867 1750 1921 mihi
1853 1855 2252 1924 complectitur;
2291 1857 2360 1910 ita
2397 1858 2451 1912 ill
2499 1858 2605 1913 duo
2633 1861 2888 1929 parietes,
2918 1862 3155 1918 Ecclesia
3175 1862 3429 1919 videlicet

217 1951 556 2006 tribulationes
581 1961 637 2008 et
683 1963 910 2008 mortem
947 1969 1064 2023 qua:
1095 1963 1254 2009 erunt
1281 1957 1411 2010 mihi
1461 1965 1627 2025 porta:
1657 1973 1753 2027 per

1862 1962 1916 2000 ex
1948 1947 2169 2013 Judteis,
2197 1956 2251 2002 et
2277 1949 2516 2006 Ecclesia
2569 1967 2636 2005 ex
2681 1951 2954 2021 gentibus,
2993 1968 3110 2021 qua:
3139 1955 3287 2023 prius
3311 1970 3430 2010 om-

215 2058 330 2112 qnas
356 2043 622 2112 ingrediar
645 2045 710 2097 ad
741 2044 1032 2114 justitiam,
1070 2045 1120 2099 id
1149 2056 1229 2100 est
1272 2047 1560 2115 adjustam
1591 2057 1752 2100 teter-

1862 2035 1983 2089 nino
2021 2036 2250 2091 diverste
2305 2037 2520 2092 fuerant
2549 2040 2616 2092 ab
2657 2040 2906 2105 invicem,
2961 2043 3012 2096 in
3077 2043 3196 2097 fidei
3222 2047 3429 2100 un'tate

217 2147 284 2186 nte
309 2133 421 2187 vita:
444 2135 952 2201 remunerationem,
981 2152 1011 2190 a
1039 2135 1388 2191 similitudine
1422 2137 1634 2190 illorum
1660 2138 1751 2207 qui

1862 2135 2220 2180 convenerunt
2275 2129 2502 2182 subdita:
2549 2128 2764 2184 Christo
2817 2130 3060 2202 angttlari
3115 2132 3302 2202 lapidi,
3333 2136 3424 2203 qui

213 2218 390 2289 ingredi
419 2223 652 2290 cupienti
681 2223 920 2287 domtun,
961 2233 1147 2293 portas
1207 2225 1472 2292 aperiunt.
1505 2223 1615 2280 Iloc
1644 2242 1750 2280 non
1852 2225 2014 2286 caput
2047 2219 2329 2289 utriusque
2373 2221 2554 2276 existit
2600 2230 2649 2275 et
2680 2233 2962 2292 utramque
3017 2238 3116 2280 suo
3163 2226 3427 2296 regimine

215 2311 324 2365 dicit
347 2313 676 2381 imperative,
706 2315 798 2369 sed
837 2316 1163 2376 concessive,
1195 2331 1318 2370 cum
1370 2317 1614 2386 iniquum
1671 2318 1743 2372 sit

1862 2305 2246 2374 complectitur,
2299 2305 2454 2374 juxta
2501 2307 2629 2362 illud
2679 2309 2921 2378 Aposlttli
2949 2329 2963 2365 :
2993 2334 3008 2362 ‹
3043 2311 3160 2382 Ipse
3206 2323 3290 2368 est
3323 2329 3427 2384 pax

213 2403 332 2455 mala
364 2404 513 2459 alicui
544 2405 796 2459 suadere.
828 2405 998 2472 Quam
1029 2407 1432 2462 concessionem
1458 2408 1577 2462 ideo
1600 2409 1747 2475 facit,

1862 2400 2044 2451 nostra
2075 2397 2166 2468 qui
2191 2397 2317 2452 fecit
2340 2407 2564 2468 utraque
2607 2417 2768 2454 untnn
2793 2401 3002 2470 (Epltt's.
3033 2419 3096 2466 tt,
3123 2405 3234 2476 19.),
3267 2425 3288 2460 ι
3319 2417 3424 2462 etc.

213 2502 262 2546 ut
281 2494 529 2550 auditores
557 2497 732 2566 magis
753 2497 817 2550 ad
847 2495 1218 2552 tribulationes
1235 2507 1284 2552 et
1313 2508 1539 2554 mortem
1565 2500 1755 2554 volun-
1851 2489 1985 2544 ΠΙυά
2019 2500 2198 2544 autem
2227 2493 2368 2562 quod
2395 2494 2459 2546 de
2491 2493 2731 2564 angulari
2761 2495 2864 2564 lupi
2891 2497 2935 2548 le
2971 2493 3139 2551 Jndagi
3193 2498 3418 2568 fingtml.

223 2584 339 2637 larie
363 2585 664 2654 patiendum
699 2587 906 2652 invitet,
937 2588 1268 2641 ostendendo
1297 2589 1436 2658 quod
1475 2589 1558 2644 lue
1585 2598 1753 2660 perun
1853 2583 2061 2638 scilicet
2103 2584 2158 2637 in
2199 2584 2380 2653 templi
2421 2583 2725 2639 Salomonis
2780 2585 3155 2651 aedificatione,
3199 2589 3428 2658 lapidem

207 2671 399 2739 justitiae
435 2677 559 2729 sint.
624 2676 846 2744 Aperite,
880 2676 1118 2744 inquam,
1150 2688 1348 2745 portas,
1394 2687 1448 2732 et
1487 2679 1752 2749 ingressus
1851 2690 2016 2730 unum
2064 2674 2229 2732 fuisse
2277 2677 2344 2730 ab
2392 2676 2780 2731 aedificantibus
2833 2679 3199 2747 reprobatum,
3250 2689 3302 2734 et
3353 2683 3419 2732 al

212 2761 256 2815 in
275 2779 351 2815 ea:
379 2764 748 2818 tribulationes
776 2779 895 2832 qua}
931 2773 1096 2833 porta:
1132 2775 1278 2830 sunt,
1323 2782 1428 2820 non
1461 2769 1752 2822 contrista-
1852 2769 2098 2822 ultimum
2134 2771 2185 2821 in
2234 2768 2430 2838 angulo
2465 2767 2631 2822 fuisse
2661 2769 2914 2837 positum.
2946 2771 3166 2824 omnino
3197 2770 3418 2826 falsitati

213 2849 310 2915 bur,
339 2854 424 2907 sed
447 2855 730 2923 conﬁtebor
750 2855 992 2920 Domino,
1025 2856 1075 2908 id
1100 2863 1180 2910 est
1211 2856 1437 2911 laudabo
1463 2859 1750 2914 Dominum
1851 2859 2065 2912 videtur
2090 2859 2369 2923 accedere,
2401 2875 2523 2914 cum
2559 2860 2610 2914 in
2639 2859 2862 2913 historia
2881 2860 3022 2915 nulla
3055 2861 3282 2932 legatur.

214 2954 341 3004 voce,
372 2944 546 3008 corde,
575 2953 636 2998 et
667 2944 926 3014 patientia
956 2959 1096 2998 mea.
1123 2945 1246 2999 Ideo
1277 2961 1404 3000 vero
1432 2963 1535 3001 non
1581 2946 1754 3002 refor-
1924 2949 2228 3003 Notandum
2255 2959 2460 3015 autem,
2487 2952 2632 3020 quod
2677 2951 2766 3005 tali
2795 2967 2990 3021 genere
3017 2952 3302 3008 locutionis
3333 2954 3423 3008 hic

213 3039 335 3092 mido
363 3039 454 3093 has
486 3049 673 3110 portas
699 3040 925 3110 ingredi,
955 3040 1078 3108 quia
1109 3041 1221 3094 lucc
1245 3040 1433 3094 eadem
1478 3042 1754 3115 portgtri-
1790 3104 1828 3115 _
1857 3053 2044 3093 versus
2092 3039 2162 3093 sit
2195 3056 2222 3091 a
2250 3037 2517 3108 Propheta
2557 3041 2904 3108 compositus.
2942 3042 3073 3096 Cum
3130 3045 3275 3098 enim
3337 3062 3434 3114 po-

215 3104 602 3185 lntlalionis-fnit
637 3104 842 3185 Domini
873 3104 1094 3186 Christi.
1132 3152 1149 3182 ι
1189 3131 1437 3201 Oportuit
1475 3104 1752 3203 enirn-pati
1783 3104 1830 3166 Ο
1858 3132 2092 3186 suisset:
2125 3104 2371 3196 Lapitleni
2422 3147 2573 3200 quem
2631 3104 3028 3200 reprobatterttnt
3083 3104 3425 3203 mdiﬁcanlcs,

213 3218 450 3276 Clu-istum
483 3233 537 3278 et
587 3237 894 3293 resurgere,
953 3232 1008 3278 et
1064 3225 1134 3278 ita
1180 3224 1382 3278 intrare
1430 3224 1482 3278 in
1526 3225 1753 3295 gloriam
1855 3230 1909 3276 et
1936 3223 2226 3275 secundum
2269 3221 2412 3275 lnme
2458 3221 2702 3274 ordinem
2755 3237 2913 3292 quem
2969 3224 3287 3294 incmperat,
3331 3228 3428 3281 de-

214 3323 341 3363 suam
364 3311 506 3382 (Luc.
548 3328 703 3376 xxiv,
744 3310 858 3380 26).
891 3333 909 3365 ι
946 3313 1010 3366 Et
1041 3314 1165 3383 quia
1207 3315 1415 3369 Domini
1452 3316 1574 3381 fttit,
1616 3317 1755 3386 justi
1854 3312 2297 3373 huissetaddere.
2339 3311 2578 3367 fecerunt
2609 3312 2660 3366 in
2690 3322 2850 3382 caput
2877 3315 3088 3385 anguli;
3119 3317 3218 3372 hoc
3241 3319 3428 3372 ordine

214 3399 488 3470 quicunque
516 3403 786 3456 intrabunt
816 3403 869 3456 in
911 3419 1023 3457 eam
1061 3420 1122 3458 ex
1157 3405 1496 3472 necessitate,
1523 3408 1606 3462 vel
1639 3409 1755 3478 ipsa
1857 3402 2098 3465 dimisso,
2151 3401 2253 3454 alio
2305 3417 2501 3470 genere
2542 3401 2828 3456 locutionis
2866 3419 3076 3458 versum
3111 3405 3302 3472 ﬁnivit,
3337 3407 3430 3458 ad-

215 3492 506 3558 cxpericntia
541 3493 834 3563 passionis,
893 3493 975 3548 vel
1015 3495 1202 3549 saltem
1226 3506 1350 3550 voto
1413 3495 1666 3566 patiendi"
1709 3499 1756 3553 si
1857 3494 1990 3548 dens
2025 3494 2108 3546 hic
2129 3493 2296 3562 {actus
2325 3505 2396 3548 est
2425 3496 2477 3548 in
2512 3505 2663 3563 caput
2697 3495 2897 3564 anguli.
2930 3495 2982 3548 ln
3009 3496 3109 3551 hoe
3126 3507 3304 3550 autem
3345 3514 3429 3550 re-

215 3585 500 3646 oportuerit.
529 3583 720 3637 Nullus
757 3584 900 3638 enim
946 3584 1090 3638 nullo
1120 3587 1276 3640 modo
1309 3587 1516 3643 intrans
1581 3589 1756 3643 salva-
1857 3592 2037 3637 mOVBl
2065 3583 2185 3648 Ιιοο,
2215 3582 2355 3651 quod
2400 3583 2538 3636 male
2568 3592 2750 3650 pOS-‘el
2781 3584 2956 3653 quivis
3013 3584 3246 3653 opinari,
3276 3585 3428 3638 scili-

216 3667 356 3724 bitttr.
399 3671 546 3728 Sicut
581 3674 648 3728 de
702 3673 1013 3728 beatissimo
1059 3674 1288 3730 Martino
1340 3677 1553 3748 legitur,
1613 3681 1756 3748 quod
1857 3674 2288 3730 cclJttdteoshac
2331 3676 2626 3729 intentione
2650 3675 2873 3744 lapidem
2913 3677 3056 3730 hunc
3086 3679 3432 3746 reprobassc.

216 3755 319 3813 licet
341 3774 454 3814 eum
479 3761 693 3832 gladius
721 3763 1079 3832 persecutoris
1114 3779 1218 3818 non
1251 3765 1491 3831 abstulit,
1523 3767 1754 3836 palmam
1857 3774 1913 3818 nt
1941 3765 2088 3818 fieret
2113 3766 2167 3817 in
2198 3775 2350 3832 caput
2384 3765 2582 3834 anguli.
2626 3765 2682 3818 Si
2733 3765 2874 3819 enim
2925 3780 2986 3820 ea
3035 3765 3330 3820 intentioae
3375 3778 3432 3821 et

216 3853 642 3928 tamen‘martyrii
683 3869 788 3908 non
821 3855 1019 3908 amisit.
1053 3854 1190 3910 Voto
1217 3857 1358 3910 enim
1411 3867 1619 3928 martyr
1657 3874 1756 3912 ex-
1858 3858 1960 3911 hoc
1986 3855 2210 3910 consilio
2270 3855 2556 3920 fecissent,
2593 3854 2859 3924 Pr0plteta
2906 3856 3062 3926 plane
3112 3858 3425 3924 [.osuisset:

215 3919 729 3998 stitit.~Facit'atttem
786 3945 1164 4014 apostropham
1191 3947 1255 3999 ad
1281 3947 1444 4000 Dettm
1493 3919 1571 4000 ex.
1591 3948 1755 4002 nimia
1860 3944 2101 4014 Lapidem
2137 3962 2288 4015 qttem
2338 3945 2732 4014 reprobarerunt
2777 3947 3131 4014 ludificantes,
3185 3949 3234 4002 fe
3269 3955 3429 4003 cruat

215 4027 625 4096 all‘ectione,sic:
663 4033 978 4102 Conﬁtebor,
1009 4035 1251 4104 inquam,
1282 4034 1527 4100 Domino,
1561 4045 1614 4088 et
1646 4051 1758 4090 me-
1857 4036 1912 4087 in
1947 4043 2100 4104 caput
2131 4034 2348 4104 anguli;
2373 4036 2465 4088 sed
2492 4050 2613 4088 cum
2645 4036 2748 4091 htc
2791 4037 2980 4090 ordine
3015 4036 3235 4090 dimisso
3268 4037 3378 4090 alit:
3403 4053 3432 4091 ι’

215 4117 302 4172 rilo
333 4123 744 4191 conﬁtebortibi,
796 4125 1040 4190 Domine,
1065 4126 1311 4195 quoniam
1361 4126 1752 4193 exaudistime,
1859 4123 2010 4187 dicit,
2039 4123 2243 4178 εείιίιοι
2293 4125 2376 4177 hic
2401 4124 2574 4192 factus
2605 4135 2679 4178 est
2731 4126 2786 4178 in
2810 4135 2962 4194 caput
3017 4124 3216 4193 anguli,
3274 4126 3430 4194 plane

215 4217 264 4262 ut
285 4209 529 4268 liberares
562 4229 651 4268 me
679 4215 744 4268 de
781 4214 1024 4269 interiori
1082 4215 1428 4270 tribulatione
1477 4218 1754 4285 vitiorum,
1858 4210 2016 4265 docet
2064 4226 2166 4264 non
2216 4225 2402 4265 eorum
2455 4211 2548 4264 sed
2595 4211 2818 4264 alttrius
2863 4211 3090 4265 consilio
3140 4225 3261 4264 eum
3310 4225 3340 4265 e
3373 4225 3432 4264 se

213 4309 253 4351 et
274 4301 428 4368 factus
460 4322 512 4359 es
541 4303 670 4358 mihi
691 4305 744 4360 in
775 4305 988 4359 salutem
1014 4306 1224 4369 cedens,
1261 4307 1311 4361 id
1342 4318 1423 4362 est
1452 4309 1503 4363 itt
1540 4325 1756 4364 causam
1861 4301 2059 4354 Γαθῑηιιι
2091 4309 2250 4368 calml
2305 4300 2504 4368 anguli.
2556 4301 2596 4352 Α
2644 4317 2748 4368 (illo
2774 4315 2904 4370 θιέο
2957 4301 3025 4355 hil
3075 4302 3247 4371 [τιειιιε
3276 4311 3432 4365 τηρεε

217 4391 398 4457 salutis,
446 4394 611 4466 ωδ
647 4404 701 4449 et
751 4395 858 4461 hic,
909 4395 1117 4449 scilicet
1159 4412 1254 4466 per
1285 4408 1633 4464 peccatorum
1671 4415 1756 4452 re-
1791 4440 1834 4496 ο
1861 4391 2057 4460 anguli,
2087 4401 2141 4444 et
2166 4391 2316 4459 cujus
2346 4391 2693 4457 dispos'tione
2725 4394 2792 4446 ita
2837 4393 3154 4461 reprobatus
3209 4394 3302 4459 sit,
3341 4409 3432 4447 ne-

217 4483 500 4541 missionem
530 4486 1062 4556 etjustificationem,
1115 4496 1170 4542 et
1228 4489 1485 4544 inl‘uturo
1535 4493 1759 4544 daturus

217 4582 445 4631 aeternam
482 4578 892 4633 beatitudinem.

276 4667 330 4720 Et
356 4684 447 4737 per
475 4670 578 4725 hoc
605 4671 775 4738 factus
802 4686 854 4722 es
885 4669 1010 4722 mihi
1032 4671 1086 4722 in
1126 4685 1341 4726 causam
1367 4671 1556 4725 salut-is
1587 4689 1600 4724 :
1631 4673 1755 4740 quia

218 4754 414 4823 lapidem
443 4761 715 4816 Christum
775 4777 924 4830 quem
964 4762 1364 4829 reprobaverunt
1413 4764 1752 4832 wdiﬁcantes,

217 4847 286 4898 ltic
311 4848 470 4910 factus
495 4857 570 4906 est
599 4853 653 4905 in
683 4862 834 4919 caput
864 4851 1062 4921 anguli.
1093 4852 1242 4918 Quod
1282 4862 1366 4908 est
1405 4855 1581 4909 dicere
1611 4871 1623 4907 :
1654 4855 1758 4910 Per

219 4939 627 5005 reprobationem
660 4940 887 5006 Christi,
922 4941 1212 4995 firmissimi
1238 4941 1451 5012 lapidis,
1507 4959 1592 4998 me
1653 4945 1760 4999 sal-

217 5031 356 5096 vasti,
379 5033 492 5088 sine
518 5048 625 5104 quo
649 5032 994 5086 fundamento
1017 5049 1175 5088 nemo
1210 5044 1385 5103 potest
1420 5051 1478 5091 se
1505 5036 1760 5090 Deotem-

217 5115 342 5182 plum
367 5135 458 5188 per
477 5122 703 5176 virtutes
727 5130 781 5174 et
805 5135 966 5190 Opera
997 5121 1132 5175 bona
1172 5122 1460 5177 mdilicare.
1496 5142 1515 5174 ι
1546 5124 1760 5178 Funda-

220 5219 433 5263 mentum
458 5212 601 5266 enim
637 5213 778 5265 aliud
813 5227 970 5265 nemo
1000 5221 1175 5281 potest
1227 5227 1447 5281 ponere,
1488 5223 1684 5282 praeter
1705 5216 1759 5269 id

219 5303 342 5367 quod
365 5304 594 5372 positum
618 5313 720 5368 est,
748 5303 888 5372 quod
908 5311 990 5356 est
1011 5302 1324 5374 Christus(l
1349 5302 1472 5357 Cor.
1499 5290 1708 5372 1",“).
1736 5323 1754 5356 ι

222 5386 365 5450 Quem
389 5394 610 5462 lapidem
635 5394 750 5446 sine
782 5407 890 5462 quo
915 5405 1073 5446 nemo
1095 5408 1150 5447 se
1169 5403 1344 5461 p0test
1364 5393 1474 5448 Deo
1505 5395 1758 5464 templum

220 5479 486 5546 :edificare,
517 5483 916 5551 reprobaverunt
964 5481 1303 5550 wdiﬁcantes,
1333 5481 1387 5536 id
1428 5491 1512 5538 est
1547 5499 1761 5554 spreve-

222 5577 330 5621 runt
357 5569 522 5626 Judrei
560 5573 886 5629 aedificantes
916 5588 972 5628 se
1004 5572 1258 5643 templum
1315 5572 1409 5628 Dei
1459 5588 1555 5644 per
1595 5577 1759 5630 tradi-

225 5655 377 5716 tiones
413 5677 538 5718 suas
566 5678 579 5727 ;
611 5664 927 5732 ludiﬁcantes
966 5663 1108 5729 dico,
1159 5661 1365 5719 scilicet
1391 5672 1649 5732 quantum
1694 5667 1760 5721 ad

1863 4498 1968 4550 que
1996 4482 2140 4535 enim
2190 4481 2288 4534 fttit
2326 4483 2528 4548 absque
2567 4498 2761 4551 magno
2791 4484 3038 4546 consilio,
3072 4485 3213 4551 quod
3246 4501 3430 4554 repro-

1865 4575 2022 4628 hatus
2077 4573 2195 4639 fuit,
2246 4576 2600 4640 demonstrat,
2655 4575 2901 4628 addemlo
2954 4577 3073 4631 sic:
3113 4576 3239 4632 Dico
3289 4577 3432 4646 quod

1863 4663 2086 4733 lapidem
2118 4664 2535 4732 reprobarertmt,
2585 4674 2630 4716 et
2675 4665 2758 4716 Itic
2787 4663 2956 4734 [actus
2985 4676 3056 4718 est
3089 4667 3142 4719 in
3163 4675 3317 4736 cqzut
3339 4683 3433 4719 tm-

1863 4756 1990 4828 guli.
2023 4754 2131 4809 Hoc
2156 4764 2333 4808 autem
2369 4763 2534 4809 totmn
2578 4765 2631 4808 et
2671 4757 2810 4825 quod
2861 4773 2983 4826 relzr
3018 4759 3175 4813 bitus
3223 4767 3324 4824 cst,
3379 4768 3433 4813 et

1864 4846 2002 4916 quod
2037 4847 2089 4900 in
2127 4857 2286 4914 caput
2314 4845 2491 4915 anguli
2526 4847 2697 4902 factus
2753 4856 2856 4913 est,
2891 4866 2921 4900 a
2969 4849 3189 4903 Domino
3237 4851 3432 4918 factum

1858 4948 1952 5001 est,
1982 4937 2034 4991 id
2058 4945 2138 4990 est
2160 4952 2187 4988 a
2209 4935 2403 5004 disposi
2433 4935 2554 4989 iane
2587 4937 2675 4990 Dei
2700 4937 2906 4992 occulta
2944 4954 3006 4993 ιο
3049 4939 3189 5006 tigit,
3219 4948 3270 4991 et
3307 4953 3338 4993 c
3361 4954 3429 4990 tm

1859 5029 1930 5082 sit
1958 5028 2096 5094 apud
2118 5041 2216 5080 nos
2244 5026 2512 5080 ineffabile
2533 5037 2586 5080 et
2630 5027 3047 5098 incognoseibile
3077 5043 3307 5098 quanam
3345 5044 3432 5081 ra-

1864 5119 2010 5174 tione
2038 5118 2351 5187 COntigeril,
2390 5129 2462 5172 est
2491 5119 2728 5173 mirabile
2773 5123 2827 5173 in
2855 5121 3018 5174 oculis
3049 5121 3182 5174 meis
3210 5120 3432 5174 interio-

1864 5209 2012 5263 ribus
2045 5223 2060 5263 :
2090 5208 2142 5261 in
2174 5207 2345 5261 oculis
2402 5209 2598 5264 mentis
2647 5210 2848 5265 scilicet
2876 5227 2889 5275 ;
2919 5211 3060 5278 quod
3092 5219 3174 5265 est
3209 5210 3426 5265 dicere:

1861 5299 1936 5354 De
1963 5301 2063 5353 hoc
2095 5298 2254 5354 nimis
2303 5301 2656 5365 admiramur,
2688 5317 2856 5370 quare
2889 5303 3146 5357 Dominus
3189 5304 3291 5358 hoc
3316 5305 3426 5358 dis-

1862 5390 2122 5460 posuerit,
2177 5399 2235 5443 ttt
2291 5389 2595 5444 ludar-rrum
2656 5391 2882 5460 populus
2930 5393 3080 5461 prius
3133 5393 3266 5448 adeo
3329 5393 3426 5463 ipsi

1860 5485 2076 5547 charns,
2106 5482 2158 5536 in
2192 5491 2396 5536 tantmn
2429 5492 2814 5546 excaecaretur,
2841 5495 2898 5538 ut
2936 5485 3209 5539 (Ihristum
3243 5500 3427 5540 verum

1861 5575 2112 5645 lapidem,
2145 5577 2210 5630 de
2236 5591 2342 5646 quo
2371 5583 2447 5630 tot
2498 5591 2526 5628 a
2571 5576 2850 5644 prephctis
2897 5577 3200 5640 audierant,
3251 5593 3430 5647 repro-

1861 5669 2072 5736 barent,
2095 5675 2147 5722 et
2175 5669 2229 5723 in
2259 5676 2484 5722 mortem
2509 5666 2719 5731 darent,
2751 5678 2804 5723 et
2831 5667 2906 5723 sic
2932 5669 3043 5738 ipse
3067 5678 3224 5737 caput
3249 5666 3428 5738 anguli
