3872 6320
462 309 609 386 tess‘

1035 312 1090 370 S.
1123 308 1472 368 DRUNONIS
1509 295 2159 365 CARTIIUSIANORUM
2193 293 2690 352 INSTITUTORIS
2720 291 2870 351 OPP.
2905 290 3090 349 PARS
3120 291 3163 347 I.

3580 292 3693 355 lESG

458 444 778 500 efﬁceretur.
802 431 930 488 Dico
977 427 1120 499 quod
1177 425 1409 496 lapidem
1447 423 1872 492 reprobaverunt
1918 428 2038 469 cum
2071 415 2115 471 Α
2145 410 2443 466 nuntiando
2492 408 2749 500 beneﬁcia
2783 405 3175 500 misericoidiae
3205 403 3607 500 Dotnini,_qu:e
3650 412 3692 468 in

460 535 514 587 in
541 537 767 586 mortem
791 524 992 577 dando.
1020 517 1148 571 ch
1171 524 1351 570 autem
1382 513 1491 566 dies
1513 512 1567 564 in
1589 525 1690 577 qua
1715 508 1828 576 ipse
1857 518 2041 573 repro-

459 626 617 680 batus
648 620 699 673 in
750 620 982 671 mortem
1031 611 1188 666 datus
1233 615 1337 671 est,
1373 612 1455 658 est
1488 616 1674 656 revera
1712 600 1829 653 dies
1885 613 2043 666 quam

460 713 579 780 fecit
615 708 907 763 Dominus:
933 699 1193 770 nonquol
1217 697 1351 751 alios
1389 695 1504 748 dies
1528 706 1719 746 omnes
1769 704 1875 744 non
1901 687 2045 742 fece-

460 805 556 868 r-it,
590 800 682 856 sed
710 806 932 869 propter
978 793 1146 864 ipsius
1206 787 1310 842 dici
1363 785 1682 854 dignitatem
1722 782 1770 836 in
1807 796 1911 852 qua
1957 796 2043 835 re-

458 893 661 963 dempti
688 905 898 950 sumus,
927 901 1022 956 per
1049 878 1481 951 antonomasiam
1508 876 1704 930 dicitttr
1726 876 1867 929 hanc
1903 874 2044 929 dirm

462 986 677 1040 fecisse.
712 983 776 1036 Et
804 978 1058 1049 quoniam
1097 973 1232 1027 adeo
1259 969 1421 1038 digna
1445 978 1522 1021 est
1557 967 1673 1021 Irec
1711 965 1845 1030 dies,
1872 963 2049 1019 exsul-

458 1086 627 1129 tcmus
660 1074 711 1126 in
762 1081 1007 1137 corpore,
1063 1072 1109 1117 et
1168 1057 1588 1130 la'temur467
1620 1058 1673 1109 in
1704 1058 1884 1111 anima
1906 1056 1958 1108 in
1986 1070 2048 1108 ea

461 1166 571 1226 die,
614 1163 666 1217 id
709 1172 792 1216 est
822 1161 874 1213 in
921 1155 1222 1211 imitatione
1252 1149 1372 1222 ejus
1403 1150 1535 1213 dici,
1565 1146 1792 1209 scilicet,
1820 1153 1876 1200 et
1923 1153 2048 1199 voto

461 1253 676 1317 animre,
701 1258 754 1303 et
784 1245 1119 1301 exsultanter
1144 1240 1399 1312 patiendo
1452 1252 1551 1308 pro
1601 1236 1846 1298 Christo,
1882 1235 1927 1289 si
1957 1250 2049 1288 ne-

460 1360 609 1399 ccsse
638 1342 800 1395 fuerit
852 1341 903 1394 in
946 1352 1179 1407 corpore
1235 1332 1544 1405 passionem
1577 1345 1738 1399 quam
1772 1327 1823 1382 in
1863 1342 1927 1381 ea
1964 1326 2051 1380 die

461 1448 561 1503 pro
604 1432 759 1485 nobis
782 1429 1062 1493 sustinuit,
1091 1435 1250 1498 prout
1280 1423 1433 1479 nobis
1456 1419 1711 1493 po-sibile
1744 1428 1847 1483 cst,
1877 1418 2051 1472 imite-

463 1541 604 1579 llllll‘.
633 1523 726 1578 Vel
758 1523 838 1579 sic
866 1523 933 1577 de
955 1523 1041 1577 die
1072 1515 1488 1574 resurrectionis
1520 1511 1621 1583 legi
1674 1518 1889 1582 potest:
1923 1508 2052 1563 Dico

461 1615 605 1685 quod
637 1615 807 1685 factus
839 1625 911 1669 est
941 1615 993 1667 in
1016 1622 1168 1681 caput
1205 1606 1403 1678 anguli,
1434 1615 1489 1661 et
1516 1605 1618 1660 hoc
1665 1602 1932 1673 contingit
1955 1616 2053 1672 per

463 1706 691 1778 gloriam
726 1703 1161 1760 resurrectionis.
1222 1700 1348 1754 Πανί
1400 1698 1563 1768 igitur
1589 1696 1700 1749 dies
1732 1696 1785 1749 in
1821 1709 1926 1764 qua
1960 1708 2048 1747 re-

2147 502 2302 557 nobis
2330 498 2658 569 martyribus
2704 504 2988 566 apparent.
3038 491 3443 559 Bent-diximus,
3473 494 3661 565 inquam
3677 541 3700 563 ,.

2145 592 2441 647 existentes
2490 589 2554 643 de
2601 590 2757 641 domo
2787 587 3034 651 Domini,
3078 585 3131 640 id
3162 593 3249 641 est
3282 585 3351 639 de
3382 583 3572 640 familia
3608 581 3709 644 Do—i

2148 682 2311 746 mini;
2344 682 2574 749 ideoque
2609 676 2756 746 digni
2806 690 2995 732 sumus
3041 684 3102 730 ut
3150 675 3311 730 nobis
3357 675 3689 745 acquiescatis.

2147 774 2212 829 Et
2244 774 2346 828 hoc
2373 786 2478 826 non
2508 786 2537 823 a
2572 769 2729 825 nobis
2774 768 3067 823 habuimus
3110 767 3256 837 quod
3284 766 3427 821 vobis
3465 767 3691 823 benedixi-

2150 880 2293 927 mus,
2327 862 2420 916 sed
2448 874 2477 913 a
2512 859 2621 913 Deo
2666 857 2917 913 Domino.
2966 857 3105 911 Deus
3132 856 3277 911 enim
3308 856 3402 926 qui
3433 860 3581 912 etiam
3603 857 3691 913 Da-

2148 958 2321 1011 minus
2350 952 2593 1009 omnium
2626 959 2736 1016 est,
2764 966 2868 1005 non
2898 950 3071 1005 solum
3100 950 3215 1006 lucc
3243 950 3689 1021 uobisjntimavit,

2150 1049 2244 1104 sed
2290 1060 2367 1113 et,
2396 1047 2450 1101 id
2500 1058 2583 1103 est
2634 1045 2822 1111 etiam,
2869 1043 3046 1099 illuxit
3099 1043 3281 1109 nobis,
3316 1042 3370 1098 id
3404 1052 3485 1097 est
3508 1043 3626 1101 luxit
3650 1047 3691 1101 in

2153 1151 2331 1197 mente
2363 1152 2546 1195 nostra
2574 1155 2673 1211 per
2701 1135 3153 1193 illuminationem
3186 1134 3510 1206 cognitionis
3532 1137 3630 1202 sui,
3652 1148 3694 1194 et

2154 1232 2512 1287 illucescendo
2545 1230 2699 1285 nobis
2729 1230 2847 1283 inec
2883 1226 3099 1295 cognita
3130 1223 3293 1290 fecit,
3323 1241 3447 1296 quae
3481 1227 3608 1281 vobis
3629 1229 3694 1283 be.

2155 1326 2450 1380 nediximus
2469 1365 2483 1389 ,
2510 1332 2564 1377 et
2593 1329 2743 1377 tanto
2768 1320 2938 1390 magis
2972 1319 3131 1373 nobis
3159 1317 3591 1374 consentiendum
3613 1331 3691 1375 est.

2152 1414 2557 1476 Bcnediximus,
2587 1412 2842 1481 inquam,
2878 1410 3128 1478 ideoque,
3158 1422 3191 1462 ο
3219 1406 3518 1471 auditores,
3544 1407 3694 1465 admo-

2155 1507 2361 1560 nitione
2392 1514 2580 1559 nostra
2609 1502 2806 1567 exciti,
2834 1500 3134 1554 constituite
3168 1499 3309 1551 diem
3346 1498 3631 1558 solemnem,
3654 1500 3694 1555 id

2154 1609 2240 1656 est
2292 1598 2524 1654 ﬁrmiter
2576 1596 2807 1652 statuite
2855 1592 3025 1646 vitam
3073 1600 3312 1645 vestram
3365 1590 3581 1645 similem
3613 1592 3696 1646 diei

2154 1689 2414 1753 solemni;
2440 1695 2496 1743 ut
2520 1687 2664 1742 sicut
2687 1686 2740 1741 in
2766 1684 2853 1739 die
2876 1682 3104 1738 solemni
3124 1682 3194 1736 ab
3216 1680 3364 1735 omni
3382 1681 3555 1735 servili
3566 1696 3697 1752 opere

464 1768 695 1866 surgens
714 1794 885 1863 factus
907 1804 979 1848 est
1006 1794 1057 1846 in
1088 1802 1241 1862 caput
1272 1788 1475 1860 anguli,
1508 1796 1592 1841 est
1630 1787 1745 1842 dies
1781 1802 1938 1857 quam
1971 1785 2050 1855 [εε-
2085 1768 2126 1826 Β
2156 1780 2414 1843 cessatis,
2446 1779 2519 1833 ita
2550 1793 2646 1849 per
2672 1786 2838 1831 totam
2879 1774 3044 1866 vitam
3070 1782 3311 1866 vestram
3344 1772 3410 1866 ab
3438 1774 3574 1827 omni
3597 1789 3695 1843 pec.

464 1892 533 1944 cit
574 1890 855 1944 Dominus.

535 1976 648 2030 Hoc
676 1986 855 2030 autem
901 1975 951 2029 in
988 1975 1089 2029 hac
1126 1974 1425 2039 sententia,
1460 1971 1653 2043 utjam
1687 1968 1739 2022 in
1772 1966 2053 2039 superiori

472 2075 896 2136 acceptnmest,
940 2065 1039 2136 per'
1086 2065 1518 2119 antonomasiam
1576 2062 1863 2131 accipitur.
1918 2058 2059 2128 Ergo

467 2160 593 2230 quia
622 2159 732 2212 dies
777 2159 888 2211 lucc
919 2159 1053 2211 adeo
1093 2156 1323 2227 gloriosa
1357 2164 1473 2218 est,
1502 2153 1820 2208 exsultcutus
1853 2151 1904 2205 in
1938 2164 2058 2204 cor-

468 2263 601 2318 pore
631 2248 767 2302 bene
795 2247 1102 2318 operando,
1138 2257 1184 2300 et
1215 2246 1455 2300 lwtemur
1494 2245 1545 2298 in
1593 2244 1773 2297 anima
1808 2243 1946 2296 bona
1980 2237 2058 2294 af-

479 2338 722 2393 fectione
748 2339 799 2391 in
827 2355 885 2391 ea
904 2338 1013 2403 die,
1041 2338 1091 2391 id
1119 2347 1198 2391 est
1234 2338 1285 2391 in
1316 2336 1755 2391 consideratione
1783 2334 1902 2403 ejus
1929 2334 2055 2388 dici.

467 2429 620 2496 Quod
648 2430 960 2483 estdicere:
982 2429 1111 2483 Sive
1145 2429 1261 2483 dies
1290 2428 1376 2481 illa
1408 2443 1644 2498 praesens
1670 2427 1759 2493 sit,
1787 2427 1901 2480 sive
1928 2442 2055 2490 non,

474 2519 602 2589 quia
638 2528 816 2572 tamen
850 2519 1006 2573 nobis
1035 2527 1245 2572 tantum
1273 2517 1598 2574 beneﬁcium
1636 2518 1687 2572 in
1711 2534 1773 2573 ea
1804 2518 2059 2587 contigit,

470 2611 525 2664 in
541 2624 603 2664 ea
625 2610 1061 2663 consideratione
1077 2609 1323 2663 lcetemur
1338 2609 1389 2663 in
1405 2609 1583 2663 anima
1603 2610 1739 2664 bona
1756 2608 2059 2670 all'ectione,

468 2708 523 2754 et
553 2701 889 2755 exsultemus
947 2701 998 2754 in
1050 2714 1279 2769 corpore
1316 2701 1452 2753 bona
1503 2700 1840 2770 operatione.
1889 2699 2061 2753 Larte-

473 2807 612 2852 mnr,
632 2790 876 2858 inquam,
903 2800 951 2843 et
976 2790 1295 2843 exsultemas
1317 2791 1687 2861 unusquisque
1714 2790 1784 2844 ita
1810 2789 2059 2844 dicendo:

473 2878 520 2934 0
552 2879 799 2944 Domine,
825 2880 1024 2933 salvum
1049 2897 1128 2932 me
1152 2881 1259 2949 fac,
1278 2891 1331 2933 et
1358 2882 1443 2934 hic
1471 2893 1686 2951 peccata
1716 2881 2060 2945 remittendo,

472 2979 529 3025 ct
558 2970 610 3025 in
646 2971 828 3025 futuro
857 2981 1117 3026 aeternam
1148 2971 1541 3027 beatitudinem
1574 2974 1875 3041 largiendo.
1910 2973 1972 3027 Et
1994 3016 2006 3036 .
2032 2991 2062 3027 ο

470 3061 715 3129 Domine,
745 3063 869 3117 bene
891 3081 1229 3134 prosperare,
1257 3065 1306 3117 id
1336 3078 1439 3131 est,
1474 3066 1553 3119 lae
1579 3084 1626 3119 tu
1648 3064 1734 3119 b‘s
1764 3067 1958 3120 ccdcrc
1994 3067 2060 3120 ad

472 3150 674 3206 Louam
722 3154 773 3206 in
819 3152 1001 3206 futuro
1035 3155 1486 3224 prosperitatcm,
1515 3156 1696 3210 omnia
1744 3172 1863 3225 qua:
1909 3157 2063 3211 nobis

472 3242 565 3295 hic
598 3243 880 3305 accidunt,
931 3255 1039 3297 tam
1094 3262 1350 3314 prospera
1406 3263 1567 3317 quam
1621 3249 1870 3301 adversa.
1904 3246 2063 3303 Juxta

480 3340 609 3391 illud
640 3338 882 3406 Apostoli
912 3356 923 3391 :
957 3359 972 3387 ι
1006 3338 1219 3392 Scimus
1241 3341 1496 3407 quoniam
1522 3340 1868 3408 diligentibus
1902 3342 2066 3395 licunt

479 3430 664 3482 omnia
693 3441 1058 3497 cooperantur
1090 3431 1141 3482 in
1175 3430 1369 3484 homno
1403 3429 1579 3497 (Rom.
1613 3448 1699 3493 ιιι,
1732 3432 1844 3498 28).
1885 3453 1901 3484 ι
1939 3434 2067 3487 Dleo

475 3520 792 3575 exsultemus
820 3534 865 3572 et
891 3521 1129 3573 la‘teumr
1151 3522 1203 3573 in
1227 3538 1285 3573 eo
1310 3522 1419 3579 die.
1440 3524 1582 3590 quod
1609 3522 1858 3592 equidem
1888 3524 2067 3579 facere

476 3610 764 3664 debemus.
803 3609 932 3663 Nam
967 3609 1017 3664 in
1049 3625 1111 3664 ea
1144 3611 1231 3663 die
1260 3612 1555 3665 benedictus
1586 3623 1699 3679 est,
1736 3616 1787 3668 id
1814 3626 1894 3670 cst
1921 3617 2069 3670 eval-

477 3711 622 3755 tatus
652 3718 748 3770 per
780 3701 1007 3771 gloriam
1056 3703 1472 3758 resurrectionis
1510 3703 1794 3770 Christus,
1819 3708 1909 3777 qui
1945 3725 2069 3761 ren-

476 3800 629 3842 turns
654 3800 726 3844 est
756 3792 809 3843 in
843 3789 1047 3843 nomine
1082 3789 1332 3855 Domini,
1366 3792 1417 3845 id
1457 3803 1541 3847 est
1573 3794 1624 3847 in
1653 3796 1912 3849 honorem
1962 3796 2067 3849 Do-

486 3881 617 3934 mini
656 3880 1043 3951 Patris;juxta
1078 3881 1203 3935 illud
1240 3901 1252 3936 :
1289 3902 1307 3933 ο
1348 3883 1459 3952 Ego
1497 3900 1599 3939 noo
1633 3902 1815 3954 (puero
1839 3888 2066 3958 gloriam

480 3984 683 4037 ltleanl,
710 3972 801 4024 sed
834 3970 947 4039 ejus
968 3972 1057 4042 qui
1090 3973 1234 4027 misit
1259 3990 1343 4029 mc
1367 3974 1545 4029 Patris
1576 3976 1757 4045 (Joon.
1782 3994 1876 4032 vm
1897 4018 1911 4043 ,
1936 3979 2012 4048 5).
2045 3999 2064 4031 ι

476 4058 540 4113 Et
576 4062 746 4116 alibi:
786 4081 802 4112 ι
843 4062 952 4130 Ego
998 4065 1116 4116 veni
1171 4064 1221 4117 in
1256 4066 1472 4119 nomine
1519 4067 1695 4121 Patris
1730 4069 1862 4133 mei,
1902 4089 1919 4120 ι
1959 4080 2065 4125 ctc.

476 4150 662 4222 (Joan.
723 4168 794 4218 v,
840 4154 957 4225 45.)
1024 4154 1080 4208 In
1130 4155 1252 4210 aliis
1321 4157 1747 4212 translatoribus
1793 4158 2066 4213 habetur:

480 4261 501 4292 ς
541 4241 871 4299 Benedictus
902 4245 991 4314 qui
1020 4247 1169 4300 venit
1215 4248 1269 4301 in
1318 4247 1540 4301 nomine
1586 4247 1820 4302 Dozniui.
1862 4270 1879 4302 ι
1919 4249 2071 4307 Unde

476 4334 753 4405 colligitur
811 4338 936 4405 quia
993 4338 1035 4391 si
1087 4338 1316 4401 dicatur,
1368 4339 1687 4395 benedictus
1721 4343 1812 4411 qui
1871 4354 2061 4398 ventu-

480 4442 575 4480 rus
603 4437 712 4491 est,
758 4437 1020 4497 quantum
1058 4429 1123 4482 ad
1170 4431 1485 4498 prophetam
1528 4432 1760 4501 positum
1802 4442 1918 4498 este,
1973 4437 2063 4505 (ιλί

477 4525 604 4571 ante
631 4520 917 4572 adventum
945 4519 1145 4573 Christi
1194 4520 1324 4587 fuit,
1375 4537 1479 4575 non
1526 4535 1789 4592 quantum
1819 4526 1903 4583 ad.
1920 4533 2064 4582 mar-

480 4618 663 4679 tyres,
707 4610 798 4679 qui
853 4610 941 4665 hic
992 4610 1135 4680 loqui
1190 4612 1544 4679 imlucnnlnr,
1588 4615 1677 4681 qui
1711 4626 1830 4684 post
1861 4616 2064 4672 Christi

480 4698 716 4752 adventu
772 4699 1011 4753 luerunt.
1040 4700 1225 4755 Potest
1276 4717 1492 4773 quoque
1518 4704 1583 4757 de
1603 4704 1842 4758 secundo
1862 4706 2064 4761 Christi

481 4786 773 4840 adventum
799 4788 878 4842 sic
907 4788 1010 4859 legi
1038 4807 1049 4843 :
1076 4789 1390 4844 Benedictus
1414 4801 1496 4846 est
1519 4794 1570 4844 in
1596 4794 1801 4847 nomine
1829 4794 2062 4861 Domini,

483 4873 534 4928 id
581 4884 682 4943 est,
714 4876 984 4932 exaltatus
1031 4891 1137 4933 est.
1180 4880 1303 4934 ideo
1333 4882 1457 4949 quia
1495 4884 1703 4937 studuit
1760 4886 1812 4938 in
1859 4887 2067 4943 honore

482 4964 694 5021 Domini
721 4966 898 5023 Patris
914 4970 1001 5025 ille
1024 4973 1111 5042 qui
1136 4983 1392 5027 venturus
1412 4984 1497 5029 est
1516 4976 1566 5029 iu
1592 4974 1772 5032 futuro
1798 4979 2059 5034 mundum

476 5059 844 5130 judicaturus,
886 5065 1139 5120 Christus
1170 5068 1395 5122 scilicet.

552 5155 836 5214 Enarratis
860 5160 1143 5215 beneﬁciis
1172 5160 1557 5216 misericordiae
1582 5162 1829 5225 Domini,
1860 5163 2066 5219 faciunt

487 5258 784 5320 martyres,
853 5254 944 5321 qui
1007 5253 1096 5307 hic
1170 5253 1483 5323 loquuntur,
1548 5256 1930 5325 apostropham
2000 5257 2066 5311 ad

484 5338 791 5405 auditores,
829 5351 888 5394 ut
932 5342 1078 5397 dicta
1125 5358 1221 5398 sua
1282 5343 1695 5409 commendent,
1750 5354 1807 5398 et
1866 5361 1961 5400 eos
2000 5346 2067 5400 ad

490 5431 811 5486 imitandum
841 5448 900 5487 se
942 5434 994 5487 in
1047 5434 1138 5487 Dei
1189 5434 1399 5488 laudem
1432 5436 1729 5489 attraltant.
1758 5436 1883 5493 ΙΙωο
1911 5438 2075 5509 igitur

487 5524 815 5592 apostropha
848 5525 914 5577 ad
956 5524 1137 5578 omnia
1173 5526 1486 5593 supradicta
1520 5528 1773 5597 respicit,
1806 5537 1859 5582 ct
1885 5530 1963 5583 sic
1994 5529 2070 5585 le-

486 5619 633 5684 gitur
673 5630 687 5668 :
721 5617 956 5672 diximus
987 5617 1341 5685 exsultcmus,
1384 5629 1492 5673 etc.
1534 5619 1629 5685 Et,
1678 5637 1712 5676 0
1763 5623 2069 5690 auditores,

487 5709 845 5762 bcnetlixintus
869 5709 1034 5766 vobis.
1060 5709 1110 5761 id
1132 5718 1219 5762 est
1248 5709 1385 5763 bene
1409 5712 1746 5770 narravimus
1769 5715 1941 5776 vobis,
1971 5731 2069 5769 an-

2157 1881 2402 1925 catorum
2422 1870 2687 1924 servitute
2708 1866 2955 1922 cessetis.
2985 1864 3319 1929 Constitui:e,
3351 1865 3582 1935 inquam,
3601 1882 3697 1936 per-

2159 1962 2400 2016 sistendo
2449 1960 2515 2014 ad
2552 1960 2814 2013 honorem
2868 1956 2961 2010 Dei
3007 1958 3062 2010 in
3110 1957 3418 2020 condensis,
3468 1956 3517 2010 id
3555 1966 3625 2011 est
3655 1974 3697 2012 tu

2161 2051 2552 2125 multiplicibus
2592 2050 2875 2106 sacriﬁciis
2923 2049 3183 2102 virtutum
3229 2060 3284 2101 et
3331 2048 3581 2103 bonorum
3601 2063 3700 2118 0pc-

2161 2164 2279 2202 rum
2330 2159 2385 2204 et
2419 2148 2598 2203 tandiu
2652 2143 2949 2199 constituite
2985 2142 3122 2194 diem
3176 2138 3458 2194 solemnem
3502 2141 3552 2193 in
3599 2155 3698 2191 con-

2161 2241 2363 2307 densis,
2399 2239 2572 2295 donec
2604 2242 2923 2312 pertingatis
2949 2253 3111 2309 usque
3148 2235 3215 2288 ad
3247 2249 3409 2287 cornu
3446 2232 3643 2296 altaris‘,
3660 2232 3701 2286 id

2161 2345 2245 2392 cst
2261 2352 2431 2407 usque
2453 2335 2518 2390 ad
2544 2334 3015 2406 contemplandum
3031 2330 3372 2386 divinitatem
3391 2327 3704 2396 Christi,qu:r.

2164 2440 2261 2496 per
2306 2440 2475 2481 cornu
2524 2424 2791 2495 accipitur
2837 2432 3059 2494 propter
3104 2420 3186 2475 sui
3219 2418 3620 2473 sublimitatem.
3654 2430 3705 2469 eo

2163 2518 2305 2588 quod
2334 2533 2503 2571 conm
2543 2516 2596 2570 in
2629 2516 2798 2570 altutn
2844 2521 3164 2579 excrescat;
3196 2527 3261 2565 ac
3307 2509 3352 2565 si
3384 2510 3526 2563 dicat
3555 2526 3567 2561 :
3595 2507 3707 2561 Tau-

2163 2611 2253 2663 diu
2286 2610 2338 2664 in
2367 2608 2659 2664 condensis
2684 2607 2992 2677 persistitc,
3023 2606 3195 2659 donec
3226 2603 3278 2656 in
3313 2599 3492 2655 futuro
3531 2614 3707 2654 tuereao

2166 2701 2295 2754 mini
2330 2700 2639 2771 pertingere
2681 2699 2748 2754 ad
2801 2696 3274 2768 contemplandum
3311 2692 3546 2763 perfecte
3572 2690 3708 2745 subli-

2165 2793 2408 2848 unitatem
2427 2793 2731 2848 divinitatis
2752 2792 2986 2857 Christi,
3012 2789 3153 2860 quod
3174 2787 3349 2842 altare
3372 2795 3603 2840 nostrum
3623 2792 3706 2850 est,

2166 2897 2327 2952 super
2356 2883 2497 2953 quod
2532 2884 2639 2937 Deo
2670 2882 2939 2938 sacriﬁcia
2974 2895 3189 2935 morum
3232 2886 3287 2931 et
3318 2892 3540 2947 operum
3576 2877 3709 2929 bono-

2178 2988 2295 3039 rum
2325 2972 2636 3038 offerimus;
2691 2973 2773 3027 tel
2822 2988 2991 3042 usque
3021 2972 3088 3026 ad
3120 2987 3293 3027 cornu
3339 2970 3555 3033 altaris,
3583 2968 3626 3021 id
3647 2975 3713 3021 est

2169 3078 2341 3131 usque
2387 3064 2453 3116 ad
2501 3063 2890 3117 sublimitatem
2942 3061 3175 3126 tuentis,
3234 3061 3287 3114 id
3321 3069 3409 3115 est
3458 3072 3618 3129 usque
3650 3054 3710 3109 i'id

2169 3152 2640 3223 contemplandum
2672 3153 3033 3217 divinitatem,
3066 3167 3188 3221 qua:
3218 3161 3302 3206 est
3328 3167 3499 3206 cornu
3530 3148 3712 3209 tuentis,

2171 3243 2222 3296 id
2271 3252 2354 3297 est
2401 3244 2671 3302 excedens
2721 3244 2774 3297 in
2825 3243 2993 3315 468
3040 3245 3123 3298 sui
3173 3242 3507 3297 sublimitate
3551 3241 3715 3294 utentis

2170 3343 2389 3398 nostrae,
2418 3333 2930 3403 contemplationem
2955 3350 2982 3386 a
3012 3332 3376 3387 similitudine
3394 3346 3579 3393 cornu,
3602 3329 3716 3399 quod

2171 3426 2221 3477 in
2271 3425 2520 3477 cornutis
2552 3424 2879 3477 auitnalilms
2926 3433 3094 3477 totum
3141 3438 3341 3492 corpus
3390 3420 3641 3475 tendendo
3676 3420 3716 3470 in

2169 3515 2337 3569 altum
2368 3514 2605 3570 excolit.
2651 3515 2801 3569 Meus
2834 3524 3013 3569 autem
3061 3512 3232 3568 altare
3261 3514 3482 3578 dicitur,
3513 3527 3575 3567 eo
3602 3510 3719 3581 quod

2172 3607 2223 3660 in
2257 3616 2435 3661 mente
2466 3607 2573 3660 Deo
2604 3604 2921 3675 frequenter
2951 3603 3225 3658 sacriﬁcia
3271 3604 3532 3656 virtutum
3557 3611 3603 3657 et
3630 3616 3721 3654 ιω-

2172 3713 2288 3751 rum
2314 3697 2576 3752 bonormn
2608 3697 2750 3750 sicut
2774 3696 2825 3748 in
2849 3695 3010 3748 altari
3036 3694 3341 3749 oderimus.
3382 3694 3583 3747 Dicitur
3609 3708 3720 3761 quo-

2169 3805 2274 3858 que
2304 3791 2559 3844 divinitas
2588 3806 2791 3855 cornu,
2840 3790 2892 3843 id
2936 3797 3021 3843 est
3072 3789 3227 3842 ﬁrma
3257 3787 3502 3843 defensio
3541 3786 3720 3841 meritis

2170 3892 2356 3936 contra
2402 3884 2674 3937 diabolum
2702 3891 2756 3936 et
2790 3882 2915 3935 vilia
2939 3924 2953 3946 ,
2987 3881 3127 3935 sicut
3173 3896 3347 3935 cornu
3379 3891 3464 3935 est
3508 3878 3721 3934 defensio

2170 3978 2381 4033 cornuti
2415 3979 2688 4032 animalis.
2719 3978 3111 4031 Exhortationc
3153 3976 3221 4029 ad
3270 3979 3546 4031 auditores
3575 3975 3719 4039 facta,

2171 4077 2229 4122 ut.
2262 4069 2432 4139 magis
2457 4070 2557 4138 ipsi
2579 4069 2857 4122 auditores
2882 4069 2949 4122 ad
2980 4066 3349 4123 conﬁtendum
3383 4068 3493 4123 Deo
3524 4069 3721 4122 inciten-

2171 4169 2278 4222 tur,
2309 4161 2577 4229 promittit
2608 4170 2908 4230 martyrum
2934 4160 3185 4214 collectio
3207 4200 3223 4224 ,
3255 4174 3378 4229 qua:
3424 4162 3509 4215 hic
3532 4162 3654 4230 agit,
3675 4174 3722 4214 se

2170 4249 2538 4305 coull-ssuram
2568 4251 2678 4305 Deo
2704 4260 2760 4305 et
2786 4266 2910 4305 eum
2939 4250 3322 4312 exultaturam,
3352 4252 3433 4306 sic
3465 4266 3480 4304 :
3513 4252 3619 4305 Dixi
3645 4267 3723 4304 au-

2171 4342 2463 4407 ditoribus,
2517 4344 2848 4410 constituite,
2882 4353 3015 4407 elc.,
3062 4343 3323 4413 quidquid
3372 4344 3472 4412 ipsi
3521 4342 3721 4405 faciant,

2171 4435 2311 4489 Deus
2336 4451 2479 4489 unus
2500 4453 2553 4489 es
2592 4446 2648 4489 tu
2672 4476 2687 4500 ,
2721 4437 2771 4490 id
2799 4446 2884 4490 est
2910 4444 3125 4488 creator
3152 4449 3304 4488 meus
3328 4474 3342 4497 ,
3377 4435 3596 4504 ideoque
3620 4451 3722 4487 cou-

2168 4525 2350 4594 ﬁtelior
2378 4525 2587 4578 laudem
2618 4542 2736 4585 ore;
2768 4526 2928 4588 Deus,
2958 4526 3207 4594 inquam,
3242 4541 3387 4576 meus
3418 4542 3470 4577 es
3498 4537 3583 4588 tu,
3620 4525 3722 4577 ideo

2169 4617 2310 4685 quod
2360 4617 2601 4670 exn/tabo
2634 4629 2682 4672 te
2728 4634 2892 4688 opere
2924 4627 2979 4672 ct
3008 4617 3329 4677 devotione;
3363 4618 3505 4685 quod
3547 4626 3624 4670 est
3658 4616 3723 4667 di-

2169 4723 2293 4771 cere
2324 4725 2335 4760 :
2368 4707 2668 4777 Conﬁtebor
2710 4711 2838 4776 tibi,
2867 4720 2912 4763 et
2958 4708 3199 4762 cxaltnbo
3238 4717 3318 4778 ge;
3352 4710 3577 4782 ideoque
3608 4709 3723 4762 Dm

2169 4816 2312 4852 meus
2354 4817 2405 4853 es
2436 4811 2519 4863 tu,
2555 4801 2842 4867 conﬁtebor
2875 4804 3005 4865 tibi,
3042 4805 3291 4874 inquam,
3328 4806 3482 4869 ideo,
3509 4805 3724 4874 quoniam

2168 4890 2428 4944 emundisti
2459 4907 2572 4955 me;
2613 4901 2659 4945 et
2690 4892 2861 4961 [actus
2908 4910 2962 4947 es
3012 4896 3140 4949 mihi
3175 4898 3228 4949 in
3251 4897 3475 4949 salutem
3497 4910 3516 4949 :
3544 4896 3654 4954 hoc.
3680 4901 3724 4944 ul

2169 4984 2417 5051 superius
2465 4986 2775 5054 exponitur,
2827 4986 2893 5040 ad
2930 4988 3166 5042 dandum
3198 4989 3503 5059 exemplum
3543 4985 3724 5041 confes-

2170 5075 2337 5130 sionis
2387 5078 2693 5145 repetitum.
2729 5076 3046 5146 Conﬁtebor,
3079 5080 3333 5148 inquam,
3381 5088 3437 5134 et
3482 5080 3597 5133 ideo
3627 5092 3721 5137 γοῦν

2173 5168 2465 5230 auditores,
2488 5168 2735 5236 exemplo
2763 5171 2890 5235 mei,
2907 5172 3229 5239 conﬁtemini
3247 5172 3488 5236 Domino,
3508 5171 3723 5242 quoniam

2174 5258 2369 5325 bonus,
2416 5260 2662 5328 quoniam
2703 5262 2758 5314 in
2799 5262 3050 5315 sa’culum
3084 5264 3446 5318 misericordia
3474 5264 3614 5333 ejus,
3641 5262 3723 5313 hoc

2175 5358 2231 5404 ut
2260 5351 2506 5419 superius
2529 5352 2838 5420 exponitur,
2888 5352 3009 5406 idco
3061 5354 3387 5422 repetitum,
3435 5364 3493 5408 ut
3536 5354 3663 5407 sicut
3700 5364 3722 5401 a

2168 5440 2330 5499 laude
2362 5440 2582 5511 incmpit
2615 5441 2915 5510 pSaImum,
2950 5441 3022 5494 ita
3058 5442 3109 5496 in
3149 5442 3310 5498 laude
3336 5444 3510 5498 ﬁniat.

2597 5532 2664 5586 IN
2719 5530 3052 5585 PSALMUM
3102 5531 3330 5589 CXVIII.

2241 5623 2485 5680 Psalmtts
2505 5624 2782 5680 centesimi
2807 5624 2999 5679 decimi
3014 5624 3212 5678 octavi.
3231 5624 3365 5690 Etsi,
3377 5623 3723 5695 juxtabeatum

2168 5715 2541 5780 Ambrosium,
2566 5714 2791 5771 Alleluia
2818 5715 3143 5785 intituletur,
3179 5718 3471 5773 secundum
3500 5714 3722 5770 Hebraeos
