3978 6328
167 330 293 389 ηδτ

1131 323 1494 386 EXPOSI'I'IO
1522 329 1588 385 IN
1609 329 1950 388 PSA'LMOS.
1974 363 2042 372 —
2068 329 2262 388 PSAL.
2305 331 2532 387 CXVIII.

3277 343 3415 400 ηὃὸ

163 456 332 501 tamen
358 442 562 498 nullum
585 439 748 497 habet
770 439 1007 496 titulum.
1035 440 1172 496 l-Iuic
1199 458 1392 512 nempe
1415 457 1729 512 prtrponere
1761 449 1805 506 Λ
1837 459 1959 530 cum
1997 444 2328 500 intellectum
2361 447 2696 517 pervenitur,
2729 458 2786 504 ιιι
2821 450 2887 507 de
2921 456 3188 511 creaturis
3221 458 3412 530 singu-

158 536 364 592 titulum
414 551 519 589 non
553 534 654 589 fuit
682 533 1084 600 necessarium,
1123 549 1246 588 cum
1293 535 1578 606 diligenter
1602 550 1732 590 con-

161 627 518 685 siderantibus
543 625 661 696 ejus
692 625 919 680 intentio
946 624 1323 690 denotetur,et
1347 627 1640 697 negetium,
1665 642 1732 680 ex

160 719 463 792 primordiis
489 727 545 773 et
573 733 796 772 numero
819 733 1098 772 versuum.
1129 717 1298 773 Totus
1319 721 1461 773 enim
1493 719 1732 790 psalmus

159 811 253 863 iste
274 809 415 878 apud
440 807 694 862 Ilebrzeos
717 821 813 874 per
833 806 1104 862 clausulas
1127 815 1448 862 octonornm
1478 823 1731 862 versuum

159 903 414 972 digestas,
449 917 543 971 per
575 900 909 970 singularum
959 899 1320 954 clausularum
1367 913 1585 962 versus,
1618 899 1732 953 sin"-

157 999 298 1070 gulos
344 1000 642 1054 secundum
692 999 936 1054 ordinem
1005 997 1275 1068 alphabeti
1329 996 1620 1064 lIebraici,
1677 997 1729 1051 in

155 1091 415 1161 principio
443 1091 755 1148 eorumdem
787 1105 1038 1144 versmun
1085 1090 1468 1156 conscribitur,
1499 1099 1558 1143 ut
1585 1090 1734 1146 vitle-

159 1184 279 1238 licet
312 1193 439 1237 octo
489 1199 683 1238 versus
725 1183 915 1252 prima:
947 1182 1203 1237 clausula:
1247 1196 1437 1237 omnes
1470 1183 1735 1252 incipiant

157 1287 243 1341 per
269 1272 436 1342 Aleph
490 1272 758 1336 litteram;
786 1281 911 1328 octo
959 1287 1090 1327 vero
1135 1273 1386 1327 secunda:
1424 1287 1520 1340 per
1563 1272 1730 1337 Belli;

153 1375 266 1420 octo
291 1381 512 1435 quoque
561 1366 734 1421 tertiae
761 1381 858 1436 per
901 1363 1134 1430 Ghimel,
1183 1374 1238 1418 et
1286 1366 1364 1419 sic
1414 1366 1466 1418 in
1517 1365 1731 1420 caeteris

151 1454 404 1508 clausulis
443 1471 633 1509 omnes
676 1470 862 1508 earum
909 1454 1090 1508 octoni
1122 1468 1309 1522 versus
1341 1470 1436 1523 per
1489 1454 1731 1525 singulas

155 1544 355 1599 litteras
389 1545 644 1600 Ilebraiei
675 1545 946 1614 alphabeti
979 1560 1074 1614 per
1095 1547 1340 1600 ordinem
1372 1545 1605 1600 habeant
1632 1545 1734 1598 ini-

157 1636 297 1690 tium.
326 1635 597 1690 Caeterum
624 1677 638 1700 ,
682 1637 942 1705 quoniam
997 1637 1099 1690 hoc
1146 1636 1338 1690 Latina
1372 1637 1572 1691 locutio
1625 1651 1730 1690 non

153 1726 368 1795 patitur,
403 1737 460 1780 ut
489 1727 741 1781 videlicet
773 1727 952 1781 octoni
990 1741 1180 1781 versus
1215 1727 1548 1796 singularum
1578 1726 1729 1780 clau-

1834 515 1904 591 Iis
1938 552 2058 608 quae
2088 538 2162 592 sit
2201 515 2390 592 earum
2426 547 2642 606 natura,
2677 549 2731 595 et
2776 544 2903 611 quid
2940 561 3168 616 qumque
3203 515 3413 620 signuiﬁ-

1835 636 1986 690 cent,
2016 636 2070 681 et
2099 629 2165 681 de
2202 629 2490 683 sacriﬁciis
2518 644 2734 700 quoque
2765 631 2896 702 legis
2927 640 3125 694 veteris
3151 649 3205 694 et
3231 643 3415 695 obser-

1834 723 2034 778 vantiis
2072 725 2405 793 carnalibus,
2439 744 2545 798 qua
2585 729 2830 792 ratione,
2863 739 2919 785 et
2947 746 3054 800 quo
3085 736 3346 805 mysterio
3385 755 3412 790 a

1836 813 2063 868 Domino
2092 816 2387 870 constituta
2421 817 2645 882 fuerint,
2682 819 2992 875 intellectus
3027 824 3286 892 mysticus
3315 825 3416 879 ha-

1832 904 2043 958 beatur.
2083 904 2164 958 Ab
2207 906 2516 975 hujnsmodi
2567 916 2743 962 autem
2783 909 3055 964 intellectu
3089 911 3156 964 ad
3206 913 3414 966 theori-

1833 1009 1952 1049 eam
1971 1037 1986 1062 ,
2017 997 2068 1050 id
2095 1007 2179 1052 est
2211 998 2277 1051 ad
2305 999 2471 1053 vitam
2499 999 3000 1071 contemplativam,
3019 1001 3078 1055 ﬁt
3107 1017 3136 1055 a
3170 1001 3414 1058 ﬁdelibus

1833 1101 2126 1152 ascensus,
2165 1099 2224 1143 ut
2259 1088 2370 1158 jam
2419 1091 2669 1146 videlicet
2699 1091 2848 1146 omni
2896 1107 3026 1146 cura
3075 1094 3412 1150 szecnlarium

1833 1179 2096 1234 bonorum
2156 1179 2498 1249 posthabita,
2542 1182 2654 1236 sola
2701 1183 2842 1238 bona
2883 1183 3127 1239 caelestia
3165 1194 3412 1241 contem-

1833 1271 2075 1340 plentur;
2110 1274 2189 1327 eis
2239 1283 2446 1328 tantum
2517 1275 2693 1330 inesse
2728 1275 3066 1340 desiderent,
3114 1291 3176 1331 ea
3211 1277 3411 1333 solum-

1835 1363 1995 1416 modo
2034 1369 2144 1417 tota
2176 1362 2465 1420 aﬁectione
2497 1367 2905 1436 concupiscant.
2930 1365 2974 1418 A
3019 1366 3260 1421 theorica
3289 1368 3412 1436 qui-

1833 1455 1953 1508 dem
1984 1454 2050 1507 ad
2089 1454 2348 1522 perfectae
2397 1457 2753 1511 beatitudinis
2797 1457 3141 1527 adeptionem
3195 1459 3410 1512 tandem

1835 1555 1958 1615 post
2018 1547 2203 1601 carnis
2258 1549 2643 1604 resolutionem
2692 1550 2978 1621 attingere.
3023 1550 3176 1606 Licet
3229 1561 3408 1606 autem

1837 1642 2014 1694 idiota:
2044 1641 2258 1710 plurimi
2292 1656 2389 1710 per
2415 1643 2586 1696 solam
2615 1643 3010 1707 moralitatcm,
3040 1643 3158 1699 sine
3186 1645 3406 1715 physica

1835 1733 2064 1803 mystico
2096 1734 2400 1796 intellectu,
2435 1744 2490 1788 et
2518 1737 2636 1790 sine
2665 1736 2907 1790 theorica
2942 1737 3249 1800 salventur;
3286 1737 3410 1791 nul-

154 1820 382 1874 sularum
416 1820 710 1874 secundum
734 1820 979 1874 ordinem
1005 1819 1309 1873 litterarum
1339 1818 1516 1872 Latini
1543 1818 1699 1887 alpha
1761 1800 1802 1858 Β
1835 1823 1915 1877 lus
1949 1833 2125 1876 tamen
2161 1825 2363 1894 absque
2410 1825 2494 1879 his
2547 1826 2760 1880 duobus
2797 1841 3184 1896 usquequaque
3229 1827 3408 1898 perfe-

149 1912 246 1966 beti
303 1913 600 1982 incipiant;
653 1929 758 1968 non
805 1914 948 1966 enim
1001 1916 1187 1982 primae
1240 1911 1496 1966 clausula:
1541 1925 1728 1964 versus

151 2015 290 2072 octo,
320 2021 516 2060 omnes
555 2022 648 2075 per
690 2023 720 2059 (ι
761 2017 981 2075 possunt
1017 2007 1283 2075 incipere;
1337 2019 1436 2059 nec
1469 2005 1721 2058 secundae

149 2095 398 2150 clausula:
431 2111 619 2150 versus
649 2105 772 2152 octo
810 2111 904 2166 per
935 2097 994 2159 ὁ,
1027 2105 1079 2150 et
1108 2099 1158 2149 in
1190 2096 1403 2150 cancris
1451 2095 1721 2156 similiter,

150 2189 260 2256 quia
295 2204 410 2241 non
439 2189 600 2242 habet
633 2188 899 2242 Latinitas
929 2205 1088 2242 voces
1117 2204 1388 2258 congruas
1415 2189 1482 2241 ad
1506 2189 1608 2243 hoc
1641 2203 1726 2242 se-

151 2279 378 2331 cundum
430 2279 931 2348 interpretationem
980 2296 1170 2334 vocum
1218 2280 1636 2348 I-lebraicarum,
1675 2281 1724 2334 in

149 2369 412 2437 principio
463 2384 710 2424 versuum
764 2371 922 2438 hujus
967 2372 1156 2438 psalmi
1210 2372 1545 2439 positarmn,
1585 2372 1726 2442 apml

150 2455 360 2512 Latinos
393 2467 520 2513 ante
552 2460 791 2530 singulas
833 2461 1106 2515 clausulas
1153 2463 1368 2522 nomina
1421 2462 1725 2515 litterarum

151 2547 394 2604 l-lebraiei
434 2551 702 2620 alphabeti
743 2553 1039 2606 secundum
1084 2553 1328 2606 ordinem
1387 2553 1721 2616 scribuntur,

149 2651 197 2692 ut
218 2642 472 2696 videlicet
497 2653 621 2697 ante
651 2644 942 2697 clausulam
973 2646 1200 2712 primam
1227 2646 1516 2708 scribatur,
1543 2647 1722 2714 Alcph,

147 2745 254 2786 mue
284 2747 394 2787 vox
422 2749 616 2788 nomen
642 2743 723 2787 est
745 2736 932 2803 prima:
966 2736 1158 2788 litterae
1189 2735 1567 2799 llebrarorum,
1601 2747 1727 2790 ante

147 2825 436 2878 secundum
459 2840 585 2879 vero
605 2824 756 2888 Belli,
775 2839 894 2893 qure
921 2839 1114 2878 nomen
1140 2834 1222 2878 cst
1245 2823 1434 2877 litterae
1452 2827 1722 2888 secundm,

146 2924 195 2965 et
233 2915 309 2970 sic
342 2925 474 2970 ante
504 2927 730 2970 czetcras
772 2916 1041 2969 clausulas
1075 2926 1392 2969 creterarum
1425 2915 1725 2969 litterarum

147 3005 529 3065 Ilebraicarum
570 3013 788 3065 nomina
839 3025 937 3080 per
975 3012 1219 3064 ordinem
1253 3011 1580 3065 scribantur.
1612 3012 1725 3064 Non

147 3099 254 3154 ideo
285 3112 478 3158 tamen
525 3115 584 3158 ιιι
633 3119 790 3158 voces
825 3105 938 3158 ista:
983 3104 1172 3157 harum
1207 3105 1568 3158 clansularutu
1617 3105 1724 3158 sint

1832 1923 1953 1968 ctus
1985 1914 2280 1968 invenitur.
2314 1915 2410 1969 Est
2450 1925 2631 1972 autem
2664 1916 2825 1986 hujus
2873 1919 3063 1986 psalmi
3095 1919 3412 1990 principalis

1835 2006 2082 2069 intentio,
2115 2014 2174 2060 ut
2210 2005 2469 2075 perfecti,
2505 2021 2732 2076 quorum
2763 2009 2852 2062 hic
2881 2023 2982 2062 vox
3025 2019 3136 2071 est,
3173 2011 3412 2064 minores

1831 2101 2103 2153 instruant
2134 2113 2228 2168 per
2260 2099 2624 2153 moralitatem
2674 2103 2741 2154 ad
2786 2117 2968 2154 veram
3018 2101 3408 2156 beatitudinem

1831 2192 2144 2243 ascendere.

1903 2281 1967 2332 Et
1994 2280 2254 2348 quoniam
2315 2281 2464 2349 prius
2506 2283 2571 2334 ad
2605 2282 2928 2337 moralitatis
2967 2284 3409 2347 instructionem,

1830 2372 2022 2426 dehinc
2055 2371 2119 2424 ad
2145 2373 2656 2426 beatitudinemtota
2680 2373 3051 2442 principaliter
3087 2377 3243 2441 huius
3271 2376 3413 2444 psal-

1831 2464 1900 2516 mi
1934 2472 2141 2532 spectct
2175 2465 2429 2528 intentio,
2463 2464 2686 2518 denotat
2725 2465 2998 2534 alphabeti
3031 2465 3277 2523 IIebraici
3317 2483 3412 2538 per

1829 2553 2072 2624 singulas
2122 2553 2391 2607 clausulas
2436 2554 2699 2624 digestio,
2732 2569 2832 2608 nec
2879 2555 2931 2609 id
2961 2557 3176 2624 quidem
3226 2559 3412 2612 incon-

1829 2663 1982 2716 grue.
2016 2647 2149 2701 Nam
2183 2647 2320 2702 sicut
2353 2648 2625 2716 alphabcti
2661 2648 2906 2703 doctrina
2942 2651 3121 2718 pueris
3146 2659 3229 2703 est
3265 2650 3412 2702 rudi-

1831 2750 2101 2803 mentum,
2136 2750 2189 2794 et
2221 2740 2387 2794 totius
2415 2741 2678 2794 doctrina:
2711 2741 2963 2794 litterulis
2993 2743 3304 2806 exordium,
3336 2742 3409 2794 ita

1831 2847 2044 2900 quoque
2074 2831 2293 2885 moralis
2327 2832 2615 2886 instructio
2653 2832 2834 2885 idiotis
2881 2840 2963 2885 est
3007 2836 3069 2886 ad
3117 2833 3406 2886 beatitudi-

1832 2940 1952 2978 nem
2028 2924 2277 2976 veniendi
2345 2923 2501 2991 quasi
2557 2923 2824 2992 quoddam
2890 2922 3298 2976 fundamentum
3355 2933 3411 2977 et

1829 3015 2171 3085 principium.
2211 3014 2496 3085 Negotium
2544 3023 2724 3067 autem
2757 3023 2842 3067 est
2871 3014 2972 3067 hoc
2993 3053 3007 3076 ,
3041 3015 3185 3083 quod
3226 3015 3291 3068 de
3324 3015 3409 3068 his

1831 3123 1950 3175 qua:
2003 3107 2068 3160 ad
2124 3107 2484 3160 moralitatem
2543 3114 2596 3158 et
2657 3105 3050 3159 beatitudinem
3138 3105 3410 3174 pertinent

146 3190 308 3258 tituli,
341 3195 442 3247 sed
469 3205 530 3248 ut
561 3196 716 3250 nobis
743 3197 954 3264 signum
983 3196 1113 3255 sint,
1145 3204 1412 3262 quatenus
1437 3195 1576 3264 apud
1611 3195 1717 3250 Ile-
1751 3167 1796 3227 C
1831 3167 2234 3250 multiformiter
2281 3204 2477 3265 agunt,
2508 3204 2567 3249 ut
2595 3195 2876 3264 apparebit
2924 3194 2976 3246 in
3025 3167 3151 3264 ipso
3178 3195 3404 3263 psalmo.

146 3282 306 3339 brteos
330 3287 674 3356 singularum
725 3287 1092 3341 clausularum
1123 3302 1313 3340 versus
1358 3287 1537 3341 octoni
1567 3303 1596 3340 ιι
1629 3302 1719 3340 su-

145 3381 404 3451 pradictis
455 3380 716 3449 incipiant
749 3381 962 3434 litteris.
999 3379 1052 3431 Iu
1089 3378 1192 3432 hoc
1234 3387 1412 3432 autem
1444 3381 1722 3433 OCIOIHII'II

145 3488 370 3527 numero
417 3485 707 3529 versuum.
765 3481 817 3525 et
871 3473 920 3524 in
975 3471 1380 3539 praescriptione
1418 3453 1580 3524 (otius
1617 3471 1723 3526 lle-

145 3565 298 3618 braiei
334 3563 612 3632 alphabeti
635 3602 648 3624 ,
680 3561 868 3630 psalmi
909 3563 1073 3614 totius
1106 3562 1333 3614 intentio
1369 3563 1628 3626 innuitur,
1663 3572 1720 3616 ct

145 3657 441 3725 negotium.

206 3747 260 3800 lu
293 3749 408 3801 hoc
439 3746 648 3816 psalmo
675 3745 964 3799 intendttut
998 3746 1183 3802 ﬁdeles
1213 3745 1462 3814 perfecti,
1492 3762 1722 3816 quorum

146 3840 226 3894 hic
256 3855 360 3894 vox
394 3847 483 3893 est
507 3879 521 3898 ,
554 3839 823 3893 instruere
875 3839 1148 3901 minores,
1195 3838 1430 3908 qualiter
1459 3839 1524 3891 ad
1553 3838 1723 3892 beati-

147 3931 377 3985 tudinem
409 3945 596 3984 veram
629 3931 839 3998 possint
875 3931 1168 4000 attingere.
1223 3931 1354 3996 Quae
1400 3931 1599 3986 idcirco
1630 3947 1725 4000 per

147 4037 430 4077 numerum
472 4023 810 4076 octonarimn
861 4023 1201 4094 intelligitur,
1249 4024 1376 4092 quia
1434 4025 1486 4078 in
1536 4035 1721 4078 octava

147 4112 253 4178 die,
284 4115 506 4169 scilicet
533 4114 584 4166 in
619 4113 932 4182 diejudicii,
963 4131 1082 4183 qua:
1107 4115 1355 4184 sequitur
1379 4125 1493 4186 post
1518 4126 1722 4186 septem

145 4207 252 4260 dies
281 4207 450 4274 hujus
497 4207 622 4260 vita:
670 4207 942 4260 salvandis
973 4207 1211 4261 dabitur.
1248 4207 1350 4261 Per
1381 4209 1719 4263 octonarium

144 4312 352 4368 quoque
379 4313 670 4352 numerum
695 4308 818 4352 octo
844 4314 1040 4369 genera
1070 4299 1424 4353 beatitudinis
1447 4301 1726 4369 accipiun-

143 4395 243 4451 tur,
277 4402 403 4456 qum
434 4386 684 4440 ﬁdelibus
715 4401 742 4438 a
778 4387 888 4440 Deo
935 4389 1151 4450 dantur,
1201 4388 1267 4441 de
1322 4389 1520 4456 quibus
1556 4391 1722 4459 adipi-

1825 3290 1982 3344 Aliud
2021 3289 2275 3342 nimirum
2308 3297 2392 3342 cst
2430 3289 2496 3342 de
2543 3288 2628 3341 bis
2676 3302 2869 3358 agere,
2918 3287 3062 3341 aliud
3106 3293 3290 3341 autem
3339 3289 3406 3341 ad

1827 3381 2204 3436 instruendum
2248 3397 2346 3452 per
2375 3382 2476 3436 hoc
2522 3381 2800 3436 auditores
2837 3381 3141 3436 intendere.
3171 3379 3309 3446 Quia
3361 3381 3404 3433 si

1826 3474 2071 3543 quaedam
2103 3475 2262 3542 hujus
2289 3474 2482 3542 psalmi
2513 3474 2579 3527 ad
2609 3473 2890 3543 physicam
2919 3515 2931 3536 ,
2981 3472 3228 3540 quredatn
3278 3484 3408 3524 vero

1827 3569 2100 3636 pertinere
2128 3568 2412 3620 videantur
2461 3568 2528 3620 ad
2577 3567 2906 3627 theoricam,
2958 3573 3066 3618 tota
3097 3574 3300 3629 tamen,
3350 3573 3410 3616 ut

1821 3659 1932 3728 jam
1975 3659 2243 3723 diximus,
2275 3659 2502 3712 intentio
2529 3656 2842 3725 principalis
2867 3665 2922 3708 et
2965 3655 3240 3726 negotium
3290 3669 3410 3724 spe-

1829 3758 1942 3802 ctat
1974 3751 2038 3801 ad
2071 3750 2330 3802 ethicam.
2364 3747 2498 3802 Cum
2543 3749 2705 3817 igitur
2748 3749 2859 3801 hzec
2893 3747 3198 3801 communis
3234 3746 3410 3801 inlen-

1831 3842 1905 3893 tio
1947 3855 2041 3908 per
2101 3849 2269 3893 totum
2324 3839 2589 3909 psalmum
2643 3839 2927 3902 habeatur,
2981 3839 3032 3891 in
3089 3851 3410 3906 unaquaque

1828 3929 2066 3985 clausula
2099 3929 2280 3998 aliquo
2310 3930 2468 3984 modo
2496 3944 2616 3984 esse
2643 3929 2852 3998 privata
2885 3929 3142 3994 intentio;
3185 3928 3270 3983 vel
3318 3941 3411 3980 ne-

1828 4023 2029 4093 gotium
2063 4039 2160 4093 per
2199 4023 2676 4093 interpretationes
2723 4026 3056 4093 singularum
3107 4022 3407 4074 litterarum

1831 4117 2222 4172 l-Iebraiearum
2279 4132 2401 4186 quae
2460 4118 2793 4186 praescripta:
2844 4125 2969 4170 sunt
3016 4111 3406 4184 perpenditur.

1829 4211 1970 4275 quod
1999 4208 2052 4260 in
2078 4223 2400 4277 unaquaque
2426 4209 2662 4263 clausula
2689 4224 2786 4278 per
2807 4208 3054 4262 ordinem
3080 4212 3416 4274 exponetur;

1833 4300 1896 4354 Et
1926 4301 2099 4368 primo
2131 4302 2346 4368 quidem
2379 4300 2443 4352 de
2483 4300 2656 4367 prima
2700 4298 2938 4352 clausula
2972 4296 3237 4367 agendum
3284 4303 3367 4350 est
3391 4335 3406 4359 ,

1831 4393 1912 4447 cui
1947 4393 2258 4446 inscribitur
2289 4391 2338 4444 in
2370 4389 2636 4459 principio
2666 4390 2826 4455 A'Iepli
2847 4429 2861 4452 ,
2891 4404 3010 4459 quze
3052 4387 3293 4440 doctrina
3324 4387 3408 4440 in—

145 4481 355 4534 scendis
391 4480 448 4534 in
509 4480 609 4532 hoc
640 4479 845 4549 psalmo
879 4480 1163 4533 instructio
1191 4481 1530 4546 continetur;
1575 4499 1720 4550 qum,
1757 4505 1804 4566 ο
1834 4493 2178 4554 terpretatur.
2213 4483 2343 4537 Cum
2377 4492 2556 4536 autem
2594 4491 2738 4536 totus
2769 4480 3012 4551 psalmus
3058 4480 3157 4534 iste
3201 4486 3411 4548 spectet

145 4569 264 4626 licet
316 4583 451 4627 octo
504 4572 649 4638 sint,
703 4582 760 4624 ut
813 4572 864 4624 in
914 4572 1205 4641 Eva-ngelio
1242 4571 1500 4626 Dominus
1544 4583 1726 4626 osten-

143 4659 246 4724 dit,
290 4677 424 4716 cum
477 4662 655 4715 dicit:
699 4661 888 4714 «Beati
936 4677 1202 4730 pauperes
1235 4662 1460 4730 spiritu,
1509 4662 1722 4731 (Metili.

143 4762 191 4810 v,
237 4751 395 4818 5),)
450 4760 582 4814 etc.,
638 4761 817 4804 tamen
864 4765 1053 4804 nmnes
1119 4751 1184 4804 ad
1244 4751 1385 4803 idem
1457 4759 1723 4820 spectant.

144 4838 252 4895 Una
295 4844 448 4897 enim
501 4844 776 4896 beatitudo
827 4852 951 4896 sunt
997 4858 1188 4896 tarmes
1241 4843 1379 4896 istm.
1445 4843 1509 4898 Ut
1566 4844 1728 4913 igitur

147 4933 239 4988 has
290 4949 493 4990 omnes
543 4935 610 4989 ad
656 4935 795 4990 idem
841 4941 1088 5003 spectare
1125 4936 1500 5004 designentur,
1545 4937 1725 4990 octoni

145 5025 346 5094 quique
405 5025 740 5096 singularum
825 5026 1195 5080 clausularum
1257 5041 1447 5082 versus
1519 5029 1586 5082 ab
1633 5044 1725 5083 ea-

147 5115 263 5169 dem
315 5118 501 5172 littera
546 5117 868 5188 principium
905 5119 1106 5172 habere
1154 5117 1428 5173 videntur.
1479 5117 1612 5173 Cum
1659 5121 1728 5173 sit

146 5208 308 5276 igitur
364 5210 420 5262 in
468 5210 572 5264 hoc
635 5211 842 5279 psalmo
893 5209 1122 5263 intentio
1168 5209 1440 5262 instruere
1490 5211 1728 5263 minores

141 5299 400 5374 ωθτυι
443 5303 834 5358 beatitudinem
877 5304 1271 5373 attingendam,
1327 5313 1468 5356 totus
1514 5304 1579 5356 ad
1627 5304 1729 5359 hoc

133 5396 422 5472 pnecipue
457 5405 666 5464 spectat
697 5405 754 5449 ιιι
777 5412 869 5450 eos
894 5397 960 5452 ad
983 5398 1087 5450 hoc
1117 5397 1463 5453 obtinendum
1498 5399 1684 5451 instru:
1710 5407 1729 5452 t

142 5495 238 5550 per
287 5485 702 5549 moralitatcm;
759 5503 878 5556 qua:
933 5488 1190 5542 nimirum
1240 5491 1518 5545 moralitas
1574 5492 1728 5547 boum

145 5575 264 5628 vita:
293 5586 386 5630 est
435 5577 646 5631 initium
684 5589 740 5632 et
775 5581 926 5648 quasi
961 5581 1392 5637 fundamentum.
1442 5583 1496 5638 In
1541 5586 1730 5654 primis

145 5664 287 5719 enim
329 5668 617 5721 moralitas
650 5670 965 5723 necessario
999 5672 1242 5737 habetur,
1283 5676 1404 5727 sine
1436 5691 1538 5742 qua
1572 5693 1730 5730 nemo

143 5756 417 5811 salvatur.
443 5760 808 5815 Amoralitate
837 5778 964 5816 vero
997 5783 1090 5835 per
1117 5767 1418 5835 physicum,
1453 5770 1516 5822 ad
1539 5772 1730 5839 mysti-

401 5851 670 5913 ΡΑτιιοι..
719 5854 891 5916 CLII.

1832 4579 1896 4628 ad
1949 4591 2157 4628 morum
2198 4585 2253 4629 ct
2303 4575 2656 4630 beatitudinis
2692 4573 3117 4636 doctrinam,-nt
3161 4568 3410 4639 superius

1831 4676 1911 4722 est
1942 4675 2214 4721 ostensum
2237 4709 2252 4728 ,
2289 4669 2457 4737 quaeri
2490 4675 2667 4740 petest
2709 4681 2808 4721 cur
2840 4665 3020 4734 potius
3055 4665 3182 4718 huic
3220 4661 3432 4732 primat.

1831 4759 2080 4814 clausula:
2107 4759 2268 4828 Aleph
2298 4759 2645 4824 inscribatur,
2672 4775 2791 4828 qua:
2813 4759 3051 4811 doctrina
3084 4757 3410 4825 interpreta-

1834 4851 1952 4904 tur?
2003 4850 2081 4903 Ad
2128 4852 2268 4918 quod
2314 4853 2390 4905 sic
2432 4852 2815 4920 respondetur:
2862 4850 2996 4916 Quia
3043 4849 3245 4904 idcirco
3283 4847 3409 4902 huic

1830 4941 2086 4996 clausulze
2116 4941 2296 4995 littera
2344 4941 2464 4996 talis
2503 4943 2818 4996 inscribitur
2846 4954 2904 4995 ut
2931 4957 3026 5012 per
3072 4943 3174 4996 hoc
3215 4941 3408 4994 ianua-

1833 5042 1920 5086 tur
1977 5035 2232 5102 quonian
2293 5034 2406 5088 lucc
2455 5033 2706 5105 .clansula
2761 5036 2935 5106 prima
2996 5043 3080 5089 est
3138 5033 3406 5101 quoddam

1831 5126 2082 5188 schema,
2113 5126 2165 5179 id
2191 5139 2274 5179 est
2300 5127 2479 5181 brevis
2512 5130 2777 5192 narratio,
2800 5129 2851 5182 in
2884 5109 2986 5194 qua
3019 5126 3258 5180 breviter
3277 5139 3408 5179 con-

1834 5215 2035 5270 tinetur
2067 5232 2309 5280 smnma,
2336 5219 2478 5272 unde
2505 5218 2558 5272 in
2598 5221 2850 5273 omnibus
2880 5217 3236 5286 sequentibus
3260 5213 3409 5269 clau-

1832 5307 1964 5362 sulis
2012 5307 2084 5362 sit
2132 5317 2374 5364 acturus.
2422 5310 2480 5364 In
2529 5312 2630 5366 hac
2675 5311 2816 5366 enim
2869 5308 3107 5364 clausula
3154 5307 3296 5377 quod
3342 5307 3410 5361 de

1833 5415 2044 5453 morum
2075 5409 2131 5454 et
2161 5402 2514 5458 beatitudinis
2539 5403 2786 5459 doctrina
2816 5417 2911 5472 per
2939 5409 3112 5455 totum
3139 5399 3407 5471 psalmum

1834 5493 1903 5546 sit
1932 5501 2187 5557 acturus,
2227 5509 2348 5562 quae
2395 5495 2830 5548 antonomasticc
2876 5493 3121 5548 doctrina
3171 5492 3406 5555 dicitur,

1836 5585 2072 5639 breviter
2104 5585 2282 5638 innuit
2310 5601 2430 5638 cum
2459 5585 2539 5638 sic
2567 5585 2786 5653 exponit
2825 5602 2838 5636 :

1923 5677 2054 5729 ieati
2102 5675 2427 5727 immacutali
2479 5675 2536 5726 in
2585 5676 2699 5736 via,
2745 5675 2832 5743 qui
2884 5672 3153 5727 ambulant
3202 5689 3254 5725 ιιι
3300 5679 3408 5741 Icgc

1837 5770 2087 5830 Domini;
2133 5781 2192 5819 ac
2238 5767 2281 5820 si
2327 5766 2496 5820 dicat:
2540 5765 2582 5821 0
2617 5765 2817 5824 ﬁdeles,
2865 5765 3018 5819 nmlti
3055 5774 3268 5818 terrena
3322 5783 3406 5821 sa.

3088 5857 3163 5918 ho
