3978 6328
647 345 780 401 19.59

1210 338 1264 394 S.
1308 333 1655 393 BRUNONIS
1703 323 2344 392 CARTHUSlANORUM
2401 327 2887 385 INSTITUTORIS
2915 325 3064 382 OPP.
3101 327 3340 384 PARSL

3679 335 3782 390 I260

647 460 857 528 pientes
918 454 1084 508 falsas
1115 453 1388 507 doctrinas
1418 451 1547 504 dant
1597 449 1662 503 ad
1689 447 2099 502 .beatitudinem
2131 453 2212 498 at-
2241 451 2284 506 Α
2313 444 2523 513 quirunt
2573 459 2723 506 enini;
2754 442 2855 497 boc
2878 449 2958 495 'ut
2999 442 3246 510 superius
3295 443 3345 496 iu
3393 443 3549 512 prima
3579 453 3786 503 sententia

647 549 974 615 tingenlam.
1007 546 1274 600 Ctetcrum
1308 541 1566 612 quidquid
1599 541 1697 610 ipsi
1726 540 1940 603 dicant,
1981 538 2081 591 hoc
2119 551 2214 590 vo-

646 639 729 694 bis
772 638 1119 693 manifestum
1163 636 1256 698 sit,
1308 643 1364 688 et
1422 643 1633 695 mlum,
1676 631 1800 700 quia
1850 643 2039 684 revera
2071 628 2211 682 beati

643 739 802 784 erunt
827 727 1152 783 immaculati
1189 727 1242 778 in
1281 727 1359 778 via
1399 723 1711 784 existentes,
1735 719 1945 774 scilicet
1974 719 2048 773 illi
2088 719 2212 773 bea-

647 823 928 877 titudinem
959 834 1140 874 veram
1166 818 1434 885 attingent
1470 814 1560 882 qui
1605 827 1700 882 per
1728 810 1884 865 ﬁdem
1915 811 2211 865 existentes

643 914 697 966 in
741 913 853 974 ria,
885 911 939 964 id
969 919 1048 964 est
1083 909 1135 962 in
1165 907 1382 962 Christo
1412 905 1502 973 qui
1549 913 1634 957 est
1667 902 1753 955 via
1804 901 1872 955 ad
1926 901 2210 956 beatitudi~

643 1017 806 1067 nem,
846 997 1170 1054 immaculati
1221 1005 1373 1052 sunt.
1434 995 1484 1046 id
1536 1001 1620 1047 est
1671 992 2014 1054 innocentes,
2067 990 2209 1044 nulla

642 1091 942 1148 criminalis
980 1087 1187 1157 peccati
1221 1085 1428 1140 macula
1462 1084 1764 1138 sordentes.
1814 1081 2075 1147 Quoniam
2114 1095 2210 1134 au-

642 1192 751 1237 tem
793 1195 900 1235 non
934 1177 1127 1233 sullicit
1169 1175 1439 1230 abstinere
1489 1188 1518 1227 a
1564 1170 1736 1236 malo,
1777 1170 1880 1224 nisi
1921 1170 2026 1234 ‘ﬁat
2067 1169 2208 1238 quod

640 1282 846 1329 rectum
885 1278 997 1334 est,
1037 1268 1224 1322 addit:
1273 1265 1634 1325 Immaculati,
1678 1263 1926 1331 inquam,
1973 1264 2062 1332 qui
2102 1279 2209 1316 am-

640 1362 816 1414 bulant
856 1361 911 1412 in
945 1358 1053 1428 lege
1090 1356 1323 1420 Domini,
1352 1354 1560 1409 scilicet
1610 1354 1702 1422 qui
1774 1362 1884 1405 tota
1932 1352 2208 1406 voluntate

640 1453 801 1523 positi
834 1453 886 1505 in
925 1452 1040 1520 legc
1086 1459 1476 1519 praeceptorum
1530 1445 1740 1500 Domini
1791 1443 2100 1508 ambulant,
2155 1445 2206 1498 id

637 1555 723 1600 est
761 1551 1145 1614 promoventur
1173 1543 1225 1594 in
1274 1542 1374 1594 hac
1397 1541 1510 1610 lege
1541 1541 1832 1594 secundum
1859 1553 2209 1608 perseveran-

638 1637 768 1690 tiam
807 1651 976 1704 usque
1011 1636 1063 1688 in
1115 1632 1311 1697 ﬁnem,
1373 1633 1440 1685 ad
1487 1630 1892 1685 similitudinem
1943 1630 2083 1683 illius
2115 1631 2206 1700 qui

629 1727 710 1780 ad
753 1726 854 1780 hoc
910 1723 1150 1778 ambulat
1191 1732 1248 1777 nt
1288 1722 1467 1790 aliquo
1499 1721 1809 1790 perveniat,
1841 1729 1896 1773 et
1942 1719 2011 1773 ibi
2059 1721 2208 1789 quie-

2315 538 2623 607 exponitur.

2383 629 2519 696 Quia
2551 629 2764 683 dixcrat
2797 628 2983 683 beatos
3005 643 3126 683 esse
3148 630 3237 694 qui
3264 630 3518 684 ambulant
3545 633 3591 686 in
3611 632 3698 704 lege
3716 635 3791 689 Do-

2314 720 2476 784 mini,
2511 728 2696 788 posset
2728 718 2924 788 aliquis
2953 719 3094 774 male
3124 719 3422 791 intelligens
3458 723 3656 776 inferre:
3691 725 3792 794 Ergo

2314 813 2359 865 si
2420 811 2732 880 quicunque
2779 811 3064 866 ambulans
3104 812 3157 866 in
3197 812 3313 880 lege
3358 814 3684 870 mandatorum
3715 817 3789 870 Dn-

2312 904 2442 958 mini
2471 913 2554 959 est
2579 905 2792 969 beatus,
2821 904 2985 958 etiam
3013 906 3102 972 qui
3136 917 3415 974 operantur
3439 907 3738 972 iniquitatem,
3759 913 3790 963 si

2312 994 2380 1047 ad
2435 993 2624 1047 horam
2681 994 2733 1046 in
2788 994 3071 1062 praeceptis
3129 993 3339 1046 Domini
3388 994 3663 1064 ambulent,
3703 1011 3793 1050 sinu

2312 1088 2493 1140 beati?
2529 1089 2670 1140 uuod
2698 1086 2776 1140 sic
2823 1094 3092 1139 removet:
3133 1085 3316 1149 Beati,
3363 1085 3680 1158 inquam,qiii
3713 1107 3792 1142 au-

2312 1178 2489 1232 bulant
2520 1178 2572 1231 in
2597 1179 2706 1246 lege
2748 1177 2984 1240 Domini;
3018 1188 3332 1245 operatores
3361 1187 3530 1233 autem
3564 1181 3794 1249 iniquitatis

2311 1285 2416 1324 non
2463 1279 2623 1324 erunt
2668 1270 2832 1323 beati.
2868 1268 2990 1322 Non
3017 1270 3154 1323 enim
3182 1273 3271 1339 qui
3317 1281 3584 1340 operantur
3608 1273 3792 1340 iniquita-

2301 1372 2412 1416 -tem
2457 1364 2829 1427 criminalem,
2861 1364 2913 1416 in
2951 1363 3046 1417 riis
3083 1364 3197 1432 ejus
3229 1363 3624 1429 ambularerunt,
3663 1365 3702 1418 ἰ]
3738 1375 3794 1420 est

2311 1468 2414 1506 non
2443 1453 2672 1521 permoti
2719 1460 2842 1506 sunt
2871 1454 2921 1506 in
2953 1455 3242 1522 prmceptis
3273 1451 3416 1520 ejus,
3469 1471 3576 1524 qua:
3599 1457 3679 1508 viai
3707 1467 3795 1509 sunt

2311 1544 2376 1597 ad
2403 1544 2810 1598 beatitudinem.
2844 1544 2959 1598 Non
2985 1544 3114 1598 dicit
3144 1545 3237 1614 qui
3271 1547 3474 1613 operati
3502 1556 3611 1600 sunt
3649 1546 3794 1616 iniqui-

2311 1641 2475 1687 tatem
2508 1644 2560 1686 et
2591 1627 2938 1702 reSipncrunt
2960 1673 2974 1697 ,
3007 1634 3099 1687 sed
3131 1635 3222 1703 qui
3273 1643 3648 1703 perseveranter
3676 1653 3795 1705 usque

2311 1723 2362 1775 in
2397 1731 2648 1776 mortem'
2670 1733 2968 1792 operantur.
3002 1723 3255 1794 Congrue
3303 1725 3542 1778 nimirum
3567 1725 3674 1778 dicit
3708 1741 3796 1792 ope-

627 1825 774 1871 scat.
801 1815 1100 1868 Notandum
1125 1812 1294 1881 quod,
1318 1827 1438 1866 cum
1464 1811 1703 1880 posuerit
1729 1809 2074 1876 immaculati,
2100 1827 2205 1864 non
2238 1790 2280 1848 Β
2314 1821 2520 1867 ratores
2567 1790 2868 1882 iniquitatis
2909 1829 3014 1868 non
3063 1790 3373 1870 ambulasse
3415 1815 3463 1869 in
3485 1814 3585 1870 viis
3624 1790 3792 1870 Domini.

639 1905 893 1974 supponit
945 1905 1000 1956 in
1053 1903 1133 1956 via
1189 1902 1255 1955 ad
1306 1900 1695 1965 dill‘erentiam,
1743 1901 1836 1954 sed
1882 1903 1947 1954 ad
1997 1902 2099 1955 hoc
2150 1911 2207 1955 ut

635 1994 848 2055 doceat,
881 1992 1023 2058 quod
1055 1991 1230 2045 nullus
1259 2005 1383 2045 vere
1411 1989 1785 2044 immaculatns
1843 2005 1962 2044 esse
1991 2000 2200 2058 potest,

638 2079 743 2138 nisi
778 2083 982 2152 positus
1025 2082 1094 2135 sit
1137 2082 1190 2133 in
1241 2082 1344 2136 via.
1399 2080 1535 2134 Ecce
1576 2080 1628 2132 in
1679 2079 1780 2134 hoc
1831 2094 1986 2134 versu
2039 2077 2206 2150 470

637 2184 815 2230 actum
845 2182 927 2228 cst
972 2173 1036 2227 de
1081 2187 1292 2226 morum
1341 2171 1736 2234 instructionc,
1786 2184 1883 2239 per
1926 2185 2088 2238 quam
2139 2168 2206 2221 ad

635 2267 1024 2323 beatitudinem
1056 2264 1387 2335 pervcnitur.
1420 2263 1688 2318 Caeterum
1737 2264 1864 2331 quia
1919 2264 2096 2317 nullus
2139 2262 2206 2316 ad

638 2358 1028 2414 beatitudinem
1059 2355 1293 2426 perfecte
1320 2372 1413 2425 per
1439 2356 1609 2411 solam
1641 2356 2002 2410 moralitatem
2028 2364 2206 2426 potest

640 2451 926 2519 attingere,
958 2449 1023 2502 ad
1050 2447 1398 2502 scrutandum
1444 2447 1753 2501 testimonia
1782 2447 1961 2500 divina
1991 2456 2045 2501 et
2075 2463 2205 2501 con-

641 2541 1044 2613 templationem
1085 2540 1341 2605 instruit,
1374 2553 1497 2593 cum
1527 2539 1605 2592 sic
1641 2538 1817 2592 addit:
1850 2538 2000 2592 Beati
2045 2547 2206 2592 erunt

641 2633 718 2689 illi
748 2633 836 2706 qui
864 2633 917 2686 in
947 2632 1030 2686 via
1069 2629 1393 2685 iinmaeulati
1421 2629 1736 2693 existentes,
1772 2629 1824 2683 in
1853 2629 1963 2699 lege
1995 2627 2204 2683 Domini

641 2727 1002 2791 ambulantes,
1032 2739 1138 2779 non
1167 2732 1291 2778 sunt
1313 2723 1524 2778 desides
1547 2722 1613 2776 ad
1646 2722 2026 2791 inquirendum
2057 2721 2206 2776 testi-

637 2819 817 2875 monia
844 2817 980 2886 ejus,
1023 2817 1117 2872 scd
1157 2825 1463 2870 scrutantur
1509 2814 1805 2869 testimonia
1844 2814 1988 2884 ejus,
2027 2814 2079 2868 id
2123 2824 2206 2868 est

637 2914 918 2983 diligenter
945 2909 1223 2979 inquirunt
1250 2916 1308 2962 ut
1339 2907 1564 2977 mystice
1604 2906 1906 2976 intelligant
1936 2916 2205 2975 praecepta

635 3003 781 3074 ejus,
816 3017 936 3072 qua:
961 3001 1192 3056 obscura
1235 3007 1392 3064 sunt,
1439 3009 1492 3053 ct
1523 3012 1619 3067 per
1649 2995 1934 3067 parabolas
1974 3006 2030 3050 et
2074 2995 2205 3050 aetu-

636 3102 817 3166 gmata
867 3092 1031 3157 data;
1085 3104 1204 3160 qnze
1256 3087 1563 3144 testimonia
1609 3085 1892 3150 dicuntur,
1947 3100 2012 3139 eo
2061 3085 2201 3154 quod

635 3181 1030 3253 complentibus
1057 3180 1222 3234 vitam
1247 3220 1260 3246 ,
1293 3193 1398 3232 non
1425 3175 1818 3246 complcntibus
1850 3183 2028 3229 autem
2061 3190 2203 3229 mor-

638 3285 746 3331 tem
783 3273 928 3342 juste
967 3270 1330 3326 damnationis
1370 3268 1748 3324 testiﬁcantur.
1804 3265 2045 3321 Scrutari
2086 3267 2205 3336 qui-

638 3369 756 3422 dem
800 3361 1104 3420 testimonia
1143 3359 1337 3416 attinet
1381 3359 1448 3414 ad
1496 3359 1780 3430 mysticum
1824 3366 1878 3413 et
1922 3356 2204 3428 physicum

639 3455 986 3512 intellectum.
1018 3451 1202 3517 Beati,
1235 3452 1487 3522 inquam,
1520 3450 1608 3521 qui
1638 3456 1939 3503 scrutantur
1973 3449 2206 3502 testimo-

641 3548 730 3600 nia
777 3545 912 3615 ejus,
958 3552 1012 3598 et
1053 3557 1083 3596 a
1135 3541 1564 3597 testimoniorum
1617 3537 1951 3594 scrutatione
1993 3540 2062 3593 ad
2101 3539 2204 3594 hoc

639 3635 936 3691 ascendunt
975 3632 1116 3702 quod
1164 3633 1442 3703 exquirunt
1481 3645 1597 3684 eum
1631 3628 2070 3698 contemplationi
2112 3643 2203 3684 va-

640 3727 834 3791 cando,
861 3733 914 3780 et
941 3725 1035 3779 hac
1063 3725 1116 3777 in
1147 3732 1251 3778 toto
1281 3723 1466 3788 corde,
1501 3721 1552 3776 id
1583 3731 1666 3778 est
1693 3723 1746 3776 in
1780 3731 1889 3777 tota
1918 3721 2203 3778 aﬁectione

638 3818 841 3881 cordis,
866 3814 1070 3870 scilicet
1105 3814 1218 3882 qui,
1240 3815 1385 3868 omni
1414 3813 1749 3868 szecularium
1776 3813 2040 3868 bonorum
2071 3828 2200 3868 cura

636 3908 974 3981 posthabita,
1010 3905 1107 3960 soli
1139 3906 1247 3960 Deo
1293 3921 1386 3975 per
1412 3905 1918 3974 contemplationem
1951 3905 2160 3960 inhiant
2182 3944 2198 3971 ,

635 4020 750 4060 eum
782 3999 953 4057 solum
987 4005 1096 4052 toto
1119 3996 1299 4051 cordis
1326 3994 1518 4049 aﬁ'ectu
1546 3997 1820 4064 exquirunt
1842 4004 1896 4051 et
1919 4005 2196 4065 exoptant.

640 4096 730 4151 Vel
753 4091 1029 4162 exquirunt
1056 4104 1170 4142 eum
1189 4127 1204 4152 ,
1231 4086 1282 4140 id
1309 4095 1393 4140 est
1415 4084 1532 4155 ejus
1560 4083 1925 4139 secretissima
1967 4100 2196 4151 arcana,

631 4190 685 4240 in
706 4193 810 4239 toto
841 4178 1018 4243 corde,
1033 4175 1257 4242 scilicet,
1288 4173 1582 4243 exquirunt
1611 4172 1664 4226 in
1689 4179 1800 4227 tota
1831 4171 2010 4228 cordis
2038 4171 2200 4230 aﬁ'ec-

633 4279 777 4332 tione
805 4269 1016 4327 occulta
1045 4277 1252 4324 secreta
1279 4265 1579 4321 divinitatis
1607 4264 1744 4332 ejus.
1777 4262 1874 4318 Vel
1904 4264 1982 4320 sic
2009 4280 2197 4322 versus

633 4369 734 4423 iste
761 4364 956 4434 legitur
985 4367 1043 4414 ut
1067 4356 1448 4414 determinatio
1490 4356 1577 4411 liic
1612 4356 1683 4410 sit
1710 4355 1978 4425 quomodo
2004 4355 2070 4410 ad
2097 4356 2198 4410 lioc

2307 1903 2440 1957 Cum
2470 1903 2612 1957 enim
2658 1902 2723 1956 ad
2753 1903 2938 1957 horam
2969 1906 3106 1960 bene
3133 1907 3343 1974 operati
3379 1916 3528 1969 sunt,
3551 1923 3641 1960 non
3666 1916 3794 1958 tamen

2307 1995 2490 2047 inviis
2540 1996 2652 2063 ejus
2701 1994 3120 2050 ambulaverunt.
3172 1995 3296 2050 Non
3345 1998 3476 2051 enim
3523 1997 3571 2050 in
3605 1998 3680 2051 tiis
3717 1998 3796 2064 ejus

2316 2084 2590 2138 ambulare
2649 2085 2944 2149 dicuntur,
2997 2085 3100 2139 nisi
3153 2087 3244 2155 qui
3294 2103 3415 2142 cum
3470 2087 3794 2155 perseverantia

2306 2191 2478 2246 usque
2505 2177 2556 2229 in
2588 2176 2746 2231 ﬁnem
2776 2177 2911 2230 bene
2967 2186 3284 2245 operantur,
3331 2192 3448 2231 cum
3493 2186 3718 2231 removeat
3749 2177 3796 2228 ali

2307 2266 2387 2320 eis
2435 2265 2712 2320 ambulare
2752 2265 2803 2318 in
2855 2265 2958 2318 viis
3015 2265 3404 2335 Domini,quml
3426 2281 3573 2321 causa
3595 2265 3797 2318 (albenti-

2307 2354 2552 2418 tudinis,
2615 2362 2828 2408 constat
2883 2363 2938 2408 et
3000 2354 3066 2409 de
3143 2355 3447 2410 remotione
3503 2353 3792 2410 beatitudinis.

2307 2447 2555 2502 Ostendit
2605 2454 2786 2502 autem
2838 2447 2978 2516 quod
3053 2461 3158 2500 non
3225 2447 3602 2502 ambulaverint
3643 2447 3683 2499 in
3718 2446 3796 2515 Izge

2307 2539 2548 2604 Domini,
2579 2555 2699 2595 cum
2729 2539 2808 2594 sic
2829 2541 3007 2594 addit:
3042 2541 3175 2595 Vere
3201 2557 3307 2595 non
3337 2540 3686 2595 ambularerunt
3715 2556 3795 2607 ore-

2308 2642 2482 2684 rantes
2514 2632 2842 2700 iniquitatem
2880 2630 2935 2684 in
2981 2631 3076 2684 viis
3122 2632 3254 2695 tuis,
3302 2633 3548 2694 Domine,
3587 2632 3688 2686 auia
3723 2644 3794 2681 ia-n

2306 2721 2681 2776 custodierunt
2709 2723 2864 2778 nimis
2899 2723 3151 2775 mandata
3189 2734 3320 2785 tua,
3366 2732 3418 2777 et
3457 2721 3615 2776 nullus
3652 2721 3693 2774 in
3726 2720 3796 2772 viis

2307 2813 2416 2867 tuis
2442 2812 2680 2866 ambulat
2715 2814 2819 2867 nisi
2853 2814 2941 2883 qui
2990 2815 3143 2867 nimis
3188 2815 3426 2868 Custodit
3469 2814 3683 2866 mandata
3717 2819 3792 2860 tua.

2309 2902 2386 2956 Tu
2433 2904 2579 2958 enim
2622 2903 2706 2958 cui
2760 2904 3117 2958 obediendum
3165 2916 3285 2969 est,
3319 2905 3409 2974 qui
3457 2904 3576 2958 nihil
3613 2900 3794 2972 pnreEpis

2307 2993 2408 3048 nisi
2437 2993 2579 3062 quod
2600 2993 2807 3061 justum
2839 3003 2949 3057 est,
2977 2995 3067 3062 qui
3102 3010 3208 3049 non
3244 2995 3548 3050 obedientes
3585 2992 3662 3046 tibi
3695 2991 3795 3060 jnstc

2306 3089 2564 3144 damnare
2586 3097 2763 3158 potes,
2786 3089 3048 3143 mandasti
3078 3091 3333 3145 mandata
3361 3102 3465 3155 tua,
3490 3105 3598 3160 qua:
3617 3099 3711 3144 sunt
3729 3086 3796 3136 vim

2309 3182 2375 3235 ad
2421 3180 3118 3244 beatitudinem,custodiri
3167 3183 3358 3247 nimis,
3401 3182 3450 3236 id
3488 3191 3565 3236 est
3604 3179 3792 3234 multum.

2307 3269 2560 3324 videlicet
2604 3285 2727 3324 cum
2756 3270 3032 3339 diligentia
3061 3281 3112 3325 et
3138 3273 3565 3340 perseverantia,
3597 3283 3685 3324 non
3709 3280 3795 3320 cr.

2309 3363 2660 3436 negligentia.
2709 3383 2726 3415 ι
2778 3363 3094 3418 Maledictus
3137 3366 3287 3419 enim
3338 3367 3493 3420 homo
3538 3364 3619 3433 qui
3660 3359 3797 3414 fuerit

2305 3472 2441 3526 opus
2502 3456 2711 3511 Domini
2756 3455 3091 3525 negligenter
3138 3457 3276 3526 (λεν.
3333 3472 3521 3521 XLvm,
3565 3453 3657 3522 l0).
3692 3451 3793 3516 Quo-

2305 3549 2450 3604 niam
2474 3557 2652 3602 autcm
2681 3546 2916 3601 ﬁdelium
2944 3547 3217 3614 collectio,
3243 3564 3362 3618 qua:
3390 3549 3474 3602 hic
3493 3547 3609 3617 agit,
3627 3544 3795 3596 arduum

2305 3655 2427 3695 esse
2473 3639 2723 3693 liumatue
2749 3635 3025 3706 fragilitati
3065 3639 3347 3707 cognoscit
3388 3637 3618 3691 mandata
3644 3627 3796 3686 Domini

2305 3729 2576 3785 custodire
2604 3727 2780 3790 n’mis,
2806 3737 2930 3780 orat
2952 3736 3007 3780 et
3050 3735 3202 3796 optat
3234 3736 3294 3782 ut
3318 3727 3383 3781 ad
3424 3743 3483 3782 ea
3519 3719 3794 3780 custodienda

2303 3814 2401 3868 vite
2427 3813 2542 3884 ejus
2567 3828 2596 3866 a
2629 3812 2860 3866 Domino
2882 3812 3203 3880 dirigantur,
3242 3824 3298 3868 et
3324 3827 3419 3883 per
3463 3813 3556 3866 boc
3591 3809 3798 3864 allz'ilel‘t‘s

2303 3920 2466 3960 orare
2489 3902 2743 3960 similiter
2765 3910 2821 3957 et
2857 3910 3049 3971 optare
3076 3902 3319 3967 instruit,
3344 3918 3462 3957 cum
3489 3903 3582 3957 hoc
3616 3902 3725 3956 idem
3741 3897 3796 3950 eis

2302 3994 2532 4048 arduum
2581 3991 2750 4047 fuerit
2775 4029 2790 4056 ,
2846 3990 2950 4045 boc
2990 4006 3120 4062 ergo
3159 3993 3240 4048 sic
3280 3993 3444 4049 dicit:
3496 3993 3595 4059 Tu,
3636 3991 3795 4058 inquam

2302 4086 2566 4141 mandasti
2619 4083 2872 4137 mandata
2920 4094 3010 4136 tua
3068 4087 3324 4140 custodiri
3380 4088 3544 4141 nimis.
3584 4083 3711 4156 571
3752 4077 3796 4131 Et

2301 4176 2452 4244 quia,
2477 4174 2725 4239 Domine,
2750 4189 2870 4229 cum
2921 4177 3024 4232 hoc
3049 4179 3277 4232 ardumu
3320 4179 3416 4243 sit,
3439 4179 3501 4231 ad
3527 4177 3616 4230 hoc
3647 4185 3719 4242 per
3737 4180 3796 4220 me

2300 4269 2564 4339 fragilitas
2589 4284 2704 4324 mea
2729 4269 2976 4327 suﬁicere
3003 4270 3210 4339 nequit,
3235 4281 3385 4342 opto,
3413 4269 3632 4330 Domine,
3649 4272 3693 4318 et
3710 4272 3792 4314 oro.

2319 4409 2322 4412 .
2370 4357 2585 4414 Utinam
2613 4361 2708 4414 via:
2731 4377 2882 4427 mete,
2899 4363 2950 4416 id
2968 4369 3052 4416 est
3078 4359 3417 4427 all'ectiones,
3445 4374 3535 4430 per
3556 4369 3672 4426 quas
3691 4348 3793 4419 cogi-

631 4455 848 4525 aliquis,
876 4459 934 4504 ut
960 4445 1332 4503 immaculatus
1357 4445 1455 4509 sit,
1491 4444 1943 4500 valeatdevenire
1968 4459 1982 4497 :
2011 4443 2194 4509 Beati,
2229 4479 2278 4539 Β
2306 4451 2468 4506 “mdo
2506 4451 2720 4508 animus
2761 4468 2910 4508 more
2959 4444 3166 4506 viarum
3214 4453 3436 4517 incedit,
3467 4464 3576 4520 qua,
3604 4445 3687 4500 vis
3716 4453 3790 4493 non

635 4551 847 4615 inquam
867 4585 880 4608 ,
907 4539 1252 4597 immaculati.
1289 4539 1352 4594 Ut
1381 4547 1560 4593 autem
1581 4579 1594 4603 ,
1624 4553 1656 4593 ο
1687 4538 1980 4600 auditores,
2013 4540 2200 4591 imma-

632 4636 791 4690 culati
823 4633 963 4696 sitis,
992 4629 1308 4686 scrutamini
1338 4631 1632 4684 testimonia
1672 4629 1787 4699 ejus
1811 4670 1824 4693 ,
1857 4637 1914 4684 et
1952 4629 2034 4685 sic
2075 4644 2198 4684 eum

634 4725 848 4779 demum
880 4722 934 4772 in
965 4729 1069 4772 toto
1098 4718 1252 4773 corde
1293 4719 1583 4788 exquirite.
1616 4718 1766 4774 Beati
1821 4719 1968 4774 enim
1997 4731 2155 4775 erunt
2182 4760 2198 4786 ,

631 4815 721 4883 qui
751 4819 810 4866 ut
842 4809 1163 4863 immaculati
1199 4810 1340 4875 sint,
1381 4819 1688 4864 scrutantur
1713 4811 2011 4865 testimonia
2050 4811 2197 4881 ejus,

634 4905 688 4958 id
718 4910 804 4958 est
834 4900 1115 4968 diligenter
1160 4899 1214 4952 in
1259 4899 1469 4955 ratione
1508 4916 1605 4956 sua
1643 4901 1992 4957 considerant
2035 4909 2200 4956 testes

631 4995 771 5064 ejus,
795 4992 848 5048 id
873 4997 958 5046 est
980 4987 1198 5057 angelos
1223 4990 1313 5058 qui
1346 4990 1592 5046 ﬁdelibus
1612 4991 1677 5047 ad
1703 5007 1797 5047 eos
1818 4991 2198 5048 custodiendos

635 5103 664 5140 a
707 5085 818 5138 Deo
860 5078 1101 5150 deputati
1147 5087 1298 5144 sunt;
1337 5080 1426 5148 qui
1474 5083 1638 5135 etiam
1687 5082 1930 5136 omnium
1978 5090 2197 5137 actuum

633 5188 821 5231 eorum
866 5179 974 5224 tam
1004 5168 1262 5224 bonorum
1299 5183 1461 5239 quam
1496 5172 1756 5226 malorum
1788 5181 1952 5228 testes
2003 5173 2054 5227 in
2101 5174 2188 5227 die

632 5262 817 5334 judicii
840 5267 1028 5324 erunt,
1062 5260 1162 5314 nisi
1191 5259 1402 5315 illorum
1427 5274 1545 5329 qua:
1575 5277 1668 5330 per
1706 5264 2082 5331 paenitentiam
2110 5279 2194 5317 re-

636 5355 934 5410 mittentur.
978 5349 1129 5416 Quod
1176 5360 1261 5406 est
1311 5352 1526 5406 dicere:
1561 5351 1642 5405 llli
1689 5353 1833 5407 beati
1877 5363 2065 5417 erunt,
2107 5355 2196 5421 qui

634 5460 756 5502 cum
801 5458 829 5494 a
867 5439 1300 5509 suggestionibus
1348 5442 1550 5497 illicitis
1588 5451 1900 5510 urgeantur,
1950 5443 2198 5498 caelestes

632 5537 854 5610 spiritus
879 5543 1044 5588 testes
1073 5543 1286 5589 actuum
1310 5551 1530 5592 suorum
1564 5534 1777 5592 futuros
1818 5551 1936 5590 esse
1967 5551 2070 5590 non
2101 5538 2200 5591 du--

633 5631 888 5695 bitantes,
920 5641 983 5681 ea
1011 5627 1300 5683 occasione
1341 5645 1369 5682 a
1401 5626 1504 5683 mal
1532 5645 1556 5684 s
1591 5628 1846 5699 operibus
1875 5629 2198 5687 desistentes

634 5718 962 5777 immaculati
991 5732 1111 5774 esse
1139 5725 1408 5774 satattunt.
1439 5719 1506 5772 ια
1577 5720 1623 5775 ic
1656 5720 1709 5773 in
1757 5727 1865 5773 toto
1899 5719 2056 5773 corde
2104 5736 2195 5774 ea:-

2301 4550 2430 4596 sunt
2467 4541 2716 4608 directae,
2757 4543 2853 4597 sed
2893 4543 2958 4596 ad
2991 4542 3270 4598 szecnlaria
3299 4555 3478 4613 prome
3509 4547 3558 4594 et
3587 4536 3792 4589 distorta.

2301 4631 2602 4702 dirigantur
2639 4647 2669 4686 a
2708 4639 2779 4695 te,
2813 4632 2865 4686 id
2898 4641 2982 4686 est
3010 4633 3231 4687 directa:
3275 4633 3405 4686 ﬁant
3433 4639 3486 4686 et
3516 4629 3576 4682 ad
3609 4617 3791 4680 coelestia

2301 4725 2733 4780 considerantes.
2767 4724 2880 4791 Vel,
2906 4726 3226 4796 dirigantur,
3257 4725 3311 4778 id
3343 4732 3427 4779 est
3454 4719 3793 4792 promoveantur

2301 4812 2369 4868 de
2398 4813 2539 4867 bono
2567 4812 2620 4868 in
2652 4813 2864 4876 melius,
2904 4821 2961 4868 et
2990 4814 3091 4868 hoc
3116 4812 3185 4866 ad
3211 4809 3567 4867 custodiendas
3585 4799 3792 4875 ἰκαίβτα·

2301 4901 2466 4956 tiones
2497 4911 2637 4968 tuas,
2669 4902 2722 4956 id
2749 4912 2834 4956 est
2864 4902 2931 4956 ad
2958 4901 3060 4956 hoc
3091 4902 3411 4972 dirigantur,
3441 4908 3495 4953 ut
3524 4893 3692 4966 possim
3723 4900 3790 4939 cu-

2300 4993 2523 5059 stodire,
2554 4993 2606 5047 id
2629 5002 2714 5048 est
2737 5009 2858 5048 cum
2886 4994 3286 5064 perseverantia
3317 4989 3572 5060 complere
3601 4977 3790 5038 mandata

2303 5088 2415 5146 tua,
2440 5095 2560 5150 qua:
2605 5078 3024 5148 justiﬁcationes
3067 5081 3354 5144 dicuntur,
3392 5093 3453 5134 eo
3497 5072 3621 5144 quod
3661 5077 3788 5122 causa:

2300 5168 2409 5222 sint
2444 5184 2613 5238 quare
2654 5183 2840 5224 eorum
2882 5170 3244 5240 completores
3278 5167 3632 5240 jnstiﬁcentur.
3657 5151 3788 5211 lnnui-

2303 5271 2390 5315 tur
2444 5270 2626 5315 autem
2679 5276 2746 5315 ex
2774 5275 2932 5316 versu
2970 5261 3239 5330 sequenti,
3267 5259 3407 5330 quod
3441 5257 3520 5310 bic
3551 5247 3788 5311 intelligen-

2300 5352 2424 5407 dum
2451 5360 2535 5406 est
2562 5351 2818 5422 quoniam
2842 5351 2931 5406 hic
2961 5351 3027 5406 de
3050 5351 3292 5406 custodia
3321 5349 3548 5403 omnium
3569 5337 3784 5422 mandato-

2300 5459 2419 5497 rum
2447 5417 2832 5512 vultintelligi.
2865 5442 3199 5512 Dirigantur,
3240 5441 3476 5509 inquam,
3499 5435 3587 5489 vita
3609 5417 3784 5512 tum“

2299 5535 2667 5588 custodiendas
2697 5511 2873 5586 omnes
2887 5511 3293 5602 justificationes
3321 5541 3457 5582 tuas.
3489 5521 3621 5590 Quod
3643 5516 3680 5570 si
3705 5511 3784 5564 ille“

2302 5626 2453 5679 ritut
2495 5623 2826 5694 dirigantur,
2868 5635 2990 5674 tunc
3047 5637 3150 5675 non
3195 5614 3509 5688 confundor,
3545 5611 3589 5664 id
3621 5613 3780 5694 estnen

2301 5717 2640 5781 erubescam,
2667 5716 2764 5774 sed
2795 5716 3036 5781 laetabor,
3069 5732 3186 5769 cum
3215 5724 3506 5786 perspexero
3541 5716 3614 5759 me
3640 5703 3780 5752 0559"
