3872 6320
79 360 192 414 4ἳ61

903 344 1270 401 ‘EXPOSITIO
1310 347 1375 401 ΙΝ
1413 344 1750 401 PSALMOS.
1794 375 1861 384 —
1901 342 2095 398 PSAL.
2135 342 2364 398 CXVIII.

3148 351 3286 406 {262

74 470 284 528 omnibus
318 464 578 519 mandatis
610 474 744 526 tuis,
778 464 828 515 ut
871 471 952 516 est
1000 461 1052 515 in
1099 463 1454 530 completioue
1486 478 1602 516 om-
1637 462 1682 516 Α
1709 472 1818 511 sum.
1863 471 2070 510 morem
2109 456 2256 511 stulti
2297 467 2420 510 sunt
2457 469 2510 514 et
2549 468 2841 529 temerarii,
2887 468 2930 522 si
2967 466 3034 520 ad
3071 483 3282 520 morum

74 565 202 618 nium
229 557 589 613 mandatorum
621 563 854 618 tuorum,
889 553 1096 608 scilicet
1124 553 1266 607 nulla
1291 553 1416 607 mihi
1449 553 1609 606 inerit

71 646 426 707 erubescenda:
447 644 712 710 confusio,
741 661 856 697 cum
889 643 1114 698 rationis
1144 658 1276 698 meae
1305 644 1500 697 intuitu
1525 658 1609 698 me

68 757 172 797 esse
195 741 243 792 in
266 735 497 790 omnibus
526 737 791 790 mandatis
819 737 921 788 tuis
948 751 1274 804 perspexero.
1301 734 1359 788 Si
1387 735 1528 788 enim
1554 734 1606 788 in

67 831 356 903 quibusdam
395 828 641 882 existens
680 830 733 882 in
782 829 1020 883 omnibus
1069 845 1172 883 non
1203 845 1407 892 essem,
1439 829 1522 888 illa
1557 829 1606 880 in

65 922 240 991 quibus
267 933 368 972 non
391 932 568 972 essem
593 933 757 971 causa
795 927 976 972 essent
1005 934 1172 988 quare
1207 919 1605 974 cruhescerem.

67 1013 254 1065 Dictum
287 1017 368 1064 est
393 1023 420 1061 a
453 1008 810 1064 similitudine
835 1009 957 1073 viri,
990 1011 1040 1063 in
1071 1010 1288 1079 speet-lo
1324 1026 1442 1065 sese
1474 1024 1606 1064 con-

63 1101 346 1161 siderantis,
390 1100 512 1168 qui,
555 1099 600 1154 si
629 1103 808 1154 omnia
853 1103 1089 1155 membra
1131 1117 1224 1155 sua
1269 1102 1458 1156 viderit
1487 1115 1608 1156 esse

63 1190 291 1254 formosa,
315 1189 556 1243 lmt-atur:
579 1189 621 1243 si
653 1205 780 1245 vero
804 1191 1048 1259 quaedam
1095 1190 1378 1256 deformia,
1418 1191 1608 1245 erube-

62 1281 213 1335 scitet
233 1278 597 1344 confunditur;
627 1288 681 1334 et
701 1297 817 1336 cum
839 1293 922 1334 me
945 1297 1254 1351 perspexero
1281 1283 1333 1335 in
1366 1283 1620 1335 omnibus-

63 1370 297 1424 mamlatis
343 1371 467 1436 tuis,
511 1371 614 1425 hoc
652 1371 960 1427 nullatenus
1009 1373 1138 1427 mihi
1181 1373 1463 1434 ascribam.
1512 1375 1604 1428 sed

63 1462 142 1514 tibi
177 1461 268 1516 hoc
309 1461 652 1527 ascribendo,
697 1463 980 1532 conﬁtebor
1025 1465 1138 1528 tibi,
1173 1465 1222 1518 id
1266 1465 1346 1519 est
1376 1466 1605 1520 laudabo

62 1563 104 1607 te
127 1553 420 1606 omnimodo
445 1553 496 1605 in
529 1554 813 1608 directione
843 1555 1035 1618 cordis,
1076 1557 1125 1608 id
1155 1565 1237 1610 est
1273 1556 1322 1608 in
1362 1558 1604 1611 conside-

61 1643 242 1697 ratione
270 1642 633 1697 directionum
659 1643 840 1697 cordis
861 1645 981 1705 mei,
1006 1645 1213 1700 scilicet
1234 1661 1294 1699 ea
1320 1647 1604 1700 occasione

59 1742 102 1786 te
143 1730 358 1785 laudabo
407 1733 557 1800 quod
589 1734 823 1788 directas
873 1733 1037 1788 facies
1076 1733 1384 1790 affectiones
1425 1739 1604 1791 cordis

59 1821 164 1873 mei.
187 1819 243 1872 Et
269 1798 747 1874 confiteborctiam
765 1822 856 1875 tibi
886 1824 937 1876 iu
968 1840 1026 1876 eo
1055 1825 1316 1888 contuitu,
1349 1829 1474 1892 quia
1511 1841 1606 1896 per
1641 1798 1681 1851 Β

60 1910 470 1964 illuminationem
499 1913 684 1982 gratia:
713 1921 816 1965 ture
837 1913 1219 1982 didicijudicin
1233 1915 1453 1983 justititr
1476 1927 1600 1980 tua',

61 2004 102 2055 id
126 2013 196 2056 est
227 2013 497 2072 praecepta
527 2014 613 2056 tua
638 1990 925 2074 diligenter
947 2005 1242 2074 complebo:
1270 2007 1604 2062 solummodo

59 2095 232 2148 sithoc
260 2095 396 2163 quod
428 2105 584 2165 opto,
618 2098 859 2164 Domine,
892 2110 946 2151 et
973 2114 1068 2152 oro
1119 2098 1388 2163 videlicet,
1422 2110 1602 2153 utnon

60 2201 123 2238 me
142 2186 452 2255 derelinquas
494 2204 876 2257 usquequaque,
904 2189 960 2242 id
995 2197 1080 2243 est
1116 2189 1422 2243 ontnimoda
1451 2191 1606 2244 derc-

57 2275 264 2340 lictioz;e,
293 2277 504 2331 scilicet
521 2279 563 2332 si
585 2294 688 2334 non
715 2281 794 2333 sic
826 2295 908 2334 me
939 2295 1002 2335 ex
1035 2289 1145 2335 toto
1176 2281 1450 2350 reliquerit
1475 2296 1599 2352 gra-

59 2369 116 2420 tia
142 2378 252 2433 tua,
285 2377 341 2421 ut
376 2371 486 2424 boc
527 2370 668 2440 quod
715 2371 950 2426 directus
989 2387 1084 2426 ero
1115 2372 1242 2426 mihi
1283 2382 1603 2442 arroganter

57 2458 384 2524 ascribam,ct
414 2462 637 2515 nontibi
679 2463 992 2528 attribuam,
1026 2462 1112 2516 ille
1149 2477 1380 2532 namque
1407 2479 1598 2532 usque-

53 2565 230 2617 quaque
264 2566 290 2602 a
318 2551 500 2604 divina
545 2551 716 2622 gratia
750 2552 1036 2606 derelictus
1065 2561 1166 2616 est,
1198 2553 1288 2622 qui
1317 2553 1415 2606 hoc
1453 2554 1598 2622 quod

59 2640 206 2692 bonus
238 2650 317 2694 cst
345 2641 442 2694 sibi
483 2643 733 2708 ascribit,
768 2651 820 2696 et
859 2643 924 2697 de
958 2643 1057 2696 hoc
1095 2643 1145 2695 in
1189 2659 1246 2696 se
1273 2659 1378 2696 non
1409 2643 1461 2696 in
1495 2644 1598 2696 Do-

56 2727 180 2781 mino
207 2728 487 2798 gloriatur.
523 2731 826 2784 Notandum
870 2732 1019 2800 quia,
1051 2746 1170 2786 cum
1201 2733 1302 2787 hoc
1329 2732 1479 2798 dicit,
1506 2748 1601 2802 per

59 2821 144 2877 ltoc
179 2821 447 2877 auditores
498 2824 713 2878 instruit
748 2825 889 2894 quod
953 2825 1128 2878 nullus
1167 2840 1294 2879 vere
1331 2827 1600 2880 custodiet

53 2910 435 2977 iustificationes
505 2915 713 2967 Domini
748 2956 762 2978 ,
817 2915 916 2969 nisi
951 2915 1051 2984 ipsi
1103 2915 1383 2971 confessus
1413 2915 1595 2982 fuerit,

52 3004 338 3060 ascribendo
369 3007 417 3061 ci
458 3008 715 3077 quidquid
743 3008 792 3061 iu
819 3023 876 3062 se
901 3008 1021 3062 boui
1059 3011 1180 3063 erit.
1213 3009 1342 3064 Nam
1381 3011 1422 3065 si
1453 3011 1505 3064 in
1541 3026 1599 3066 se

51 3093 283 3162 gloriatus
309 3096 496 3165 fuerit,
520 3115 547 3152 ει
577 3100 799 3154 Dotuiuo
841 3117 1222 3171 usquequaque
1259 3101 1588 3172 derelinque-
1621 3131 1662 3192 ρ

53 3197 141 3253 tur,
164 3198 210 3242 et
236 3194 310 3246 sic
336 3207 441 3246 uou
465 3195 1170 3266 custodietjustiticazioues
1197 3196 1332 3265 ejus.
1364 3199 1468 3252 l'er
1491 3200 1593 3255 hoc

47 3288 206 3333 autem
234 3283 511 3337 auditores
546 3285 610 3336 ad
644 3285 733 3339 Dei
767 3286 1161 3341 confessionem
1192 3289 1442 3358 impellit.

107 3366 264 3432 Bern,
293 3374 534 3439 confusio
575 3375 976 3444 interpretatur.
1015 3377 1116 3429 l’cr
1145 3380 1275 3434 Belli
1307 3395 1436 3451 ergo
1475 3397 1593 3450 qua:

45 3469 271 3519 secunda:
289 3465 545 3521 clausula:
570 3485 819 3524 versuum
844 3482 928 3526 est
949 3473 1184 3534 initium,
1204 3477 1410 3544 privata
1437 3474 1594 3542 hujus

49 3553 277 3610 clausula:
320 3557 554 3612 intentio
588 3559 907 3625 denotatur,
949 3563 1193 3618 videlicet
1233 3566 1354 3635 quia
1395 3566 1459 3618 ad
1495 3567 1594 3620 hoc

46 3641 121 3724 hic
160 3645 392 3700 fidelium
453 3649 700 3704 collectio
745 3650 974 3705 intendit
1015 3661 1070 3705 ut
1119 3669 1212 3706 eos
1250 3655 1338 3722 qui
1377 3664 1594 3724 propter

44 3723 219 3789 malam
253 3739 419 3793 vitam
446 3755 598 3794 suam
629 3750 844 3797 :eleruae
870 3742 1169 3798 confusioni
1195 3753 1320 3798 sunt
1339 3746 1553 3799 obnoxii
1575 3787 1589 3810 ,

44 3831 88 3875 ct
113 3825 235 3879 sica
261 3831 481 3885 tramite
507 3846 645 3885 vera‘
673 3831 1018 3886 beatitudinis
1050 3833 1206 3888 alicui
1227 3876 1240 3900 ,
1273 3836 1493 3888 instruat
1524 3838 1591 3890 τιτὶ

43 3929 231 3970 morum
267 3922 668 3976 correctionem
689 3962 705 3988 ,
749 3931 800 3975 ut
841 3939 936 3991 per
966 3925 1065 3977 hoc
1091 3925 1289 3978 evitent
1320 3925 1592 3980 conlusio-

41 4017 172 4068 nem,
204 4016 258 4061 et
294 4011 560 4065 accedant
607 4011 672 4064 ad
717 4011 1122 4068 beatitudinem.
1173 4016 1387 4069 Instruit
1428 4016 1588 4070 etiam

38 4095 260 4163 eosdem,
288 4101 598 4170 exemplum
631 4118 686 4156 se
713 4105 1091 4173 proponendo,
1124 4114 1181 4158 ut
1214 4117 1492 4176 postquam
1525 4109 1593 4163 ad

37 4196 229 4240 morum
298 4191 691 4246 correctionem
749 4194 1141 4262 pervenerint,
1199 4196 1361 4248 Deum
1413 4207 1587 4252 orent.

34 4270 151 4327 Orat
179 4277 325 4331 cuitu
359 4279 478 4345 hic,
510 4283 891 4350 praetendendo
932 4285 1118 4338 merita
1151 4301 1268 4349 sua,
1307 4294 1364 4339 ut
1392 4287 1443 4340 in
1476 4289 1590 4357 ipsa

33 4362 251 4421 clausula
291 4380 535 4439 apparet.
578 4371 631 4426 lu
673 4374 935 4444 principio
975 4390 1101 4431 vero
1137 4375 1587 4434 deliberationem

1713 551 2111 604 correctionem
2136 549 2243 602 vult
2276 551 2562 622 attingere,
2595 569 2839 622 quarrens
2866 574 2928 613 es
2965 575 3050 615 me
3078 561 3282 623 doceri,

1714 640 1766 693 in
1805 656 1908 710 qua
1952 655 2011 694 re
2054 640 2289 711 corrigat
2327 642 2466 696 viam
2499 660 2708 698 morum
2745 661 2990 715 suorum,
3031 666 3155 706 ecce
3183 667 3284 720 ego

1711 730 1886 783 dicam
1912 729 2009 799 ipsi
2039 744 2052 782 :
2078 728 2122 784 Ο
2147 731 2387 791 Domine.
2416 731 2469 785 in
2492 735 2830 789 custodiendo
2861 753 3119 793 sermones
3142 752 3279 801 tuos.

1711 816 1763 870 id
1790 827 1873 871 est
1909 818 1960 870 in
1989 818 2306 887 complendo
2336 819 2621 890 diligenter
2649 829 2912 894 prmcepla
2946 835 3033 878 tua
3064 830 3285 898 corr'git

1710 909 1853 962 viam
1893 924 2099 964 morum
2132 925 2350 964 SttOl‘ttm
2374 950 2388 973 ,
2418 914 2628 968 scilicet
2666 925 2794 970 ttmc
2825 916 2962 972 bene
2997 917 3136 971 viam
3171 936 3285 972 mo-

1710 1015 1831 1052 rum
1859 1002 2107 1070 corrigit,
2143 1004 2184 1056 si
2217 1005 2352 1060 sicut
2387 1006 2544 1061 malis
2564 1007 2772 1061 actibus
2801 1008 3022 1072 studuit,
3055 1009 3125 1062 ita
3151 1025 3283 1079 quo-

1710 1103 1814 1157 quc
1854 1089 1958 1144 tuis
1987 1093 2254 1147 mandatis
2287 1095 2566 1150 adhasrerc
2611 1097 2827 1168 satagit.
2855 1098 2950 1152 Vel
2985 1098 3282 1153 adolescen-

1711 1178 1831 1240 tior,
1873 1179 1922 1232 id
1959 1192 2040 1234 est
2076 1182 2164 1236 ille
2204 1185 2292 1254 qui
2335 1187 2510 1242 adhuc
2541 1196 2621 1242 est
2668 1188 2981 1244 adolescens
3020 1199 3200 1256 aetate,
3228 1194 3280 1246 in

1708 1285 1810 1342 quo
1831 1273 2042 1341 corrigit
2062 1275 2196 1328 viam
2219 1278 2405 1330 suam?
2433 1279 2485 1331 in
2508 1279 2843 1333 custodiendo
2861 1297 3118 1336 sermones
3141 1293 3275 1336 (nos.

1708 1357 1854 1414 Nihil
1883 1361 1968 1415 hic
2003 1374 2241 1418 mutatur
2280 1355 2378 1421 nisi
2413 1368 2806 1424 adolescentior.
2839 1371 2962 1425 ldco
2995 1386 3123 1426 vero
3153 1374 3282 1425 adc-

1709 1449 2084 1508 lescenliorcm
2122 1456 2187 1509 ad
2230 1473 2439 1511 mormn
2477 1461 2871 1514 correctionem
2910 1463 3122 1528 invitat,
3152 1466 3278 1534 quia

1707 1539 1996 1611 perfectior
2017 1548 2209 1616 estqui
2244 1550 2309 1602 ah
2337 1550 2693 1605 adolescentia
2720 1568 2877 1622 quam
2915 1555 3004 1624 qui
3026 1555 3075 1609 in
3123 1570 3280 1610 sene-

1708 1644 1854 1689 ctute
1882 1637 2022 1691 viam
2059 1640 2333 1710 corrigere
2368 1642 2571 1712 incipit.
2596 1643 2745 1699 Unde
2775 1647 3063 1716 propheta:
3101 1666 3118 1698 ι
3139 1648 3267 1702 Bea-

1709 1737 1796 1781 tus
1827 1730 2003 1792 homo,
2041 1747 2160 1784 cum
2190 1736 2483 1800 portaverit
2505 1735 2689 1806 jngum
2723 1737 2931 1794 Domini
2977 1741 3044 1793 ab
3087 1742 3274 1796 adole-

1707 1821 1908 1874 Scentia
1928 1835 2020 1873 sua
2036 1821 2466 1893 (Thren.m,27).
2485 1845 2502 1876 ι
2527 1827 2616 1882 Vel
2632 1829 2706 1880 sic
2730 1829 2942 1898 legitur:
2960 1831 3276 1885 Adolescen-

1706 1912 1809 1962 tior
1851 1903 1937 1964 ille
1967 1913 2055 1980 qui
2083 1913 2358 1969 hucusoue
2407 1929 2568 1970 senex
2602 1917 2736 1981 fuit,
2781 1919 2829 1972 id
2862 1927 2942 1974 est
2978 1921 3274 1984 conformis

1706 2003 1873 2056 veteri
1924 2003 2128 2058 homini
2171 2005 2301 2060 Ade:
2356 2008 2406 2060 in
2452 2009 2572 2061 vita:
2609 2017 2896 2072 vetustate,
2941 2011 3126 2066 volens
3159 2028 3280 2067 esse

1707 2092 2108 2160 adolescentior,
2154 2095 2203 2149 id
2233 2104 2318 2152 est
2343 2098 2634 2153 conformis
2666 2116 2802 2154 novo
2833 2102 3032 2157 homini
3062 2102 3280 2159 Christo

1708 2183 1760 2236 in
1793 2185 2030 2240 novitate
2062 2187 2207 2252 vitte,
2255 2189 2305 2241 in
2355 2205 2460 2258 qua
2499 2207 2556 2246 re
2581 2191 2792 2258 corriqit
2836 2194 2970 2248 viam
3003 2196 3193 2248 suam?
3223 2197 3276 2247 in

1707 2276 2047 2330 custodiendo
2075 2295 2335 2333 sermones
2369 2290 2506 2345 tuos,
2546 2283 2646 2336 hoc
2690 2293 2748 2336 ut
2777 2285 3024 2354 superius
3057 2285 3280 2355 exponi-

1707 2376 1807 2419 tur.
1844 2367 1978 2433 Quia
1999 2368 2211 2422 dixerat
2231 2372 2621 2425 corrcctionetn
2645 2388 2856 2426 morum
2882 2388 3001 2427 esse
3028 2375 3079 2426 in
3107 2387 3281 2427 custo-

1705 2459 1894 2511 diendo
1946 2476 2208 2514 sermones
2239 2460 2470 2526 Domini,
2503 2471 2558 2514 ut
2587 2464 2757 2533 magis
2793 2465 3066 2518 auditores
3093 2481 3275 2520 exem-

1703 2549 1792 2618 plo
1821 2564 1917 2603 suo
1939 2552 2178 2604 attrahat
2197 2553 2259 2604 ad
2288 2553 2584 2606 custodiam
2610 2555 2800 2608 horum
2827 2570 3158 2621 sermonum,
3185 2573 3277 2610 os-

1704 2641 1874 2694 tendit
1913 2657 1969 2696 se
2012 2643 2364 2697 custodivisse
2401 2658 2678 2700 sermones
2720 2645 2963 2712 Domini,
3003 2649 3073 2704 ob
3103 2666 3264 2721 quam

1703 2746 1921 2784 causam
1998 2740 2154 2794 orat,
2224 2742 2282 2786 ut
2342 2723 2379 2786 a'
2431 2736 2696 2790 mandatis
2769 2737 2859 2790 Dei
2925 2753 3030 2791 non
3104 2741 3265 2808 repel-

1705 2823 1865 2886 latur,
1897 2825 2008 2878 sic:
2044 2825 2172 2878 Dico
2194 2825 2360 2894 quod,
2390 2841 2423 2879 o
2446 2827 2687 2892 Domine,
2715 2831 2768 2882 in
2790 2834 3132 2886 custodiendo
3159 2850 3275 2887 ser-

1701 2929 1877 2966 mones
1912 2924 2027 2966 tuos
2065 2913 2446 2968 adolescentior
2472 2917 2608 2970 viam
2646 2935 2793 2971 suam
2833 2921 3066 2991 corrigit,
3109 2937 3272 2991 quam

1702 3003 2094 3058 correctionem
2140 3004 2194 3056 iu
2240 3019 2324 3058 me
2362 3005 2469 3074 jam
2502 3009 2740 3062 exercui.
2773 3007 2927 3072 Nam,
2967 3025 2998 3064 ο
3027 3009 3272 3073 Domine.

1700 3094 1754 3147 in
1795 3103 1900 3148 toto
1945 3094 2102 3147 corde
2138 3109 2275 3155 meo,
2320 3095 2372 3147 id
2419 3105 2504 3150 est
2548 3096 2598 3149 in
2635 3107 2741 3151 tota
2781 3098 3063 3156 affectione
3095 3106 3275 3158 contis

1701 3187 1824 3246 mei,
1840 3186 2094 3256 exquisivi
2109 3196 2177 3249 te,
2192 3201 2288 3254 per
2311 3189 2607 3242 custodiam
2634 3191 3007 3246 mandatorum
3032 3202 3269 3259 tuorum,

1699 3279 1749 3332 id
1779 3288 1862 3333 est
1889 3295 1955 3334 ex
1983 3278 2231 3334 omnibus
2260 3278 2382 3334 aliis
2412 3278 2571 3335 rebus
2610 3289 2662 3336 te
2703 3281 2874 3336 solum
2903 3285 3123 3354 quzesivi
3153 3287 3259 3342 adi-

1696 3367 1848 3436 pisci.

1767 3458 1900 3515 Cum
1949 3462 2081 3516 dicit
2140 3478 2195 3515 se
2242 3463 2406 3518 Deum
2446 3465 2499 3517 in
2539 3475 2644 3518 toto
2697 3483 2852 3519 carae
2891 3469 3269 3536 csqttisiviSSo,

1696 3550 1873 3604 innuit
1908 3566 1966 3606 se
2026 3553 2277 3607 mandata
2317 3554 2408 3609 Dei
2445 3557 2765 3619 custodisse,
2806 3559 2926 3627 quia
2978 3559 3266 3630 completio

1699 3641 2077 3695 mandatorum
2105 3643 2198 3697 Dei
2234 3660 2393 3700 causa
2437 3654 2517 3702 est
2548 3647 2710 3702 Deum
2756 3649 3092 3718 exquirendi.
3123 3651 3270 3718 Quo-

1696 3733 1837 3786 niam
1866 3749 1992 3803 ergo
2019 3737 2272 3805 exquisivi
2298 3749 2346 3791 te
2371 3740 2422 3792 in
2459 3749 2564 3793 toto
2591 3741 2746 3794 corde
2770 3723 2903 3803 meo,
2935 3757 3054 3804 oro,
3088 3743 3270 3797 Domi-

1696 3839 1796 3890 ne,
1834 3841 1895 3879 ne
1939 3827 2160 3896 repellas
2201 3845 2280 3882 me
2320 3848 2351 3882 α
2385 3831 2646 3884 mandatis
2679 3833 2814 3895 tuis,
2860 3833 2910 3886 id
2939 3846 3024 3890 est
3048 3837 3266 3890 subtra-

1695 3918 1871 3973 hendo
1903 3919 2089 3989 gratitc
2131 3930 2232 3974 tuac
2261 3922 2539 3976 auxilium.
2578 3923 2638 3976 Et
2688 3925 2848 3977 etiam
2889 3939 3006 3988 oro,
3031 3927 3155 3980 doce
3185 3943 3266 3980 me

1695 4024 1790 4084 per
1840 4007 2284 4066 illuminationcm
2331 4012 2518 4083 gratia:
2561 4000 2690 4080 tute,
2735 4030 2802 4068 ne
2839 4015 3120 4083 permittas
3176 4032 3263 4069 me

1698 4099 1882 4169 repelli
1919 4116 1950 4154 a
1999 4102 2243 4156 custodia
2297 4103 2671 4160 mandatorum
2723 4113 2954 4158 tuorum.
2997 4103 3145 4170 Quod
3179 4117 3266 4159 est

1696 4190 2086 4257 diccrczQuia,
2119 4191 2168 4244 in
2199 4201 2454 4260 quantum
2487 4193 2655 4262 potui,
2690 4194 2939 4247 mandata
2971 4201 3056 4248 tua
3085 4205 3262 4250 custo-

1695 4280 1906 4344 diendo,
1975 4291 2026 4335 te.
2064 4282 2355 4350 exquisivi,
2397 4298 2493 4336 oro
2539 4293 2595 4336 ut
2628 4283 2794 4352 magis
2845 4284 3120 4356 magisque
3175 4302 3262 4341 me

1696 4373 1946 4426 mandata
2001 4381 2087 4425 tua
2129 4373 2398 4426 custodire
2449 4372 2615 4427 facias
2647 4389 2741 4442 per
2773 4375 3028 4429 auxilium
3069 4378 3256 4446 gratize

30 4453 169 4520 facit,
201 4468 259 4512 ul
290 4476 390 4530 per
415 4464 516 4518 hoc
542 4464 736 4520 doceat,
766 4482 1016 4538 maguum
1046 4481 1164 4524 esse
1194 4485 1373 4524 mores
1413 4473 1588 4524 (τοι-τί-
1621 4466 1669 4526 D
1698 4471 1821 4516 ture.
1847 4461 1911 4515 Εῑ
1936 4461 2099 4515 etiam
2121 4476 2234 4526 oro,
2266 4462 2390 4516 doce
2424 4478 2526 4526 me,
2552 4477 2645 4532 per
2667 4461 3104 4522 illuminationem
3133 4484 3260 4539 gra-

29 4558 161 4612 gere,
210 4552 361 4618 quod
403 4552 521 4608 sine
566 4554 959 4613 deliberatione
1011 4560 1244 4614 maxima
1285 4559 1588 4616 faciendum

26 4648 118 4688 non
145 4648 247 4693 est.

88 4725 151 4781 In
191 4748 295 4800 quo
337 4737 551 4806 corrigit
579 4737 964 4794 adolescentior
994 4741 1130 4794 ciam
1167 4758 1337 4808 suam,
1365 4753 1450 4799 etc
1481 4760 1495 4807 ;
1526 4759 1591 4799 ac

23 4821 61 4873 si
82 4821 264 4881 dicat:
305 4827 566 4900 Superius
597 4833 705 4887 dixi
737 4834 925 4889 beatos
948 4849 1066 4890 esse
1091 4833 1302 4890 futuros
1335 4837 1592 4890 immacu-

23 4910 147 4968 latos
172 4917 228 4970 in
256 4919 342 4972 via
369 4922 457 4992 qui
488 4923 758 4978 ambulant
802 4925 854 4978 in
899 4925 1008 4997 lege
1042 4925 1280 4993 Domini,
1321 4931 1387 4982 ad
1427 4943 1588 4998 quam

21 5001 406 5065 beatitudinem
484 5027 588 5069 non
643 5016 955 5088 pertinget,
1014 5017 1103 5088 qui
1171 5019 1308 5072 male
1362 5020 1590 5074 vivendo

19 5105 228 5152 aeternae
265 5100 572 5159 confusioni
613 5107 882 5164 obnoxius
909 5121 1012 5174 est,
1055 5111 1154 5164 nisi
1185 5111 1442 5180 sategerit
1464 5126 1587 5164 cor-

21 5184 190 5253 νίὲυτε
229 5205 430 5251 mores.
464 5193 528 5250 In
558 5214 660 5266 quo
685 5215 838 5269 ergo,
868 5211 924 5253 ut
955 5201 1020 5255 ad
1051 5203 1432 5258 beatitudinem
1467 5218 1588 5272 per-

21 5273 204 5345 tiogat,
227 5291 285 5334 et
318 5283 690 5341 confusionem
723 5290 936 5355 evadat,
971 5292 1182 5361 corrigit
1209 5293 1588 5346 adolescentior

20 5364 144 5418 riam
174 5385 361 5436 suam,
393 5374 444 5429 itl
471 5387 552 5432 est
575 5377 913 5434 affectionem
949 5391 999 5436 et
1029 5384 1398 5451 operationem
1431 5399 1583 5438 suam

17 5467 114 5521 qua
142 5458 357 5516 incedit
383 5468 531 5532 quasi
561 5484 656 5538 per
687 5470 860 5524 viam?
891 5474 1042 5541 quasi
1074 5475 1315 5528 diceret:
1346 5475 1583 5541 Quicun-

16 5559 116 5612 que
148 5549 552 5608 adolescentior
590 5559 868 5628 hucusque
905 5563 1118 5615 exstitit
1155 5563 1293 5616 male
1325 5564 1579 5627 vivendo,

17 5635 60 5685 i.l
97 5647 181 5692 est
209 5641 552 5702 stultissimis
574 5657 628 5702 et
659 5650 887 5718 perditis
911 5653 1152 5706 moribus
1177 5670 1203 5704 a
1234 5655 1581 5707 similitudine

13 5730 473 5804 adolescentium,
510 5740 596 5808 qui
643 5749 860 5810 propter
907 5742 1157 5796 stolidum
1196 5743 1357 5814 472
1403 5746 1576 5798 artatis

1698 4553 1781 4607 tia:
1812 4561 1934 4615 tusc,
1955 4551 2366 4620 jttstiﬁcationes
2391 4560 2532 4614 tuas,
2563 4553 2612 4604 id
2635 4561 2716 4607 est
2739 4554 2870 4607 doce
2901 4570 2985 4608 me
3016 4558 3184 4625 magis
3208 4569 3263 4610 et

1695 4645 1867 4714 magis
1913 4651 2176 4712 praecepta
2221 4651 2306 4696 tua
2335 4683 2350 4708 ,
2389 4659 2508 4712 qua:
2532 4643 2643 4712 jam
2673 4658 2735 4698 ex
2767 4653 2920 4712 parte
2962 4661 3260 4714 cognosco;

1693 4743 1748 4788 et
1776 4735 1993 4804 dignum
2019 4742 2101 4787 est
2125 4742 2181 4787 ut
2212 4732 2339 4786 mihi
2365 4733 2534 4802 magis
2556 4734 2835 4805 magisque
2884 4736 3090 4792 revelcs
3121 4754 3251 4808 prte-

1693 4835 1845 4896 cepta
1869 4835 1976 4879 tua.
2002 4825 2132 4878 Nam
2157 4825 2269 4880 hare
2298 4825 2532 4895 qutcjam
2556 4826 2686 4880 mihi
2706 4826 2955 4882 revelain
2977 4844 3079 4884 non
3097 4831 3260 4886 stulte

1695 4920 1925 4990 indignis
1947 4920 2197 4989 dissipavi
2223 4921 2524 4990 spargendo
2550 4923 2867 4990 margaritas
2897 4935 3022 4980 ante
3045 4942 3258 4996 porcos.

1693 5011 1806 5065 sive
1851 5019 2095 5065 sanctum
2143 5010 2319 5065 dando
2358 5011 2583 5067 canibus
2627 5012 2842 5083 (Matth.
2897 5031 3007 5082 vn,
3036 5017 3114 5084 6),
3164 5021 3265 5076 sed,

1693 5103 1969 5168 abscondi,
2009 5104 2061 5157 id
2107 5113 2190 5157 est
2233 5103 2516 5172 diligenter
2539 5106 2826 5169 custodivi,
2855 5116 2905 5160 cl
2932 5109 2999 5162 ab
3026 5108 3258 5179 indignis

1691 5194 1945 5247 abscondi
1973 5192 2178 5263 eloquia
2214 5203 2324 5258 tua,
2365 5193 2414 5247 id
2443 5206 2527 5250 est
2566 5205 2830 5264 praecepta
2871 5204 2959 5249 tua
3004 5198 3059 5250 in
3098 5203 3255 5251 corde

1691 5299 1800 5334 meo
1824 5283 2250 5345 existentia,non
2276 5283 2326 5336 in
2350 5298 2445 5338 ore
2470 5288 2631 5337 stulte
2653 5284 2944 5352 propalata.
2971 5285 3251 5350 Abscondi,

1691 5372 1931 5441 inquam,
1964 5384 2017 5425 ut
2047 5389 2149 5426 non
2171 5390 2370 5442 peccem
2397 5376 2508 5438 tibi,
2531 5373 2855 5443 propalando
2879 5375 3109 5446 indignis
3137 5377 3251 5446 ip-a

1687 5463 1895 5532 eloquia
1951 5480 2109 5518 causa
2145 5465 2427 5534 cupislibct
2477 5465 2798 5519 adulationis
2849 5477 2937 5518 aut
2989 5467 3246 5530 avaritim,

1687 5556 1799 5610 sive
1828 5571 1922 5624 per
1971 5556 2284 5625 jactantiam
2334 5567 2424 5610 aut
2474 5557 2753 5620 incuriam,
2806 5557 3052 5612 omnibus
3102 5559 3241 5612 enim

1685 5647 1767 5701 his
1796 5650 1966 5703 modis
2006 5651 2056 5701 iu
2096 5633 2486 5718 promintiando
2514 5649 2723 5718 eloquia
2758 5649 2960 5704 Domini
3014 5651 3247 5718 indignis

1683 5751 1954 5812 peccatur.
2012 5741 2300 5807 dbscondi,
2346 5742 2594 5811 inquam,
2640 5740 2850 5810 eloquia
2899 5753 3005 5807 tua,
3055 5750 3108 5794 ut
3143 5755 3244 5794 non
