3978 6328
688 341 852 398 1263·

1287 338 1342 393 S.
1385 337 1731 397 BltUNONlS
1774 335 2416 393 CARTIIUSIANORUM
2443 334 2928 392 INSTITUTORIS
2969 335 3117 392 OPP.
3162 337 3336 395 PARS
3367 339 3400 394 l.
3731 355 3824 411 ηδι

686 465 888 523 peccem
919 447 1038 512 tibi;
1067 447 1167 500 hoc
1196 455 1374 501 autem
1403 450 1544 516 quod
1582 447 1913 503 abscondere
1939 445 2090 515 potui
2119 444 2248 498 mihi
2281 450 2326 506 Α
2358 445 2477 497 dam
2503 445 2750 514 superius
2794 445 2965 514 posita
2998 457 3288 516 ponuntur,
3327 451 3450 505 nihil
3479 453 3611 510 obest
3633 466 3822 528 quoniam

687 559 794 598 non
819 539 1066 604 ascribo,
1108 539 1202 593 sed
1250 539 1376 600 libi;
1430 540 1552 593 inde
1579 552 1810 606 namque
1859 536 2154 589 benedictus
2182 551 2259 600 es,

687 633 929 697 Domine,
963 631 1014 686 id
1046 639 1128 684 est
1155 631 1427 684 exaltatus
1456 641 1506 683 et
1537 629 1888 699 glorilieatus.

758 725 1022 794 Quoniam
1047 732 1221 778 autem
1247 739 1349 777 non
1373 721 1568 777 suliicit
1588 723 1653 776 ab
1679 720 1909 790 indignis
1931 720 2263 776 abscondere

687 819 902 889 eloquia
917 817 1149 882 Domini,
1167 817 1266 872 nisi
1283 816 1445 871 etiam
1467 815 1653 869 eadem
1677 813 1887 883 eloquia
1906 813 2117 868 Domini
2141 828 2263 882 pro-

686 909 1122 968 nuntienturillis
1149 909 1238 978 qui
1271 909 1335 961 ad
1359 907 1680 962 audiendum
1697 914 1822 959 sunt
1850 905 2047 970 idonei,
2071 919 2262 973 pecca-

688 1019 798 1063 tum
827 1007 968 1062 enim
992 1013 1073 1060 est
1097 1004 1270 1059 servis
1301 1002 1508 1056 Domini
1535 999 1738 1055 cibaria
1768 999 1945 1053 debita
1970 998 2260 1066 denegare,

685 1098 919 1155 ostendit
957 1109 1015 1150 se
1053 1102 1296 1164 paratum
1345 1092 1510 1146 fuisse
1549 1091 1614 1145 ad
1645 1087 2100 1161 pronuntiandum
2147 1086 2260 1156 ipsa

684 1199 952 1262 praecepta
983 1187 1194 1242 Domini
1224 1185 1453 1250 idoneis,
1495 1185 1642 1238 ntad
1671 1184 1772 1237 hoc
1815 1182 1956 1236 idem
2012 1178 2260 1248 exemplo

685 1297 784 1337 suo
821 1281 1054 1334 instruat
1109 1277 1404 1331 auditores.
1461 1274 1571 1328 Hoc
1607 1283 1786 1327 autem
1842 1273 1920 1326 sic
1952 1271 2112 1325 dicit:
2144 1269 2258 1324 Non

682 1372 854 1426 solum
884 1371 952 1425 ab
984 1370 1212 1439 indignis
1239 1368 1485 1421 abscondi
1514 1351 1717 1436 eloquia
1746 1375 1857 1428 tua,
1891 1363 2134 1428 Domine,
2167 1363 2259 1417 sed

683 1463 846 1516 etiam
878 1461 1022 1530 quod
1050 1460 1255 1530 justum
1285 1468 1370 1513 εει
1397 1459 1738 1530 pronuntiavi
1801 1456 2006 1510 idoneis
2053 1455 2259 1523 judicia

684 1554 788 1607 oris
811 1555 908 1616 tui,
931 1553 1215 1607 existentia
1239 1560 1425 1621 parata
1451 1552 1503 1603 in
1528 1550 1678 1603 labiis
1705 1553 1849 1612 meis,
1870 1548 2074 1603 scilicet
2102 1563 2262 1601 enun-

685 1645 809 1698 tiavi
835 1644 1124 1714 capacibus
1155 1652 1421 1712 praecepta
1475 1651 1585 1707 tua,
1628 1657 1746 1710 qua:
1781 1650 1832 1693 tu
1877 1641 2088 1709 judicas
2141 1655 2259 1694 esse

681 1734 1028 1804 complenda;
1055 1749 1173 1804 qum
1195 1748 1408 1801 semper
1424 1742 1609 1802 parata
1625 1739 1749 1784 sunt
1774 1732 1825 1783 iu
1851 1730 2006 1784 labiis
2031 1730 2184 1794 meis,
2202 1740 2259 1784 ut

678 1826 1106 1896 quotiescunque
1138 1826 1386 1878 idoneum
1417 1824 1520 1877 erit
1548 1837 1608 1876 ea
1645 1822 1938 1892 propalari,
1968 1821 2258 1889 propalcn-
2295 1803 2334 1855 Β

661 1927 788 1974 'tnr.
813 1919 880 1973 Et
901 1919 1038 1972 bene
1074 1917 1204 1978 dicit
1233 1959 1247 1983 ,
1266 1917 1470 1986 judicia
1499 1917 1603 1968 oris
1654 1914 1747 1969 Dei
1773 1956 1786 1980 ,
1837 1923 1895 1968 nt
1923 1916 2173 1970 ostendat
2201 1929 2258 1968 se

665 2011 877 2077 .judicia
933 2010 1019 2064 illa
1074 2009 1360 2080 prapalare
1413 2016 1664 2078 paratum
1724 2022 1884 2071 esse,
1945 2023 2064 2076 quae
2117 2009 2259 2062 Deus

679 2118 776 2158 ore
828 2101 1106 2156 revelavit.
1162 2101 1256 2154 γε]
1296 2099 1514 2170 proprio
1544 2113 1660 2164 ore,
1716 2099 1841 2152 dum
1878 2099 2097 2152 interra
2131 2113 2259 2152 con-

679 2202 1009 2259 versaretur,
1036 2192 1119 2248 vel
1155 2207 1251 2246 ore
1282 2191 1689 2261 pr0phetarum,
1735 2189 1818 2244 vel
1869 2189 2256 2257 apostolorum,

679 2285 793 2339 sive
822 2284 1184 2352 quorumlibet
1241 2283 1554 2346 doctorum,
1609 2281 1750 2348 quod
1791 2296 1854 2335 os
1899 2279 1992 2334 Dei
2034 2281 2254 2342 dicitur,

677 2372 840 2444 473
870 2387 934 2427 eo
965 2372 1105 2441 quod
1149 2387 1245 2440 per
1290 2371 1419 2424 illud
1460 2385 1522 2424 os
1559 2370 1792 2438 Spiritus
1828 2378 2048 2424 sanctus
2083 2369 2151 2421 sit
2184 2372 2260 2420 Io-

679 2473 854 2516 cutus.
884 2461 1021 2516 Sunt
1048 2461 1190 2515 enim
1214 2461 1458 2528 quardam
1492 2458 1700 2512 occulta
1731 2467 1785 2512 et
1814 2473 2010 2512 arcana
2051 2458 2140 2510 Dei
2169 2458 2248 2525 ju-

679 2557 842 2622 dicia,
879 2570 998 2625 quae
1027 2556 1168 2608 Deus
1198 2553 1396 2606 nemini
1433 2551 1670 2605 lidelinttt
1721 2551 1995 2612 revelavit,
2034 2550 2257 2618 ideoque

679 2649 779 2719 ipsi
830 2663 934 2703 non
979 2655 1206 2718 possunt
1234 2645 1354 2700 aliis
1399 2659 1461 2698 ea
1490 2643 1859 2712 pronuntiare.
1889 2641 2255 2709 l’rommsiuvi,

678 2742 920 2810 inquam,
946 2740 1195 2792 ntandata
1227 2747 1348 2803 tua;
1376 2747 1429 2792 et
1457 2737 1558 2790 hoc
1581 2751 1686 2788 non
1714 2735 1935 2798 invitus,
1969 2734 2060 2788 sed
2094 2735 2144 2786 in
2174 2735 2256 2786 via

675 2829 1043 2884 mandatorum
1076 2838 1306 2892 tuorum,
1335 2826 1541 2881 idoneis
1570 2824 1988 2894 pronuntianda,
2030 2823 2256 2876 delecta-

675 2933 758 2976 tus
787 2937 922 2988 sunt,
954 2921 1086 2974 sicut
1117 2921 1171 2973 in
1207 2919 1443 2972 ontnibus
1474 2918 1668 2971 divitiis
1704 2916 2072 2970 Stecularibus.
2105 2915 2256 2980 Quod

673 3023 756 3069 est
797 3012 976 3067 dicere
1027 3029 1040 3064 :
1101 3009 1252 3065 Sicut
1305 3010 1501 3080 aliquis
1555 3009 1857 3063 delectatur
1907 3007 1958 3058 in
2010 3005 2256 3059 habendo

673 3119 863 3160 omnes
889 3103 1108 3158 divitias
1135 3101 1447 3164 saeculares,
1478 3101 1550 3154 ita
1577 3113 1789 3169 quoque
1813 3097 2109 3152 delectatus
2135 3112 2253 3151 sum

673 3199 725 3252 in
758 3196 1128 3250 annuntiando
1159 3194 1278 3248 aliis
1311 3193 1639 3259 testimonia,
1686 3193 1736 3246 id
1775 3201 1859 3245 est
1887 3189 2135 3243 mandata
2164 3201 2252 3242 tua

671 3303 791 3358 qua:
820 3296 945 3341 sunt
984 3285 1070 3339 via
1102 3285 1168 3339 ad
1217 3285 1627 3346 beatitudinem,
1677 3282 1762 3336 vel
1808 3282 1885 3336 sic
1916 3295 2102 3335 versus
2157 3281 2255 3334 iste

672 3379 1044 3448 superioribus
1091 3376 1452 3447 coniungitur,
1499 3385 1556 3429 ιιι
1600 3385 1776 3429 tamen
1825 3374 2094 3427 sententia
2146 3389 2253 3428 non

673 3478 929 3524 mutetur.
966 3467 1079 3522 Dixi
1113 3484 1125 3521 :
1164 3467 1218 3520 In
1257 3467 1411 3520 corde
1443 3482 1552 3518 meo
1583 3464 1834 3536 exquisivi
1863 3472 1910 3517 te
1936 3462 2254 3532 complentlo

671 3570 937 3632 praecepta
967 3569 1074 3614 tua.
1107 3558 1237 3626 Quae
1281 3557 1533 3612 nimirum
1578 3571 1684 3610 non
1733 3555 1932 3609 invitus
1964 3553 2252 3623 complevi,

673 3657 767 3711 sed
801 3657 854 3708 in
879 3656 960 3708 via
989 3655 1401 3708 testimoniorum
1433 3663 1639 3706 tuorum
1683 3650 1945 3721 completa
1969 3649 2254 3705 delectatus

672 3748 944 3814 sum,sicut
963 3747 1261 3801 inomnibus
1273 3747 1465 3801 divitiis
1489 3745 1837 3801 srecularibus
1853 3745 2060 3813 adeptis
2086 3760 2253 3800 saecu-

673 3839 802 3894 laris
815 3839 898 3894 vir
910 3839 1348 3909 quilibetdelecta
1358 3847 1526 3893 retur.
1546 3838 1839 3893 Delectatus
1857 3854 1993 3902 sum,
2010 3838 2250 3907 inquam,

673 3930 726 3985 in
774 3929 1035 3985 exercitio
1081 3929 1453 3984 mandatorum
1499 3939 1734 3984 tuorum.
1782 3928 1934 3984 Unde
1979 3945 2086 3984 non
2125 3929 2254 3983 deli-

670 4023 845 4088 ciam;
875 4021 970 4076 sed
1003 4020 1179 4075 adhuc
1218 4020 1272 4074 in
1308 4020 1570 4074 mandatis
1606 4021 1709 4074 tuis
1743 4020 2077 4089 complendis
2104 4035 2254 4072 exer-

669 4115 840 4168 cebar:
865 4122 919 4169 et
943 4126 1002 4167 ut
1029 4112 1268 4182 plenarie
1289 4125 1547 4166 exercear
1571 4112 1815 4165 contuitu
1841 4113 2068 4166 rationis
2095 4125 2250 4177 mete,

669 4202 1006 4258 considerabo
1042 4202 1149 4256 vias
1176 4211 1316 4268 tuas,
1344 4202 1394 4256 id
1429 4211 1511 4256 εει
1541 4200 1844 4268 exemplum
1874 4201 2002 4254 mihi
2043 4217 2251 4255 sumam

668 4313 697 4348 a
729 4297 932 4350 sanctis
988 4293 1258 4358 Patribus,
1301 4310 1435 4364 quos
1475 4304 1528 4349 tu
1567 4293 1721 4348 nobis
1753 4293 2080 4368 proposuisti
2112 4294 2251 4359 vias,

668 4387 721 4441 id
765 4396 848 4442 est
885 4385 1164 4455 exemplar
1208 4386 1456 4441 mandata
1501 4396 1587 4441 tua
1633 4386 1901 4454 patrandi.
1935 4384 2249 4452 Exercebor,

2367 537 2466 590 alia
2498 537 2798 592 intentione
2817 540 3090 602 dicuntur,
3115 541 3408 597 intentione
3428 546 3648 603 videlicet
3665 557 3828 611 retribu-

2366 628 2555 694 tionis;
2590 629 2657 684 de
2687 644 2790 699 qua
2831 645 2960 685 vero
2989 633 3345 689 retributione
3377 646 3508 701 oret,
3534 639 3578 693 in
3612 641 3702 711 ipsa
3727 648 3828 704 clan-

2365 721 2475 776 snla
2501 730 2668 790 patet,
2701 737 2822 776 cum
2855 723 2932 776 sic
2961 723 3093 778 dicit
3120 741 3134 777 :

2435 813 2682 868 Relribue
2707 831 2851 868 servo
2879 824 2991 881 tuo,
3019 825 3125 870 etc.
3156 816 3292 872 Cum
3319 833 3518 875 servum
3541 823 3666 888 dicit,
3695 838 3736 881 et
3757 847 3832 886 me-

2365 907 2526 961 ritum
2557 918 2660 972 est,
2691 916 2746 960 et
2783 907 3067 975 prmtentio
3113 909 3460 975 humilitatis;
3500 928 3554 965 ac
3581 915 3617 968 si
3654 917 3829 972 diceret:

2363 997 2830 1068 Quandoquidem,
2881 999 3128 1064 Domine,
3166 999 3279 1067 jam
3320 1018 3488 1058 mores
3517 1021 3644 1059 meos
3665 1014 3830 1070 correxi,

2363 1096 2437 1153 et,
2470 1097 2530 1141 ut
2569 1088 2622 1142 in
2664 1088 2928 1158 superiori
2965 1088 3199 1144 clausula
3245 1091 3442 1145 dictum
3478 1089 3572 1158 est,
3611 1106 3651 1147 te
3687 1099 3727 1150 in
3763 1111 3834 1153 toto

2363 1181 2518 1234 corde
2543 1197 2655 1235 meo
2685 1181 2959 1251 exquisivi,
3003 1188 3054 1236 ει
3087 1182 3294 1252 eloquia
3325 1193 3413 1236 tua
3450 1185 3664 1239 abscondi
3692 1199 3728 1242 et
3756 1209 3835 1258 prc-

2364 1270 2618 1336 nttntiavi,
2652 1279 2705 1324 et
2735 1272 2789 1324 in
2834 1271 2917 1324 via
2966 1271 3382 1324 testimoniorum
3417 1284 3604 1326 tuorum
3630 1277 3835 1330 delectatus

2361 1379 2498 1427 sum,
2533 1363 2758 1417 retribue
2783 1378 2882 1433 pro
2917 1363 3000 1418 his
3020 1381 3164 1418 servo
3192 1375 3306 1431 tuo,
3330 1367 3379 1418 id
3405 1377 3501 1428 est,
3531 1353 3588 1420 da
3611 1367 3762 1436 justam
3781 1388 3835 1425 τεο

2365 1455 2712 1510 tributionem
2747 1455 2898 1522 mihi,
2954 1457 3039 1509 cui
3086 1457 3386 1511 retribuere
3428 1459 3597 1523 debes,
3636 1476 3729 1514 cum
3766 1463 3834 1515 sim

2363 1562 2552 1602 servus
2585 1557 2731 1613 tuus,
2763 1549 2816 1602 in
2849 1548 2997 1602 nullo
3027 1549 3304 1603 resultans
3329 1561 3380 1604 et
3408 1550 3456 1604 in
3483 1552 3694 1606 omnibus
3717 1554 3835 1608 humi-

2364 1639 2486 1693 liter
2529 1640 2804 1695 obedicns.
2838 1640 3178 1694 Determinat
3225 1652 3405 1694 autem
3451 1643 3512 1697 de
3554 1660 3641 1713 qua
3669 1647 3833 1699 retribu-

2365 1730 2509 1784 tione
2551 1740 2691 1796 oret,
2737 1747 2861 1786 cum
2891 1730 3039 1785 addit
3075 1749 3087 1783 :
3146 1729 3362 1801 Viviﬁca
3407 1750 3502 1796 me,
3542 1737 3710 1790 scilicet
3742 1739 3834 1791 hanc

2363 1821 2769 1874 retributionem
2801 1821 2930 1876 mihi
2961 1821 3128 1877 facias
3156 1831 3215 1876 ιιι
3253 1837 3336 1877 me
3378 1824 3613 1880 vitilices.
3642 1826 3729 1880 Non
3755 1829 3833 1879 idea

2361 1925 2480 1969 orat
2508 1914 2768 1968 viviticari
2793 1929 2850 1970 se
2880 1915 3022 1983 quod
3049 1925 3300 1970 mortuus
3326 1918 3415 1982 sit,
3441 1919 3526 1972 sed
3553 1935 3655 1973 cum
3676 1921 3757 1988 jam
3785 1923 3834 1971 vi-

2363 2004 2612 2058 vilicattts
2647 2005 2738 2070 sit,
2773 2005 3040 2061 intensius
3070 2007 3340 2062 vivilicari
3370 2010 3579 2080 expetit.
3607 2010 3745 2063 lnnuit
3774 2029 3834 2062 au-

2365 2107 2468 2149 tem
2502 2097 2566 2151 de
2615 2111 2719 2165 qua
2767 2097 3131 2153 vivificatione
3180 2111 3301 2154 oret
3345 2116 3438 2169 per
3493 2100 3719 2164 eﬂ‘ectum,
3751 2118 3832 2156 cum

2363 2187 2540 2238 snbdit
2580 2203 2591 2238 :
2625 2195 2679 2239 et
2710 2187 2811 2241 hoc
2851 2187 3010 2241 modo
3045 2205 3125 2242 me
3169 2190 3395 2257 vivi/ica,
3426 2201 3475 2242 ut
3504 2191 3748 2244 viviﬁcatns
3770 2210 3828 2244 τεε-

2361 2277 2586 2328 stodiam
2607 2293 2867 2330 sermones
2897 2286 3034 2343 tuos,
3063 2279 3269 2347 viui/ica
3303 2297 3402 2346 me,
3438 2281 3655 2335 videlicet
3679 2283 3834 2334 interius

2364 2367 2417 2422 in
2466 2369 2756 2425 virtutibus
2804 2370 3089 2437 intrnsitts,
3144 2383 3203 2425 ut
3249 2388 3344 2442 per
3393 2375 3488 2428 hoc
3531 2378 3730 2428 mandata
3771 2385 3826 2425 tua

2362 2460 2660 2514 custodiam
2695 2460 3024 2530 diligentius.
3061 2461 3177 2516 Non
3210 2463 3385 2516 solum
3412 2479 3504 2517 oro
3541 2473 3591 2516 ut
3612 2480 3679 2517 me
3697 2465 3735 2515 in
3757 2464 3832 2515 ani-

2362 2568 2446 2605 ma
2509 2551 2746 2606 \‘ivilices
2797 2556 2863 2606 ad
2911 2556 3330 2608 custodiendum
3389 2556 3615 2610 mandata
3655 2565 3737 2618 tua,
3771 2556 3830 2607 scil

2360 2645 2521 2699 etiam
2551 2661 2669 2712 oro,
2700 2649 2866 2700 revela
2894 2648 3073 2700 oculos
3109 2665 3249 2701 nteos
3285 2649 3573 2712 interiores,
3598 2649 3640 2700 itl
3665 2656 3724 2699 est
3747 2661 3830 2696 Ot‘tl-

2363 2735 2440 2790 los
2474 2737 2728 2800 rationis;
2764 2737 2918 2806 quasi
2951 2737 3156 2792 diceret
3191 2755 3203 2790 :
3242 2738 3374 2792 Cum
3406 2738 3510 2807 jam
3542 2736 3722 2791 rationis
3747 2748 3831 2786 mea

2360 2830 2545 2886 oculos
2596 2840 2812 2899 apertos
2854 2838 2907 2884 et
2947 2831 3218 2885 revelatus
3272 2831 3462 2896 fecisti,
3507 2827 3828 2885 removeudoer

2363 2921 2492 2991 ipsis
2523 2922 2872 2992 caliginosum
2909 2922 3147 2976 velamen
3183 2923 3516 2992 ignorantia),
3538 2918 3830 2992 qumso,magis

2358 3023 2412 3067 ει
2460 3015 2630 3084 magis
2686 3014 2864 3070 revela
2915 3029 3013 3084 per
3063 3015 3509 3070 illuminationem
3558 3015 3710 3085 gratia:
3745 3012 3830 3063 istos

2359 3105 2544 3159 oculos
2573 3120 2742 3168 meos,
2767 3107 3095 3176 amputando
3118 3106 3383 3177 quidquid
3409 3106 3680 3173 ignorantia:
3698 3110 3827 3162 restat;

2359 3197 2562 3250 dictant
2587 3207 2670 3250 est
2700 3212 2728 3250 a
2763 3197 3116 3252 similitudine
3143 3200 3446 3262 oculorum,
3470 3199 3571 3267 qui,
3598 3198 3716 3266 prius
3738 3193 3830 3245 vela—

2358 3291 2502 3345 mine
2533 3291 2780 3360 caliginis
2805 3290 2979 3360 operti
3007 3300 3062 3345 et
3093 3291 3394 3354 obscurati,
3426 3309 3450 3342 a
3478 3292 3656 3343 medico
3676 3299 3829 3355 peram-

2357 3384 2691 3452 putalionem
2727 3382 2896 3451 ipsius
2941 3381 3190 3450 caliginis
3237 3381 3456 3435 revelati
3489 3391 3538 3432 et
3582 3377 3830 3446 perspicue:

2357 3475 2680 3529 elliciuntur.
2725 3473 2931 3538 Revela,
2977 3474 3218 3542 inquam,
3268 3473 3442 3526 oculos
3480 3487 3621 3533 meos,
3648 3478 3685 3521 et
3717 3464 3830 3520 oculis

2358 3567 2609 3622 revelatis
2634 3565 2971 3620 considerabo
2998 3566 3243 3636 qtn'edam
3262 3565 3531 3619 mirabilia
3569 3564 3623 3614 de
3657 3560 3738 3627 lege
3757 3569 3828 3612 (ita.

2358 3672 2492 3712 nova
2521 3665 2575 3711 ει
2598 3665 2805 3719 vetera,
2841 3655 2929 3710 illa
2965 3655 3220 3710 videlicet
3245 3656 3467 3727 mystica
3498 3663 3546 3707 et
3573 3663 3731 3704 arcana
3755 3659 3830 3714 qur.

2357 3735 2670 3818 in'utraqne
2700 3748 2815 3819 lege
2846 3759 2932 3801 tua
2963 3748 3342 3814 continentur;
3387 3756 3440 3802 et
3478 3753 3668 3816 propter
3697 3740 3829 3794 obscu-

2357 3845 2570 3898 ritatem
2599 3843 2680 3898 sui
2712 3851 2837 3898 sunt
2881 3857 2986 3896 non
3027 3841 3454 3912 intelligentibus
3484 3834 3728 3896 mirabilia,
3749 3844 3829 3882 con-

2354 3935 2613 3999 siderabo,
2648 3934 2697 3988 id
2727 3931 2992 4004 εειάῚά,
3020 3932 3310 4002 diligenter
3337 3931 3610 4000 intelligam
3646 3935 3689 3978 et
3708 3921 3828 3974 anim-

2357 4027 2659 4082 advertam.
2709 4025 2860 4091 Quod
2900 4024 3114 4094 quidem
3162 4023 3345 4078 facere
3392 4038 3492 4077 non
3529 4007 3828 4088 possem."iSi

2353 4120 2537 4175 oculos
2568 4118 2834 4174 revelatos
2860 4117 3140 4172 haberem.
3173 4115 3305 4170 Dico
3329 4113 3512 4177 revela,
3533 4107 3652 4179 quod
3675 4105 3826 4171 dignum

2354 4220 2457 4275 est,
2492 4225 2599 4264 non
2632 4210 2774 4265 enim
2808 4208 2982 4264 civem
3015 4207 3174 4276 hujus
3221 4207 3404 4262 mundi
3438 4219 3518 4260 me
3548 4199 3747 4260 exhibeo,
3767 4189 3827 4243 sed

2354 4303 2524 4358 incola
2561 4317 2652 4372 ego
2696 4319 2810 4356 sum
2855 4301 2908 4354 in
2951 4291 3074 4355 hac.
3099 4311 3262 4368 terra,
3296 4299 3496 4355 scilicet
3538 4297 3584 4351 in
3624 4294 3703 4346 hac
3733 4294 3828 4339 tem

2353 4410 2679 4452 conversans
2709 4403 2898 4464 reputo
2925 4408 3012 4448 me
3049 4391 3278 4448 incolam
3323 4401 3376 4448 et
3415 4386 3726 4461 peregrinum,
3753 4385 3827 4428 ten-

669 4477 908 4545 inquam,
938 4477 990 4530 in
1016 4477 1279 4531 mandatis
1309 4477 1430 4538 tuis,
1474 4486 1527 4531 ει
1571 4491 1674 4530 non
1714 4485 1999 4557 temere.et
2040 4476 2240 4546 imprae-

2282 4495 2326 4554 D
2354 4491 2486 4546 dens
2521 4489 2667 4545 omni
2701 4487 2984 4542 affectione
3010 4488 3076 4541 ad
3107 4485 3440 4542 Hierusalem
3467 4481 3702 4537 emlestem
3723 4465 3825 4533 603'“

669 4568 954 4634 meditate;
985 4569 1078 4625 sed
1110 4569 1163 4623 in
1183 4568 1651 4638 jttstiﬁcationibus
1676 4568 1799 4632 tuis,
1824 4567 1875 4621 id
1899 4567 2058 4620 estin
2085 4583 2243 4622 exer-

671 4656 797 4710 citio
819 4658 1260 4726 justiﬁeationum
1289 4668 1521 4725 tuarum,
1545 4658 1852 4721 meditabor,
1874 4657 2102 4723 scilicet,
2124 4675 2243 4712 cum

672 4760 876 4798 summa
916 4749 1262 4804 meditatione
1291 4758 1344 4804 ει
1376 4752 1584 4804 ratione
1615 4749 1908 4803 exercebar
1945 4748 1996 4802 in
2027 4749 2247 4802 manda-

673 4838 741 4890 tis
773 4837 1000 4891 Domini.
1044 4839 1211 4894 Aliter
1247 4843 1389 4895 enim
1437 4841 1824 4897 infructuosum
1866 4853 2030 4906 esset,
2077 4852 2132 4896 et
2167 4843 2244 4896 sic

671 4927 960 4980 meditabor
983 4929 1122 4996 quod
1145 4946 1246 4984 non
1271 4931 1545 4986 obliviscar
1569 4933 1677 4987 ullo
1703 4942 1942 5004 tempore
1965 4935 2088 4988 vita:
2113 4949 2245 4988 mea:

671 5033 928 5071 sermones
971 5027 1105 5082 tuos,
1148 5019 1200 5073 id
1242 5031 1323 5074 εει
1359 5031 1623 5093 ριτεεεριει
1670 5031 1778 5088 tua,
1821 5025 1914 5079 sed
1948 5027 2156 5081 habebo
2192 5029 2242 5079 in

671 5116 872 5161 teterna
903 5111 1180 5163 memoria.
1229 5128 1246 5160 ι
1292 5111 1390 5176 Qui
1435 5115 1576 5166 enim
1618 5117 2044 5184 perseveraverit
2076 5132 2245 5185 usque

672 5199 724 5252 in
753 5201 934 5266 tinem,
963 5202 1049 5255 hic
1078 5201 1256 5256 salvus
1277 5202 1383 5256 erit
1410 5203 1621 5272 (ΜιιὶιΙι.
1655 5223 1708 5271 x,
1737 5207 1882 5270 22).)

740 5291 971 5358 Gutum,
998 5296 1267 5347 retributio
1294 5295 1701 5362 interpretatur.
1735 5297 1833 5349 Per
1855 5298 2066 5354 Gllitltt:l
2093 5313 2240 5370 ergo,

669 5398 790 5452 quae
813 5386 1058 5440 versibus
1103 5388 1274 5440 tertiae
1322 5386 1574 5441 clausulae
1622 5387 1953 5453 inscribitur,
2007 5391 2242 5446 ﬁdelium

668 5477 1036 5533 collectionem
1095 5479 1160 5533 de
1218 5479 1570 5534 retributione
1629 5479 1715 5531 hic
1769 5493 1927 5534 orare
1979 5482 2242 5545 innititur,

669 5570 1055 5642 praetendendo
1085 5569 1274 5623 merita
1310 5585 1437 5634 sua;
1469 5571 1610 5639 quod
1646 5568 1766 5622 idet-
1794 5569 1921 5622 facit
1952 5581 2010 5622 ut
2040 5573 2244 5625 audito-

670 5681 755 5718 res
781 5663 1030 5726 instruat,
1055 5678 1174 5716 cum
1199 5664 1264 5715 ad
1292 5678 1500 5718 morum
1525 5664 1914 5718 correctionem
1940 5665 2240 5731 pertigerit,

671 5756 735 5809 de
766 5756 865 5810 hac
893 5755 1076 5811 eadem
1105 5753 1458 5810 retributione
1481 5773 1656 5813 orare.
1693 5759 1746 5812 Si
1776 5765 1953 5810 autem
1986 5757 2068 5808 hic
2099 5773 2241 5825 qua)-

2351 4582 2485 4636 civis
2510 4595 2650 4634 sum.
2687 4577 2839 4633 Unde
2861 4577 3152 4646 Apostolus
3181 4591 3196 4630 :
3226 4595 3244 4628 ι
3273 4575 3390 4630 Non
3420 4574 3650 4628 habemus
3669 4563 3734 4617 hic
3753 4570 3827 4609 ma-

2348 4684 2564 4728 nentem
2616 4671 2912 4734 civitatem,
2960 4669 3053 4724 sed
3097 4667 3336 4722 futuram
3380 4663 3664 4734 inquirimus
3693 4647 3821 4722 ("fl"-

2347 4781 2468 4829 Mil,
2502 4763 2611 4834 M).
2649 4782 2666 4814 ι
2703 4762 2769 4815 Ει
2799 4761 2925 4830 quia
2954 4759 3126 4813 incola
3151 4774 3288 4824 sum,
3323 4774 3422 4812 non
3446 4748 3692 4808 abscondat
3712 4758 3734 4791 α
3757 4750 3822 4834 an.

2349 4856 2400 4909 id
2454 4863 2535 4907 est
2573 4831 2608 4906 ia
2661 4867 2779 4906 meo
2828 4851 3124 4914 intellectu,
3179 4849 3430 4901 mandata
3471 4853 3553 4896 tua
3593 4839 3753 4892 secreta
3789 4831 3823 4914 tl

2347 4946 2593 5017 mystica,
2621 4945 2712 4999 sed
2735 4959 2796 4997 ea
2828 4943 2958 4997 mihi
2985 4939 3294 4996 manifesta.
3328 4938 3434 4993 [loc
3457 4944 3616 4989 autent
3636 4912 3821 5017 thltitNT-l'

2347 5036 2518 5089 lenter
2537 5035 2786 5104 superius
2807 5034 3009 5102 posuit,
3034 5031 3123 5086 ubi
3148 5031 3281 5085 dixit
3307 5048 3318 5083 :
3347 5025 3522 5082 Revela
3546 5015 3691 5075 oculos
3704 5019 3820 5104 uti”:

2346 5126 2440 5180 sed
2467 5126 2659 5195 repetit.
2685 5101 3090 5192 ideoiqttoniam
3124 5126 3441 5189 apposuerat
3466 5110 3678 5168 meritum
3704 5101 3818 5162 imlw‘

2347 5194 2541 5277 lrantli,
2574 5214 2782 5268 scilicet
2811 5211 2980 5265 incola
3007 5228 3098 5280 ego
3141 5227 3253 5262 sum
3293 5211 3345 5261 in
3375 5219 3522 5263 terra,
3547 5196 3668 5251 addit
3690 5194 3815 5283 autem

2348 5305 2618 5368 meritum,
2660 5318 2830 5371 quare
2872 5301 3122 5370 impetret
3150 5315 3178 5352 a
3221 5298 3444 5352 Domino
3473 5281 3813 5344 viviiicarhSiC:

2356 5396 2568 5464 Vibi/ica
2594 5413 2694 5458 me,
2719 5411 2836 5458 oro,
2865 5396 2928 5446 ad
2961 5393 3063 5447 hoc
3092 5401 3149 5444 ιιι
3179 5389 3461 5444 custodiam
3490 5375 3814 5463 sermonesttwso

2346 5489 2408 5542 Ει
2446 5489 2662 5557 dignum
2704 5485 2918 5555 quidem
2969 5492 3072 5537 est.
3115 5481 3374 5549 Quoniam
3413 5471 3665 5557 cont'ttl’im
3691 5466 3812 5557 MT:

2347 5537 2408 5542 "‘
2451 5537 2531 5557 “’0
2720 5537 2736 5555 ι
2784 5537 2792 5539 ~
3126 5537 3160 5549 ,ν
3567 5537 3570 5538 ν
3803 5537 3809 5540 _

2347 5591 2458 5627 mea
2523 5574 2819 5624 desiderare
2868 5570 3276 5638 jttsti/icalioncs
3329 5576 3462 5626 tuas,
3522 5555 3569 5611 id
3615 5557 3680 5605 est
3717 5537 3810 5592 volnt

2347 5666 2616 5733 complere
2647 5673 2907 5732 praecepta
2950 5671 3036 5716 tua
3077 5679 3199 5717 cum
3232 5657 3510 5719 desiderio;
3541 5660 3585 5705 ει
3627 5644 3808 5733 ¹¹³’⁴ἶ.Ἶ⁰“

2346 5759 2410 5812 ad
2451 5759 2659 5820 horam,
2701 5756 2794 5808 sed
2840 5755 2892 5806 in
2932 5755 3071 5808 omni
3107 5765 3330 5821 tenuiore
3375 5749 3486 5804 vita:
3531 5752 3656 5796 mete.
3697 5726 3810 5790 81³1⁸⁵
