3978 6328
145 285 251 342 ιεοδ

131 401 306 474 quidem
335 406 411 452 est
435 397 760 463 desiderare,
798 415 957 469 quam
985 403 1392 470 concupiscere.
1427 404 1652 459 Deside-
1685 425 1727 476 Α

127 496 235 548 rium
263 491 391 545 enim
418 489 628 560 pr0prie
654 489 886 548 dicimus
917 494 1136 548 nimiam
1166 495 1521 550 voluntatem.
1546 497 1651 567 Ap-

129 586 245 656 ponit
266 598 464 652 quoque
493 582 715 651 periculi
762 585 1164 648 necessitatem,
1201 603 1372 656 quare
1399 603 1655 644 necessa-

130 678 238 730 riqu
258 675 318 728 sit
340 689 456 728 eum
485 673 550 727 de
579 674 943 730 vivitieatione
975 691 1154 742 orare,
1187 677 1266 732 sic
1295 695 1307 730 :
1343 675 1450 732 Oro
1481 686 1540 733 ut
1565 693 1653 732 me

127 767 339 828 virititcs,
369 773 420 819 et
447 780 667 820 necesse
695 775 776 821 cst
810 767 912 822 hoc
943 783 1028 822 me
1065 785 1243 835 orare,
1279 783 1346 823 ne
1369 769 1410 824 si
1443 785 1548 824 non
1573 770 1653 823 vi-

129 863 327 914 tilieatus
372 858 519 913 luero
567 868 622 913 et
671 876 950 915 sermones
1002 871 1122 916 tuos
1167 878 1274 918 non
1320 864 1648 928 custodiero,

127 955 324 1015 damner,
352 950 414 1005 ad
437 951 844 1008 similitudinem
871 955 1226 1022 superborum
1254 955 1649 1025 primitivorum

124 1056 164 1098 et
187 1052 498 1108 ceterorum,
535 1058 564 1096 a
604 1043 876 1100 mandatis
913 1047 1018 1101 tuis
1047 1047 1205 1102 modo
1232 1047 1648 1116 deelinantium,

124 1138 190 1204 qui
221 1152 245 1189 a
271 1145 316 1189 te
337 1135 477 1206 juste
505 1136 916 1193 maledicentur.

175 1229 435 1298 lncrepasti
466 1231 611 1284 enim
649 1231 775 1285 olim
817 1234 1084 1302 superbos,
1120 1235 1426 1305 primitivos
1457 1238 1648 1305 Adam,

123 1323 289 1376 scilicet
327 1332 380 1376 et
429 1322 617 1388 Evam,
651 1338 717 1378 eo
750 1324 894 1393 quod
938 1326 1314 1394 superbientes
1359 1338 1547 1383 contra
1599 1339 1652 1384 te

123 1429 353 1469 sermones
381 1425 496 1470 tuos
525 1431 632 1470 non
682 1417 1079 1474 custodierunt.
1111 1419 1404 1488 Increpasti
1433 1423 1651 1492 quidem

122 1523 191 1560 eos
219 1520 303 1576 per
329 1506 525 1574 justam
569 1508 992 1577 damnationem,
1029 1527 1149 1567 eum
1179 1529 1273 1569 eos
1308 1514 1376 1570 de
1402 1517 1652 1584 paradiso

122 1597 347 1667 expulisti,
377 1609 432 1652 et
461 1599 719 1654 mortales
746 1616 811 1656 ac
843 1602 1128 1671 passibiles
1152 1603 1350 1659 fecisti.
1380 1605 1498 1660 Non
1533 1616 1653 1662 tan-

124 1690 346 1744 tummodo
387 1705 512 1744 vero
558 1693 805 1760 superbos
849 1693 968 1750 illos
1007 1695 1310 1766 increpasli,
1357 1698 1450 1752 sed
1489 1699 1650 1752 etiam

1012 281 1375 344 EXI’OSITIO
1418 288 1485 342 IN
1530 289 1867 347 PSALMOS.
1892 290 2156 349 —~PSAL.
2197 295 2421 354 CXVIII.

3192 315 3334 388 {rese
3387 331 3390 336 -

1759 407 1883 461 data
1935 408 2228 478 perﬁciam.
2277 411 2429 478 Quod
2459 424 2540 469 est
2581 417 2803 474 dicere:
2849 423 2927 476 Ad
2969 425 3070 479 hoc
3110 427 3253 480 nitor
3280 439 3334 483 ct

1754 497 2103 554 meditatione
2132 509 2185 556 et
2222 503 2449 557 consilio
2485 514 2543 558 ut
2577 520 2842 581 prmeepta
2881 523 2970 567 tua
3009 516 3328 586 compleant.

1751 589 1982 659 Ideoque
2009 593 2200 664 dignus
2231 610 2348 648 sum
2377 596 2768 665 viviticatione;
2800 604 2966 671 majus
3006 608 3220 676 quidem
3250 619 3334 664 est

1755 682 2050 748 consiliari,
2077 701 2237 754 quam
2266 687 2587 757 simpliciter
2611 692 2881 748 meditari.
2924 695 3047 750 Sive
3075 698 3332 767 principes

1755 774 1881 829 dicit
1911 777 2236 848 principales
2267 781 2572 848 hmreticos,
2608 786 2697 854 qui
2736 786 2918 840 fideles
2955 789 3218 845 devocare
3252 793 3336 844 ni-

1756 869 1944 916 tuntur
1967 867 2276 923 omnimodo
2303 885 2330 921 a
2356 873 2630 939 proposito
2654 876 2958 931 sanctitatis
2977 893 3186 932 eorum.
3213 881 3335 936 Ροε-

1755 965 1880 1009 sunt
1908 965 2086 1011 autem
2118 958 2170 1012 bi
2194 957 2300 1013 duo
2333 975 2518 1017 versus
2551 966 2823 1021 novissimi
2854 970 3012 1024 aliter
3042 973 3336 1040 superiori-

1753 1044 1854 1100 bus
1885 1045 2159 1118 conjungi,
2195 1058 2252 1104 ut
2281 1053 2549 1107 sententia
2590 1070 2693 1109 non
2729 1067 2988 1126 mutetur,
3027 1063 3104 1116 sic
3139 1079 3152 1115 :
3209 1063 3336 1118 Dico

1754 1138 1906 1206 aufer
1938 1157 1970 1192 a
2004 1157 2082 1194 me
2103 1143 2438 1211 opprobrium
2471 1158 2517 1199 et
2558 1159 2926 1220 contemptum.
2959 1153 3025 1206 Et
3055 1155 3173 1210 ideo
3214 1171 3334 1222 oro,

1754 1229 1876 1297 quia
1905 1233 2178 1300 percando
2205 1236 2550 1304 opprobrium
2573 1249 2626 1294 et
2651 1251 3018 1313 contemptum
3059 1248 3336 1302 incurrere

1755 1330 1957 1376 metuo.
1989 1323 2054 1377 Et
2077 1340 2204 1379 cccc
2229 1343 2397 1396 quare
2422 1334 2763 1387 metuendum
2790 1346 2898 1390 est:
2923 1339 3110 1391 ctenim
3141 1341 3332 1407 princi-

1753 1428 1839 1479 pes
1875 1415 2196 1478 terreni,vel
2219 1419 2481 1485 haeretici,
2513 1437 2618 1476 non
2649 1425 2808 1479 modo
2837 1427 3026 1482 sedere
3049 1428 3333 1498 incipiunt,

1755 1501 1848 1555 sed
1892 1501 2006 1572 jam
2053 1505 2140 1559 diu
2192 1508 2458 1576 sederunt,
2501 1521 2629 1574 etc.,
2667 1522 2720 1567 et
2754 1513 2874 1569 ideo
2905 1515 3124 1586 dignum
3158 1526 3241 1572 est
3279 1527 3338 1570 ut

1755 1591 1971 1650 auferas
2001 1612 2030 1649 ιι
2063 1614 2142 1651 me
2173 1598 2507 1668 opprobrium
2538 1611 2586 1655 ει
2623 1614 2990 1676 contemptum,
3024 1625 3145 1662 nam
3185 1620 3231 1662 et
3259 1618 3336 1662 tc-

1754 1687 2000 1741 slimouia
2031 1698 2146 1754 tua,
2173 1701 2278 1746 etc.

121 1779 336 1832 maledicti
371 1787 495 1834 sunt
526 1780 620 1835 liie
657 1795 686 1834 a
721 1790 790 1846 te,
823 1797 922 1852 per
950 1782 1156 1851 justam
1198 1789 1648 1856 exsecrationem,

1829 1777 2067 1847 DALETII,
2112 1782 2271 1836 timor
2311 1783 2718 1857 interpretatur.
2771 1788 2922 1844 Unde
2963 1805 3059 1858 per
3104 1791 3294 1848 Daleth
3320 1835 3334 1859 ,

121 1879 159 1922 et
183 1871 224 1923 in
248 1869 412 1925 futuro
453 1872 729 1927 maledicti
758 1881 919 1928 erunt
944 1889 1038 1944 per
1062 1885 1319 1950 :eternam
1351 1877 1654 1934 damnatio-

122 1978 212 2015 nem
237 1961 301 2016 illi
326 1977 510 2018 ornues
539 1964 631 2034 qui
654 1973 1067 2032 perseveranter
1087 1966 1353 2022 declinant
1376 1986 1406 2021 a
1433 1971 1654 2023 manda-

122 2051 287 2117 tisluis,
317 2053 516 2107 scilicet
555 2056 644 2123 qui
680 2054 995 2111 recedentes
1030 2070 1059 2108 τι
1091 2056 1422 2114 sublimitate
1452 2075 1654 2128 praece-

122 2151 289 2210 ptorum
318 2151 520 2197 tuorum
553 2142 826 2198 declinant
851 2145 917 2198 ad
943 2145 1081 2199 mala
1106 2161 1290 2216 opera,
1323 2163 1442 2216 qua:
1468 2148 1650 2203 intima

122 2243 228 2287 sunt.
269 2234 338 2288 Ne
373 2251 497 2306 ergo
543 2252 670 2291 cum
695 2237 775 2292 eis
815 2252 915 2307 ego
955 2237 1204 2308 increper
1242 2248 1294 2294 et
1335 2241 1660 2308 maledicar,

119 2326 233 2393 aufer
254 2344 280 2379 a
310 2343 400 2390 me,
425 2343 520 2397 per
567 2328 956 2385 immissionem
999 2331 1207 2400 gratim,
1239 2331 1569 2400 approbrium
1602 2344 1648 2387 et

120 2423 430 2488 contemptum,
462 2421 674 2476 scilicet
711 2431 764 2476 et
796 2423 1057 2492 majorem
1092 2423 1369 2478 infamiam
1399 2434 1454 2479 et
1479 2425 1650 2478 miuo-

121 2522 225 2572 rem;
248 2510 372 2578 quod
403 2519 483 2564 est
528 2511 756 2566 dicere:
803 2511 881 2566 Ne
922 2527 1008 2568 me
1053 2515 1340 2582 permittas
1380 2514 1487 2567 tale
1523 2515 1650 2583 quid

120 2614 320 2668 maguum
351 2618 529 2672 agere.
568 2618 665 2670 pro
693 2619 798 2672 qua
826 2620 882 2658 re
908 2605 986 2659 sic
1023 2605 1144 2658 vilis
1171 2604 1294 2660 tiam
1326 2615 1380 2658 et
1410 2605 1648 2671 infamis,

119 2700 158 2742 ut
191 2693 290 2746 aliis
331 2694 580 2750 ﬁdelibus
612 2695 735 2750 inde
777 2697 1125 2764 Opprobrium
1169 2697 1292 2751 sim.
1329 2695 1439 2751 Nec
1459 2697 1646 2762 etiam,

116 2785 224 2850 quod
265 2787 427 2842 minus
461 2796 570 2850 est,
606 2788 893 2856 permittas
945 2803 1030 2843 tne
1081 2787 1186 2842 tale
1233 2788 1362 2857 quid
1413 2789 1646 2856 operari,

119 2874 221 2928 unde
249 2885 296 2928 et
332 2878 370 2930 si
409 2894 511 2931 non
551 2878 652 2930 sim
681 2877 1052 2947 opprobrium,
1083 2887 1258 2933 tamen
1287 2887 1643 2932 contemnar:

115 2967 248 3036 majus
269 2971 397 3024 enim
428 2980 510 3025 est
546 2971 892 3041 opprobrium
917 2986 1038 3026 esse
1065 2985 1226 3040 quam
1257 2969 1554 3025 contemni.
1583 2970 1652 3024 Et

117 3055 206 3109 ideo
230 3059 363 3128 aufer
391 3079 420 3114 a
447 3077 528 3114 me
558 3061 892 3130 opprobrium
923 3071 970 3114 et
1007 3071 1373 3131 contemptum,
1421 3061 1545 3132 quia
1577 3071 1650 3116 te-

119 3147 310 3202 stimonia
338 3160 423 3203 tua
452 3150 733 3221 exquisivi,
773 3151 822 3205 id
855 3160 933 3206 est
959 3167 1026 3205 ex
1055 3151 1308 3206 omnibus
1336 3149 1457 3205 aliis
1489 3150 1648 3204 rebus

120 3237 396 3295 solummodo
426 3244 683 3296 mandata
718 3253 805 3295 tua
849 3241 1006 3311 elegi,
1050 3251 1104 3296 et
1151 3252 1259 3296 tota
1301 3243 1482 3297 cordis
1522 3241 1651 3296 alle-

119 3329 254 3386 rtioue
293 3335 524 3402 quiesivi.
579 3335 739 3388 Aliud
797 3343 974 3389 autem
1025 3335 1326 3404 periculum
1377 3334 1646 3404 adjungil,

119 3437 247 3486 quare
275 3428 635 3480 necessarium
663 3425 733 3480 sit
762 3442 923 3482 orare
956 3435 1013 3480 ut
1038 3427 1342 3482 vivifieetur
1373 3427 1439 3481 ad
1467 3437 1652 3482 custo-

118 3513 317 3572 diendum
339 3535 617 3575 sermones
640 3519 965 3582 Domini,sic
994 3538 1006 3574 :
1036 3520 1269 3575 Necesse
1298 3521 1514 3589 quidem
1543 3529 1648 3584 est,

119 3604 310 3676 Domine,
339 3627 490 3668 orare
514 3627 606 3666 me
640 3621 697 3664 ut
727 3610 990 3675 viviﬁcer,
1023 3621 1073 3667 et
1106 3612 1185 3666 sie
1215 3611 1513 3666 custodiam
1542 3626 1650 3666 ser-

121 3713 264 3754 mones
293 3712 424 3769 tuos,
464 3719 531 3758 ne
584 3703 653 3756 ab
693 3703 822 3772 ipsis
861 3701 1127 3756 deﬁciam.
1177 3702 1379 3756 Etenim
1409 3703 1646 3772 perversi

117 3790 318 3861 principes
352 3796 548 3849 terreni
579 3795 826 3848 sederunt
855 3803 902 3849 et
929 3795 1203 3847 adversum
1242 3813 1320 3848 me
1361 3795 1642 3864 loqueban-

119 3890 190 3942 lur,
219 3894 264 3938 et
304 3889 473 3944 adhuc
517 3889 836 3957 loquuntur,
884 3888 936 3942 id
978 3897 1059 3942 est
1096 3888 1333 3942 sedendo
1362 3890 1646 3943 adversum

117 3988 177 4026 me
200 3977 341 4033 loculi
375 3991 519 4045 sunt,
564 3980 814 4042 scilicet,’
840 3998 962 4036 cum
996 3997 1143 4034 mora
1187 3991 1240 4035 et
1269 3983 1445 4036 studio
1483 3982 1645 4036 locuti

116 4077 208 4121 sunt
235 4071 324 4126 tale
348 4074 476 4143 quid
501 4074 651 4144 quod
679 4082 823 4128 esset
854 4073 1189 4128 contrarium
1217 4073 1372 4137 mibi,
1403 4074 1648 4129 videlicet

115 4168 154 4210 ut
171 4175 248 4227 per
271 4167 434 4224 minas
464 4176 521 4222 et
552 4165 844 4220 blanditias
877 4181 1004 4220 suas
1031 4165 1357 4220 devocareut
1387 4181 1470 4220 me
1499 4180 1527 4217 a
1555 4181 1647 4218 cu-

115 4251 245 4307 stodia
271 4259 642 4313 mandatorum
687 4265 924 4318 tuorum,
952 4256 1044 4324 qui
1085 4255 1335 4309 videlicet
1379 4255 1647 4324 principes

115 4345 332 4403 terribiles
354 4360 503 4426 sunt,
531 4367 599 4406 co
626 4349 769 4420 quod
805 4349 1099 4420 potentiam
1135 4349 1368 4403 habeant
1399 4349 1643 4418 cogendi.

1676 3112 1723 3174 C

1754 1882 1876 1936 qua:
1906 1869 1958 1923 in
1987 1870 2253 1942 principio
2285 1890 2536 1930 versuum
2571 1879 2731 1949 hujus
2757 1878 3009 1935 clausula:
3036 1881 3206 1951 posita
3231 1892 3335 1948 est,

1754 1958 1916 2012 datur
1953 1960 2177 2032 intelligi
2225 1966 2347 2033 quia
2400 1966 2453 2020 in
2504 1967 2606 2023 hac
2643 1969 2882 2024 clausula
2931 1980 3054 2026 orat
3103 1973 3336 2034 ﬁdelium

1753 2048 2000 2106 collectio
2029 2052 2311 2121 viviticari,
2341 2066 2396 2111 ut
2423 2058 2476 2112 in
2507 2060 2773 2128 superiori
2803 2061 3042 2116 clausula
3068 2102 3082 2127 ,
3109 2065 3206 2118 sed
3231 2063 3336 2118 alia

1753 2157 1916 2197 causa
1941 2183 1955 2208 ,
1985 2145 2194 2202 scilicet
2231 2150 2469 2203 contuitu
2513 2153 2721 2208 timoris
2765 2156 2989 2224 periculi
3021 2154 3134 2224 jam
3167 2157 3339 2212 evasi.

1753 2231 1930 2288 'l'imet
1979 2236 2122 2290 enim
2170 2239 2481 2294 mortiﬁcari
2533 2242 2584 2294 in
2641 2243 2818 2297 anima
2852 2285 2866 2309 ,
2918 2254 2976 2298 ut
3034 2244 3147 2314 jam
3197 2261 3341 2300 mor-

1754 2324 1956 2380 tiﬁcata
1989 2326 2122 2392 fuit,
2155 2329 2281 2382 dum
2328 2331 2445 2400 ejus
2481 2334 2658 2385 anima
2693 2335 2986 2401 pavimento
3033 2335 3255 2390 adhaesit
3286 2345 3341 2392 et

1752 2416 1878 2470 dum
1902 2420 2230 2474 dormitavit.
2256 2420 2511 2492 Adjungit
2533 2433 2710 2477 autem
2737 2440 2930 2480 causas
2951 2442 3120 2495 quare
3149 2428 3342 2484 debeat

1753 2505 1856 2560 hoc
1891 2508 2032 2574 quod
2062 2516 2184 2562 orat
2214 2509 2458 2580 adipisci.
2491 2511 2594 2566 Per
2624 2513 2725 2566 hoc
2756 2523 2934 2570 autem
2969 2515 3188 2571 instruit
3216 2532 3338 2584 eos,

1753 2597 1840 2664 qui
1873 2599 1925 2651 in
1959 2598 2046 2653 Iali
2077 2601 2316 2669 periculo
2346 2613 2471 2658 sunt
2493 2615 2546 2658 et
2568 2606 2658 2674 qui
2683 2607 2793 2674 jam
2823 2619 3136 2674 evaserunt,
3159 2626 3342 2664 exem-

1752 2688 1841 2756 plo
1884 2704 1982 2743 suo
2016 2706 2202 2757 orare;
2243 2693 2416 2761 ipsum
2452 2711 2579 2751 vero
2612 2697 2910 2764 periculum
2953 2699 3105 2768 cujus
3148 2701 3342 2755 timore

1758 2780 1846 2835 hic
1877 2792 2014 2847 orat,
2052 2784 2102 2836 in
2138 2784 2402 2854 principio
2430 2786 2683 2841 clausula:
2719 2790 2978 2854 denotat,
3009 2804 3129 2844 eum
3165 2791 3335 2845 dicit:

1829 2872 2061 2926 Adhwsit
2090 2875 2405 2942 pavimento,
2437 2887 2574 2942 ete.;
2611 2893 2674 2931 ac
2705 2880 2750 2931 si
2789 2879 2935 2933 dicat
2967 2896 2980 2932 :
3017 2879 3201 2944 Oravi,
3232 2881 3338 2935 Do-

1752 2960 1922 3026 mine,
1973 2963 2252 3030 superius,
2291 2972 2348 3016 ut
2380 2981 2465 3019 me
2505 2966 2808 3022 vivitieares
2848 2984 2910 3022 ex
2962 2969 3334 3024 retributione.

1753 3052 1862 3107 Oro
1887 3068 2100 3122 quoque
2129 3053 2270 3109 istud
2303 3056 2440 3110 idem
2469 3055 2571 3108 alia
2602 3057 2911 3121 occasione,
2939 3057 3189 3113 videlicet
3217 3059 3339 3113 uivi-

1752 3146 1855 3213 [ica
1887 3163 1986 3201 me.
2010 3147 2242 3216 Exponit
2273 3161 2449 3203 autem
2474 3150 2539 3204 de
2566 3165 2669 3217 qua
2701 3150 3060 3205 vivitieatione
3079 3158 3216 3224 oret,
3245 3151 3344 3204 ad-

1753 3237 1926 3292 dendo
1964 3238 2042 3291 sic
2073 3255 2084 3291 :
2131 3237 2346 3308 Viri/ica
2388 3257 2499 3304 me,
2536 3242 2781 3308 inquam,
2829 3240 3190 3295 viviticatioue
3224 3239 3338 3294 exi-

1753 3336 1929 3382 stente
1976 3328 2261 3382 secundum
2308 3329 2515 3382 verbum
2567 3338 2754 3394 tuum;
2802 3331 2943 3399 quod
2991 3338 3074 3384 est
3113 3330 3332 3385 dicere:

1761 3415 1979 3488 Viri/ica
2009 3436 2088 3472 me
2120 3419 2346 3472 interius
2383 3421 2435 3473 in
2475 3419 2652 3472 anima
2680 3459 2693 3483 ,
2729 3429 2786 3472 ut
2833 3419 3006 3474 vivam
3043 3420 3335 3474 secundum

1754 3511 1896 3579 quod
1951 3519 2002 3564 tu
2053 3511 2528 3578 praecipis,sancte
2579 3509 2831 3566 videlicet
2877 3519 2930 3563 et
2959 3509 3142 3578 juste;
3195 3511 3336 3564 hanc

1753 3608 1933 3653 autem
1973 3599 2392 3654 viviticationem
2447 3607 2701 3670 exspecto
2750 3616 2814 3654 eo
2870 3601 3113 3654 contuitu
3142 3639 3157 3666 ,
3209 3601 3335 3669 quia

1753 3689 1936 3752 timeo,
1969 3697 2026 3742 ut
2059 3704 2248 3743 rursus
2283 3689 2555 3743 incurram
2582 3690 2842 3759 pericula,
2875 3705 2993 3760 quae
3016 3689 3127 3760 jam
3162 3689 3335 3754 evasi,

1752 3779 1958 3832 scilicet
1986 3788 2042 3832 ut
2078 3779 2350 3832 adhazreat
2380 3780 2557 3832 anima
2587 3796 2700 3832 mea
2729 3783 3057 3848 pavimento;
3088 3781 3172 3836 vel
3206 3781 3334 3836 dor-

1753 3870 1912 3924 miter
1955 3886 2064 3939 pra:
2094 3870 2292 3934 twdio;
2336 3871 2477 3939 quod
2530 3881 2706 3925 tamen
2747 3873 2922 3928 minus
2960 3883 3060 3928 est.
3100 3873 3350 3926 Adhwsit—

1751 3962 1892 4016 cnim
1920 3963 2096 4014 animo
2123 3978 2235 4014 mea
2258 3963 2567 4028 pavimento,
2586 3963 2636 4016 id
2662 3972 2745 4017 est
2766 3963 3354 4029 ιῖειιτιιί,εοιιεθιιιίθιιιιοΔ

1751 4055 2120 4108 voluntatibus
2149 4055 2293 4124 ejus;
2332 4054 2413 4108 vel
2449 4057 2710 4121 terrenis,
2745 4055 3118 4126 amplectenda
3149 4070 3212 4110 ea
3243 4070 3331 4109 sc-

1751 4147 1984 4202 cundnm
2018 4146 2378 4200 allectioncm.
2411 4145 2784 4202 Pavimentum
2822 4147 3015 4199 anima:
3045 4160 3174 4200 caro
3200 4145 3334 4198 diei-

1749 4249 1838 4294 tur
1864 4256 1960 4309 per
1987 4239 2414 4294 similitudinem.
2453 4240 2607 4292 Sicut
2641 4238 2782 4292 enim
2816 4237 3176 4306 pavimentum
3211 4234 3332 4288 inli-

1750 4348 1894 4386 mum
1925 4341 2038 4393 est,
2087 4341 2139 4384 ct
2168 4334 2233 4384 ad
2283 4331 2383 4384 hoc
2416 4331 2472 4383 lit
2515 4339 2572 4383 ut
2607 4344 2702 4398 per
2750 4328 2875 4381 illud
2906 4327 3000 4380 ﬁat
3029 4326 3286 4380 transitus
3315 4366 3328 4389 ,

113 4429 213 4488 Cum
251 4438 372 4495 dicit
401 4419 684 4508 ’κάει-αμα,
735 4419 910 4496 innuit
950 4439 1093 4510 quod
1134 4448 1545 4508 perseverantes
1592 4439 1644 4491 in
1680 4458 1724 4511 ι)
1750 4442 1854 4480 ηοη
1884 4437 1940 4480 ιιι
1971 4426 2046 4479 illi
2081 4425 2456 4488 adlidet-eatur;
2494 4425 2566 4477 ita
2599 4437 2728 4478 caro
2758 4423 2826 4476 ad
2857 4422 2958 4476 hoc
2983 4419 3178 4474 animae
3204 4435 3332 4474 cou-

112 4523 415 4590 devocatione
455 4543 773 4588 sanctorum
823 4532 1169 4587 exstiterunt.
1223 4525 1514 4597 Principes,
1565 4527 1648 4580 in-

113 4626 252 4679 ‘luam,
279 4623 511 4678 sedendo
537 4624 814 4678 adversum
843 4639 922 4677 me
945 4621 1308 4693 loquebantur,
1346 4634 1523 4672 servus
1550 4634 1646 4670 au—

111 4710 184 4756 tem
217 4716 347 4775 tuus,
379 4728 479 4782 ego
514 4713 782 4778 videlicet,
828 4727 924 4781 pro
951 4711 1031 4766 eis
1065 4725 1173 4765 non
1216 4706 1520 4773 deﬁciebat,
1553 4705 1646 4760 sed

111 4801 396 4856 exercebatur
417 4807 472 4858 in
497 4804 968 4874 justiﬁcationibus
992 4806 1096 4856 luis
1123 4799 1477 4868 complendis.
1501 4794 1644 4854 'Cum

110 4883 207 4940 dicit
242 4906 296 4946 se
335 4895 646 4949 exercuisse
683 4894 736 4948 in
773 4893 1044 4947 mandatis
1077 4891 1192 4956 Dei,
1222 4889 1473 4944 meritum
1507 4903 1645 4957 prce-

112 4977 260 5032 teudit.
291 4981 421 5036 Cum
457 4997 586 5037 vero
612 4983 743 5037 dicit
768 4998 862 5052 per
904 4982 1120 5036 tertiam
1150 4995 1433 5050 personam
1470 4997 1482 5032 :
1523 4978 1650 5034 Ser-

112 5079 176 5118 rus
212 5079 319 5125 tuus
364 5073 729 5138 exercebatur,
779 5074 1140 5129 humilitatem
1191 5072 1457 5135 ostendit;
1504 5071 1647 5140 quod

110 5165 188 5205 uou
229 5157 423 5216 taceret
473 5163 519 5217 si
569 5163 812 5218 diceret:
849 5179 949 5232 ego
997 5161 1309 5219 exercebar.
1357 5160 1648 5216 Prmtcndit

109 5254 280 5314 quoque
309 5253 594 5318 meritum,
637 5269 808 5322 quare
844 5253 1105 5308 vivitiean
1143 5253 1334 5308 debeat
1371 5251 1439 5305 ad
1467 5258 1652 5304 custo-

108 5331 317 5395 diendum
347 5358 630 5400 sermones
659 5343 892 5409 Domini,
925 5361 1048 5401 cum
1086 5344 1234 5399 addit
1264 5360 1276 5396 :
1304 5342 1429 5396 Ideo
1455 5357 1535 5394 me
1574 5341 1648 5394 vi-

107 5423 223 5491 είίίεα
241 5433 303 5487 ad
324 5435 739 5492 custodiendum
765 5453 1023 5491 sermones
1046 5443 1194 5498 tuos;
1218 5449 1342 5487 nam
1363 5443 1415 5488 et
1433 5431 1648 5484 medita-

106 5516 157 5566 tio
175 5534 273 5576 mea
293 5535 364 5578 est
386 5527 686 5582 testimonia
703 5537 815 5592 tua,
829 5527 882 5582 id
901 5538 1003 5592 est,
1019 5525 1248 5580 meditor
1270 5533 1535 5595 praecepta
1560 5532 1649 5576 tua

109 5610 354 5676 complere.
382 5613 446 5668 Et
479 5617 756 5670 consilium
779 5633 948 5670 meum
981 5623 1064 5671 est
1083 5615 1491 5684 justiﬁcatioues
1522 5623 1646 5676 tua',

108 5694 148 5748 id
172 5712 242 5756 est
270 5707 557 5763 consilium
596 5707 756 5781 475
801 5705 994 5776 habeo,
1029 5708 1298 5780 quomodo
1335 5708 1447 5778 ipsa
1497 5722 1651 5762 man-

1743 4519 1931 4588 juncta
1976 4526 2060 4571 est
2088 4557 2102 4582 ,
2143 4531 2263 4570 cum
2307 4515 2380 4569 sit
2420 4514 2693 4568 inferioris
2732 4522 2938 4568 natura:
2966 4553 2980 4578 ,
3029 4520 3089 4566 ut
3119 4511 3187 4565 ab
3229 4511 3333 4565 bac

1749 4609 2186 4680 peregrinatione
2220 4615 2460 4664 transeat
2497 4607 2610 4678 ipsa
2639 4607 2817 4660 anima
2857 4605 2924 4660 ad
2955 4605 3187 4676 patriam
3221 4619 3331 4660 co:-

1749 4701 1937 4756 lestem
1967 4703 2102 4756 bene
2127 4702 2423 4770 operando,
2453 4715 2551 4770 per
2577 4701 2758 4756 carnis
2782 4697 3034 4765 otIieium,
3067 4699 3153 4755 cui
3181 4699 3334 4755 carni

1752 4802 1878 4845 tunc
1907 4793 2164 4857 adliairet,
2196 4807 2319 4847 cum
2358 4792 2410 4845 in
2448 4791 2713 4861 voluptate
2741 4806 2836 4847 seu
2870 4793 3110 4848 vanitate
3155 4792 3329 4862 quali-

1747 4887 1840 4942 bet
1866 4887 1938 4942 illi
1969 4889 2314 4942 consentiens
2342 4896 2444 4941 est.
2471 4887 2596 4942 Sive
2623 4887 2990 4956 pavimentum
3021 4887 3160 4942 bona
3187 4902 3328 4956 prae-

1749 4978 1926 5033 sentia
1956 4977 2230 5039 dicuntur,
2265 4992 2332 5032 eo
2366 4977 2508 5046 quod
2537 4994 2567 5030 a
2600 4977 2710 5033 Deo
2737 4985 2921 5033 creata
2958 4984 3084 5031 sunt
3109 4977 3176 5030 ad
3209 4989 3330 5028 cor-

1750 5069 1897 5139 poris
1927 5068 2402 5132 sustentationem,
2435 5082 2540 5122 non
2567 5067 2632 5120 ad
2662 5067 2953 5138 voluptatis
2989 5063 3328 5134 superflui'a-

1753 5169 1856 5214 tem
1882 5177 1897 5225 ;
1931 5167 1985 5213 et
2007 5158 2134 5228 quia
2166 5157 2422 5212 inferiora
2453 5167 2578 5212 sunt
2606 5158 2761 5212 bonis
2787 5155 3120 5218 coelestibus,
3148 5162 3202 5208 et
3231 5169 3327 5220 pro

1751 5248 1864 5304 Deo
1893 5256 2018 5303 sunt
2053 5246 2449 5312 conculcanda,
2489 5247 2630 5302 sicut
2657 5246 3022 5316 pavimentum
3073 5243 3217 5312 quod
3247 5243 3327 5296 in-
3417 5293 3426 5302 ,

1752 5339 1918 5394 l'erius
1947 5347 2032 5393 est
2071 5337 2123 5392 in
2157 5338 2316 5392 domo
2337 5378 2352 5402 ,
2380 5352 2409 5390 a
2445 5333 2848 5390 transeuntibus
2875 5333 3246 5398 conculcatur,
3273 5341 3326 5406 c_t

1753 5433 1820 5486 ad
1866 5431 1967 5485 hoc
1999 5429 2058 5485 tit
2087 5438 2147 5484 ut
2173 5445 2240 5483 ex
2285 5444 2348 5484 eo
2391 5436 2732 5484 transeuntes
2771 5433 3161 5492 sustententur,
3200 5425 3326 5495 quia

1753 5521 1963 5576 dixerat
1989 5519 2225 5575 animam
2253 5536 2405 5574 suam
2434 5519 2742 5588 pavimento
2770 5517 3082 5585 adhaesisse,
3109 5532 3178 5571 ne
3202 5531 3330 5586 proa-

1752 5623 1872 5684 pter
1902 5616 2041 5669 hanc
2082 5613 2443 5668 adhazsionem
2489 5609 2760 5665 videretur
2801 5611 3050 5681 indignus
3089 5609 3325 5664 viviﬁeav

1757 5709 1919 5775 tione,
1945 5708 2162 5778 dignum
2187 5706 2286 5760 liae
2313 5719 2369 5760 re
2392 5717 2449 5758 se
2470 5717 2588 5759 esse
2610 5695 2866 5768 ostendit,
2895 5717 3016 5757 cum
3039 5700 3117 5758 sic
3139 5698 3286 5756 addit
3309 5738 3348 5754 ..
