3978 6328
653 347 790 402 1267
1251 335 1310 394 S.
1350 330 1694 390 ιιιιυΝοΝιε
1732 322 2224 416 CARTHUSIANO]

2230 322 2362 378 ιιυιι
2404 319 2883 396 ΙΝΞἸῘΙΤυΤΟῐὶΙΙΞ
2919 317 3065 375 ΟΡΡ.
3096 311 3271 372 PARS
3297 316 3336 371 Ι.
3704 324 3801 379 ηδε

662 465 880 535 Vini/ica
903 481 1002 527 me,
1031 463 1270 530 inquam,
1297 464 1352 510 et
1379 467 1503 508 vere
1527 453 1742 521 dignum
1769 457 1870 509 est,
1895 446 2019 499 licet
2045 441 2223 495 anima
2256 443 2295 496 Λ
2328 435 2579 507 eligerem
2598 477 2611 500 ,
2648 453 2755 490 non
2779 450 2893 487 sum
2923 432 3112 504 oblitus
3132 431 3334 501 judicia
3363 440 3465 492 tua.
3496 432 3628 500 Quod
3657 447 3721 491 est
3743 439 3802 491 di-

660 523 1432 625 mea'pavimentoadhzcserit,
1465 540 1604 595 male
1626 537 1914 607 operando.
1945 534 2056 602 Ego
2080 530 2227 584 enim
2329 543 2450 583 cere
2491 545 2503 582 :
2552 528 2606 582 ln
2657 525 2917 581 memoria
2964 523 3126 578 habui
3173 523 3395 593 qualiter
3430 524 3480 578 in
3515 525 3668 580 futuro
3699 527 3806 595 justo

656 647 724 701 de
750 613 854 701 hac
883 641 1192 698 adbacsione
1220 635 1509 707 paenitens,
1543 631 1650 686 vias
1677 645 1837 688 meas,
1867 627 1920 680 id
1948 633 2030 679 est
2058 622 2227 677 malas
2325 619 2527 688 judicio
2566 619 2825 688 eligentes
2868 618 3006 671 hanc
3057 615 3198 670 viam
3241 613 3554 670 beatiﬁeabis
3580 656 3593 681 ,
3627 631 3711 671 non
3737 617 3807 672 eli-

657 736 1021 808 0perationes,
1049 747 1169 801 quae
1194 705 1294 784 vim
1321 723 1691 798 meminerant
1716 735 1821 773 non
1848 726 1952 772 tua:
1977 731 2073 786 per
2093 729 2228 785 quas
2329 720 2528 793 gentes.
2559 719 2736 764 autem
2772 710 2919 780 justo
2948 706 3153 776 judicio
3177 747 3191 772 ,
3230 705 3516 762 damnabis.
3545 705 3644 761 Non
3679 707 3807 761 solum

659 795 1012 889 itieesseram,
1051 819 1315 877 enuntian
1353 817 1444 872 tibi
1465 796 1488 880 V_.
1516 828 1613 883 per
1639 809 2030 881 confessionem
2068 819 2230 862 orans
2331 813 2511 857 autem
2541 803 2676 878 viam
2712 799 3079 854 mandatorum
3119 808 3352 858 tuorum,
3383 811 3494 866 quae.
3514 804 3592 851 est
3617 796 3684 850 via
3707 795 3810 851 veri-

661 917 958 980 humilitcr,
988 886 1046 968 ut
1071 928 1163 968 eas
1196 909 1522 974 remitteres,
1557 917 1607 960 et
1638 901 1900 974 exaudisti
1936 915 2018 953 me
2047 896 2230 953 remit-
2333 895 2478 960 tatis,
2503 891 2652 964 elegi,
2677 890 2971 946 secundum
2997 886 3453 952 voluntatem,sed
3479 886 3622 941 etiam
3645 886 3808 950 adhasi,

669 1009 852 1064 tendo.
890 978 1154 1073 Quoniam
1193 1015 1320 1071 ergo
1349 999 1458 1054 vias
1490 1011 1638 1051 meas
1665 990 1977 1065 annuntiavi
2008 987 2140 1052 tibi,
2178 994 2237 1051 ει
2335 985 2580 1049 Domine,
2613 981 2917 1052 testimoniis
2937 982 3064 1045 tuis,
3089 979 3140 1034 id
3169 987 3250 1034 est
3279 978 3531 1050 mandatis
3557 979 3646 1034 tuis
3667 993 3813 1035 secun-

662 1104 764 1157 hoc
793 1098 1146 1162 beneﬁcium,
1178 1103 1236 1148 ut
1260 1069 1367 1148 ⁷ιηε
1403 1091 1711 1162 exaudires,
1735 1085 1868 1140 mihi
1912 1080 2183 1155 contulisti
2214 1120 2238 1155 ,ε
2334 1077 2458 1132 dum
2489 1074 2880 1146 operationem.
2911 1072 2977 1126 Et
3003 1085 3116 1146 non
3136 1069 3202 1124 ad
3244 1069 3428 1126 horam
3458 1078 3674 1138 operatus
3703 1087 3811 1138 sum;
3845 1069 3850 1074 ’

660 1196 788 1246 doce
817 1207 896 1244 me
926 1187 1092 1258 magis
1128 1195 1182 1240 et
1215 1184 1386 1254 magis
1421 1180 1826 1251 justiﬁcationes
1859 1187 1978 1230 tuas
1999 1215 2014 1239 ,
2059 1173 2108 1227 id
2150 1179 2234 1224 est
2335 1174 2427 1247 sed
2458 1172 2591 1237 viam
2631 1170 2996 1244 mandatorum
3033 1177 3240 1220 tuorum
3265 1163 3496 1229 cucurri,
3530 1163 3576 1217 id
3601 1171 3811 1229 est,man-

657 1290 925 1352 praecepta
975 1255 1062 1331 tua
1095 1293 1188 1348 per
1217 1291 1336 1345 qua:
1371 1267 1943 1341 eompletajustiﬁeer,
1973 1278 2094 1334 quae
2117 1261 2230 1329 jam
2335 1268 2458 1322 data
2489 1275 2576 1318 tua
2604 1278 2723 1333 qua:
2754 1261 2839 1315 via
2870 1268 2994 1316 sum
3038 1259 3104 1312 ad
3131 1272 3318 1312 veram
3355 1255 3696 1310 beatitudinem
3725 1271 3815 1326 ορε.

661 1389 723 1426 ex
754 1380 904 1440 parte
930 1346 1157 1423 docuisti
1185 1385 1200 1431 ;
1233 1376 1286 1420 et
1316 1381 1419 1420 non
1451 1362 1620 1418 solum
1652 1375 1747 1416 oro
1773 1368 1832 1412 ut
1861 1358 2059 1412 doceas
2077 1353 2238 1421 justi-
2337 1366 2484 1412 ratus
2507 1369 2624 1409 sum
2650 1353 2922 1407 voluntate
2945 1358 3242 1418 spontanea
3270 1354 3459 1402 etcum
3482 1346 3812 1423 perseverantia.

660 1463 964 1527 tieationes,
990 1462 1082 1516 sed
1113 1460 1275 1514 etiam
1305 1459 1436 1510 viam
1457 1453 1896 1532 iustiﬁcationum
1923 1457 2130 1502 tuarum
2157 1445 2232 1496 in-
2337 1448 2488 1516 Quod
2517 1461 2614 1517 per
2649 1459 2867 1500 cursum
2909 1443 3235 1504 denotatur;
3282 1439 3384 1494 hoc
3411 1445 3573 1491 autem
3610 1438 3721 1507 quod
3751 1453 3817 1492 ευ-

661 1564 805 1606 strue
848 1569 959 1616 τηε,
992 1552 1044 1606 id
1073 1560 1154 1606 est
1183 1551 1356 1618 ipsum
1389 1527 1630 1603 ordinem
1667 1549 2054 1612 praeceptorum
2083 1578 2098 1601 ,
2129 1551 2242 1606 quo
2337 1539 2481 1596 cui-ri
2509 1579 2522 1604 ,
2559 1553 2666 1592 non
2705 1551 2771 1591 ex
2810 1550 2897 1589 me
2932 1533 3091 1588 habui
3113 1575 3127 1599 ,
3170 1531 3265 1586 sed
3304 1545 3370 1585 ex
3400 1534 3467 1583 te.
3506 1527 3698 1596 Cucurri
3716 1528 3815 1583 enim

661 1643 914 1698 videlicet
939 1643 1128 1697 ordine
1157 1641 1380 1695 debeam
1409 1639 1545 1693 bene
1575 1634 1811 1704 operari,
1837 1631 2038 1686 scilicet
2063 1627 2237 1698 quali—
2339 1649 2456 1686 cum
2491 1632 2595 1685 hoc
2625 1629 2723 1692 fuit.
2747 1626 2889 1704 quod
2923 1634 2976 1680 tu
3005 1623 3244 1678 dilatasti
3271 1637 3362 1676 car
3385 1637 3563 1685 meum,
3591 1619 3636 1673 id
3663 1619 3818 1672 esthoc

661 1746 745 1787 ter
776 1732 1165 1787 ascendentium
1197 1731 1267 1792 sit
1308 1731 1372 1785 de
1411 1730 1609 1782 virtute
1644 1727 1696 1782 in
1737 1725 1984 1778 virtutem
2013 1763 2027 1786 ,
2075 1735 2141 1773 ne
2182 1719 2232 1772 in

2271 1775 2308 1792 ,ι
2340 1703 2484 1792 quod
2519 1729 2573 1781 tu
2603 1735 2695 1773 cor
2721 1703 2890 1771 meum
2922 1716 2972 1769 in
3009 1715 3276 1769 charitate
3317 1709 3571 1773 dilatasti,
3601 1722 3728 1762 causa
3751 1706 3819 1759 fuit

661 1827 927 1894 principio
966 1827 1064 1880 sim
1111 1825 1376 1882 intonsus.
1418 1821 1583 1894 476
1618 1831 1671 1874 ει
1716 1820 1767 1872 in
1817 1818 1921 1870 line
1958 1815 2233 1870 remissus.
2271 1777 2320 1888 Β·
2339 1828 2507 1883 quare
2544 1808 2900 1879 cucurrerim.
2937 1804 3089 1860 Unde
3134 1803 3369 1878 PrOSper
3399 1817 3412 1852 :
3450 1816 3466 1850 ι
3498 1799 3638 1852 Areta
3666 1795 3730 1848 via
3763 1804 3820 1848 est

665 1914 831 1978 Ordo,
859 1916 944 1968 via
973 1932 1068 1984 per
1095 1888 1506 1987 similitudinem
1524 1888 1743 1974 dicitur,
1774 1923 1838 1962 eo
1861 1905 1999 1975 quod
2025 1905 2112 1973 qui
2145 1919 2240 1972 per
2339 1896 2459 1975 qua:
2507 1903 2654 1957 ducit
2701 1900 2768 1954 ad
2818 1899 3010 1957 vitam,
3064 1905 3118 1950 et
3163 1903 3343 1948 tamen
3391 1905 3490 1944 non
3531 1888 3725 1944 curritur
3755 1899 3822 1953 per

665 2007 909 2061 ordinem
941 2005 1164 2070 incedit,
1193 2013 1340 2058 recte
1366 1983 1472 2068 eat,
1503 2003 1641 2056 sicut
1673 2000 1760 2054 ille
1790 2007 1935 2052 recte
1965 1997 2004 2049 it
2025 1994 2113 2065 qui
2146 2009 2240 2064 per
2343 1998 2536 2066 ipsam,
2567 1992 2670 2048 nisi
2699 1991 2921 2045 dilatato
2948 1986 3128 2044 corde.
3155 2005 3173 2038 ι
3207 1984 3364 2048 Cum,
3394 1981 3586 2050 signum
3609 1989 3821 2033 estcausa:
3895 2025 3897 2028 .

664 2095 808 2148 viam
847 2094 1062 2160 incedit.
1103 2094 1158 2147 Si
1193 2108 1319 2147 vero
1363 2065 1605 2146 ordinem
1641 2089 1897 2153 dimittat,
1939 2086 2241 2154 distorque—
2343 2065 2425 2140 vel
2457 2083 2734 2155 temporis.
2760 2079 2863 2155 Per
2891 2081 2992 2132 hoc
3016 2084 3192 2129 autem
3225 2075 3317 2128 dat
3343 2069 3647 2126 auditoribus
3666 2065 3824 2122 humili-

666 2196 776 2250 tur,
807 2185 872 2240 ad
912 2184 1125 2240 modum
1158 2184 1380 2238 viatoris
1409 2183 1549 2243 viam
1580 2189 1779 2235 rectam
1808 2176 2176 2246 relinquentis.
2346 2177 2471 2231 tatis
2492 2154 2814 2243 exentplum,
2838 2179 2898 2224 ut
2923 2167 2994 2222 nil
3019 2167 3150 2244 sibi,
3167 2165 3264 2220 sed
3291 2161 3469 2219 omnia
3488 2157 3682 2237 Domino
3699 2154 3819 2211 ascri-

739 2274 868 2329 Dico
905 2278 1104 2328 instrue
1143 2291 1223 2337 me
1255 2275 1418 2337 viam,
1462 2284 1506 2326 et
1546 2273 1842 2326 instructus
1871 2268 2150 2322 exercebar
2189 2267 2246 2335 in
2328 2269 2500 2330 bant.

668 2365 996 2419 mirabilibus
1019 2368 1152 2429 tuis,
1182 2367 1232 2419 id
1264 2375 1344 2421 est
1369 2366 1590 2420 srientia
1615 2373 1667 2418 et
1693 2362 2003 2430 operatione
2025 2375 2243 2414 εχει-οε·
2415 2357 2494 2412 ΠΕ
2521 2398 2535 2421 ,
2588 2356 2698 2409 vivo
2748 2353 2842 2417 vel
2868 2362 2942 2407 est
2991 2351 3398 2421 interpretatur.
3445 2344 3567 2401 Cum
3607 2339 3734 2412 igitur
3771 2333 3823 2390 llr

673 2458 774 2511 bor
793 2459 842 2510 in
869 2460 1150 2528 przeceptis
1167 2459 1292 2523 tuis,
1312 2473 1431 2526 quae
1454 2456 1718 2510 mirabilia
1731 2455 2004 2518 dicuntur,
2022 2467 2085 2507 eo
2103 2453 2244 2522 quod
2345 2448 2590 2505 versibus
2615 2448 2815 2516 quinta:
2837 2442 3091 2500 clausula}
3114 2441 3448 2502 inscribitur,
3472 2433 3724 2507 ostenditur
3738 2443 3822 2497 quo

673 2546 1031 2613 eompletores
1058 2562 1184 2600 suos
1207 2545 1478 2606 mirabiles
1505 2545 1557 2599 in
1585 2545 1870 2601 sanctitate
1893 2520 2246 2599 faciuntaPer
2345 2543 2490 2596 niam
2519 2541 2583 2594 de
2609 2555 2674 2593 eo
2699 2539 2787 2608 qui
2823 2551 2946 2590 vere
2972 2544 3053 2590 est
3081 2543 3136 2588 et
3160 2532 3315 2598 vivit,
3349 2531 3412 2584 de
3445 2527 3637 2582 Christo
3661 2520 3820 2582 scilicet,

671 2637 775 2692 hoc
807 2647 987 2703 autem
1011 2649 1248 2692 meretur
1269 2637 1409 2706 quod
1433 2647 1551 2691 orat
1575 2637 1827 2705 adipisci,
1859 2637 1982 2706 quia
2012 2651 2069 2691 se
2090 2649 2246 2688 exer-
2346 2631 2436 2686 hic
2464 2629 2691 2684 intentio
2717 2626 2964 2682 habetur.
3004 2623 3105 2690 Qui
3137 2623 3202 2676 de
3237 2621 3414 2688 seipso
3441 2623 3675 2671 testatur:
3708 2609 3823 2675 tEgo

675 2728 904 2782 cendum
938 2730 989 2782 in
1028 2703 1299 2783 mandatis
1329 2728 1421 2782 Dei
1466 2703 1750 2797 promittit.
1797 2703 1900 2781 Per
1939 2727 2041 2781 hoc
2079 2725 2245 2799 etiam
2348 2737 2466 2777 sum
2497 2721 2585 2791 qui
2619 2735 2735 2774 sum
2765 2717 2964 2788 (Exod.
2999 2731 3081 2778 ιιι,
3113 2713 3222 2782 14).
3262 2731 3278 2763 τ
3317 2712 3380 2765 Et
3408 2707 3561 2764 alibi:
3598 2703 3724 2772 «Ego
3742 2712 3823 2754 sum

674 2819 945 2886 auditores
975 2820 1040 2872 ad
1082 2821 1183 2874 hoc
1225 2820 1363 2883 idem
1405 2817 1720 2874 exercitium
1760 2817 1994 2871 instruit.
2040 2815 2198 2872 Oravi
2349 2815 2454 2877 via,
2486 2805 2707 2875 veritas,
2741 2818 2795 2861 et
2829 2809 2936 2861 vita
2969 2805 3148 2876 (Joan.
3183 2819 3299 2868 xw,
3331 2802 3406 2872 6).
3438 2820 3456 2852 τ
3489 2799 3551 2853 Et
3581 2791 3820 2868 Apostolus:

671 2911 930 2974 Domine,
987 2913 1242 2966 viviﬁcari
1289 2913 1479 2968 timore
1530 2910 1854 2966 adhaesionis
1879 2949 1894 2974 ,
1938 2925 2098 2978 quam
2133 2909 2255 2976 jam
2354 2901 2551 2972 «Mors
2572 2901 2647 2955 illi
2674 2899 2812 2953 ultra
2840 2914 2944 2952 non
2977 2894 3367 2950 dominabitur.
3391 2888 3533 2958 Quod
3555 2894 3702 2942 autem
3717 2880 3822 2940 vivit,

669 3006 837 3059 evasi.
877 3006 987 3064 Oro
1033 3019 1267 3078 quoque,
1310 3005 1560 3072 conﬁrma
1603 3019 1681 3055 me
1718 3003 1774 3056 in
1822 2975 1982 3055 verbis
2021 2975 2144 3066 tuis,
2195 2975 2254 3063 et,
2350 2997 2481 3052 vivit
2511 2996 2621 3050 Deo
2653 2995 2828 3067 (Rom.
2868 3009 2940 3058 vi,
2974 2993 3026 3058 9,
3066 2989 3174 3058 10).
3213 3009 3232 3040 ι
3274 2987 3406 3043 Orat
3447 2993 3608 3039 autem
3642 2979 3712 3033 hic
3739 2975 3826 3027 [ideo

668 3094 843 3164 magis
886 3104 940 3147 et
976 3095 1144 3164 magis
1178 3109 1261 3148 me
1295 3093 1584 3148 confirmes
1622 3094 1672 3146 in
1708 3093 1992 3162 prteceptis
2023 3065 2157 3157 tuis,
2190 3101 2246 3145 ut
2275 3115 2319 3174 ρ
2350 3090 2477 3142 lium
2510 3065 2754 3141 collectio
2785 3085 2908 3148 hoc,
2941 3092 2996 3136 ut
3025 3081 3286 3137 Dominus
3313 3078 3471 3132 Pater
3497 3080 3638 3144 ponat
3660 3067 3736 3124 sibi
3757 3065 3826 3118 Do-

671 3201 734 3240 ea
779 3185 1097 3266 completum.
1137 3185 1246 3240 lloc
1285 3194 1463 3239 autem
1505 3185 1643 3238 idem
1689 3194 1770 3238 cst
1813 3185 1953 3253 quod
1999 3182 2247 3253 superius
2278 3159 2319 3174 u
2350 3180 2554 3234 minum
2584 3176 2764 3230 Jesum
2787 3174 3088 3238 Christum,
3112 3172 3204 3241 qui
3233 3184 3363 3225 vere
3390 3169 3582 3222 vivitet
3603 3170 3686 3227 est,
3707 3159 3824 3228 legem

671 3275 809 3328 dixit
841 3293 866 3348 ε,
899 3261 1114 3340 Viri/ica
1143 3292 1242 3342 me,
1274 3275 1365 3330 sed
1398 3283 1618 3348 propter
1647 3275 1804 3328 aliam
1831 3251 2250 3342 Vcausamiappo-
2349 3281 2405 3340 et
2439 3271 2862 3342 moderationem
2899 3268 3026 3333 vite,
3077 3280 3238 3336 quam
3283 3261 3528 3330 inetepit,
3573 3256 3739 3312 scilicet
3768 3251 3828 3304 det

672 3366 837 3420 situm
883 3365 1166 3435 repetitum
1196 3375 1294 3419 est.
1330 3346 1595 3432 Conﬁrma
1627 3380 1733 3424 me,
1775 3364 2024 3431 inquam,
2059 3372 2113 3417 et
2149 3362 2248 3418 hoc
2350 3364 2452 3420 sibi
2499 3363 2649 3432 sequi
2681 3361 2963 3416 Dominum
2991 3357 3202 3422 .lesum,
3238 3355 3330 3426 qui
3363 3355 3466 3408 dux
3501 3351 3566 3407 sit
3600 3357 3648 3404 et
3679 3344 3827 3413 adiutor

671 3470 770 3508 ττιό
796 3455 918 3523 quia
952 3455 1113 3509 timeo
1143 3455 1465 3516 dormitare,
1516 3463 1572 3506 ut
1595 3451 1706 3520 jam
1744 3453 2041 3523 dormitavit
2074 3453 2248 3505 anima
2351 3448 2496 3524 ejus,
2528 3468 2624 3523 per
2665 3467 2824 3522 quem
2858 3452 2922 3504 ad
2953 3465 3138 3503 verum
3177 3462 3300 3502 esse
3330 3445 3600 3516 pertingat.
3629 3436 3684 3493 Ut
3704 3443 3828 3490 autem

673 3561 789 3597 mea
819 3561 927 3618 pra:
951 3545 1126 3610 (tudio,
1153 3545 1359 3598 scilicet
1384 3542 1772 3613 aliquantulum
1806 3543 1972 3612 tepuit
1996 3553 2048 3596 et
2076 3544 2250 3597 minus
2351 3529 2465 3619 ejus
2491 3547 2686 3602 ducatu
2705 3543 2866 3615 477
2891 3550 2945 3596 ει
2969 3541 3167 3595 auxilio
3187 3539 3330 3592 viam
3358 3538 3492 3593 hanc
3511 3533 3829 3604 perseveranlﬁ‘

672 3635 882 3690 fervida
915 3635 1015 3689 fuit
1042 3637 1107 3692 ad
1137 3637 1335 3690 bonum
1365 3652 1520 3706 opus,
1562 3650 1626 3690 eo
1655 3636 1796 3705 quod
1829 3635 1984 3690 tmdio
2015 3635 2112 3704 ipsi
2152 3634 2258 3702 fuit,
2351 3638 2518 3709 possit
2541 3635 2811 3698 incedere,
2840 3640 2960 3686 orat
2983 3645 3196 3702 quoque
3225 3627 3550 3682 intellectum
3572 3621 3630 3675 ad
3652 3624 3828 3673 scrutan-

672 3724 923 3798 ἱθὶυηίιιῖθ
951 3737 1004 3781 et
1043 3728 1290 3798 vigilare.
1329 3739 1384 3784 et
1412 3729 1513 3782 alia
1548 3730 1686 3784 bona
1732 3745 1907 3798 agere.
1953 3727 2128 3782 Minus
2169 3738 2251 3804 est
2352 3730 2475 3784 dum
2518 3727 2686 3796 legem
2719 3733 2955 3778 veterem
2991 3699 3290 3785 sibiidari,
3332 3716 3448 3772 sine
3484 3711 3622 3786 cujus
3654 3699 3827 3762 custodit

677 3819 974 3873 (ίονιηῖιθτθ
1002 3836 1161 3890 quam
1189 3823 1482 3876 adhairerc.
1525 3821 1683 3879 Oravi
1714 3832 1770 3876 ut
1812 3837 1896 3876 me
1939 3795 2247 3876 conﬁrmes.
2353 3791 2683 3889 impossibile
2714 3825 2798 3871 est
2842 3829 3023 3868 veram
3069 3808 3460 3868 beatitudinem
3500 3798 3708 3872 adipisci.
3741 3791 3829 3890 Οτξι

673 3911 753 3968 0"
755 3928 787 3967 0
815 3927 1052 3982 quoque.
1075 3930 1256 3967 amove
1283 3931 1313 3966 α
1345 3931 1424 3968 me
1467 3930 1561 3984 per
1583 3917 1810 3986 gratiam
1847 3926 1992 3970 tuam
2025 3931 2129 3969 non
2161 3930 2245 3969 εο-
2353 3912 2572 3977 insuper
2604 3907 2656 3960 in
2697 3894 2886 3959 semita
2920 3901 3297 3956 mandatorum
3342 3909 3493 3951 nova).
3534 3890 3652 3962 legis
3677 3879 3828 3976 deduci.

675 4001 950 4059 lummodo
981 4004 1316 4076 iniquitatem
1336 4045 1350 4069 ,
1387 4005 1478 4058 sed
1506 4016 1551 4058 et
1584 4007 1714 4059 viam
1744 4007 2058 4076 iniquitatis,
2089 4006 2138 4060 id
2170 4014 2256 4071 est
2353 4007 2406 4055 et
2432 4013 2524 4052 eor
2553 3997 2606 4049 in
2635 3992 2938 4048 testimonia
2977 3990 3094 4060 ejus
3122 3985 3396 4049 inclinari,
3423 3992 3477 4037 el
3499 3977 3662 4036 oculos
3683 3988 3708 4026 a
3727 3967 3830 4022 vani-

678 4073 1129 4148 eonsuetudinem
1159 4093 1326 4162 ipsius
1361 4093 1691 4162 iniquitatis,
1721 4069 1842 4162 qum
1867 4069 2108 4148 remanet
2131 4069 2256 4164 post
2354 4100 2464 4145 tate
2487 4087 2678 4149 averti,
2703 4095 2758 4140 et
2780 4083 3047 4153 eloquium
3080 4077 3293 4134 Domini
3321 4076 3428 4131 sibi
3449 4069 3620 4136 statui,
3641 4075 3685 4121 et
3701 4071 3830 4164 appro

674 4183 1039 4252 iniquitatem,
1065 4184 1200 4238 sicut
1225 4183 1309 4238 via
1336 4185 1460 4238 trita
1481 4194 1602 4254 post
1627 4183 1869 4238 euntium
1893 4152 2251 4252 frequent-iam
2353 4183 2526 4238 brium
2555 4180 2669 4248 ejus
2693 4152 2994 4247 amputari;
3022 4180 3077 4227 et
3101 4170 3248 4227 addit
3271 4181 3464 4223 causas
3485 4178 3576 4219 cur
3597 4160 3681 4214 hoc
3699 4152 3830 4254 demi

677 4272 764 4326 ditt
803 4280 986 4335 restat.
1035 4273 1099 4327 Et
1135 4274 1432 4330 amovenda
1461 4274 1602 4328 viam
1647 4275 1889 4327 miserere
1924 4275 2023 4327 mei
2053 4253 2126 4326 de
2145 4272 2263 4344 lege
2354 4242 2600 4341 adipisci:
2633 4269 2746 4322 lloc
2773 4242 2952 4319 autem
2981 4278 3043 4316 ea
3075 4259 3379 4314 intentione
3406 4253 3530 4310 facit
3552 4257 3604 4305 ut
3633 4242 3832 4344 auditam

676 4377 795 4427 tua,
843 4365 894 4419 id
932 4373 1016 4418 est
1053 4363 1346 4419 secundum
1388 4365 1560 4435 legem
1597 4377 1775 4431 tuam,
1820 4365 2024 4420 scilicet
2059 4342 2263 4420 secun-I
2355 4366 2586 4418 instruat
2611 4361 2677 4414 ad
2704 4360 2806 4413 hoc
2833 4356 2973 4410 idem
3002 4367 3184 4408 verum
3225 4365 3348 4406 esse
3375 4345 3602 4410 tendere,
3627 4347 3672 4394 et
3693 4333 3744 4390 ad
3763 4331 3830 4384 hoc

678 4455 802 4509 dum
832 4455 1221 4526 institutionem
1261 4465 1402 4510 tuam
1429 4432 1464 4523 ,ν
1487 4457 1538 4512 id
1575 4466 1657 4516 est
1689 4473 1810 4512 cum
1851 4457 2050 4512 habeas
2084 4457 2252 4526 legem
2285 4461 2330 4516 Β
2356 4451 2748 4522 assequendum
2790 4446 3064 4503 Christum
3107 4444 3298 4497 ducem
3339 4447 3393 4494 et
3428 4435 3692 4506 adjutorem
3717 4432 3830 4491 ωρο-

678 4544 926 4598 medendi
953 4587 968 4612 ,
999 4546 1218 4601 medere
1243 4546 1374 4613 mihi
1415 4561 1481 4602 ex
1525 4546 1927 4610 misericordia,
1958 4554 2119 4614 prout
2157 4560 2253 4615 op-
2358 4555 2489 4609 tere,
2517 4552 2572 4598 et
2601 4543 2714 4597 hare
2743 4538 2932 4594 eadem
2963 4551 3082 4608 qua:
3110 4541 3231 4589 orat
3260 4530 3504 4600 exemplo
3539 4539 3626 4582 suo
3649 4528 3790 4615 emi-
3820 4596 3828 4606 '

679 4645 970 4703 portunum
997 4639 1134 4703 erit,
1175 4637 1457 4693 inferendo
1481 4637 1657 4706 justas
1689 4601 2065 4693 tribulationes
2094 4647 2148 4692 et
2175 4601 2252 4692 in-
2424 4601 2609 4704 Legem
2655 4646 2788 4700 pone
2813 4628 2960 4692 mihi,
2980 4601 3238 4690 Domine,
3275 4630 3386 4677 etc.
3412 4621 3490 4674 Ac
3511 4617 3555 4672 si
3580 4601 3832 4706 dicataDixi

683 4723 984 4780 ﬁrmitates.
1038 4729 1084 4799 Ag
1135 4727 1484 4784 similitudine
1538 4730 1771 4793 medici,
1825 4731 1916 4800 qui
1977 4731 2250 4796 secando,
2355 4696 2664 4795 quodvviam'
2688 4719 2918 4774 veritatis
2945 4716 3096 4786 elegi,
3124 4723 3171 4768 et
3203 4712 3450 4776 cucurri;
3491 4712 3717 4763 utautem
3737 4696 3832 4749 hanc

679 4815 916 4880 urendo,
948 4825 1002 4870 et
1040 4817 1175 4874 alias
1209 4821 1511 4876 anxietates
1548 4821 1826 4877 inferendo
1870 4821 2140 4876 inﬁrmum
2169 4837 2254 4876 sa-
2354 4817 2495 4872 viam
2535 4828 2747 4868 curram
2791 4809 3176 4872 indesinenter,
3225 4819 3258 4859 ο
3295 4802 3519 4858 Domine
3559 4797 3710 4857 Pater,
3743 4795 3832 4880 Ροξι

681 4913 795 4957 nat.
823 4901 950 4970 Oro,
975 4921 1152 4960 amove
1182 4923 1214 4961 a
1249 4925 1326 4962 me
1366 4911 1501 4963 viam
1525 4910 1838 4981 iniquitatis.
1869 4909 1977 4965 Oro
2016 4911 2252 4979 insuper,
2353 4906 2482 4959 milii
2532 4905 2669 4957 viam
2715 4899 3157 4971 justiﬁcationum
3205 4905 3447 4957 tuarum.
3493 4890 3647 4958 ὶθεεηι
3687 4873 3829 4970 νί³¹¹ῗ¹ί’

682 4992 791 5046 noli
819 5010 900 5065 me
927 4993 1269 5062 confundere,
1301 4997 1352 5051 id
1378 5008 1460 5052 est
1489 4999 1855 5053 subtrahendo
1885 4999 2111 5068 gratiam
2139 4969 2250 5052 noli
2355 4993 2560 5050 scilicet
2604 4969 2885 5046 Dominum
2916 4987 3215 5048 Christum,
3246 4984 3337 5053 qui
3366 4990 3449 5036 est
3472 4981 3552 5032 via
3574 4969 3832 5068 justiﬁctltw:

681 5085 793 5155 pati
839 5102 924 5140 me
965 5085 1250 5152 confundi,
1298 5089 1595 5144 deiicienda
1637 5107 1666 5144 a
1711 5093 1796 5146 via
1835 5092 2100 5144 veritatis.
2145 5089 2254 5145 Nec
2356 5095 2737 5154 nummorum,
2767 5081 2817 5134 id
2849 5088 2928 5132 cst
2967 5077 3058 5146 qui
3091 5086 3172 5131 est
3200 5077 3285 5129 via
3313 5089 3411 5144 per
3431 5083 3580 5142 quam
3602 5061 3769 5118 venitur
3787 5049 3830 5102 ad

683 5177 903 5248 dignum
937 5188 1021 5233 est
1054 5180 1178 5249 quia
1215 5180 1352 5234 viam
1381 5183 1608 5235 veritatis
1640 5184 1798 5254 elegi,
1834 5183 1885 5238 id
1914 5192 1998 5238 est
2021 5182 2158 5252 elegi
2185 5197 2252 5236 ex
2350 5152 2766 5245 jttstiticatioiies
2813 5176 2952 5234 tuas,
3002 5163 3252 5219 videlicet
3295 5177 3392 5232 per
3418 5171 3568 5230 quem
3596 5149 3742 5207 ﬁdeles
3767 5154 3828 5192 *τ’

685 5269 933 5326 omnibus
958 5269 1078 5325 aliis
1105 5271 1264 5326 rebus
1291 5271 1703 5340 completionem
1729 5273 2104 5328 mandatorum
2133 5281 2254 5326 tuo-
2355 5267 2510 5320 niunt
2541 5263 2608 5317 ad
2648 5261 2994 5316 remissiones
3030 5265 3408 5328 peccatorum;
3436 5259 3619 5312 εῑθῑυθν
3652 5243 3827 5340 ἰιιίιιηως

685 5376 802 5414 rum
830 5401 844 5428 ,
883 5377 1004 5431 quae
1038 5362 1122 5416 via
1166 5371 1249 5418 est
1293 5361 1359 5416 ad
1395 5362 1706 5428 veritatem,
1748 5363 1800 5417 id
1837 5373 1918 5418 est
1957 5364 2024 5418 ad
2067 5377 2252 5417 veram
2356 5356 2486 5411 mihi
2521 5355 2691 5424 legem
2733 5351 2934 5416 viandi,
2959 5351 3023 5404 da
3052 5362 3174 5404 eum
3221 5345 3348 5400 mihi
3393 5341 3754 5398 moderatorem,
3793 5326 3829 5371 αι

685 5450 1092 5508 beatitudinem.
1125 5453 1190 5507 Et
1220 5453 1300 5508 sic
1324 5453 1452 5523 elegi
1483 5452 1616 5506 viam
1646 5452 2012 5506 mandatorum
2045 5463 2253 5506 tuorum
2356 5465 2452 5520 per
2475 5463 2597 5503 eum
2623 5447 2832 5510 ducem,
2878 5441 3174 5510 adjutorem
3200 5447 3253 5492 et
3281 5436 3647 5492 moderatorem
3682 5419 3826 5523 adli'c‘

684 5541 828 5614 quod
865 5559 966 5597 non
999 5559 1117 5597 sum
1155 5543 1332 5612 aliquo
1381 5552 1618 5611 tempore
1657 5542 1844 5596 oblitus
1879 5543 2080 5611 judicia
2122 5554 2248 5607 tua,
2357 5507 2477 5597 rum
2508 5551 2626 5592 esse
2658 5535 2890 5597 tendam,
2997 5527 3346 5584 similitudine
3377 5519 3588 5578 viatoris
3609 5513 3704 5586 qui.
3735 5507 3830 5598 b°"_°

684 5637 736 5689 id
766 5641 848 5690 est
873 5635 1126 5690 mandata
1159 5643 1278 5700 tua,
1310 5649 1429 5704 qua:
1459 5633 1772 5704 complenda
1799 5603 1918 5690 esse
1951 5649 1984 5688 a
2015 5603 2255 5690 ﬁdelibus
2358 5634 2491 5689 duce
2525 5630 2720 5692 fretus,
2769 5626 2834 5681 ad
2882 5631 3079 5679 metam
3122 5618 3378 5691 pertingit
3424 5611 3615 5670 itineris
3656 5603 3825 5704 incdit“;

768 5681 848 5690 -_-
873 5681 1126 5690 ---_..__-_
1162 5681 1278 5700 --η
1313 5681 1428 5704 Ἰ-..
1463 5681 1772 5704 mur-.."
1802 5681 1918 5690 ε---
1952 5681 1981 5688 _
2015 5681 2254 5690 -...--.-,-
2359 5681 2490 5689 ν---
2682 5681 2720 5692 κ,
3126 5681 3140 5691 .
3305 5681 3330 5688 -

682 5727 910 5798 judicas.
948 5729 1042 5786 Vel
1074 5727 1188 5811 sic,
1227 5737 1287 5783 ut
1331 5727 1473 5782 viam
1503 5729 1745 5786 veritatis
1783 5730 1952 5800 magis
1997 5737 2049 5785 et
2088 5729 2256 5800 magis
2359 5725 2554 5794 Legem
2608 5734 2704 5790 pro
2761 5715 3130 5772 moderatione
3186 5711 3353 5781 ponit,
3405 5723 3467 5763 eo
3517 5698 3640 5773 quod
3686 5694 3747 5746 '9‘
3787 5681 3832 5734 δά
