3962 6318
146 284 168 336 I
184 282 283 338 269

1026 304 1036 337 ς
1068 277 1429 335 EXI‘OSITIO
1467 278 1532 333 IN
1565 279 1900 337 PSALMOS.
1927 311 1997 322 —
2027 280 2218 336 PSAL.
2248 280 2477 335 CXVIII.

3269 288 3402 343 1270

143 395 565 451 moderationem
615 392 784 463 plebis
839 391 1067 449 subdita:
1116 392 1239 447 data
1292 392 1381 449 sit.
1435 391 1721 462 Oro,poue
1752 403 1795 460 Α
1829 411 1857 447 a
1892 396 2165 451 memoria
2208 408 2327 448 mea
2360 395 2595 458 excidat,
2638 376 2711 451 eti
2737 398 2815 453 sic
2860 415 3137 470 nunquam
3177 402 3244 455 ab
3286 402 3401 471 ejus

140 490 279 542 rium
313 485 441 539 milii
472 484 748 555 legem;el
780 483 943 538 etiam
973 491 1101 552 opto
1130 491 1184 537 et
1217 497 1313 538 oro
1353 493 1407 537 ut
1442 484 1718 553 exquiram

141 593 257 630 eam
291 592 509 645 semper,
549 575 600 628 id
641 584 725 629 est
761 590 833 631 ex,
860 573 1111 629 omnibus
1149 572 1269 631 aliis
1305 574 1468 629 rebus
1508 589 1720 643 semper

141 682 263 721 eam
292 681 528 737 quaeram
553 664 819 735 praecipue
846 663 1046 718 imitari
1073 663 1218 718 omni
1240 664 1543 718 allectione.
1568 663 1719 730 Quod

141 767 225 814 est
258 759 471 814 dicere:
499 757 575 811 Da
604 756 734 810 mihi
761 755 1101 810 affectionem
1144 772 1263 811 eam
1294 770 1511 826 semper
1539 756 1723 826 exqui-

142 850 323 904 rendi.
377 848 448 905 Ut
495 856 679 903 autem
730 861 944 916 semper
991 861 1110 901 eam
1163 846 1369 917 legem,
1448 846 1720 901 Christum

140 941 375 1007 scilicet,
392 941 684 1011 exquiram,
718 938 786 991 da
811 938 940 991 milii
974 937 1313 1004 intellectum,
1345 937 1397 992 id
1425 945 1509 993 est
1534 937 1646 991 vim
1670 944 1724 991 et

139 1029 455 1085 facultatem
487 1028 855 1097 intelligendi;
903 1039 947 1080 et
980 1028 1058 1082 sic
1088 1028 1362 1080 scrutabor
1390 1026 1550 1097 legem
1574 1037 1724 1080 tuam

137 1131 422 1186 veterem,
472 1120 615 1190 quod
666 1116 918 1185 videlicet
971 1116 1276 1188 signiﬁcent
1328 1115 1555 1185 mystica
1608 1113 1725 1183 ejus

138 1221 442 1284 pmccpta,
476 1226 583 1266 non
610 1209 878 1280 repellens
900 1224 1042 1275 eam,
1076 1207 1215 1262 sicut
1244 1206 1545 1261 Manichzci.
1577 1205 1725 1260 «Non

139 1306 290 1360 enim
320 1304 471 1360 venit
499 1302 759 1357 Dominus
782 1300 939 1355 Jesus
969 1299 1178 1355 solvere
1219 1299 1414 1369 legem,
1440 1297 1535 1353 sed
1557 1298 1726 1353 adim-

137 1397 294 1465 plere
322 1396 539 1467 (Matth.
594 1409 650 1459 v,
688 1393 798 1462 17).
836 1410 853 1443 ι
885 1391 952 1445 Et
982 1391 1125 1445 illam
1153 1390 1442 1459 diligenter
1475 1397 1726 1445 scrutaris

140 1487 446 1541 custodiam
475 1500 582 1539 non
621 1483 864 1539 exterius
908 1497 1002 1557 per
1048 1480 1295 1536 carnales
1324 1479 1725 1545 observantias,

140 1579 240 1633 sed
283 1578 511 1649 mystice
533 1585 588 1631 et
614 1574 895 1631 moraliter
925 1574 1172 1639 interius,
1190 1574 1250 1637 in
1274 1581 1380 1626 toto
1408 1573 1723 1640 cordermeo,

143 1670 197 1723 id
226 1671 396 1727 estin
430 1678 543 1729 tata
570 1666 851 1722 allectione
880 1665 1061 1720 cordis
1103 1664 1227 1725 mei.
1276 1662 1391 1719 Non
1431 1664 1602 1719 solum
1627 1678 1725 1718 au-

1823 484 2179 552 completione
2221 482 2497 536 desistam.
2534 483 2732 549 Statue,
2780 488 3018 556 inquam,
3049 490 3183 543 mihi
3239 506 3393 545 servo

1824 586 1911 627 tuo
1960 574 2219 645 eloquium
2250 584 2514 641 tuum;rct
2554 576 2675 640 hoe,
2700 577 2751 628 in
2793 578 2976 632 timore
3007 589 3094 635 tuo
3136 574 3287 637 casto
3316 596 3403 637 me

1824 667 2115 722 laudando.
2146 668 2297 735 Quod
2322 678 2403 725 est
2441 669 2621 723 dicere
2649 689 2661 721 :
2690 669 2795 723 Fac
2823 686 2908 724 me
2939 672 2992 726 in
3027 675 3219 729 timore
3246 684 3397 728 casto

1823 756 2101 813 fundatum
2128 773 2266 826 esse,
2296 767 2352 813 et
2388 759 2466 815 sic
2491 759 2765 828 eloquium
2799 770 2948 814 tuum
2982 766 3037 815 in
3080 780 3166 819 me
3211 765 3404 819 stabile

1823 846 1926 901 erit
1957 857 2009 901 et
2033 847 2267 902 ﬁrmum.
2293 847 2428 902 Nam
2477 867 2496 899 ι
2529 848 2743 903 initium
2780 849 3060 918 sapientiae
3110 851 3271 907 timor
3302 852 3406 906 Do-

1824 934 1956 990 mini
1986 934 2157 1007 (Psal.
2185 952 2278 1003 cx,
2302 936 2413 1007 10).
2447 954 2465 989 ι
2496 937 2567 992 Ut
2605 947 2786 991 autem
2823 937 2877 989 in
2907 952 2993 992 me
3035 951 3132 1007 per
3156 938 3403 992 timorem

1825 1036 2098 1083 statuatur
2128 1028 2407 1099 eloquium
2426 1036 2598 1096 tuum,
2617 1038 2830 1098 amputa
2861 1044 2958 1098 per
2989 1028 3405 1099 indulgentiam,

1826 1134 1856 1173 a
1888 1133 1992 1185 me,
2032 1122 2370 1190 approbrium
2410 1136 2604 1187 meum,
2648 1120 2702 1176 id
2744 1130 2849 1188 est,
2882 1119 3037 1173 aufer
3075 1136 3105 1174 a
3136 1136 3222 1175 me
3248 1138 3407 1176 omne

1824 1219 2130 1279 peccatum,
2179 1212 2325 1282 quod
2372 1225 2536 1266 causa
2583 1220 2667 1267 est
2710 1210 3007 1280 Opprobrii.
3056 1210 3407 1280 Opprobrium

1827 1301 1949 1355 dico
1994 1303 2134 1368 quod
2163 1302 2457 1372 suspicatus
2488 1316 2740 1367 sum;ac
2788 1302 2833 1356 si
2880 1300 3064 1354 dicat:
3118 1301 3234 1355 Non
3284 1316 3405 1356 sum

1829 1402 2010 1449 certus
2046 1409 2114 1448 an
2160 1394 2214 1447 in
2247 1406 2332 1447 me
2353 1393 2424 1448 sit
2452 1393 2826 1463 opprobrium,
2855 1395 2951 1448 sed
2992 1392 3246 1464 quoniam
3280 1392 3407 1446 illud

1829 1484 1883 1538 in
1914 1500 1999 1540 me
2038 1499 2160 1540 esse
2197 1485 2501 1555 suspicatus
2544 1500 2827 1553 sum,oro,
2876 1498 3111 1557 amputa.
3163 1486 3268 1540 Per
3304 1486 3407 1538 hoc

1829 1587 2012 1634 autem
2058 1577 2180 1634 illos
2220 1578 2313 1647 qui
2357 1578 2459 1633 sibi
2502 1578 2707 1634 conscii
2737 1580 2944 1649 peccati
2986 1588 3133 1645 sunt,
3180 1578 3406 1634 multum

1830 1685 1990 1726 orare
2038 1670 2251 1736 invitat,
2287 1685 2410 1726 cum
2442 1670 2556 1741 ipse
2601 1672 2692 1742 qui
2741 1671 2844 1727 sibi
2891 1671 3143 1727 conscius
3195 1672 3404 1740 peccati

141 1770 256 1813 tem
306 1773 402 1813 oro
451 1766 509 1813 ut
554 1757 648 1812 des
690 1756 821 1810 mihi
872 1755 1202 1810 intellectum
1250 1754 1317 1808 ad
1378 1755 1728 1809 scrutandum
1762 1760 1804 1813 B
1832 1778 1937 1817 non
1976 1769 2080 1829 εει,
2114 1761 2195 1817 sic
2229 1770 2408 1816 tamen
2454 1771 2595 1817 om,
2628 1760 2781 1817 Unde
2817 1761 3147 1831 Αροειοιυεε
3187 1780 3206 1813 ι
3264 1759 3409 1813 Nn.“

139 1850 324 1920 legem
379 1859 560 1916 tuam;
613 1848 706 1905 sed
768 1848 931 1903 etiam
980 1862 1099 1915 oro,
1146 1861 1243 1916 per
1286 1845 1517 1917 gratiam
1558 1853 1725 1914 tuam,

143 1941 320 1994 dedite
350 1957 452 2005 me,
486 1939 536 1992 id
582 1948 666 1994 est
709 1938 881 2009 dirige
910 1946 965 1993 et
1001 1949 1355 2007 perseverare
1407 1949 1495 1991 me
1540 1934 1625 1990 lac
1673 1937 1729 1989 in

141 2033 335 2087 semita
363 2032 731 2085 mandatorum
762 2040 994 2097 tuorum,
1019 2029 1071 2083 id
1094 2039 1177 2083 est
1205 2027 1258 2081 in
1282 2026 1550 2082 mandatis
1575 2040 1729 2081 novae

144 2126 306 2197 legis,
340 2139 457 2194 qua:
482 2123 735 2177 dicuntur
764 2120 1193 2175 antonomastice
1225 2119 1477 2173 mandata
1507 2126 1730 2189 propter

143 2217 226 2269 sui
260 2217 601 2287 dignitatem,
633 2223 688 2269 et
728 2230 848 2283 qua:
875 2214 1129 2267 dicuntur
1160 2212 1355 2267 semita
1400 2219 1620 2281 propter
1646 2208 1730 2265 sui

145 2309 496 2374 ardnitatem,
531 2323 595 2362 eo
622 2307 763 2377 quod
790 2306 979 2376 paucis
1008 2306 1316 2362 communia
1345 2304 1474 2369 sint,
1519 2303 1587 2359 ad
1619 2317 1731 2357 mo-

147 2402 279 2454 dum
320 2402 523 2456 semita:
562 2415 659 2471 per
687 2414 848 2470 quam
894 2397 1050 2471 pauci
1090 2397 1428 2469 gradiuntur.
1467 2395 1621 2462 Quod
1649 2402 1734 2451 est

147 2492 376 2547 direre:
426 2492 537 2547 Fac
568 2506 655 2546 me
694 2492 957 2546 directum
991 2499 1045 2545 et
1070 2497 1510 2559 perseverantem
1542 2488 1596 2542 in
1644 2502 1732 2541 ar-

148 2586 272 2639 duis
313 2584 595 2654 przeceptis
637 2599 788 2638 nova:
825 2583 980 2653 legis.
1020 2581 1152 2649 Qua:
1186 2589 1316 2635 sunt
1350 2580 1505 2635 hmo:
1556 2578 1734 2634 Inimi-

148 2694 273 2731 cum
330 2678 582 2747 diligere,
630 2687 682 2730 et
733 2676 915 2731 omnia
971 2691 1069 2746 pro
1118 2676 1227 2730 Deo
1274 2683 1632 2745 postponere,
1679 2683 1737 2729 et

150 2778 351 2824 caetera
390 2766 716 2837 hujusmodi.
746 2767 869 2822 Ideo
910 2782 1038 2821 vero
1068 2766 1290 2837 dignum
1319 2776 1404 2821 est
1436 2774 1492 2819 ut
1522 2782 1601 2819 me
1642 2766 1735 2821 de-

149 2860 324 2918 ducas
361 2864 413 2912 in
456 2860 641 2913 semita
685 2857 1057 2912 mandatorum
1103 2867 1345 2922 tuorum,
1395 2857 1520 2925 quia
1567 2857 1734 2925 ipsam

150 2952 327 3017 colui;
357 2961 411 3006 et
450 2951 594 3020 quod
640 2950 764 3005 boni
816 2949 1013 3019 aliquis
1062 2950 1200 3004 bene
1230 2947 1367 3013 vult,
1416 2947 1612 3018 dignus
1652 2956 1736 3002 est

148 3045 404 3114 adipisci.
438 3042 619 3097 Deduc
656 3058 757 3107 me,
798 3041 1040 3110 inquam,
1075 3041 1128 3093 in
1156 3042 1361 3094 semita.
1392 3040 1526 3094 Cum
1555 3048 1734 3093 autem

1831 1856 1964 1911 mihi
1995 1855 2251 1912 conscius
2279 1870 2421 1920 sum,
2450 1854 2547 1910 sed
2583 1869 2689 1910 non
2723 1855 2777 1908 in
2805 1854 2907 1909 hoc
2924 1853 3255 1923 justiﬁeatus
3286 1869 3406 1909 sum

1830 1947 1881 2021 (Ι
1908 1946 2031 2003 Cor.
2072 1963 2151 2014 iv,
2178 1948 2255 2017 4).
2295 1966 2313 2000 ι
2348 1947 2479 2005 Dico
2502 1956 2736 2016 amputa,
2776 1954 2881 2001 etc.
2914 1945 3040 2001 llaec
3068 1956 3247 2001 autem
3292 1946 3413 2000 ideo

1830 2054 1947 2104 oro,
1977 2038 2112 2094 licet
2142 2048 2349 2109 peccati
2376 2037 2629 2094 conscius
2659 2052 2768 2093 non
2800 2052 2941 2104 sum,
2968 2038 3091 2108 quia
3129 2039 3242 2092 scio
3268 2036 3409 2107 quod

1822 2128 2032 2198 judicia
2063 2139 2155 2185 tua
2175 2128 2422 2198 jucunda
2452 2136 2599 2195 sunt,
2631 2128 2682 2183 id
2710 2136 2795 2183 est
2821 2126 3000 2183 dulcia
3032 2136 3088 2182 et
3117 2126 3408 2181 delectabi-

1832 2218 1923 2284 lia,
1962 2219 2107 2288 quod
2142 2218 2399 2274 videlicet
2423 2216 2640 2287 judicas
2679 2217 2944 2289 indulgeri
2989 2217 3406 2280 conﬁtentibus;

1831 2326 1938 2366 non
1972 2325 2164 2381 aspera
2192 2319 2318 2364 sunt
2341 2308 2623 2379 utjudicia
2657 2310 2960 2376 hominum,
2992 2309 3085 2380 qui
3108 2312 3177 2365 de
3206 2317 3414 2362 reatum

1833 2422 1988 2461 suum
2022 2404 2412 2460 conﬁtentibus
2440 2402 2767 2471 supplicium
2807 2402 3131 2459 sumendum
3171 2415 3293 2455 esse
3320 2400 3414 2455 dc-

1832 2505 2084 2552 cernunt.
2121 2494 2284 2550 Oravi
2327 2502 2387 2548 ut
2431 2502 2678 2562 amputcs
2708 2492 3082 2563 opprobrium.
3112 2491 3221 2548 Oro
3263 2490 3414 2545 insu-

1833 2605 1950 2661 per,
1984 2589 2189 2657 viriﬁca
2226 2604 2328 2652 me,
2359 2587 2412 2640 id
2441 2594 2546 2654 est,
2572 2586 2656 2641 fac
2676 2602 2762 2641 me
2794 2586 2848 2640 in
2878 2586 3058 2641 anima
3085 2584 3427 2639 viviﬁcatum

1833 2700 1931 2752 per
1956 2682 2371 2751 complctionem
2399 2680 2813 2744 mandatorum;
2849 2686 2903 2731 et
2932 2678 3036 2733 hoc
3063 2676 3151 2731 fac
3173 2677 3226 2731 in
3259 2676 3423 2746 (cqui-

1835 2785 1941 2828 tate
1968 2784 2081 2836 tua,
2116 2775 2168 2828 id
2201 2783 2285 2828 est
2312 2772 2612 2825 secundum
2640 2769 2785 2840 quod
2815 2769 3046 2837 mquitas
3094 2776 3182 2821 tua
3225 2765 3416 2835 exigit.

1834 2868 1970 2920 Ecce
1990 2866 2133 2920 enim
2171 2865 2462 2935 concupiui,
2510 2863 2561 2917 id
2598 2871 2682 2917 est
2724 2859 2879 2913 valde
2913 2858 3114 2928 cupivi,
3159 2859 3429 2911 mandata.

1836 2967 1927 3012 tua
1971 2956 2272 3026 complere,
2305 2964 2361 3011 et
2407 2958 2510 3011 hoc
2557 2952 2652 3008 tibi
2688 2960 2773 3007 est
2802 2967 2942 3016 ecce,
2971 2949 3027 3004 id
3068 2958 3154 3005 est
3180 2962 3419 3019 praesens

1837 3057 1891 3103 et
1922 3045 2291 3103 manifestum.
2322 3045 2570 3114 Ideoque,
2597 3043 2720 3113 quia
2749 3040 3040 3111 concupiui,
3074 3038 3304 3108 mquitas
3326 3046 3416 3092 tua

149 3137 230 3190 sic
263 3136 531 3190 deductus
549 3149 667 3199 ero,
696 3148 803 3188 non
835 3132 962 3187 inde
990 3146 1075 3186 me
1118 3131 1399 3200 superbire
1428 3130 1735 3200 permittas,
1764 3112 1805 3168 Ο
1840 3138 2009 3209 exigit,
2036 3144 2095 3191 ut
2135 3149 2220 3191 me
2265 3112 2487 3208 propter
2517 3112 2627 3189 hoc
2652 3131 2916 3191 vivitices,
2959 3145 3082 3185 cum
3128 3129 3205 3186 sis
3234 3144 3420 3198 aequus

150 3228 246 3282 sed
288 3227 594 3295 iuclina,id
623 3235 708 3281 est
750 3225 975 3285 humilia
1020 3225 1112 3279 tibi
1148 3242 1238 3279 cor
1276 3240 1472 3290 meum,
1500 3232 1559 3276 ut
1592 3223 1739 3278 nullo

150 3322 319 3376 modo
363 3320 697 3386 insolescat;
730 3336 821 3373 cor
841 3336 1011 3373 meum
1046 3318 1507 3387 dico,inlcndcns
1552 3318 1607 3370 in
1636 3326 1739 3369 tes-

151 3413 378 3466 timonia
409 3421 520 3477 tua,
555 3413 607 3467 id
644 3413 806 3467 estin
840 3411 1107 3481 promissa
1148 3420 1259 3477 tua,
1292 3420 1340 3465 et
1383 3427 1485 3464 non
1526 3410 1580 3462 in
1612 3426 1739 3462 ava-

151 3505 360 3571 ritiam,
391 3505 596 3560 scilicet
625 3504 966 3559 humiliatum
989 3502 1074 3559 fac
1099 3518 1192 3558 cor
1220 3517 1397 3558 meum
1420 3510 1472 3556 et
1491 3514 1739 3571 persevc-

152 3611 287 3649 rans
330 3596 383 3649 in
434 3596 708 3650 mandatis
755 3595 883 3658 tuis,
932 3609 1037 3648 non
1084 3602 1330 3663 respectu
1376 3591 1637 3656 avaritiae,
1682 3598 1742 3643 ut

154 3687 367 3756 aliquid
412 3696 681 3741 terrenum
715 3687 839 3741 inde
868 3685 1069 3739 lucrari
1100 3685 1397 3749 intendam,
1430 3682 1569 3737 sicut
1613 3679 1738 3749 qni-

152 3778 282 3831 dam
319 3778 627 3847 hypocrita;
675 3777 769 3833 sed
802 3791 965 3832 causa
1011 3774 1358 3831 nanciscendi
1408 3771 1737 3836 testimonia,

155 3880 272 3933 tua,
298 3868 362 3931 id
390 3878 472 3924 est
512 3869 779 3939 promissa
813 3879 925 3933 tua,
960 3875 1014 3922 et
1054 3866 1143 3921 hic
1168 3874 1222 3920 et
1252 3863 1517 3919 in.futuro
1538 3878 1657 3933 qua:
1685 3862 1742 3916 in

152 3961 455 4032 Evangelio
499 3960 740 4026 testaris,
777 3959 998 4013 dicens:
1034 3977 1051 4009 ι
1083 3958 1161 4011 Ad
1205 3974 1328 4012 eum
1369 3957 1647 4011 veniemus
1688 3963 1742 4009 et

152 4054 501 4108 mansionem
552 4052 689 4122 apud
733 4067 854 4106 eum
898 4051 1158 4106 faciemus
1200 4049 1384 4119 (Joan.
1431 4047 1680 4117 λυπῶ).
1716 4063 1735 4097 ι

155 4142 308 4198 Ecce
356 4143 642 4211 promissio
701 4143 765 4197 de
809 4142 1094 4212 prmsenti;
1152 4142 1217 4195 de
1261 4142 1566 4193 futurorum
1611 4152 1741 4192 vero

153 4235 524 4304 promissione
556 4236 634 4291 sic
676 4235 846 4291 dicit:
896 4254 913 4285 ι
964 4235 1064 4301 Qui
1095 4231 1527 4303 perseveraverit
1572 4242 1744 4299 usque

154 4327 210 4383 in
244 4327 432 4394 ﬁnem,
474 4327 562 4381 hic
586 4327 767 4382 salvus
796 4328 899 4380 erit
934 4325 1146 4397 (Matth.
1174 4341 1228 4390 χ,
1252 4322 1352 4388 22;
1385 4338 1535 4386 xxiv,
1569 4320 1678 4390 15).
1718 4338 1767 4371 ι,

227 4420 365 4484 Oro,
395 4420 625 4485 inclina;
650 4434 746 4474 oro
778 4432 1009 4487 quoque,
1042 4425 1215 4469 averte
1238 4414 1416 4468 oculos
1441 4428 1579 4466 meos
1608 4412 1740 4464 inte-

154 4515 359 4577 riores,
388 4530 448 4567 ne
474 4514 679 4567 videant
709 4513 1015 4575 vanitatem,
1049 4511 1099 4563 id
1121 4520 1204 4564 est
1227 4519 1413 4569 averte
1436 4505 1745 4560 atlectiones

156 4607 344 4661 cordis
367 4607 493 4670 mei,
538 4620 604 4659 ne
648 4606 884 4676 COgitent
914 4602 1231 4663 vanitatem,
1263 4600 1471 4655 scilicet
1499 4612 1575 4651 ne
1609 4596 1748 4650 bene

154 4711 356 4764 operer
386 4712 549 4751 causa
574 4712 722 4751 vana:
746 4695 929 4766 gloria:
956 4703 1011 4748 et
1036 4694 1235 4749 favoris
1269 4691 1514 4749 humani.
1550 4689 1747 4744 Videre

156 4804 260 4858 pro
317 4790 560 4858 cogitare
605 4788 756 4857 ponit
801 4801 865 4841 eo
914 4785 1056 4855 quod
1109 4799 1201 4838 ουτ
1248 4783 1394 4837 nullo
1434 4782 1542 4836 alio
1589 4779 1749 4834 modo

154 4882 312 4935 videt
337 4896 498 4949 quam
526 4879 828 4949 c0gitando.
856 4875 963 4931 Oro
991 4874 1450 4944 insuper,riri/ica
1475 4887 1554 4926 me
1584 4872 1636 4925 in
1667 4870 1750 4923 via

156 4985 277 5038 tua,
306 4974 358 5027 id
390 4982 471 5027 est
497 4971 583 5026 lac
612 4988 698 5026 me
723 4970 1026 5040 intelligere
1051 4967 1465 5022 viviﬁcationem
1498 4977 1749 5033 magnam

156 5083 287 5124 esse
317 5068 420 5122 lioc
449 5066 617 5137 478
658 5067 799 5135 quod
830 5066 1027 5135 aliquis
1050 5073 1132 5119 est
1158 5063 1211 5117 in
1244 5063 1329 5116 via
1371 5060 1749 5115 mandatorum

160 5171 407 5214 tuorum.
438 5160 593 5225 Quod
622 5168 705 5213 est
734 5159 950 5211 dicere:
984 5156 1052 5211 Ut
1085 5155 1256 5225 magis
1286 5156 1340 5207 in
1376 5153 1457 5206 via
1500 5162 1587 5206 tua
1626 5165 1751 5219 pcr-

158 5253 379 5317 sistam,
418 5251 504 5305 lac
544 5266 630 5305 me
670 5250 843 5305 oculis
879 5251 1080 5304 mentis
1115 5263 1329 5317 semper
1354 5246 1559 5309 videre,
1600 5244 1765 5297 illum.

158 5343 373 5397 vultum
423 5342 811 5396 viviﬁcationis
852 5340 965 5408 jam
1015 5340 1217 5394 habere
1262 5338 1354 5407 qui
1400 5338 1452 5391 in
1511 5337 1612 5390 hac
1665 5336 1751 5389 via

160 5435 433 5505 persistit.
479 5432 596 5487 Non
624 5433 795 5486 solum
835 5442 1012 5485 autem
1044 5446 1143 5485 oro
1173 5430 1366 5484 deduci
1414 5430 1468 5480 in
1513 5426 1750 5480 semitam

156 5526 543 5577 mandatorum
568 5532 799 5587 tuorum,
813 5521 906 5576 sed
924 5538 1019 5576 oro
1041 5536 1276 5590 quoque,
1295 5529 1465 5572 statue
1491 5516 1752 5585 eloquium

156 5629 313 5670 tuum
358 5632 512 5670 servo
532 5624 652 5679 tuo,
684 5615 735 5669 id
764 5624 846 5670 est
876 5615 1029 5679 mihi,
1072 5614 1197 5682 quia
1229 5627 1418 5667 servus
1453 5620 1576 5664 tuus
1608 5624 1748 5671 sum,

156 5720 429 5770 statutum
456 5717 509 5763 ct
537 5709 745 5762 ﬁrmum
770 5705 850 5761 lac
873 5714 1196 5776 [II‘LDCCpilIIII
1226 5714 1398 5772 tuum,
1426 5719 1491 5755 ne
1514 5714 1767 5769 unquam.

1832 3228 2017 3298 judex.

1911 3319 2053 3386 Van,
2093 3320 2482 3391 interpretatur
2507 3317 2592 3373 vel
2620 3316 2706 3372 ille
2727 3315 2811 3373 vel
2842 3314 2930 3370 ille
2953 3324 3050 3370 est.
3080 3310 3424 3371 Convenien-

1842 3420 1925 3466 ter
1959 3426 2089 3482 ergo
2147 3409 2258 3465 Vau
2309 3425 2562 3465 versuum
2606 3418 2772 3465 sexta:
2813 3406 3068 3463 clausulae
3093 3403 3420 3476 principium

1841 3514 1946 3569 cst,
1974 3517 2034 3558 ut
2072 3518 2139 3558 ex
2173 3504 2275 3559 hoc
2304 3511 2561 3573 appareat
2597 3509 2866 3571 quatenus
2896 3499 2984 3555 hic
3026 3499 3093 3553 de
3142 3497 3285 3552 illius
3332 3494 3427 3549 ad-

1842 3606 2004 3650 ventu
2037 3595 2111 3650 sit
2133 3595 2307 3650 oratio
2336 3610 2364 3647 a
2399 3593 2670 3658 ﬁdelibus,
2706 3594 2796 3661 qui
2836 3606 2964 3647 vere
2990 3602 3074 3648 est
3104 3590 3419 3645 misericor-

1842 3689 1931 3743 dia
1974 3687 2175 3753 Patris,
2208 3697 2262 3743 et
2293 3686 2437 3752 Filii,
2482 3697 2536 3741 et
2566 3685 2793 3740 salvatio
2839 3683 3074 3739 ﬁdelium
3113 3682 3189 3737 de
3221 3680 3425 3750 Spiritu

1842 3791 2031 3837 sancto
2060 3780 2292 3836 scilicet.
2325 3779 2534 3834 Dicitur
2558 3778 2702 3833 enim
2732 3776 2967 3845 Spiritus
3000 3782 3223 3830 sanctus
3257 3772 3420 3827 mise-

1842 3875 2079 3930 ricordia
2125 3874 2304 3929 Patris
2347 3883 2402 3928 et
2446 3872 2589 3938 Filii,
2615 3888 2680 3927 eo
2708 3872 2853 3941 quod
2896 3871 3015 3941 ejus
3064 3869 3428 3925 illustrationc

1843 3966 2008 4022 Pater
2039 3975 2092 4021 et
2113 3966 2284 4020 Filius
2314 3964 2743 4020 misericorditer
2772 3962 3002 4017 salutem
3026 3961 3269 4015 ﬁdeliqu
3296 3972 3425 4028 ope-

1845 4068 2056 4112 rantur.
2088 4060 2162 4113 De
2188 4058 2292 4113 hoc
2326 4056 2533 4127 Spiritu
2563 4065 2754 4111 sancto
2785 4054 2872 4108 hic
2900 4052 3147 4108 collectio
3187 4047 3426 4105 ﬁdelium

1844 4158 1986 4217 orat,
2032 4158 2088 4204 ut
2134 4149 2187 4203 in
2222 4158 2456 4204 mentem
2487 4164 2638 4203 suam
2677 4145 2985 4215 specialiter
3010 4142 3209 4205 veniat,
3243 4148 3296 4194 et
3326 4139 3430 4194 sibi

1844 4239 2157 4295 facundiam
2204 4238 2444 4294 scientia:
2470 4246 2524 4291 et
2549 4236 2745 4305 eloquii
2781 4235 3001 4298 tribuat,
3032 4240 3091 4286 ut
3120 4229 3428 4285 inlidclibus

1846 4333 1949 4387 sibi
1992 4332 2447 4401 exprobrantibus
2478 4328 2876 4383 rationabiliter
2908 4324 3259 4395 respondeat.
3295 4322 3427 4377 Orat

1847 4438 2062 4493 quoque
2109 4438 2176 4478 ne
2224 4424 2290 4477 ab
2318 4420 2534 4491 eloquio
2566 4419 2685 4483 Dei,
2733 4428 2789 4473 et
2814 4434 2844 4472 a
2890 4418 3026 4488 legis
3055 4414 3299 4471 custodia
3330 4430 3430 4467 un-

1849 4529 2012 4583 quam
2043 4512 2278 4568 deﬁciat.
2304 4511 2563 4581 Adjungit
2592 4510 2813 4579 insuper
2837 4522 3031 4564 causas
3059 4523 3157 4563 cur
3197 4508 3300 4562 hoc
3338 4506 3431 4561 de-

1850 4606 1977 4660 beat
2015 4607 2260 4661 obtinere
2289 4605 2431 4673 quod
2476 4612 2618 4659 orat.
2652 4602 2755 4658 Per
2795 4604 2896 4658 hoc
2933 4611 3113 4657 autem
3159 4601 3434 4655 auditores

1852 4696 2071 4751 instruit
2104 4712 2199 4765 per
2226 4697 2339 4750 haec
2361 4695 2552 4750 eadem
2578 4709 2757 4749 orare.
2786 4693 2923 4761 Quia
2948 4708 3078 4748 vero
3104 4693 3170 4748 de
3197 4706 3430 4764 persona

1854 4787 2090 4857 Spiritus
2136 4786 2313 4841 sancti
2356 4786 2427 4841 sit
2456 4785 2545 4840 hic
2573 4785 2771 4850 oratio,
2817 4799 2916 4853 per
2952 4784 3064 4838 vim
3106 4784 3436 4852 interpreta-

1856 4881 2018 4934 tionis
2063 4878 2221 4948 hujus
2265 4880 2459 4933 littera:
2504 4880 2816 4934 denotatur.
2857 4877 2992 4932 Cum
3026 4876 3171 4932 enim
3216 4872 3432 4931 Patrem

1854 4973 1920 5027 de
1958 4972 2097 5026 Filio
2138 4970 2389 5041 superius
2429 4970 2691 5034 oraverit,
2728 4977 2789 5024 ut
2820 4976 2967 5024 esset
3003 4968 3053 5022 ei
3094 4967 3203 5031 lex,
3244 4974 3301 5020 et
3346 4966 3443 5019 hic

1863 5066 1977 5120 Vuu
2024 5066 2383 5129 inscribatur;
2428 5079 2546 5132 quae
2594 5072 2648 5117 et
2694 5063 2781 5116 ille
2833 5063 3244 5130 interpretatur,
3293 5058 3433 5111 idem

1854 5159 1995 5213 valet
2022 5173 2085 5212 ac
2114 5160 2158 5212 si
2200 5163 2390 5225 aperte
2416 5155 2729 5209 diceretur:
2764 5152 2951 5215 Oravi,
2988 5149 3215 5204 Domine
3250 5150 3433 5210 I’atcr,

1855 5259 1913 5303 ut
1944 5245 2285 5315 Filium,qui
2328 5244 2414 5298 via
2454 5252 2539 5297 est
2573 5241 3040 5308 justiﬁeationum,
3087 5237 3217 5291 mihi
3260 5235 3450 5306 legem.

1857 5322 2043 5410 ponas.
2088 5338 2197 5393 Oro
2227 5346 2286 5391 ut
2320 5335 2405 5389 ille
2438 5334 2630 5389 tertius
2658 5334 2709 5386 in
2752 5347 3002 5401 persona,
3029 5330 3114 5383 ille
3141 5328 3430 5396 gloriosus,

1857 5432 1943 5486 ille
1968 5410 2309 5502 magniﬁcus,
2341 5429 2578 5499 Spiritus
2602 5434 2823 5482 sanctus
2848 5423 3075 5487 scilicet,
3103 5422 3170 5475 ad
3206 5436 3291 5475 me
3313 5436 3435 5490 spe-

1856 5524 2065 5579 cialiter
2090 5524 2359 5577 mittatur.
2389 5522 2713 5586 Plerumque
2749 5531 2940 5585 nempe
2962 5531 3084 5583 cum
3114 5514 3200 5567 ille
3227 5513 3305 5567 sic
3342 5513 3437 5565 ab-

1858 5614 2301 5685 soluteponitur,
2346 5608 2547 5679 aliquid
2582 5622 2834 5675 magnum
2882 5614 2937 5660 et
2982 5604 3218 5659 notabile
3264 5604 3434 5656 deno-

1860 5714 2020 5760 tatur.
2070 5705 2126 5759 Si
2160 5718 2293 5781 vero
2328 5701 2490 5757 aliam
2528 5695 2701 5766 hujus.
2726 5698 2871 5754 vocis
2921 5694 3448 5765 interpretationem.
