3978 6328
505 267 518 272 ’
598 307 727 360 t-27t

595 421 966 491 inspiciamus,
1001 419 1355 476 intentionem
1401 417 1562 484 hujus
1593 418 1845 472 clausula:
1875 434 2164 489 cugnosce-
2195 424 2240 473 Α

594 531 737 569 mus.
761 515 891 568 Cum
917 513 1079 572 enim,
1105 522 1162 566 ut
1187 513 1386 566 dictmn
1411 523 1514 575 est,
1550 510 1662 564 Van
1690 512 1777 564 ille
1801 523 1874 564 est
1903 521 2166 581 Interpre-

597 614 767 666 tetur,
795 605 910 657 vult
939 605 1042 658 hoc
1068 601 1214 655 inuui
1253 603 1397 670 quod
1427 601 1514 654 ille
1546 616 1670 656 vere
1694 611 1768 655 est
1802 610 1857 655 et
1885 602 1950 656 ad
1981 618 2166 656 verum

589 709 714 749 esse
737 694 849 764 jam
877 692 1086 747 accedit
1119 692 1172 746 in
1219 707 1377 762 quem
1410 691 1643 760 Spiritus
1688 701 1931 754 sanctus,
1970 693 2036 747 de
2061 707 2168 761 quo

595 785 684 839 hic
710 793 851 846 orat,
886 782 1195 852 specialiter
1231 781 1464 834 advenit.
1498 780 1649 836 Unde
1689 782 1946 836 nimirum
1975 791 2168 852 patens

593 888 678 933 est
708 879 850 947 quod
881 891 944 930 ea
991 875 1288 929 intentione
1327 873 1413 927 hic
1461 874 1526 928 de
1573 878 1809 928 adventu
1858 876 1974 944 ejus
2020 885 2164 940 orat,

595 979 654 1022 nt
675 968 950 1023 auditores
978 966 1092 1035 ejus
1121 964 1187 1018 de
1228 964 1464 1018 adventu
1493 978 1651 1020 orare
1679 964 1932 1030 instruat,
1959 974 2019 1020 ut
2043 979 2164 1020 esse

592 1059 822 1126 possint.
848 1056 944 1110 Est
965 1065 1140 1109 autem
1161 1053 1513 1123 :equipollens
1540 1070 1603 1109 ac
1627 1054 1672 1110 si
1696 1055 1775 1110 sic
1800 1055 1959 1124 plane
1981 1055 2161 1111 dicat:

592 1147 1034 1216 Quandoquidem
1059 1146 1146 1199 ille
1175 1155 1248 1198 est
1296 1160 1512 1210 revera,
1559 1146 1612 1198 in
1642 1160 1748 1214 quo
1777 1145 2016 1214 Spiritus
2040 1161 2167 1200 san-

591 1249 711 1292 ctus
763 1249 862 1302 est,
909 1237 974 1290 de
1019 1236 1136 1305 ejus
1188 1235 1423 1289 adventu
1466 1251 1562 1289 vos
1611 1250 1770 1289 orare
1817 1233 2162 1290 utilissimum

587 1341 688 1386 εει.

648 1421 904 1474 Etveutat
931 1429 1211 1488 superine,
1229 1429 1334 1472 etc.
1365 1418 1508 1472 Istud
1533 1429 1578 1472 et
1605 1427 1812 1488 spectat
1839 1421 1903 1472 ad
1921 1417 2022 1472 alia
2045 1434 2164 1488 qum

587 1512 763 1578 posita
779 1512 968 1565 suntin
988 1510 1232 1578 sequenti
1252 1511 1341 1563 ubi
1360 1511 1488 1564 dicit
1511 1521 1588 1563 εει
1613 1510 1948 1579 respondebo,
1963 1518 2092 1573 ete.,
2110 1520 2161 1566 et

583 1600 750 1672 479
791 1600 1023 1670 auferas,
1072 1609 1199 1662 etc.;
1246 1609 1292 1653 et
1337 1601 1646 1664 custodiam,
1691 1609 1792 1653 etc.
1848 1601 1939 1656 Est
1982 1612 2162 1656 autem

585 1692 690 1747 tale
722 1707 786 1746 ac
830 1691 876 1745 si
923 1691 1129 1746 diceret
1163 1710 1174 1744 :
1207 1690 1392 1754 Oravi,
1425 1691 1650 1746 Domine
1683 1689 1864 1755 Pater,
1912 1701 1968 1745 ut
2011 1691 2161 1746 Chri-

1161 306 1220 360 S.
1263 303 1610 362 BRU‘NONIS
1648 283 2291 362 CAR'l‘llUSlANORUM
2329 309 2816 368 INSTITUTORIS
2856 313 3004 370 OPP.
3034 315 3210 374 PARS
3239 318 3279 373 Ι.

3703 327 3812 383 Ιὲἷὶ

2343 418 2423 486 Ne
2468 421 2711 488 auferas,
2765 423 3015 493 inquam,
3068 442 3468 498 usquequaque,
3520 431 3573 486 id
3619 443 3694 488 est
3732 437 3812 491 ullo

2273 507 2449 572 modo,
2479 510 2582 564 ulla
2611 514 2887 570 anxietate
2915 516 3348 586 tribulationum,
3395 521 3504 576 ulla
3540 523 3812 595 deceptione

2272 599 2578 654 verborum.
2611 602 2763 669 Quod
2793 615 2876 660 est
2906 607 3087 662 dicere
3115 624 3129 662 :
3160 609 3278 665 Non
3310 613 3487 668 solum
3531 630 3626 671 oro
3649 617 3814 677 habere

2273 689 2325 742 in
2356 692 2518 745 corde
2544 694 2766 748 verbum
2808 695 3165 754 confessionis
3198 703 3298 764 tui,
3329 703 3424 757 sed
3473 704 3634 759 etiant
3662 723 3744 765 oro
3767 722 3813 764 ut

2271 781 2412 835 nulla
2446 797 2606 836 causa
2653 785 2824 854 possit
2868 788 2934 840 ab
2977 787 3175 858 iniquis
3210 791 3415 846 auferri
3464 794 3533 848 ab
3575 812 3682 863 ore,
3708 803 3812 869 quin

2272 873 2365 928 tibi
2414 891 2630 944 semper.
2681 877 2976 945 confitear,
3025 881 3077 934 id
3121 890 3205 936 est
3252 893 3304 937 te
3349 886 3676 941 annuntiem.
3718 889 3813 945 Non

2269 963 2411 1016 enim
2439 963 2636 1019 sufﬁcit
2662 967 2862 1023 habere
2886 971 3110 1025 verbum
3139 973 3242 1027 hoc
3277 973 3330 1027 in
3355 975 3543 1039 corde,
3565 978 3657 1032 nisi
3680 982 3814 1037 etiam

2269 1054 2339 1108 sit
2377 1055 2430 1108 in
2469 1071 2584 1111 ore.
2614 1057 2750 1112 Nam
2787 1063 2905 1129 «qui
2933 1063 3212 1119 erubuerit
3235 1081 3373 1128 me,»
3412 1065 3810 1136 dicitDomiuus,

2274 1164 2292 1196 ι
2331 1161 2512 1201 coram
2561 1150 2890 1217 hominibus,
2936 1156 3255 1210 erubest’am
3289 1168 3343 1212 et
3383 1173 3487 1228 ego
3513 1175 3631 1214 eum
3658 1177 3813 1218 coram

2266 1234 2427 1292 Patre
2470 1253 2588 1294 meo
2633 1240 2782 1309 (Luc.
2827 1259 2912 1308 ιι,
2950 1244 3062 1316 ‘26).
3097 1267 3114 1298 ι
3162 1247 3228 1302 Et
3259 1248 3591 1318 Apostolus:
3624 1273 3639 1302 ι
3669 1252 3814 1308 Corde

2267 1324 2505 1379 creditur
2551 1329 2617 1382 ad
2654 1329 2947 1397 justitiam,
2996 1349 3092 1389 ore
3139 1333 3318 1390 autem
3365 1339 3632 1396 confessio
3669 1343 3721 1396 fit
3759 1346 3814 1397 ad

2266 1411 2494 1468 salutem
2525 1414 2702 1485 (Rom.
2733 1435 2789 1486 x,
2825 1421 2931 1492 10).
2967 1441 2984 1473 ι
3033 1422 3223 1480 Posset
3249 1426 3353 1480 diei
3385 1447 3398 1480 :
3431 1428 3608 1494 Quare
3634 1446 3744 1486 oras
3768 1442 3818 1486 ut

2264 1520 2369 1559 non
2421 1508 2701 1563 auferatur
2748 1513 2970 1566 verbum
3023 1514 3090 1568 de
3135 1530 3229 1568 ore
3287 1525 3399 1578 tuo,
3453 1533 3574 1572 cum
3628 1531 3815 1590 propter

2263 1598 2484 1652 verbum
2538 1601 2658 1667 hoc,
2711 1603 2821 1656 nisi.
2863 1603 3100 1658 ablatum
3150 1605 3331 1670 fuerit,
3367 1608 3443 1663 sis
3475 1611 3814 1665 tribulationes

2262 1703 2540 1758 passurus.
2587 1692 2665 1746 Ad
2711 1694 2813 1748 hoc
2849 1710 2978 1764 ergo
3016 1697 3094 1750 sic
3137 1701 3429 1766 respondet
3462 1716 3474 1751 :
3513 1699 3630 1754 Ideo
3658 1718 3814 1770 quaeso

581 1796 748 1848 smm,
779 1785 868 1854 qui
895 1797 979 1840 est
1000 1784 1083 1837 via
1109 1783 1578 1853 justificationum,
1605 1783 1774 1854 legem
1808 1783 1935 1838 mihi
1970 1799 2157 1852 ponas,
2193 1761 2234 1817 Β
2265 1797 2331 1834 ne
2361 1779 2639 1836 auferatur
2666 1785 2919 1849 verbum,
2953 1795 3174 1856 pr0pter
3211 1788 3602 1855 tribulationes,
3636 1797 3745 1860 quia
3771 1793 3814 1846 in

581 1886 636 1928 et
666 1876 758 1930 des
795 1875 924 1928 mihi
965 1874 1327 1939 intellectum,
1361 1883 1469 1928 etc.
1507 1874 1627 1928 Dixi
1661 1874 1824 1930 etiam
1858 1874 2000 1943 quod
2037 1891 2159 1928 con—

581 1967 751 2034 rupivi
779 1965 1028 2018 mandata
1053 1974 1174 2028 tua;
1199 1964 1340 2034 quod
1375 1964 1464 2018 tibi
1497 1974 1601 2030 est,
1623 1981 1755 2018 ecce.
1785 1962 1904 2020 Oro.
1923 1981 2154 2034 quoque,

579 2056 828 2121 Domine,
862 2071 983 2112 cum
1016 2056 1118 2111 hoc
1150 2057 1238 2120 sit,
1274 2055 1417 2125 quod
1459 2057 1725 2124 concupivi
1760 2055 2010 2109 mandata
2041 2067 2155 2122 tua,

578 2158 848 2218 quatenus
887 2157 934 2202 et
973 2149 1139 2202 veniat
1171 2146 1532 2200 misericordia
1564 2156 1674 2210 tua,
1716 2146 1767 2199 id
1805 2154 1886 2199 est
1923 2146 2157 2214 Spiritus

578 2249 824 2306 sanctus,
875 2257 1030 2309 super
1071 2257 1180 2304 me,
1229 2240 1279 2294 id
1329 2248 1412 2293 est
1457 2239 1508 2292 in
1558 2238 1889 2307 superiorem
1945 2250 2154 2307 partem

575 2345 780 2394 meam,
825 2329 1029 2383 scilicet
1054 2329 1105 2382 in
1153 2329 1412 2391 animam,
1444 2337 1496 2382 et
1530 2327 1765 2381 salutare
1797 2337 1943 2380 tuum
1985 2327 2153 2381 veniat

577 2435 732 2483 super
773 2434 871 2482 me,
908 2417 957 2470 id
995 2427 1077 2471 est
1122 2416 1359 2486 Spiritus
1404 2426 1620 2471 sanctus
1666 2418 1755 2485 qui
1805 2427 1888 2471 est
1928 2417 2154 2473 salvatio

579 2507 838 2570 tidelimn,
872 2506 1012 2574 quod
1041 2515 1122 2559 est
1154 2521 1213 2560 ac
1249 2506 1294 2559 si
1323 2506 1466 2560 dicat
1503 2523 1514 2557 :
1551 2505 1800 2560 Salutare
1826 2514 2000 2570 tuum,
2031 2507 2153 2576 Spi-

577 2599 712 2650 ritus
742 2607 961 2652 sanctus
989 2597 1218 2660 scilicet,
1257 2597 1424 2650 veniat
1453 2613 1608 2666 super
1635 2613 1730 2659 me,
1771 2608 1825 2650 et
1856 2598 1957 2652 hoc
1985 2599 2054 2651 sit
2086 2614 2152 2652 ex

576 2687 944 2740 misericordia
977 2695 1065 2739 tua
1115 2695 1170 2738 et
1215 2685 1436 2739 salutari
1471 2697 1580 2741 tuo.
1615 2685 1944 2741 Determiuat
1971 2695 2147 2740 autem

573 2775 804 2844 qualiter
832 2785 968 2839 oret,
1001 2785 1055 2828 ut
1085 2777 1252 2829 veniat
1282 2775 1336 2828 in
1365 2792 1509 2840 eum,
1539 2792 1660 2831 cum
1691 2777 1839 2830 addit
1864 2779 2148 2831 secundum

571 2869 829 2938 eloquium
855 2881 1019 2922 tuum.
1049 2869 1199 2934 Quod
1223 2878 1305 2923 est
1332 2883 1393 2923 ac
1415 2870 1459 2923 si
1486 2869 1655 2923 dicat:
1676 2870 1784 2924 Oro
1815 2878 1873 2923 ut
1903 2872 2069 2925 veniat
2096 2871 2146 2924 iu

570 2977 656 3016 me
690 2959 921 3015 salutare
951 2971 1120 3026 tuum,
1156 2971 1209 3016 et
1239 2962 1340 3016 hoc
1369 2964 1654 3016 secundum
1685 2962 1945 3033 eloquium
1974 2973 2144 3028 tuum,

568 3053 620 3106 id
658 3061 740 3106 est
777 3054 1066 3107 secundmn
1102 3056 1201 3107 hoc
1230 3067 1326 3107 oro
1358 3063 1415 3106 ut
1447 3054 1496 3107 in
1538 3068 1622 3108 me
1655 3056 1831 3108 veniat
1857 3097 1870 3116 ,
1922 3065 1981 3110 ut
2016 3057 2144 3111 mihi
2177 3100 2216 3121 ,η

567 3145 657 3198 det
701 3145 973 3214 eloquium
1030 3154 1178 3198 tuum
1231 3145 1443 3199 scilicet
1489 3146 1727 3201 scientiae
1780 3157 1835 3200 et
1883 3147 2147 3203 facundiae

567 3234 711 3304 quod
739 3249 805 3287 ex
840 3244 889 3288 te
932 3245 1033 3288 est.
1067 3235 1163 3288 Est
1202 3244 1381 3288 autem
1431 3237 1533 3290 hoc
1581 3238 1948 3306 mquipollens,
1993 3241 2147 3308 quasi

565 3326 646 3380 sic
695 3335 966 3394 poneret:
1004 3326 1077 3379 Da
1125 3327 1256 3380 mihi
1307 3327 1570 3396 Spiritum
1605 3340 1871 3394 sanetum,
1920 3333 2010 3400 qui
2063 3349 2147 3385 tne

567 3417 793 3472 scientia
821 3427 874 3473 et
919 3417 1172 3472 facundia
1219 3419 1498 3474 illuminat.
1543 3420 1634 3484 Et,
1669 3422 1710 3476 si
1741 3423 1972 3477 salutare
1999 3433 2142 3476 tuum

566 3510 620 3560 in
663 3525 742 3562 nte
787 3511 975 3573 veniat,
1021 3511 1110 3579 qui
1157 3526 1240 3564 me
1287 3509 1576 3566 facundum
1615 3514 1796 3578 faciat,
1833 3517 2143 3584 respondebo

565 3594 796 3662 verbum,
848 3601 901 3655 id
947 3612 1028 3656 est
1072 3603 1442 3658 rationabilem
1485 3621 1787 3660 sermonem
1838 3607 2143 3664 infidelibus

567 3701 620 3744 et
658 3692 927 3748 luereticis
975 3697 1401 3763 exprobrantibus
1444 3697 1591 3762 mihi,
1617 3699 1822 3754 scilicet
1868 3701 1959 3769 qui
2011 3702 2141 3755 tuihi

566 3791 786 3852 propter
831 3785 1195 3856 integritatem
1235 3789 1353 3841 fidei
1398 3797 1452 3842 et
1495 3789 1617 3844 vitae
1665 3807 1796 3846 mea:
1847 3793 2039 3860 probra
2087 3803 2142 3847 et

565 3872 810 3927 convicia
866 3869 1142 3943 ingerunt.
1197 3875 1431 3930 Verbum
1481 3893 1717 3946 congrue
1766 3881 2137 3935 rationabilem

564 3979 868 4019 sermonem
899 3964 1050 4018 dicit.
1093 3963 1342 4034 Loqucla:
1376 3984 1606 4036 namque
1641 3971 2018 4026 luereticorum
2059 3974 2139 4028 vel

562 4065 881 4110 caeterorum
913 4055 1228 4120 infidelium,
1279 4073 1398 4118 Ctltll
1448 4059 1579 4112 nihil
1630 4062 1738 4115 sint
1789 4064 1889 4118 nisi
1921 4075 2137 4119 ventosa

562 4143 887 4213 garrulitas,
943 4146 1105 4201 verba
1159 4146 1384 4202 dicenda
1431 4164 1536 4203 non
1595 4160 1747 4216 sunt,
1803 4153 1894 4206 sed
1950 4163 2140 4210 ventus

560 4236 760 4290 inanis.
811 4235 1060 4292 Ostendit
1099 4247 1280 4293 autem
1330 4253 1499 4307 quare
1546 4250 1824 4311 tantopere
1865 4255 1983 4300 oret
2033 4246 2136 4301 sibi

561 4327 676 4382 dari
706 4327 978 4397 eloquium
1007 4328 1119 4393 Dei,
1145 4345 1270 4384 cum
1301 4331 1380 4384 sic
1409 4331 1593 4385 addit:
1625 4333 1828 4388 Idcirco
1861 4343 2137 4404 tantopere

2253 1870 2472 1936 judiciis
2497 1873 2602 1926 tuis
2631 1876 2990 1943 supersperavi
3024 1877 3423 1943 remissionem,
3453 1879 3504 1932 id
3528 1889 3608 1933 est
3629 1891 3814 1950 propter

2263 1960 2640 2018 tribulationes
2667 1980 2786 2034 quae
2812 1965 3017 2034 judicia
3051 1977 3140 2019 tua
3183 1967 3458 2035 dicuntur,
3481 1985 3549 2024 eo
3579 1972 3710 2040 quod
3738 1988 3812 2028 eas

2253 2050 2465 2119 judicas
2496 2067 2615 2108 esse
2653 2065 2838 2123 prole
2878 2057 3180 2125 patiendas,
3209 2061 3421 2128 speravi
3455 2065 3802 2118 remuneratio-

2259 2162 2404 2210 nem.
2452 2145 2516 2200 Et
2561 2147 2697 2202 bene
2729 2147 2884 2212 dicit,
2927 2165 3114 2217 super;
3161 2163 3222 2203 ac
3263 2149 3307 2202 si
3353 2151 3501 2203 dicat
3541 2170 3553 2203 :
3597 2151 3718 2206 Cum
3758 2172 3814 2209 ex

2257 2237 2668 2293 annuntiatione
2691 2239 2842 2293 verbi
2870 2240 2944 2292 tui
2971 2241 3301 2310 speraverim
3331 2246 3810 2309 remunerationem,

2257 2337 2476 2395 propter
2530 2328 2875 2384 tolerantiam
2933 2330 3172 2400 ipsarum
3232 2332 3672 2399 tribulationum,
3716 2338 3813 2407 plus

2255 2421 2464 2489 speravi
2500 2423 3009 2484 remunerationem,
3032 2424 3157 2491 quia
3191 2425 3236 2476 si
3269 2424 3594 2493 simpliciter
3620 2429 3809 2481 verbum

2254 2511 2660 2576 annuntiarem,
2702 2520 2755 2566 et
2783 2529 2881 2581 pro
2908 2528 2975 2567 eo
3009 2530 3114 2567 non
3154 2523 3388 2582 paterer.
3429 2515 3520 2568 Vel
3548 2518 3626 2570 sic
3654 2536 3663 2569 :
3697 2518 3810 2582 Quia

2253 2603 2305 2655 in
2338 2603 2556 2671 judiciis
2597 2606 2720 2665 tuis,
2755 2605 2809 2658 id
2843 2614 2926 2659 est
2958 2605 3010 2658 in
3045 2604 3388 2659 tolerantiam
3433 2607 3808 2662 tribulationum

2251 2694 2627 2762 supcrsperavi,
2663 2694 2715 2748 id
2757 2704 2840 2748 est
2876 2693 3134 2762 majorem
3193 2697 3684 2751 remunerationem
3711 2713 3810 2767 spe-

2252 2781 2362 2834 ravi
2392 2797 2552 2850 quam
2584 2782 2656 2836 sit
2683 2783 2796 2852 ipsa
2844 2783 3252 2838 tribulationum
3296 2785 3567 2838 anxietas.
3612 2785 3808 2853 Ideoque

2250 2886 2365 2935 oro,
2399 2887 2460 2923 ne
2486 2872 2697 2941 auferas
2725 2873 2956 2927 verbum.
2987 2872 3136 2928 Unde
3165 2873 3458 2944 Apostolus
3492 2893 3506 2929 :
3546 2876 3808 2930 (Existimo

2248 2963 2389 3032 quod
2422 2979 2528 3017 non
2569 2973 2697 3017 sunt
2741 2965 3020 3035 condigna:
3065 2965 3349 3036 passiones
3380 2967 3542 3037 hujus
3585 2967 3808 3035 temporis

2251 3055 2316 3108 ad
2349 3054 2580 3108 futuram
2609 3055 2838 3124 gloriam
2869 3073 2986 3128 qua:
3017 3057 3348 3112 revelabitur
3378 3058 3434 3112 in
3474 3059 3629 3112 nobis
3652 3058 3802 3129 (flatu.

2251 3161 2365 3206 vui,
2405 3146 2505 3215 l3).
2547 3168 2566 3198 ι
2604 3145 2737 3202 Orat
2783 3159 2987 3214 autem,
3023 3164 3092 3202 ne
3137 3148 3418 3203 inimicum
3468 3150 3592 3204 odio
3639 3149 3804 3202 habent

2251 3235 2480 3304 aliquem
2531 3237 2584 3290 in
2633 3238 3109 3302 tribulationibus,
3160 3245 3383 3308 prepter
3424 3238 3808 3308 tribulationes;

2250 3329 2343 3383 sed
2388 3330 2626 3397 plenarie
2670 3331 2900 3384 retineat
2943 3331 2994 3384 iu
3032 3331 3161 3399 ipsis
3200 3329 3806 3402 tribulationibusm

2251 3420 2590 3474 dilectionem
2635 3421 2730 3475 Dei
2773 3430 2824 3475 et
2855 3421 3107 3490 proximi.
3141 3420 3313 3488 Quam
3351 3421 3686 3476 dilectionem
3721 3435 3801 3487 per

2249 3512 2678 3567 antonomasiam
2714 3512 2886 3582 legem
2923 3522 3101 3575 vocat,
3125 3527 3189 3566 eo
3213 3514 3355 3581 quod
3389 3513 3440 3566 in
3473 3512 3573 3566 bac
3603 3521 3701 3566 tota
3727 3510 3799 3563 lex

2245 3604 2440 3673 pendet
2483 3611 2534 3657 ct
2570 3605 2864 3672 prophetae.
2906 3602 2962 3658 Si
2995 3604 3140 3658 enim
3172 3604 3274 3658 hac
3311 3603 3430 3672 lege
3461 3613 3684 3666 careret,
3726 3603 3797 3656 iu-

2245 3697 2446 3751 utiliter
2471 3697 2839 3752 tribulationes
2862 3681 3176 3762 sustineret,
3203 3696 3358 3765 juxta
3383 3697 3512 3752 illud
3544 3693 3796 3766 Apostoli:

2250 3805 2267 3836 ι
2310 3784 2367 3840 Si
2403 3785 2677 3840 tradidero
2705 3801 2901 3856 corpus
2925 3802 3113 3841 meum
3146 3787 3217 3840 ita
3252 3796 3310 3840 ut
3350 3788 3604 3849 ardeam,
3640 3783 3796 3839 chari-

2247 3886 2409 3932 tatem
2434 3885 2610 3931 autem
2640 3893 2743 3932 non
2777 3878 3032 3942 habeam,
3057 3877 3191 3932 nihil
3212 3878 3342 3932 mihi
3379 3879 3599 3949 prodest
3623 3875 3667 3947 (I
3689 3875 3794 3929 (ἔον.

2241 3985 2360 4035 xm,
2385 3968 2460 4038 5).
2488 3988 2506 4020 ι
2537 3968 2644 4023 [loc
2669 3979 2848 4023 autem
2873 3971 2952 4024 sic
2974 3970 3106 4024 dicit
3130 3987 3143 4023 :
3167 3969 3275 4026 Oro
3300 3987 3363 4024 ne
3383 3969 3595 4039 auferas
3616 3968 3797 4023 verbum

2243 4079 2425 4117 verum
2460 4064 2523 4116 de
2551 4079 2638 4116 ore
2669 4080 2804 4129 meo,
2829 4075 2876 4118 et
2899 4080 2996 4119 oro
3019 4065 3182 4120 etiam
3213 4065 3347 4119 utin
3385 4061 3797 4118 tribulationibus

2240 4171 2344 4208 non
2383 4155 2627 4210 deficiam
2659 4170 2690 4209 a
2724 4145 3012 4223 charitalc,
3053 4158 3147 4213 sed
3183 4159 3478 4212 custodiant
3513 4174 3702 4224 semper
3728 4156 3798 4210 in-

2239 4249 2494 4303 violatam
2530 4250 2692 4320 legem
2725 4261 2889 4304 tuam.
2916 4250 3250 4304 Detertninat
3282 4266 3446 4320 quam
3480 4250 3670 4321 legem,
3690 4261 3795 4302 cum

2240 4341 2424 4394 addit:
2463 4341 2648 4411 Legem
2671 4341 2794 4395 dico
2823 4342 3142 4396 duraturam
3180 4341 3232 4396 in
3271 4342 3528 4397 szeculum
3566 4339 3796 4395 istudzrt

559 4435 711 4489 rogo,
740 4421 983 4486 Domine,
1017 4429 1073 4474 ut
1103 4422 1270 4476 veniat
1319 4424 1372 4476 in
1414 4439 1495 4478 me
1533 4425 1766 4480 salutare
1792 4438 1962 4496 tuum,
1993 4431 2136 4498 quod
2171 4443 2214 4497 Ι)
2239 4437 2292 4488 in
2317 4435 2567 4488 sa'culum
2589 4435 2791 4498 sa’cuft',
2819 4434 2870 4489 id
2893 4443 2975 4490 est
2997 4435 3050 4489 in
3075 4434 3317 4489 futurqu
3341 4434 3616 4497 saeculum,
3641 4430 3796 4487 chari-

560 4511 690 4565 mihi
715 4513 805 4566 det
829 4512 1126 4583 eloquium,
1157 4515 1278 4584 quia
1311 4517 1512 4584 speravi
1553 4516 1606 4570 in
1648 4520 1969 4574 sermonibus
2011 4522 2132 4588 tuis,

561 4603 614 4656 id
645 4611 729 4656 est
756 4591 883 4671 quia
911 4622 1158 4677 magnam
1190 4621 1340 4677 spem
1376 4619 1430 4661 et
1457 4609 1838 4664 confidentiam
1871 4613 2053 4679 habui,
2082 4625 2135 4669 et

561 4693 738 4748 adhuc
785 4695 955 4751 habeo
987 4698 1038 4752 in
1083 4699 1426 4754 sermonibus
1455 4701 1588 4766 tuis;
1636 4703 1726 4770 qui
1769 4702 1813 4756 si
1847 4703 1977 4757 mihi
2006 4705 2135 4758 den-

560 4794 666 4848 tur,
719 4785 1112 4844 rationabiliter
1156 4791 1482 4860 responderc
1529 4800 1717 4862 potero
1761 4795 2135 4864 exprobranti-

558 4877 690 4942 bus;
741 4877 826 4933 vel
866 4879 945 4934 sic
975 4897 988 4932 :
1015 4879 1373 4950 Respondebo,
1417 4885 1669 4954 inquam,
1713 4887 1919 4940 verbum
1951 4904 2136 4957 expro-

559 4969 832 5025 brantibus
879 4970 1147 5027 haereticis
1194 4983 1250 5028 et
1305 4974 1630 5032 infidelibus.
1682 4976 2134 5047 Exprobrantibus

558 5060 700 5126 dico,
745 5062 866 5118 ideo
905 5064 1029 5134 quia
1072 5065 1271 5132 speravi
1314 5066 1367 5119 in
1407 5069 1728 5124 sermonibus
1771 5072 1894 5135 tuis,
1930 5071 1982 5126 id
2030 5081 2132 5138 est,

558 5155 684 5221 quia
727 5171 878 5225 spem
921 5166 1127 5212 certam
1175 5156 1350 5212 habeo
1379 5157 1433 5212 in
1477 5161 1758 5227 promissis
1787 5164 1910 5228 tuis,
1945 5179 2138 5233 exspe—

558 5245 755 5302 ctando
789 5245 927 5300 bona
972 5257 1170 5302 interna
1220 5263 1340 5317 qua:
1386 5250 1704 5318 promisisti.
1738 5253 1857 5308 Oro
1900 5265 1958 5308 ut
2005 5255 2133 5308 mihi

561 5336 718 5390 detur
764 5351 859 5405 per
905 5339 1190 5393 adventum
1247 5339 1420 5394 sancti
1468 5339 1682 5408 Spritus
1727 5343 2028 5412 eloquium,
2079 5356 2136 5400 ut

559 5426 780 5482 verbum
818 5428 1171 5496 respondeam
1213 5429 1689 5498 exprobrantibus.
1741 5409 1807 5485 Et
1833 5409 2133 5504 postquam

559 5518 663 5574 hoc
705 5518 926 5573 verbum
958 5519 1023 5574 ad
1074 5523 1506 5590 respondendum
1530 5523 1763 5589 habebo,
1789 5538 1907 5591 oro,
1943 5542 2005 5600 ne
2034 5543 2132 5579 au-

559 5611 720 5678 feras,
749 5609 799 5665 id
824 5619 904 5666 est
929 5628 995 5668 ne
1023 5615 1304 5682 permittas
1344 5617 1566 5680 auferri,
1592 5616 1654 5670 de
1681 5632 1770 5669 ore
1792 5632 1903 5670 meo
1929 5617 2132 5671 verbum

560 5701 807 5770 veritatis,
843 5704 894 5758 id
922 5712 1001 5758 est
1029 5720 1217 5762 verum
1247 5706 1479 5764 Verbum
1508 5708 1864 5767 confessionis
1894 5708 1986 5765 tui.

2239 4531 2402 4578 tatem
2425 4523 2697 4590 videlicet,
2718 4537 2836 4593 quae
2857 4539 3132 4592 nunquam
3154 4523 3360 4579 excidit
3382 4523 3431 4594 (Ι
3455 4522 3576 4578 Cor.
3599 4537 3707 4584 nu,
3728 4520 3796 4584 8).

2221 4631 2338 4672 .nec
2361 4617 2413 4668 in
2438 4616 2541 4670 hoc
2565 4615 2770 4670 smculo‘
2789 4631 2964 4685 neque
2988 4616 3040 4670 in
3067 4615 3267 4672 futuro.

2307 4706 2561 4762 Oratione
2593 4705 2736 4761 facta
2769 4722 2963 4762 causas
2985 4705 3250 4776 adiungit,
3275 4708 3476 4777 quibus
3497 4707 3705 4776 dignum
3725 4711 3797 4757 est

2238 4811 2356 4864 quae
2375 4805 2497 4850 orat
2517 4796 2751 4864 assequi,
2775 4811 2895 4850 cum
2920 4795 3047 4850 dicit
3082 4814 3093 4848 :
3135 4795 3204 4849 Et
3236 4797 3592 4862 ambulabam,
3613 4804 3710 4852 etc.
3741 4792 3798 4845 Et

2240 4889 2383 4942 istud
2415 4890 2482 4942 ad
2515 4888 2692 4942 aliaet
2727 4889 3009 4958 sequentia
3041 4886 3296 4954 refertur,
3329 4905 3395 4944 ac
3426 4890 3471 4943 si
3499 4890 3672 4944 dicat:
3702 4885 3798 4940 Oro

2239 4987 2297 5032 ut
2334 4981 2626 5032 custodiunt
2669 4981 2723 5033 in
2765 4979 3204 5035 tribulationibus
3245 4979 3407 5049 legem
3449 4991 3614 5046 tuam,
3646 4979 3695 5033 id
3725 4985 3798 5031 est

2238 5069 2577 5123 charitatem.
2613 5070 2680 5123 Et
2717 5070 2938 5140 dignum
2975 5079 3085 5132 est,
3125 5079 3184 5123 ut
3224 5071 3338 5125 hinc
3375 5087 3440 5125 ex
3485 5081 3535 5126 te
3567 5071 3794 5125 habeam.

2237 5157 2371 5212 Nam
2408 5174 2528 5212 cum
2561 5169 2686 5214 ante
2715 5161 2766 5214 id
2802 5170 3016 5230 tempus
3053 5160 3104 5214 in
3137 5160 3579 5216 tribulationibus
3612 5173 3790 5218 essent,

2237 5258 2290 5304 et
2315 5258 2364 5302 te
2387 5249 2452 5302 de
2471 5249 2714 5304 custodia
2748 5248 2882 5320 legis
2906 5249 3065 5318 hujus
3086 5263 3324 5313 orarem,
3344 5247 3458 5317 jam
3483 5258 3636 5320 prout
3659 5257 3791 5317 pote-

2239 5357 2384 5406 ram,
2428 5341 2793 5396 custodiebam
2839 5342 3007 5411 ipsam
3057 5341 3228 5412 legetn
3252 5341 3565 5408 charitatis,
3604 5339 3789 5395 scilicet

2237 5431 2570 5486 ambulabam
2601 5433 2654 5486 in
2686 5432 2962 5486 latitudine
2980 5473 2994 5496 ,
3029 5431 3080 5485 id
3109 5441 3194 5486 est
3223 5433 3578 5501 promovebar
3603 5439 3654 5485 et
3681 5442 3788 5498 per-

2238 5524 2550 5578 severabant
2583 5524 2636 5577 in
2674 5523 3024 5592 amplitudine
3055 5523 3367 5587 eharitatis,
3403 5539 3530 5594 erga
3561 5522 3711 5576 Deum
3737 5525 3784 5570 et

2237 5621 2562 5690 proximum.
2606 5619 2836 5688 ideoque
2865 5619 3018 5686 quia,
3060 5628 3218 5686 prout
3256 5619 3436 5688 potui,
3475 5633 3588 5672 eam
3621 5620 3782 5669 custo-

2239 5713 2369 5778 diri,
2402 5712 2571 5766 merui
2609 5721 2666 5766 ut
2696 5727 2779 5766 me.
2809 5710 2925 5780 plus
2957 5725 3073 5764 eam
3107 5708 3274 5766 facias
3309 5709 3592 5765 custodire.
3629 5705 3777 5771 Auget
