3978 6328
223 347 369 402 i275

1159 341 1526 400 EXPOSITIO
1565 341 1628 397 ΙΝ
1657 341 1996 400 PSALMOS.
2034 374 2102 383 —
2124 343 2319 399 PSAL.
2353 342 2578 399 CX'V’lll.

3351 343 3486 398 ΕΗ

217 461 401 515 adhuc
430 446 708 523 meritum,
739 471 859 510 cum
887 456 964 511 sic
994 454 1142 510 addit
1170 474 1181 508 :
1213 456 1278 510 Et
1307 457 1431 510 inde
1458 455 1805 525 contingebat
1835 460 1878 516 Α
1909 457 2013 509 tuis
2045 470 2062 507 :
2096 466 2142 509 et
2189 453 2329 525 Quod
2365 455 2526 510 leravi
2556 472 2740 510 manus
2791 474 2930 512 meas
2978 460 3047 513 ad
3095 460 3346 514 mandata
3394 470 3484 513 tua

215 566 308 605 me
336 548 617 603 ambulare
645 547 697 600 in
737 546 1041 608 latitudine,
1073 546 1194 616 quia
1228 547 1475 600 mandata
1505 559 1594 599 tua
1623 546 1804 615 exqui-

213 642 338 705 sivi,
381 641 436 694 id
477 650 560 695 est
599 655 664 694 ex
705 636 826 691 aliis
867 637 1026 692 rebus
1063 637 1315 692 omnibus
1348 638 1508 708 elegi.
1546 637 1805 706 Apposita

212 749 384 791 causa
421 748 522 789 cur
558 731 750 787 debeat
788 731 834 785 ei
881 749 909 784 a
952 731 1177 785 Domino
1215 731 1346 802 legis
1385 732 1630 786 custodia
1665 732 1803 798 dari,

211 826 448 895 apponit
475 839 693 878 causam
731 839 830 877 cur
868 823 968 877 sibi
1000 822 1191 877 debeat
1225 823 1360 887 dari,
1403 839 1470 878 ne
1503 839 1809 894 usquequa-

210 929 321 985 que
353 913 636 968 auferatur
665 913 886 968 verbum
920 913 1014 967 Dei
1048 915 1114 968 de
1150 928 1244 968 ore
1279 915 1413 985 ejus.
1447 915 1573 971 Ideo
1601 915 1807 972 scilicet

209 1006 477 1075 quoniam
525 1006 805 1073 hucusque
851 1004 967 1058 sine
1004 1005 1320 1060 confusione
1350 1006 1573 1060 verbum
1613 1007 1713 1060 hoc
1751 1008 1808 1060 in

207 1105 498 1164 conspectu
545 1111 724 1164 regum
769 1095 980 1174 locutus
1012 1104 1117 1150 est.
1153 1095 1265 1151 Hoc
1296 1106 1476 1150 autem
1522 1098 1600 1152 sic
1628 1098 1758 1154 dicit
1789 1111 1804 1152 :

207 1185 323 1241 Oro
357 1203 422 1240 ne
463 1186 676 1254 auferas
723 1186 931 1239 verbum
965 1188 1030 1240 de
1067 1205 1156 1241 ore
1198 1205 1331 1256 meo,
1367 1198 1421 1243 et
1451 1190 1669 1260 dignum
1723 1199 1805 1246 est

207 1287 271 1331 ut
304 1293 416 1332 non
446 1276 745 1332 auferatur.
772 1277 887 1331 Non
913 1279 1085 1333 solum
1111 1280 1254 1335 enim
1287 1282 1340 1334 in
1370 1281 1806 1337 tribulationibus

205 1367 430 1434 positus
456 1366 787 1420 ambulabant
810 1368 864 1422 in
891 1369 1188 1435 latitudine,
1221 1371 1314 1425 sed
1340 1382 1387 1424 et
1417 1371 1665 1443 loquebar
1685 1374 1803 1427 exi-

207 1467 368 1514 stens
395 1460 450 1512 in
472 1459 780 1514 testimoniis
803 1463 925 1515 tuis.
951 1461 1104 1529 Quod
1131 1474 1216 1518 est
1260 1464 1442 1520 dicere
1469 1483 1480 1517 :
1513 1463 1805 1534 Loquendo

203 1550 275 1604 de
322 1561 398 1614 te,
441 1554 678 1607 testabar
713 1564 762 1608 te
794 1570 978 1608 verum
1010 1555 1175 1610 Deum
1208 1571 1347 1612 esse.
1381 1557 1508 1624 Vel,
1537 1557 1800 1628 loquebar,

206 1641 260 1692 id
296 1653 387 1694 est
429 1644 814 1698 annuntiabatn
851 1647 1155 1700 testimonia
1196 1657 1307 1715 tua,
1338 1649 1388 1702 id
1417 1661 1499 1703 est
1534 1660 1803 1719 praecepta

208 1744 331 1799 tua,
369 1736 609 1790 existens
649 1737 786 1791 bene
817 1738 1117 1793 viveudoin
1154 1739 1286 1810 ipsis
1321 1743 1644 1798 teStimoniis
1676 1745 1801 1810 tuis,

1908 556 1954 599 et
1983 545 2328 599 ea'ercebarin
2364 546 2458 599 eis.
2491 544 2645 602 Unde
2672 560 2791 611 oro,
2850 547 3100 615 Domine,
3149 566 3349 604 memor
3378 560 3484 604 esto

1909 637 2044 691 ret-bi
2078 637 2176 702 tui,
2206 636 2257 691 id
2288 646 2372 692 est
2393 636 2647 706 promissi
2688 637 2784 702 tui,
2823 637 2950 693 facti
2975 657 3118 694 serra
3143 652 3230 695 tuo
3259 642 3485 696 cuicun-

1908 745 2033 798 que,
2068 728 2225 782 idest
2251 728 2626 796 promissionis
2653 727 3006 784 beatitudinis
3054 740 3268 785 a'ternze
3324 748 3484 801 quam

1909 819 2204 890 promisisti
2227 819 2373 874 omni
2403 834 2561 874 servo
2587 828 2678 874 tuo
2732 829 2783 874 te
2831 821 3086 873 daturum
3141 835 3280 888 esse,
3322 838 3484 892 quam

1908 923 2004 963 oro
2037 910 2089 963 in
2139 925 2222 964 me
2272 909 2589 980 compleas,
2630 927 2753 966 cum
2807 926 2905 980 ego
2953 926 3143 968 servus
3195 925 3318 967 tuus
3361 913 3484 967 sim.

1909 1001 2051 1056 Bene
2101 1002 2233 1056 dicit
2279 1019 2292 1056 :
2346 1001 2551 1056 Memor
2605 1012 2752 1067 esto,
2807 1019 2913 1056 non
2964 1005 3104 1072 quod
3163 1005 3364 1060 oblitus
3388 1004 3483 1067 sit,

1910 1095 2161 1163 sed-quia
2192 1109 2312 1149 cum
2369 1095 2530 1150 modo
2569 1111 2698 1150 suos
2723 1111 2828 1149 non
2883 1105 3216 1162 remaneret,
3268 1095 3488 1150 videtur

1912 1185 2213 1240 infidelibus
2239 1185 2325 1239 hic
2345 1200 2439 1240 eos
2460 1186 2590 1240 dare
2612 1185 2890 1242 oblivioni.
2917 1186 3165 1241 Ostendit
3193 1195 3375 1241 autem
3391 1201 3490 1240 cur

1909 1277 2044 1330 adeo
2073 1285 2189 1331 oret
2210 1275 2276 1330 de
2308 1277 2664 1346 complctionc
2695 1277 2868 1340 verbi,
2902 1292 3026 1332 cum
3051 1277 3203 1331 addit
3232 1295 3245 1330 :
3282 1277 3486 1331 Memor

1911 1369 2151 1438 inquam,
2183 1381 2290 1423 esto
2345 1370 2486 1423 rerbi
2530 1371 2626 1434 tui,
2662 1379 2720 1422 ut
2745 1368 2870 1422 illud
2905 1369 2957 1422 in
2991 1384 3075 1422 mc
3105 1369 3410 1438 compleas,
3434 1369 3488 1422 in

1907 1478 2010 1530 quo
2043 1476 2238 1531 nempe
2274 1477 2413 1532 spem
2445 1461 2574 1514 milii
2602 1461 2814 1526 dedisti,
2858 1461 3065 1516 scilicet
3102 1475 3197 1529 per
3239 1459 3380 1530 quod
3404 1475 3488 1516 me

1909 1564 2110 1608 certam
2140 1570 2286 1624 spem
2315 1554 2602 1624 promissa:
2636 1553 2986 1609 beatitudinis
3032 1553 3234 1608 habere
3291 1551 3484 1607 fecisti.

1910 1644 2039 1699 11η
2069 1654 2247 1699 autem
2279 1662 2402 1716 spes
2432 1661 2495 1700 ev
2527 1647 2627 1700 hoc
2661 1645 2826 1700 verbo
2890 1654 3173 1716 concepta,
3221 1644 3486 1699 consolata

1907 1745 1979 1790 est
2011 1753 2090 1790 me
2121 1737 2385 1807 dejectum
2419 1737 2472 1790 in
2496 1736 2808 1798 humilitate,
2841 1737 2891 1791 id
2925 1746 3008 1791 est
3039 1737 3330 1790 maximam
3349 1735 3483 1790 Inibi

204 1836 266 1879 ut
314 1826 658 1882 auditoribus
700 1830 1004 1898 exemplum
1055 1808 1287 1886 tribuam
1327 1834 1378 1887 in
1415 1834 1615 1888 eisdem
1648 1837 1800 1890 testi-
1834 1808 1879 1866 Β
1909 1828 2055 1882 dedit
2084 1827 2397 1882 salvationis
2445 1828 2891 1893 consolationem.
2921 1830 3047 1882 dum
3099 1845 3217 1884 sum
3267 1829 3319 1882 in
3372 1829 3474 1882 hac
3539 1893 3548 1898 ,

205 1918 419 1972 moniis
460 1920 746 1984 existendi,
787 1941 802 1972 ι
838 1937 906 1976 ne
950 1937 1071 1976 cum
1117 1923 1236 1977 aliis
1269 1926 1651 1994 praedicarem,
1691 1927 1804 1996 ipse

204 2014 485 2082 reprobus
521 2013 764 2070 elliecrer
804 2015 857 2085 (Ι
897 2014 1020 2069 Cor.
1054 2033 1128 2082 ix,
1157 2017 1270 2088 ‘27).
1321 2039 1338 2070 ›
1385 2019 1688 2089 Loquebar,
1727 2023 1804 2076 in-

202 2121 401 2172 quam,
437 2115 489 2158 ct
526 2121 628 2161 non
657 2107 710 2160 in
745 2106 1080 2172 abscondito,
1114 2111 1206 2163 sed
1239 2111 1290 2162 in
1319 2122 1589 2180 conspectu
1626 2128 1800 2181 regum

206 2209 562 2251 lt‘l'l'CltOl‘Ullt
613 2198 940 2266 infidelium,
997 2202 1128 2256 mihi
1181 2211 1410 2256 mortem
1462 2203 1802 2257 comminan-

205 2290 373 2342 tiam.
411 2290 477 2343 Et
518 2291 643 2345 licet
686 2308 959 2362 pannosus
995 2309 1170 2349 essem
1213 2307 1261 2348 et
1304 2295 1444 2361 vilis,
1487 2304 1664 2349 tamen
1699 2314 1802 2351 non

203 2381 599 2449 roufnndebar,
648 2383 699 2437 id
747 2394 829 2438 est
875 2402 980 2439 non
1031 2387 1417 2441 erubescebam
1469 2388 1650 2458 loqui,
1699 2391 1800 2444 etsi

202 2483 401 2540 posset
450 2473 523 2528 ibi
572 2474 721 2530 locus
767 2491 886 2531 esse
934 2478 1288 2534 confusionis.
1341 2481 1404 2534 Et
1454 2481 1576 2537 ideo
1625 2485 1801 2539 adhuc

201 2563 382 2615 debes
417 2578 520 2615 non
551 2563 766 2619 auferre
812 2567 876 2621 de
918 2582 1012 2622 ore
1062 2585 1181 2624 meo
1223 2572 1444 2625 verbum
1495 2588 1702 2640 verum,
1747 2583 1800 2630 et

204 2669 302 2706 me
354 2653 530 2708 facere
566 2655 735 2726 legem
787 2666 933 2711 luant
983 2663 1286 2727 custodire;
1341 2665 1432 2718 sed
1485 2665 1603 2720 ideo
1635 2668 1798 2722 etiam

201 2745 338 2811 quia
380 2762 485 2797 non
532 2746 704 2813 solum
750 2750 1000 2803 mandata
1048 2761 1136 2804 tua
1184 2755 1451 2822 exquisivi
1501 2759 1798 2812 secundum

201 2834 560 2901 electionem,
614 2847 668 2898 et
719 2857 822 2894 non
869 2843 1040 2896 solum
1093 2844 1350 2914 loquebar
1401 2848 1453 2900 in
1506 2860 1796 2919 conspectu

199 2941 419 2995 regunt.
457 2929 548 2982 sed
583 2940 628 2982 et
665 2933 956 2987 meditabar
997 2938 1048 2988 in
1087 2940 1350 2992 mandatis
1383 2942 1484 2993 luis
1517 2942 1793 3011 complen-

201 3017 312 3079 dis,
346 3026 533 3086 utpote
562 3036 678 3088 quw
704 3021 884 3076 dilexi.
917 3023 1068 3090 Quod
1102 3035 1184 3080 est
1220 3029 1400 3084 dicere
1439 3048 1450 3083 :
1496 3030 1796 3086 Meditabar

199 3107 485 3173 quomodo
521 3112 768 3166 mandata
805 3123 893 3167 tua
927 3117 1276 3184 complerem,
1307 3129 1358 3173 et
1389 3122 1488 3175 hoc
1519 3137 1623 3176 non
1659 3123 1794 3177 invi-

202 3207 308 3261 tus,
357 3202 452 3252 sed
488 3216 550 3254 ex
583 3203 890 3270 dilectione,
922 3208 1045 3274 quia
1080 3225 1142 3261 ea
1175 3210 1327 3264 valde
1357 3212 1539 3266 dilexi.
1581 3214 1646 3268 Et
1688 3231 1794 3270 non

200 3291 384 3344 solum
425 3292 750 3360 meditabar,
792 3298 884 3350 sed
925 3310 968 3351 et
1007 3299 1166 3354 levari
1207 3319 1391 3358 manus
1426 3322 1586 3372 meas,
1624 3307 1674 3362 id
1714 3319 1796 3364 est

199 3385 453 3450 promovi
490 3394 544 3438 et
587 3387 823 3443 intentas
865 3390 962 3444 feci
996 3393 1306 3450 all'ectioues
1347 3413 1514 3465 meas,
1541 3402 1609 3454 ad
1648 3419 1797 3456 inan-

198 3478 328 3530 data
353 3487 449 3529 tua
484 3481 798 3548 complenda
831 3485 1163 3552 operatione,
1203 3497 1261 3542 ut
1293 3499 1416 3559 pote
1449 3509 1565 3561 qua:
1603 3493 1789 3564 dilexi,

197 3567 417 3622 scilicet
458 3586 561 3623 non
597 3572 814 3639 invitus,
857 3577 950 3629 sed
989 3593 1054 3631 ex
1094 3578 1379 3636 dilectione
1419 3584 1620 3640 dictum
1652 3596 1735 3642 est
1763 3603 1792 3641 a

199 3659 573 3715 similitudine
611 3663 786 3727 illius,
828 3669 916 3735 qui
959 3671 1022 3722 ad
1056 3669 1256 3739 aliquid
1309 3677 1640 3742 cperandum
1684 3694 1795 3732 ma-

199 3769 301 3806 nus
335 3752 505 3806 levat.
539 3753 603 3806 Et
632 3755 709 3810 sic
739 3757 902 3812 levari
931 3778 1115 3815 manus
1140 3765 1209 3816 ad
1235 3767 1484 3819 mandata
1515 3777 1606 3820 tua
1633 3783 1794 3837 opere

197 3843 555 3911 complenda,
601 3850 744 3915 quod
788 3852 1067 3905 exercebar
1109 3855 1161 3907 in
1199 3857 1694 3925 jnsti/icationibus,
1741 3861 1792 3916 id

195 3948 277 3989 est
334 3937 390 3990 in
439 3941 711 3994 mandatis
764 3946 867 3998 tuis
924 3962 1043 4014 quae
1094 3950 1448 4018 complebant.
1503 3951 1655 4018 Quod
1710 3965 1791 4010 est

199 4028 391 4082 dicere
424 4046 435 4080 :
472 4028 602 4083 Ctun
638 4047 832 4101 magno
862 4037 1124 4090 exercitio
1164 4040 1496 4107 Oper-alienis
1541 4044 1790 4098 mandata

197 4127 284 4172 tua
311 4136 483 4188 opere
504 4123 859 4192 complebant,
877 4126 1104 4196 ideoque
1129 4130 1301 4198 majus
1327 4133 1575 4186 meritum
1601 4135 1787 4190 habeo.

263 4212 407 4265 ΖΜΝ
451 4214 553 4266 duc
581 4225 628 4267 te
657 4217 735 4269 vel
773 4219 872 4270 line
901 4219 1306 4290 interpretatur.
1340 4223 1454 4289 Qua
1495 4225 1791 4282 intentione

192 4320 327 4374 ergo
358 4306 593 4360 fidelium
623 4307 874 4363 collectio
901 4323 1039 4377 oret,
1071 4313 1122 4365 iu
1159 4314 1258 4368 hac
1283 4314 1522 4370 clausula
1557 4319 1789 4388 septima

192 4415 291 4466 per
340 4397 505 4467 hujus
552 4401 698 4454 vocis
747 4402 1247 4471 interpretationem
1293 4406 1605 4463 denotatur.
1655 4411 1790 4465 Cum

1906 1918 2230 1984 humilitate,
2259 1919 2310 1972 in
2330 1921 2428 1974 hac
2447 1918 2744 1988 dejectione
2777 1921 3121 1976 mortalitatis
3142 1929 3196 1976 et
3218 1921 3484 1991 passibili-

1911 2013 2034 2066 tatis
2059 2027 2178 2080 qua:
2206 2028 2317 2064 mea
2339 2012 2955 2083 est,quoniamegoipse
2980 2012 3030 2065 in
3059 2012 3229 2066 Adam
3253 2027 3484 2081 peccan-

1908 2100 1975 2156 do
2004 2101 2132 2154 tnibi
2163 2117 2281 2155 eam
2315 2104 2515 2171 paravi.
2555 2103 2618 2156 Et
2642 2103 2760 2159 ideo
2790 2103 2966 2158 adhuc
2989 2119 3102 2165 oro,
3145 2120 3344 2158 memor
3371 2114 3480 2158 esto

1906 2195 2042 2247 verbi
2091 2195 2206 2258 tui,
2245 2196 2368 2264 quia
2393 2194 2656 2264 eloquium
2707 2205 2874 2260 tuum,
2935 2197 2987 2252 id
3035 2205 3117 2252 est
3160 2197 3486 2267 promissum

1905 2296 2076 2351 tuum,
2103 2303 2205 2342 non
2244 2290 2415 2342 solum
2445 2289 2781 2344 consolatum
2815 2299 2897 2344 est
2943 2307 3046 2356 me,
3098 2291 3192 2346 sed
3221 2299 3279 2345 ut
3313 2290 3484 2361 majus

1909 2379 2036 2448 quid
2066 2379 2265 2444 dicam,
2297 2379 2569 2445 viri/ica'vit
2603 2397 2706 2446 me,
2737 2381 2943 2435 scilicet
2971 2397 3092 2434 cum
3145 2381 3256 2450 jam
3287 2381 3387 2434 sim
3422 2381 3484 2435 de

1905 2471 2176 2539 promisso
2199 2479 2400 2534 certus,
2429 2488 2524 2542 pro
2555 2472 2671 2527 solo
2704 2473 2970 2542 promisso
3000 2473 3183 2527 videor
3214 2472 3342 2526 mihi
3366 2471 3478 2541 jam

1906 2559 2231 2614 vivificatus.
2271 2560 2410 2627 Quid
2458 2577 2589 2632 ergo
2616 2562 2660 2616 si
2693 2563 3014 2631 quandoque
3037 2562 3363 2631 promissum
3396 2570 3484 2615 at-

1905 2653 2111 2722 tigero?
2150 2652 2386 2723 Ideoque
2425 2669 2551 2719 oro,
2589 2670 2787 2708 memor
2812 2664 2939 2719 esto,
2973 2663 3028 2708 ut
3058 2643 3330 2725 compleas
3359 2669 3484 2708 ver-

1903 2747 2028 2799 bum
2076 2747 2480 2815 promissionis.
2529 2747 2594 2800 Et
2624 2761 2751 2801 ecce
2807 2747 3000 2801 merita
3053 2760 3205 2810 mea,
3251 2761 3482 2816 quorum

1903 2838 2186 2891 occasione
2241 2839 2396 2892 decet
2442 2848 2491 2892 te
2536 2853 2830 2893 memorem
2885 2853 3026 2892 esse.
3067 2838 3291 2906 Superbi
3339 2838 3482 2891 enim

1901 2930 2348 2992 anlonomasticc,
2384 2931 2431 2981 id
2462 2938 2546 2983 est
2591 2930 2738 3000 impii
2791 2944 2886 2998 per
2935 2930 3240 2997 superbiam
3286 2929 3475 3000 jugum

1902 3029 2054 3076 tuum
2077 3018 2417 3088 abjicicntes,
2443 3019 2616 3088 inique
2640 3017 2858 3088 agebant
2886 3034 3270 3087 usquequaque,
3305 3018 3354 3070 id
3396 3027 3479 3073 est

1900 3111 2232 3174 omnimodo,
2258 3119 2314 3165 et
2343 3111 2396 3163 in
2430 3124 2486 3164 se
2533 3117 2587 3164 et
2639 3109 2692 3163 in
2737 3109 2986 3178 proximo
3048 3108 3328 3174 videlicet,
3359 3118 3413 3162 et
3448 3125 3477 3162 a

1900 3205 2016 3274 lege
2042 3215 2128 3258 tua
2157 3203 2478 3278 elongando,
2504 3212 2557 3257 et
2584 3219 2668 3257 me
2700 3212 3034 3272 cteterosquc
3070 3200 3255 3256 fideles
3286 3203 3354 3257 ab
3377 3216 3468 3256 ea-

1899 3295 2020 3350 dem
2057 3293 2174 3364 lege
2229 3295 2494 3347 devocare
2551 3293 2734 3347 multis
2789 3292 2961 3346 modis
3005 3291 3318 3345 adnitendo.
3370 3290 3477 3361 Ego

1900 3397 2078 3442 autem
2105 3396 2283 3440 tamen
2324 3391 2424 3438 n‘on
2459 3384 2712 3438 declinavi
2742 3401 2772 3437 a
2805 3383 2914 3454 lege
2971 3393 3096 3448 tua,
3144 3397 3330 3436 eorum
3379 3397 3476 3435 ex-

1900 3481 2300 3537 hortationibus
2331 3489 2386 3534 et
2416 3478 2680 3549 exemplo.
2723 3477 2878 3545 Quod
2926 3486 3008 3532 est
3051 3477 3270 3532 dicere:
3325 3475 3478 3532 Licet

1900 3575 2116 3645 superbi
2152 3574 2335 3643 inique
2364 3581 2609 3644 agerent,
2642 3574 2907 3627 devocare
2942 3588 3026 3627 me
3053 3572 3342 3643 cupiendo,
3397 3581 3463 3627 ta-

1899 3680 2019 3718 men
2044 3665 2122 3718 eis
2147 3678 2252 3718 non
2277 3663 2518 3732 acquievi
2549 3672 2604 3716 ut
2633 3662 2987 3717 declinarem.
3040 3662 3106 3715 Et
3139 3661 3261 3716 ideo
3293 3662 3470 3718 adhuc

1897 3778 2093 3814 memor
2136 3771 2244 3813 esto
2272 3761 2510 3814 verbitui
2540 3760 2868 3829 cetuplendi,
2915 3762 3041 3832 quia
3073 3776 3174 3832 ego
3220 3777 3328 3817 non
3370 3771 3466 3817 tra-

1897 3851 2004 3904 didi
2057 3850 2310 3904 oblivioni
2355 3849 2558 3918 judicia
2595 3860 2681 3903 tua
2725 3849 2908 3917 justa;
2945 3852 3038 3907 sed
3061 3852 3240 3920 potius
3278 3869 3476 3906 memor

1895 3939 2316 4008 fuijutliciorum
2344 3949 2577 4004 tuorum,
2604 3939 2846 4007 Domine,
2879 3959 2909 3994 a
2930 3950 3124 3996 steculo
3147 3983 3162 4008 ,
3193 3942 3246 3997 id
3299 3951 3382 3997 est
3411 3943 3474 3997 ab

1897 4032 2052 4084 initio
2107 4031 2290 4086 steculi
2347 4033 2760 4102 completorum.
2821 4032 2972 4100 Quod
3010 4044 3093 4089 cst
3135 4034 3319 4090 dicere
3367 4051 3380 4087 :
3421 4035 3476 4090 In

1895 4126 2117 4195 perenni
2151 4128 2407 4180 memoria
2441 4127 2602 4180 habui
2633 4127 2868 4197 qualiter
2889 4129 2957 4180 ab
2988 4126 3146 4182 initio
3177 4127 3359 4182 Steculi
3388 4128 3471 4194 ju-

1895 4215 2232 4284 s:isjudiciis
2263 4217 2368 4271 tuis
2392 4227 2609 4272 sanctos
2651 4229 2770 4273 tuos
2817 4219 2979 4273 etiam
3011 4219 3064 4272 in
3116 4220 3220 4274 hac
3257 4219 3365 4272 vita
3393 4234 3464 4274 re-

1896 4311 2290 4374 muneravcris,
2326 4308 2440 4364 Noe
2464 4308 2674 4364 scilicet
2719 4319 2774 4365 et
2817 4311 3118 4376 Abraham,
3161 4319 3217 4365 et
3247 4319 3473 4366 ca'tcros

1895 4407 2220 4476 hujusmodi.
2251 4406 2454 4461 Etideo
2489 4407 2790 4460 consolatus
2821 4424 2966 4474 sum,
2995 4407 3277 4462 conlidens
3304 4406 3470 4461 etiam

193 4491 345 4544 enim
379 4501 502 4545 cret
529 4493 593 4546 de
621 4494 978 4562 promissione
1003 4496 1372 4562 beatitudinis,
1407 4502 1790 4568 prmtcudcndo
1823 4502 1866 4555 D
1893 4499 2174 4568 quiajusto
2192 4496 2397 4565 judicio
2420 4513 2506 4552 me
2528 4498 2849 4567 quandoque
2867 4497 3468 4552 remunerabis.Etide0

192 4582 396 4634 merita
433 4597 552 4647 sua,
587 4598 649 4636 ea
693 4584 989 4642 intentione
1015 4587 1164 4655 facit,
1206 4601 1263 4645 ut
1297 4595 1571 4648 auditores
1602 4594 1792 4650 invitet

191 4674 258 4726 ad
301 4674 474 4737 hanc,
506 4676 651 4730 omni
681 4677 980 4735 intentione
1013 4690 1066 4735 et
1097 4683 1240 4737 bona
1269 4686 1581 4754 operatione
1615 4689 1789 4758 suspi-

190 4783 320 4821 rare
359 4777 415 4820 et
449 4767 749 4836 intendere,
783 4787 847 4827 ac
885 4773 929 4826 si
971 4774 1117 4830 dicat
1149 4790 1163 4828 :
1205 4776 1282 4830 Tu
1315 4779 1622 4849 quicunque
1653 4781 1789 4838 bene

189 4859 468 4928 operaris,
502 4861 606 4915 huc
635 4861 852 4918 intende
881 4865 948 4918 ad
979 4867 1120 4935 quod
1161 4869 1382 4924 intendo
1424 4872 1491 4925 ad
1527 4881 1786 4928 mternam

187 4950 609 5020 beatitudinem,
658 4955 868 5011 scilicet
911 4959 1172 5030 quidquid
1210 4962 1336 5018 boni
1377 4963 1567 5032 facies,
1607 4966 1783 5022 inten-

191 5045 344 5097 tione
375 5043 536 5112 hujus
564 5046 916 5104 beatitudinis
944 5052 1301 5121 adipiscenda:
1330 5055 1521 5124 facias,
1551 5073 1656 5114 non
1687 5074 1786 5127 pro

188 5133 385 5189 favore
422 5134 722 5194 hominum.
755 5139 812 5194 Si
851 5150 1032 5196 autem
1069 5155 1318 5200 notemus
1343 5147 1504 5218 48],
1537 5165 1657 5203 eam
1697 5149 1782 5204 in-

191 5226 644 5295 terpretationem
684 5245 804 5298 qua:
842 5241 946 5296 est,
987 5233 1089 5287 duc
1133 5244 1181 5289 te
1209 5251 1227 5288 .'
1260 5237 1403 5292 idem
1435 5239 1594 5305 valet,
1636 5256 1701 5296 ac
1736 5241 1782 5296 si

190 5317 340 5372 dicat
369 5336 382 5371 :
421 5315 499 5372 Tu
528 5319 835 5391 quicunque
873 5323 1046 5379 lidelis
1079 5326 1168 5395 qui
1213 5328 1347 5384 bene
1380 5331 1643 5398 operaris,
1678 5331 1781 5388 duc

191 5420 244 5465 te
291 5410 595 5467 intentione
637 5421 725 5466 tua
757 5417 823 5469 ad
865 5415 988 5482 hoc,
1016 5419 1082 5472 ad
1112 5421 1253 5487 quod
1295 5422 1500 5476 orando
1530 5439 1613 5478 me
1643 5425 1780 5480 duco

189 5509 242 5552 et
269 5502 416 5556 bene
442 5504 739 5571 operando,
766 5505 971 5562 scilicet
998 5509 1064 5562 ad
1093 5519 1349 5564 aeternam
1367 5512 1775 5570 beatitudinem.

270 5595 478 5649 Memor
501 5604 608 5649 esto
639 5599 798 5664 verbi,
826 5609 932 5654 etc.
965 5601 1128 5668 Quasi
1149 5605 1353 5660 diceret
1383 5621 1396 5660 :
1433 5606 1574 5672 Dixi,
1607 5609 1779 5664 Domi-

195 5705 288 5752 ne,
313 5687 457 5758 quod
489 5690 825 5746 ambulabam
869 5695 924 5746 in
966 5693 1244 5751 latitudine
1272 5738 1288 5761 ,
1343 5708 1389 5750 et
1447 5698 1694 5770 loquebar
1725 5701 1775 5754 in

193 5781 507 5837 testimoniis
573 5783 720 5840 tuis:
771 5783 832 5838 et'
869 5786 1010 5854 quod
1056 5789 1349 5844 meditabar
1394 5791 1448 5845 in
1507 5792 1772 5847 mandatis

1895 4589 2070 4643 adhuc
2103 4589 2324 4660 dignum
2351 4597 2435 4644 est
2466 4597 2522 4643 ut
2552 4603 2677 4659 erga
2718 4605 2803 4644 me
2838 4604 3044 4644 memor
3065 4588 3142 4645 sis
3168 4589 3322 4646 verbi
3377 4591 3470 4644 tui.

1893 4681 2167 4749 quoniam,
2201 4681 2342 4749 quod
2367 4679 2820 4749 perfectissimum
2849 4689 2952 4747 est,
2984 4680 3241 4736 inimicos
3285 4680 3468 4751 diligo.

1891 4773 2264 4842 etadeoquod
2294 4773 2516 4842 defectio
2561 4774 2723 4826 tenuit
2781 4789 2860 4826 me
2907 4789 3002 4843 pro
3052 4773 3185 4844 ipsis
3237 4773 3468 4830 inimicis

1887 4865 2248 4935 peccatoribus
2275 4863 2659 4920 existentibus.
2697 4864 2851 4931 Quod
2873 4874 2959 4921 est
3011 4866 3196 4924 dicere
3229 4881 3245 4921 :
3293 4865 3466 4923 Nimia

1891 4957 2106 5012 tristitia
2133 4957 2416 5026 occupavit
2459 4971 2545 5011 me
2571 4972 2666 5027 pro
2710 4957 2945 5014 inimicis
2980 4961 3117 5014 meis
3165 4959 3464 5030 peccatori-

1889 5049 2008 5114 bus,
2037 5064 2155 5118 qua:
2185 5057 2331 5102 tanta
2357 5056 2442 5103 est
2472 5057 2530 5102 ut
2554 5047 2680 5104 inde
2705 5056 2848 5105 totus
2870 5049 2924 5104 in
2975 5049 3158 5104 anima
3190 5048 3464 5106 tabescam

1886 5153 1940 5198 et
1961 5143 2230 5198 deliciam.
2263 5143 2492 5214 Ideoque
2529 5142 2761 5198 defectio
2819 5143 3038 5198 dicitur.

1955 5232 2060 5288 Pro
2089 5233 2486 5304 peccatoribus,
2518 5234 2762 5304 inquam,
2791 5233 3278 5304 derelinquentibus
3302 5233 3461 5304 legem

1883 5336 2052 5380 tuam.
2087 5327 2238 5396 Quod
2297 5335 2380 5382 est
2413 5326 2600 5381 dicere
2634 5344 2646 5379 :
2682 5325 2806 5380 ideo
2831 5342 2928 5395 pro
2982 5326 3060 5380 eis
3102 5325 3461 5382 defectionem

1883 5420 2082 5489 patior,
2125 5419 2249 5489 quia
2280 5419 2452 5490 legem
2479 5427 2625 5473 tuam
2655 5416 3061 5487 derelinquunt,
3089 5433 3196 5474 non
3227 5419 3352 5489 quia
3377 5434 3459 5475 mc

1881 5521 2304 5582 persequuntur.
2338 5511 2404 5565 Et
2427 5511 2546 5566 ideo
2573 5510 2748 5563 adhuc
2788 5525 2986 5564 memor
3007 5520 3116 5564 esto
3167 5511 3306 5565 verbi
3360 5513 3458 5574 tui,

1881 5607 2007 5672 quia
2041 5623 2144 5660 non
2171 5606 2345 5660 solum
2403 5621 2526 5659 cum
2563 5604 2770 5671 superbi
2818 5603 2992 5668 inique
3039 5603 3292 5672 agebant,
3354 5620 3460 5658 non

1881 5699 2136 5752 declinari
2166 5719 2195 5752 a
2227 5700 2333 5770 lege
2360 5710 2472 5762 tua,
2500 5699 2594 5752 sed
2625 5705 2680 5751 et
2704 5696 2986 5750 mntabiles
3019 5698 3144 5751 mihi
3200 5707 3346 5751 erant
3367 5697 3431 5766 ju

1878 5790 2212 5857 stiﬁcationes
2252 5803 2373 5860 κιαι,
2401 5792 2450 5848 id
2479 5800 2560 5847 est
2583 5789 2918 5847 delcctahilia
2945 5790 3074 5845 mihi
3099 5799 3256 5846 erant
3301 5806 3449 5846 man-
