3978 6328
541 300 676 357 12ῗό

1099 300 1156 358 S.
1198 301 1546 364 BRUNONIS
1585 267 2225 359 CARTiIliSlANOBUM
2265 302 2744 362 INSTITUTORIS
2783 255 2930 362 O.PP.
2971 306 3147 362 PARS
3177 308 3217 362 l.

3617 318 3731 378 ητα

540 416 664 468 data
690 421 778 468 tua
800 415 865 470 ad
894 415 1108 472 modum
1135 416 1210 470 rei
1239 431 1358 485 quae
1379 430 1444 470 ex
1468 415 1822 472 delectatione
1837 424 2106 471 cantatur.
2139 416 2184 472 A
2212 415 2331 470 aliis
2361 417 2563 486 Spretis.
2581 429 2636 472 et
2663 427 2867 473 tantam
2897 434 3009 474 rem
3041 420 3271 477 electam
3296 421 3468 492 aliqua
3489 427 3726 486 occasione

541 504 692 571 Quod
720 516 803 561 est
833 505 1012 565 dicere
1041 523 1055 560 :
1082 506 1435 562 Delectabilia
1482 507 1612 562 mihi
1645 517 1800 562 erant
1843 518 2111 577 praecepta

544 604 654 658 tua,
681 611 800 665 qua:
824 596 967 666 justa
991 605 1134 651 sunt.
1164 596 1483 665 Cantabiles,
1511 597 1753 668 inquam,
1784 599 1913 652 mihi
1940 587 2109 663 erant,

541 701 595 744 et
625 691 727 747 hoc
755 691 947 746 inloco
972 693 1404 762 peregrinationis
1435 709 1584 760 mete,
1615 693 1666 748 id
1697 701 1780 748 est
1811 693 1865 748 in
1889 694 2112 749 hacvita

545 784 724 855 inqua
752 785 1071 856 peregrinor
1100 785 1354 856 apatria,
1412 801 1531 856 quae
1582 786 1945 858 peregrinatio
1995 802 2113 841 mea

541 882 646 938 est,
684 890 854 945 quam.
879 875 1009 928 mihi
1039 875 1160 945 ipse
1183 877 1452 944 peccando
1478 877 1532 932 in
1563 877 1735 935 Adam
1763 878 1974 947 paravi.
2009 877 2114 932 Per

545 967 650 1021 hoc
703 968 959 1022 meritum
1009 977 1342 1040 augmentat,
1387 985 1450 1024 ac
1477 971 1522 1025 si
1561 971 1727 1027 dicat.
1761 972 1932 1027 Adam
1989 987 2112 1027 cum

543 1073 649 1111 non
677 1068 824 1113 esset
847 1059 899 1112 in
931 1059 1394 1130 peregrinatione,
1424 1059 1589 1132 482
1617 1077 1722 1116 non
1749 1063 1940 1118 habuit
1977 1077 2115 1133 pra:-

547 1158 703 1220 cepta
734 1159 820 1204 tua
850 1150 1086 1220 jucunda
1149 1161 1203 1207 et
1242 1153 1601 1222 delectabilia,
1669 1155 1797 1209 mihi
1833 1164 2014 1210 autem
2058 1155 2112 1210 in

542 1239 976 1311 peregrinatione
1007 1241 1182 1309 posito
1213 1242 1548 1298 delectabilia
1580 1252 1724 1299 sunt.
1749 1243 1872 1299 Ideo
1902 1259 2116 1314 quoque

548 1347 746 1384 memor
774 1341 883 1386 esto
916 1332 1058 1386 verbi
1085 1334 1185 1401 tui,
1213 1334 1468 1404 quoniam
1507 1350 1606 1406 ego
1633 1351 1830 1390 memor
1859 1335 1940 1406 fui
1963 1345 2113 1390 nocte

545 1422 766 1476 nominis
792 1423 892 1488 tui,
925 1422 1168 1490 Domine,
1192 1425 1244 1480 id
1272 1433 1356 1480 est
1378 1426 1431 1480 in
1465 1434 1708 1496 tempore
1733 1434 2020 1492 nocturno,
2059 1427 2114 1481 in

542 1526 650 1580 quo
670 1521 754 1566 est
772 1513 968 1581 quietis
994 1522 1230 1585 tempus,
1251 1524 1307 1570 et
1332 1517 1386 1570 in
1410 1531 1515 1586 quo
1527 1517 1894 1587 suggestiones
1918 1517 2116 1572 illicita:

542 1603 813 1673 praecipue
834 1604 1005 1660 solent
1031 1607 1287 1674 suboriri,
1313 1625 1511 1665 memor
1531 1610 1612 1677 [ui
1642 1610 1865 1668 nominis
1882 1611 1980 1675 tui,
2004 1609 2114 1667 sci-

543 1691 1137 1765 licetutsuggestiones
1178 1697 1394 1753 illicitas
1416 1699 1740 1763 evaderem,
1797 1712 2114 1754 memorans

545 1790 596 1840 te
622 1782 906 1839 Domfnum
959 1801 1079 1844 esse
1120 1796 1175 1843 et
1227 1786 1549 1850 Creatorem
1592 1797 1648 1845 et
1697 1788 2116 1842 inobedientium

545 1871 800 1940 ultorem,
825 1875 913 1936 vel
926 1876 982 1934 in.
1012 1887 1184 1942 nocte,
1207 1877 1258 1932 id
1289 1879 1445 1934 estin
1478 1888 1720 1949 tempore
1747 1878 2124 1945 adversitatis,

545 1960 600 2015 in
633 1979 740 2032 quo
762 1973 942 2035 potest
967 1982 1087 2022 esse
1108 1967 1375 2034 defectus,
1401 1985 1599 2024 menter
1623 1969 1703 2038 fui
1727 1970 1956 2028 nominis
2017 1971 2116 2035 tui,

547 2051 786 2116 Domine.
802 2054 869 2108 Et
901 2071 998 2126 per
1025 2057 1128 2119 hoc
1173 2073 1282 2113 non
1311 2059 1516 2125 deieci;
1561 2061 1652 2114 sed
1676 2059 1928 2116 custodivi
1958 2058 2126 2129 legem.

551 2155 714 2210 tuam,
749 2145 801 2200 id
856 2157 941 2203 est
989 2160 1250 2228 pratcepta
1291 2160 1415 2218 tua,
1467 2167 1534 2206 ne
1580 2166 1642 2206 ea
1691 2150 2115 2222 transgrederer.

549 2235 798 2296 Ostendit
827 2250 1005 2294 autem
1028 2242 1094 2296 ad
1117 2243 1326 2311 pondus
1351 2243 1565 2310 meriti,
1606 2250 1661 2296 et
1697 2242 1765 2296 ad
1811 2241 2119 2312 exemplum

547 2326 586 2390 h,
603 2328 870 2386 imilitatis
897 2330 1036 2388 hanc
1063 2333 1380 2390 memoriam
1407 2349 1463 2389 se
1493 2349 1597 2391 non
1625 2333 1880 2392 habuisse
1933 2346 2000 2387 ex
2040 2347 2118 2398 se,

547 2433 671 2472 cum
694 2419 821 2474 dicit
851 2435 866 2474 :
891 2421 1095 2477 Memor
1124 2425 1224 2493 fui,
1253 2425 1494 2493 inquam.
1531 2423 1661 2482 ιιωε
1691 2432 1870 2477 autem
1904 2416 2117 2478 memo-

551 2509 631 2583 ria
665 2525 768 2565 non
802 2527 866 2568 ex
892 2528 977 2568 me
1001 2513 1127 2580 fuit;
1158 2515 1252 2570 sed
1279 2514 1419 2584 facta
1453 2525 1528 2570 est
1568 2514 1700 2568 mihi
1738 2529 1768 2568 a
1803 2523 1876 2569 te.
1900 2512 1969 2568 Et
1999 2512 2124 2570 inde

550 2598 695 2653 facta
721 2609 823 2668 est,
848 2602 970 2672 quia
985 2602 1392 2672 justificntiones
1446 2613 1566 2658 tuas
1625 2589 1919 2674 exquisivi,
1945 2601 1999 2658 id
2043 2609 2127 2658 est

549 2692 801 2745 mandata
853 2701 942 2748 tua
988 2691 1344 2762 justiﬁeantia
1398 2711 1466 2750 ex
1511 2695 1765 2752 onmibus
1811 2695 1973 2753 rebus
2004 2694 2125 2750 aliis

545 2783 793 2856 qumsivi,
814 2783 866 2838 id
897 2784 1155 2854 estelegi.
1190 2785 1490 2841 Notandum
1517 2786 1661 2856 quod
1692 2801 1797 2841 non
1826 2787 2126 2858 incongrue

549 2875 676 2930 huic
697 2875 811 2946 jam
841 2879 1099 2947 exposita:
1127 2878 1380 2940 clausula:
1433 2879 1764 2934 inscribatur
1812 2875 1972 2943 Zain,
2005 2892 2125 2947 qua:

549 2968 780 3038 septima
832 2980 917 3024 est
973 2971 1024 3025 in
1060 2971 1250 3030 ordine
1295 2969 1587 3040 alphabeti,
1645 2979 1705 3025 ut
1751 2969 2128 3039 videlicetper

556 3076 840 3116 numerum
868 3063 1241 3134 septenarium
1266 3063 1572 3128 denotetur,
1587 3063 1727 3132 quod
1757 3063 1810 3118 in
1835 3063 1937 3117 hac
1979 3062 2127 3123 clau-

551 3150 666 3214 sula
692 3152 757 3206 do
787 3154 968 3223 quiete
998 3164 1212 3210 aeterna:
1246 3155 1861 3221 beatitudinisoratur,
1880 3170 2002 3208 cum
2043 3154 2124 3209 di-

553 3244 627 3298 cit
663 3262 676 3299 :
721 3243 925 3300 Memor
952 3257 1083 3313 esto,
1121 3262 1240 3317 qum
1287 3262 1384 3316 per
1419 3261 1700 3306 numerum
1753 3245 2124 3315 septenarium

553 3332 891 3405 intelligitur,
932 3350 996 3391 eo
1019 3336 1160 3405 quod
1187 3336 1239 3392 in
1266 3336 1353 3392 die
1398 3338 1626 3407 septima
1671 3337 1812 3391 Deus
1859 3336 2130 3406 quievisse

556 3421 778 3493 legitur,
837 3433 893 3488 et
941 3425 994 3479 in
1047 3425 1134 3480 die
1185 3426 1410 3506 septima
1469 3427 1524 3482 in
1592 3426 1709 3495 lege
1761 3425 1929 3480 veteri
1977 3426 2147 3494 quies.

554 3514 739 3568 haberi
780 3516 1194 3586 prtecijtiebatur
1222 3532 1320 3587 per
1347 3531 1508 3587 quam
1553 3517 1706 3587 quies
1761 3524 1961 3570 aeterna
1989 3531 2129 3590 pra:-

555 3606 890 3674 signabatur.

627 3694 814 3762 llnrn,
863 3714 1027 3766 pavor
1079 3699 1487 3770 interpretatur.
1547 3698 1676 3766 Quae
1707 3699 1962 3754 nimirum
2021 3715 2129 3756 non

560 3787 1004 3849 inconvenienter
1032 3800 1238 3844 octava:
1273 3792 1522 3846 clausula:
1539 3793 1784 3848 versibus
1809 3794 2022 3848 octonis
2048 3793 2138 3846 in-.

559 3879 847 3946 scribitur;
911 3881 966 3933 in
1013 3896 1120 3950 qua
1173 3882 1412 3937 ﬁdelium
1467 3884 1715 3945 collectio
1739 3893 1881 3949 orat,
1931 3893 2130 3938 uteam

558 3969 702 4026 Deus
725 3969 910 4026 deceat
927 3971 1346 4040 justilicatioucs
1374 3989 1517 4037 suas,
1550 3975 1934 4044 praetendendo
1948 3975 2130 4045 plures

557 4076 752 4116 causas
778 4062 1091 4131 quibushoc
1120 4072 1462 4132 assequatur.
1493 4063 1606 4120 lloc
1627 4073 1805 4119 autem
1831 4065 1954 4120 ideo
1971 4079 2130 4120 orare

559 4153 843 4207 denotatur
869 4169 966 4223 per
1017 4153 1175 4221 IIet/t,
1211 4170 1330 4224 qua:
1352 4172 1516 4224 pavor
1541 4156 1952 4226 interpretatur,
2005 4157 2131 4226 quia

557 4260 678 4298 cum
704 4245 814 4316 jam
837 4245 886 4298 in
928 4254 1132 4300 tantum
1166 4246 1444 4316 dignitatis
1469 4248 1797 4315 ascenderit,
1840 4258 1900 4302 ut
1927 4249 1978 4302 in
2037 4264 2130 4304 su-

559 4336 867 4407 perioribus
895 4336 1153 4393 clausulis
1177 4348 1453 4392 ostensum
1484 4348 1590 4406 est,
1621 4347 1782 4412 pavet
1825 4354 1892 4391 ne
1914 4338 1982 4392 ab
2030 4338 2132 4392 hac

559 4429 840 4484 altitudine
888 4430 1068 4499 aliquo
1091 4430 1247 4484 modo
1296 4430 1549 4495 decidat,
1611 4439 1666 4483 ct
1707 4429 1866 4498 hujus
1918 4429 2131 4500 pavoris

559 4520 847 4573 occasione
877 4529 1158 4589 tantopere
1185 4529 1320 4574 orat.
1357 4538 1374 4570 ι
1409 4519 1607 4573 Beatus
1655 4519 1799 4573 enim
1828 4520 1990 4574 homo
2035 4519 2129 4594 qui

561 4627 771 4680 semper
795 4620 874 4665 est
901 4611 1125 4681 pavidus
1165 4611 1345 4684 (Prov.
1378 4627 1573 4677 xxvtu,
1607 4611 1714 4682 M).
1747 4630 1766 4663 ι

608 4687 818 4755 Ῥονιὶο
845 4720 981 4769 mea,
1020 4704 1258 4770 Domine,
1291 4713 1399 4760 etc.
1423 4703 1548 4758 lla-c
1569 4704 1748 4758 omnia
1770 4703 1883 4758 fere
1905 4717 2024 4773 qua?
2079 4703 2133 4757 i‘n

565 4792 667 4846 hac
716 4791 954 4846 clausula
991 4793 1280 4860 habentur,
1338 4794 1639 4864 prmposittc
1681 4807 1861 4848 causae
1916 4803 2041 4848 sunt
2068 4793 2136 4846 ad

564 4884 868 4956 orationem
899 4900 1017 4953 qua:
1055 4885 1107 4938 in
1138 4887 1242 4940 line
1263 4887 1454 4956 psalmi
1500 4887 1675 4957 posita
1703 4897 1818 4952 est;
1853 4886 1941 4941 ubi
1971 4885 2131 4940 dicit:

571 4975 707 5028 Doce
757 4991 836 5028 me
859 4975 1260 5043 justi/icationes
1289 4987 1442 5042 tuas;
1475 4994 1594 5048 qua:
1648 4978 1725 5033 sic
1764 4978 1982 5047 quidem
2037 4977 2135 5030 ad-

579 5074 810 5134 aptutur.
827 5064 1008 5128 ()raVi,
1027 5064 1268 5131 Domine,
1289 5078 1597 5120 memoresto
1610 5069 1750 5121 verbi
1763 5065 2138 5138 promissionis

571 5167 693 5220 tua-2,
721 5167 776 5212 ut
801 5157 930 5210 mihi
959 5157 1283 5228 promissam
1314 5157 1700 5212 beatitudinem
1724 5165 1986 5213 :eternam
2041 5157 2138 5210 tri—

573 5247 726 5302 buas.
759 5248 838 5302 Ad
864 5265 1024 5318 quam
1047 5250 1458 5320 promissionem
1485 5263 1541 5304 ut
1563 5251 1846 5318 attingam,
1881 5266 1999 5316 oro,
2027 5249 2138 5302 Do-

572 5341 732 5406 mine,
758 5341 882 5395 doce
914 5359 992 5396 me
1023 5343 1191 5412 magis
1230 5343 1509 5414 magisque
1535 5342 1942 5412 justiﬁeationes
1999 5353 2138 5408 tuas,

573 5433 623 5488 id
655 5443 738 5488 est
768 5443 1030 5504 praecepta
1061 5445 1170 5499 tua,
1203 5444 1254 5488 et
1284 5435 1583 5491 secundum
1615 5433 1923 5498 scientiam,
1969 5442 2024 5488 et
2064 5448 2142 5486 se-

573 5525 806 5580 cundum
831 5526 1485 5596 operationem,qua:jam
1520 5543 1606 5582 me
1638 5524 1891 5580 docuisti.
1928 5523 1994 5575 Et
2021 5523 2142 5577 ideo

574 5618 703 5672 doce
751 5635 831 5673 me
890 5619 1045 5688 juxta
1087 5627 1354 5688 prtccepta
1397 5628 1506 5686 tua,
1539 5620 1662 5689 quia
1695 5627 1772 5682 ιιι,
1807 5615 2047 5677 Domine,
2081 5629 2139 5668 es

571 5711 743 5780 portio
779 5729 908 5774 mea,
941 5709 1146 5764 scilicet
1179 5718 1228 5762 te
1254 5699 1422 5763 solum
1450 5721 1656 5780 partem
1695 5709 1855 5778 elegi,
1891 5705 2142 5761 omnibus

2214 508 2420 578 peccati
2461 510 2711 564 amittere
2737 512 2922 566 timeo.
2949 511 3013 566 Et
3037 512 3158 568 ideo
3181 513 3367 576 adhuc.
3380 517 3501 571 doce
3524 535 3613 583 me,
3629 522 3729 591 quia

2213 613 2320 653 non
2351 598 2525 654 solum
2585 608 2638 655 te
2683 600 2987 671 portionem
3018 599 3192 674 elegi;
3229 605 3324 658 sed
3373 612 3504 661 utte
3543 606 3730 667 electum

2215 691 2574 761 adipiscerer,
2603 693 2711 746 dixi
2745 693 2794 746 in
2811 693 2995 759 corde,
3024 695 3074 748 id
3105 703 3192 750 est
3227 697 3388 750 statui
3417 699 3654 754 custodire
3675 699 3734 756 le-

2212 798 2326 852 gem
2357 783 2580 848 tuam,id
2611 792 2696 838 est
2723 783 2998 853 complere
3021 795 3320 855 praecepta.
3349 786 3416 840 Et
3459 802 3556 842 non
3594 789 3732 845 solum

2212 872 2334 941 hoc,
2369 874 2461 930 sed
2487 875 2649 930 etiam
2681 874 2986 945 deprecatus
3024 893 3140 930 sum
3179 878 3238 931 in
3287 887 3394 932 toto
3447 881 3588 934 corde
3627 898 3733 948 meo,

2214 965 2266 1020 id
2295 975 2379 1020 est
2403 967 2454 1020 in
2482 975 2593 1022 tota
2624 967 2914 1022 ati'ectione
2959 969 3141 1024 cordis
3185 969 3296 1024 mei
3341 969 3556 1040 adipisci
3586 972 3734 1042 faciem

2215 1065 2363 1110 tuam
2397 1057 2450 1111 in
2477 1055 2683 1123 futuro,
2717 1057 2771 1112 id
2795 1067 2878 1128 est
2900 1059 3247 1130 praesentiam
3296 1069 3355 1114 et
3381 1061 3649 1130 plenariam
3679 1066 3738 1121 tui

2213 1147 2597 1218 cognitionem,
2641 1164 2773 1220 quae
2801 1158 2886 1204 est
2929 1164 3140 1204 summa
3190 1151 3488 1206 beatitudo.
3528 1151 3613 1206 Vel
3644 1153 3737 1209 sic:

2215 1236 2531 1306 Deprecatus
2556 1253 2672 1291 sum
2701 1237 2928 1307 adipisci
2952 1238 3143 1307 faciem
3172 1247 3349 1304 tuam,
3372 1245 3427 1294 et
3459 1240 3555 1294 hoc
3588 1241 3635 1294 in
3653 1251 3736 1295 toto

2214 1329 2368 1382 corde
2397 1345 2529 1396 meo,
2559 1329 2610 1384 id
2638 1337 2720 1384 est
2743 1337 2801 1384 ut
2834 1337 2886 1384 te
2912 1337 3024 1385 toto
3054 1330 3221 1385 corde
3262 1331 3318 1384 in
3370 1327 3544 1384 futuro
3587 1345 3743 1400 cogno-

2216 1433 2384 1484 scam,
2409 1427 2462 1474 et
2487 1419 2700 1474 videam
2746 1428 2860 1476 toto
2891 1420 3054 1476 corde
3085 1421 3179 1476 tibi
3205 1421 3468 1486 intentus,
3515 1437 3612 1477 non
3645 1437 3744 1492 par-

2218 1510 2314 1566 tim
2345 1510 2700 1567 sazcularibus
2739 1520 2797 1567 ut
2820 1528 2982 1567 nunc.
3010 1511 3338 1580 Deprecatus
3375 1527 3487 1565 sum
3507 1553 3520 1579 ,
3548 1512 3742 1581 inquam,

2217 1604 2402 1660 dicens
2433 1605 2513 1661 sic
2548 1603 2628 1661 :0
2652 1605 2896 1671 Domine,
2925 1608 3171 1662 miserere
3205 1606 3513 1672 mei,idest,
3541 1624 3602 1662 ex
3621 1607 3744 1662 mise-

2221 1695 2458 1750 ricordia
2513 1703 2602 1749 tua
2656 1695 2788 1759 mihi
2821 1695 2888 1750 da
2938 1695 3132 1758 faciem
3165 1703 3350 1759 tuam,
3378 1697 3642 1750 secundum
3662 1697 3748 1750 eto-

2217 1785 2400 1856 quium
2438 1794 2610 1852 tuum,
2637 1786 2690 1840 id
2722 1795 2806 1842 est
2833 1785 3141 1841 secundum.
3163 1785 3312 1855 quod
3340 1786 3620 1856 promisisti
3660 1786 3746 1856 'per

2221 1877 2536 1946 prophetam
2565 1877 2750 1932 dicens
2775 1895 2787 1931 :
2808 1877 3394 1947 «Omnescognoseent
3421 1892 3505 1931 me
3522 1893 3551 1930 a
3577 1876 3744 1931 minore

2221 1980 2390 2034 usque
2437 1965 2504 2020 ad
2541 1967 2848 2023 maximum.
2879 1966 3012 2037 (Jer.
3045 1983 3194 2029 xxxx,
3226 1966 3340 2036 54).
3385 1985 3404 2018 ι
3453 1965 3568 2022 Ideo
3607 1967 3746 2022 adhuc

2222 2056 2348 2110 doce
2372 2073 2470 2124 me,
2487 2056 2614 2126 quia
2641 2072 2746 2111 non
2779 2056 2951 2111 solum
2973 2057 3134 2110 statui
3159 2055 3423 2110 custodire
3444 2055 3591 2125 legem
3613 2065 3746 2117 tuam,

2188 2149 2318 2204 .sed
2375 2149 2541 2203 etiam
2594 2149 2820 2218 cogitavi
2878 2149 2985 2202 vias
3033 2164 3203 2215 meas,
3234 2147 3286 2201 id
3319 2153 3404 2202 est
3427 2160 3543 2201 cum
3575 2158 3744 2202 sumtrtl

2223 2239 2572 2293 meditatione
2597 2239 2888 2308 perquisivi
2914 2253 3034 2308 quae
3054 2247 3242 2294 essent
3277 2238 3382 2293 vise
3421 2251 3576 2302 mete,
3605 2237 3651 2290 id
3684 2244 3765 2294 est.

2223 2332 2324 2387 viae
2336 2333 2464 2386 mihi
2483 2333 2659 2400 utiles,
2671 2347 2766 2402 per
2779 2348 2914 2402 quas
2933 2331 2996 2392 ad
3018 2341 3069 2386 te
3091 2332 3479 2402 pertingerem.
3495 2329 3558 2382 Et
3580 2329 3646 2384 sic
3658 2336 3747 2382 tau-

2225 2422 2344 2477 dem
2375 2423 2441 2477 ab
2467 2422 2720 2477 omnibus
2756 2421 3042 2477 mundanis
3075 2421 3409 2490 contemptis
3450 2418 3652 2473 converti
3684 2433 3748 2485 ρε-

2225 2514 2314 2569 des
2345 2531 2483 2568 meos
2510 2517 2565 2567 in
2590 2514 2884 2567 testimonia
2913 2523 3026 2580 tua,
3046 2513 3099 2567 id
3119 2521 3205 2567 est
3233 2511 3476 2566 converti
3493 2509 3768 2565 aﬂectiones

2225 2621 2378 2660 meas
2416 2605 2469 2659 in
2499 2615 2766 2678 prmcepta
2800 2615 2914 2670 tua,
2959 2621 3080 2676 qua:
3126 2603 3388 2660 mihivite
3407 2611 3527 2659 sunt
3568 2601 3626 2656 ad
3649 2608 3749 2662 te,a

2226 2696 2577 2752 similitudine
2608 2697 2751 2751 illius
2779 2697 2916 2767 quia
2945 2704 3184 2756 tortuosa
3219 2694 3312 2754 via
3339 2695 3392 2748 in
3421 2700 3609 2750 rectam
3637 2688 3748 2742 riam

2225 2786 2389 2856 pedes
2435 2788 2721 2842 convertit.
2766 2786 2868 2841 Per
2891 2787 2993 2842 hoc
3040 2783 3432 2856 autemquod
3463 2784 3564 2837 vias
3624 2777 3750 2852 483

2228 2893 2368 2931 men
2403 2877 2643 2946 cogitavi,
2673 2887 2888 2947 paratus
2923 2893 3038 2932 sum
3069 2877 3135 2930 ad
3168 2873 3533 2930 resistendum
3566 2869 3751 2924 viriliter

2228 2969 2473 3022 hostibus
2497 2979 2550 3021 et
2578 2969 2929 3024 interioribus
2958 2978 3013 3024 ει
3053 2968 3456 3034 exterioribus,
3487 2974 3532 3018 et
3555 2963 3622 3017 sic
3640 2960 3772 3030 quod.

2229 3078 2331 3116 non
2361 3078 2474 3116 sum
2504 3061 2740 3116 turbatus
2771 3061 3117 3132 aliquatenus
3143 3062 3211 3116 ab
3242 3060 3378 3131 ipsis
3421 3056 3662 3114 hostibus.
3702 3052 3758 3106 Et.

2231 3157 2367 3211 adeo
2394 3166 2610 3226 paratus
2637 3173 2753 3210 sum
2782 3155 3146 3209 utcustodiam
3177 3155 3433 3208 mandata
3478 3162 3583 3215 tua,
3625 3157 3770 3216 opere-

2231 3250 2572 3320 complendo.
2606 3250 2820 3304 Diceret
2849 3247 3046 3318 aliquis
3080 3264 3093 3300 :
3131 3247 3282 3301 Dicis
3316 3257 3368 3300 te
3397 3259 3500 3299 non
3534 3254 3639 3296 esse
3665 3247 3751 3290 tur-

2229 3341 2437 3396 batum.
2477 3339 2669 3393 Fuitne
2697 3337 2845 3392 locus
2868 3336 3196 3391 turbationis
3221 3336 3248 3389 ?
3292 3335 3374 3390 Ad
3396 3331 3533 3403 quod
3573 3329 3640 3383 sic
3689 3339 3753 3379 rev

2231 3430 2460 3501 spondet
2497 3448 2509 3482 :
2541 3428 2664 3484 Fuit
2685 3429 2888 3496 utique.
2921 3425 3100 3480 Funes
3130 3425 3278 3480 enim
3326 3431 3634 3494 peccatorum
3676 3414 3752 3468 cir-

2206 3522 2489 3588 'cumpte:ri
2511 3530 2628 3574 sunt
2657 3534 2756 3581 me,
2780 3517 2831 3572 id
2855 3525 2940 3572 est
2970 3515 3139 3571 fortes
3167 3513 3349 3585 laquei
3377 3511 3465 3582 qui
3503 3508 3658 3566 solent
3679 3504 3751 3558 ho-

2233 3618 2405 3672 mines
2431 3616 2496 3671 ad
2523 3623 2745 3684 peccata
2773 3613 3011 3678 trahere,
3042 3607 3590 3665 circumvallaverunt
3631 3607 3682 3654 ut
3702 3594 3752 3649 ad

2231 3716 2452 3781 peccata
2506 3722 2590 3760 me
2631 3705 2929 3759 traherent.
2983 3701 3049 3755 Et
3100 3711 3282 3754 tamen
3317 3698 3474 3767 legem
3527 3701 3754 3748 tuumnon

2232 3783 2345 3855 sum
2373 3798 2588 3862 oblitus,
2623 3806 2684 3852 ιιι
2710 3797 2762 3850 in
2821 3801 3043 3861 peccata
3098 3790 3440 3847 detraherer.
3489 3786 3648 3840 Funes
3678 3790 3753 3848 pro

2232 3891 2464 3946 fortibus
2495 3889 2706 3959 laqueis
2734 3887 2906 3957 ponit,
2941 3900 3007 3940 eo
3057 3883 3200 3954 quod
3231 3897 3301 3937 ex
3363 3879 3577 3934 funibus
3622 3871 3752 3925 fortes

2231 3981 2406 4052 laquei
2443 3981 2594 4044 ﬁant,
2634 3978 2863 4036 adferas
2892 3974 3290 4044 iliaqueandas.
3346 3971 3523 4026 Funes
3550 3969 3752 4036 peccam-

2233 4091 2353 4128 rum
2377 4080 2530 4127 vocat
2557 4087 2643 4126 res
2671 4069 2792 4124 illas
2822 4068 3020 4137 quibus
3044 4066 3225 4122 solent
3266 4065 3510 4120 homines
3555 4072 3621 4110 ao-
3649 4064 3749 4122 pec-

2231 4172 2350 4220 cata
2376 4162 2536 4226 trahi,
2571 4170 2628 4214 ut
2663 4174 2853 4214 aurum
2877 4168 2934 4212 et
2961 4165 3249 4226 argentum
3279 4155 3347 4211 ad
3385 4147 3645 4208 avaritiam
3668 4181 3681 4206 ,
3712 4145 3753 4192 ει

2233 4257 2472 4310 formosa
2511 4253 2703 4308 mulier
2731 4251 2894 4312 trahit
2916 4251 2982 4304 ad
3014 4249 3319 4304 libidinem.
3703 4319 3726 4330 η

2303 4345 2443 4402 Vere
2489 4361 2590 4398 non
2631 4360 2744 4397 sum
2787 4341 2984 4397 oblitus
3007 4339 3168 4410 [egent
3199 4347 3344 4391 tuam
3358 4333 3500 4402 ;,sed
3535 4330 3582 4383 in
3620 4319 3752 4378 media

2162 4434 2206 4491 ι)
2235 4448 2402 4500 nocte,
2438 4437 2489 4490 id
2513 4444 2595 4490 est
2625 4435 2678 4488 in
2709 4434 2885 4488 medio
2913 4431 3162 4487 nocturni
3193 4427 3470 4498 temporis,
3501 4424 3550 4478 in
3581 4429 3670 4487 quo
3691 4418 3752 4466 εει

2235 4529 2384 4583 locus
2407 4524 2628 4595 quietis,
2655 4532 2709 4577 et
2745 4524 2796 4576 in
2821 4537 2927 4590 quo
2957 4519 3182 4574 multum
3213 4516 3573 4588 suggestiones
3595 4502 3752 4595 illiciis

2236 4619 2406 4673 solent
2429 4594 2692 4677 suboriri,
2728 4613 3006 4683 surgebant
3031 4611 3100 4664 ad
3131 4608 3481 4678 confitendum
3506 4599 3609 4662 tibi,
3629 4594 3669 4648 id
3690 4595 3753 4644 est

2237 4710 2302 4763 ad
2327 4708 2646 4762 laudandum
2673 4715 2744 4768 te,
2771 4703 3024 4758 fundatus
3044 4717 3198 4771 super
3206 4699 3436 4771 judicia,
3462 4695 3512 4749 id
3532 4699 3604 4745 εει
3627 4693 3752 4752 super

2237 4806 2502 4868 prmeepta
2527 4793 2919 4864 justiﬁeationis
2959 4802 3086 4858 tum,
3117 4805 3214 4861 per
3256 4804 3375 4860 qua:
3398 4783 3627 4841 videlicet
3656 4771 3753 4827 obc-

2239 4890 2444 4944 dientes
2473 4886 2564 4938 tibi
2593 4883 2874 4952 justiticas.
2924 4882 3076 4950 Quod
3104 4890 3187 4936 est
3216 4881 3396 4935 dicere
3439 4894 3451 4929 :
3497 4871 3567 4926 Ne
3599 4873 3749 4932 susse-

2239 4982 2444 5036 stiones
2495 4978 2693 5032 illicita:
2741 4991 2825 5030 me
2877 4992 2906 5030 a
2964 4973 3237 5030 mandatis
3291 4971 3397 5026 tuis
3446 4961 3749 5022 retraherent,

2239 5073 2410 5126 media
2440 5081 2586 5124 nocte
2614 5071 2681 5124 ad
2711 5069 3038 5124 laudandum
3081 5076 3132 5121 te
3158 5063 3454 5134 surgebam,
3489 5065 3539 5112 et
3565 5054 3610 5106 in
3635 5057 3749 5144 tum

2241 5163 2382 5218 datis
2410 5161 2517 5216 tuis
2549 5161 2922 5230 persistebam.
2948 5155 3103 5211 Circa
3129 5169 3321 5230 nempe
3343 5157 3543 5206 noctem
3568 5137 3748 5230 inediam

2243 5269 2340 5325 pro
2387 5252 2567 5322 quiete
2611 5260 2666 5304 ct
2707 5249 3029 5320 pinguedine
3076 5259 3245 5300 omna:
3290 5245 3540 5298 hesterna:
3593 5222 3745 5325 insolti‘

2245 5318 2434 5402 scentc
2467 5357 2630 5398 carne
2654 5318 2830 5394 solent
2861 5337 3233 5406 suggestiones
3257 5331 3545 5388 imminere.
3568 5329 3614 5374 εί
3633 5318 3750 5406 ⁰³έ¹¹ξ

2250 5444 2410 5491 tatem
2432 5441 2762 5500 caaterasque
2787 5429 3012 5482 virtutes
3033 5424 3330 5495 prmcipuas
3351 5421 3603 5474 destruere
3618 5395 3750 5500 :dlllfd

2247 5523 2632 5596 prmsignatum
2661 5495 2742 5573 est
2775 5519 2826 5572 in
2867 5517 3096 5587 Aigypto
3138 5515 3239 5568 sub
3278 5511 3469 5582 Moyse,
3503 5495 3748 5596 quando

2253 5576 2441 5670 inedi;
2461 5621 2614 5666 nocte
2645 5609 2857 5682 .Egypti
2901 5576 3252 5676 primogenita
3281 5604 3533 5657 destructa
3560 5591 3665 5682 sunt
3695 5576 3745 5682 ait

2255 5705 2442 5776 angelo
2465 5704 2797 5772 percutientc
2826 5699 3017 5770 (Exod.
3049 5716 3106 5764 ll,
3137 5699 3184 5764 Ι,
3217 5698 3289 5766 ῖς).
3318 5695 3454 5750 Sicut
3486 5691 3638 5740 autem
3657 5678 3756 5726 ιυιιε·

2151 1758 2194 1812 B

2154 3097 2195 3153 C
