3978 6328
257 331 394 384 1957

1169 331 1530 390 EXPOSITIO
1553 333 1621 389 IN
1651 333 1970 390 PSALMOS
1997 366 2064 378 —
2089 338 2281 398 PSAL.
2311 343 2536 400 CXVIII.

3375 364 3504 420 I278

253 449 470 548 Moyses
495 448 866 548 non-stertuit,
914 463 1030 548 non.
1049 449 1286 520 segniter
1321 452 1461 522 egit,
1511 452 1602 506 sed
1647 452 1826 521 agniui
1859 456 1906 512 Α
1935 463 2090 522 cepta
2127 465 2234 523 tua,
2265 474 2325 512 ea
2357 461 2640 516 occasione
2689 467 2813 536 quia
2844 473 3010 539 portio
3039 491 3151 530 mea
3177 491 3254 538 es.
3286 477 3348 533 Et
3376 479 3502 548 quia

253 539 541 609 sanguinis
569 539 829 594 effusione
872 539 1126 611 populum
1164 542 1326 598 Israel
1367 545 1435 599 ab
1480 545 1670 615 angelo
1714 561 1836 614 per-

253 632 495 686 cutiente
525 630 776 686 liberavit
817 630 1016 701 (Exod.
1068 650 1167 700 xu,
1219 637 1314 703 25,
1357 635 1474 708 Si),
1518 637 1614 703 ita,
1660 638 1834 693 media

255 731 421 776 nocte
466 724 901 793 suggestionibus
934 725 1327 796 ingruentibus,
1359 743 1464 782 non
1500 738 1583 782 est
1615 737 1835 797 torpen-

251 811 419 876 dum,
464 813 557 866 sed
598 813 926 882 vigilandum
957 825 1012 870 et
1050 815 1278 872 viriliter
1306 819 1602 888 agendum,
1634 829 1689 873 et
1729 818 1835 874 ﬁde

250 903 527 972 passionis
551 903 775 970 Cbristi,
815 905 906 975 qui
941 921 1104 962 verus
1142 907 1328 978 Agnus
1368 918 1483 975 est,
1535 924 1732 978 corpus
1779 920 1834 964 et

251 994 486 1063 spiritus
515 997 860 1052 muniendus.
891 998 986 1053 Vcl
1021 999 1100 1054 sic
1129 1017 1142 1052 :
1174 999 1230 1054 ln
1261 1009 1406 1054 nocte
1444 1001 1643 1068 media,
1673 1001 1728 1056 id
1752 1010 1834 1056 est

252 1083 312 1138 in
342 1085 674 1141 adversitate
704 1087 989 1143 manifesta
1011 1132 1026 1156 ,
1062 1090 1112 1144 in
1136 1107 1240 1160 qua
1270 1092 1492 1147 videbar
1526 1093 1828 1163 depressus,
1858 1119 1865 1167 ς

249 1176 534 1244 surgebam
559 1177 627 1230 ad
655 1178 1009 1247 conﬁtendum
1037 1181 1146 1245 tibi,
1178 1182 1232 1237 id
1258 1192 1346 1238 est
1384 1184 1600 1238 nitebar
1623 1185 1688 1238 ad
1720 1183 1833 1238 lau-

249 1267 496 1322 dandum
537 1276 615 1333 te,
662 1271 960 1340 reSpicieus
996 1289 1152 1342 super
1188 1273 1393 1343 judicio
1432 1275 1831 1345 justiﬁeationis

250 1365 400 1422 tuae,
445 1358 496 1412 id
545 1368 631 1413 est
676 1361 1028 1417 considerans
1076 1363 1221 1434 ipsas
1268 1366 1655 1421 retributiones
1711 1381 1832 1422 esse

242 1446 454 1516 judicia
502 1459 625 1516 tua,
668 1467 764 1522 per
806 1468 1036 1523 quarum
1084 1455 1424 1510 tolerantiam
1474 1457 1657 1512 ﬁdeles
1709 1467 1829 1513 tuos

240 1537 630 1605 justiﬁeandos
659 1556 781 1598 esse
809 1541 1042 1612 iudicas.
1069 1544 1192 1600 Ideo
1213 1546 1388 1602 adhuc
1411 1548 1537 1601 doce
1575 1565 1655 1601 me
1681 1548 1826 1618 quia,

246 1647 379 1686 cum
406 1632 526 1688 talis
549 1633 651 1688 sim
684 1642 743 1688 ut
770 1634 904 1701 dixi,
933 1651 1040 1691 non
1063 1636 1267 1692 idcirco
1290 1638 1520 1708 praefero
1543 1654 1627 1694 me
1652 1639 1830 1694 mino-

246 1722 412 1777 ribus
431 1723 688 1779 membris
714 1727 836 1789 tuis,
865 1741 965 1781 nec
985 1735 1305 1796 arroganter
1325 1736 1474 1782 extra
1498 1730 1829 1784 consortium

248 1828 447 1868 eorum
487 1830 573 1870 me
601 1831 770 1886 pono,
809 1818 905 1872 sed
941 1795 1334 1890 magisirepnto
1370 1820 1512 1889 quod
1551 1821 1828 1890 particeps,
1863 1795 1904 1854 Β

249 1903 304 1960 id
345 1914 433 1959 est
477 1921 719 1974 consors,
759 1925 850 1978 ego
891 1925 1008 1963 sum
1057 1911 1288 1965 omnium
1314 1911 1606 1964 timentium
1649 1919 1728 1977 te,
1783 1923 1829 1966 et

247 1998 656 2052 custodientium
703 2001 953 2053 mandata
999 2009 1111 2053 tua.
1159 2000 1310 2067 Quod
1346 2010 1430 2058 est
1475 2001 1654 2056 dicere
1693 2018 1708 2055 :
1750 2001 1832 2057 Mc

249 2100 565 2145 consortem
596 2106 716 2146 esse
758 2091 941 2160 judico
989 2093 1274 2162 majorum,
1303 2102 1357 2147 et
1386 2093 1655 2147 minorum
1701 2094 1834 2149 ﬁde-

249 2182 410 2235 lium.
447 2183 700 2246 Minores,
728 2184 978 2239 timentes
1000 2186 1153 2251 dicit,
1183 2201 1248 2240 eo
1277 2186 1418 2255 quod
1451 2187 1502 2240 in
1522 2186 1676 2242 initio
1706 2187 1830 2242 ﬁdei

250 2273 556 2327 existentes
585 2273 758 2326 adhuc
800 2274 1047 2328 timorem
1089 2275 1336 2330 servilem
1377 2275 1630 2331 habeant.
1667 2295 1685 2328 ι
1725 2277 1832 2332 Ini—

251 2365 392 2418 tium
438 2365 586 2419 enim
616 2365 892 2434 sapientia:
917 2366 1076 2420 timor
1104 2367 1311 2422 Domini
1341 2366 1511 2439 (Psal.
1546 2385 1610 2425 cx
1630 2412 1644 2435 ,
1669 2370 1826 2439 10)::

251 2448 676 2523 Majores'vero,
711 2466 869 2511 vocat
891 2458 1256 2512 custodientes
1287 2461 1561 2513 mandata.
1595 2441 1690 2517 Vel
1713 2478 1832 2530 par-

251 2547 416 2614 ticeps
451 2562 564 2599 sum
605 2547 897 2600 timentium
942 2559 988 2604 et
1022 2551 1441 2614 custodientium,
1475 2552 1526 2606 id
1553 2561 1636 2606 est
1665 2553 1834 2622 parti-

251 2651 384 2704 ceps
411 2652 532 2690 sum
557 2639 734 2707 gaudii
761 2647 814 2692 et
837 2640 1086 2694 mmroris
1109 2655 1316 2705 eorum,
1338 2641 1492 2710 juxta
1515 2643 1830 2711 Apostolum

251 2727 572 2782 dicentem:
603 2748 620 2779 ι
657 2727 906 2784 Gaudere
937 2747 1056 2784 eum
1108 2733 1497 2800 gaudentibus,
1543 2732 1669 2788 ﬁere
1709 2750 1830 2788 cum

251 2818 510 2873 flentibus
539 2819 715 2889 (Rom.
751 2836 848 2884 xu,
874 2821 984 2891 15).
1023 2841 1041 2873 ι
1084 2822 1160 2876 Eo
1189 2823 1432 2877 contuitu
1463 2837 1560 2876 oro
1589 2838 1831 2892 quoque,

252 2911 504 2975 Domine,
536 2910 660 2964 doce
686 2929 767 2965 me
781 2913 1189 2982 justiﬁeationes
1223 2923 1362 2978 tuas,
1388 2913 1514 2982 quia
1540 2914 1835 2967 misericor-

252 3000 342 3052 dia
377 3012 502 3064 tua,
553 2999 804 3068 Domine,
849 3002 1000 3072 plena
1047 3012 1124 3057 est
1177 3012 1350 3068 terra,
1397 3018 1496 3072 per
1536 3004 1832 3072 emphasim

1937 547 2108 640 media
2130 560 2276 604 nocte
2300 551 2574 622 surgebam
2599 554 2666 607 ad
2693 559 3040 621 conﬁtendum
3064 566 3176 630 tibi,
3207 547 3502 640 etpropter

1937 635 2072 693 alias
2087 653 2278 695 causas
2293 643 2542 712 superius
2561 646 2786 714 positas,
2801 665 2897 703 oro
2919 653 3100 720 etiam,
3117 635 3360 724 Domine,
3377 635 3502 722 doce

1936 742 2035 793 me,
2063 729 2354 783 secundum
2383 731 2554 800 ipsam
2580 736 2988 804 espcricnliam,
3007 741 3301 811 bonitatem,
3337 748 3389 802 id
3418 757 3502 803 est

1935 815 2254 870 suavitatem
2285 818 2494 874 vivendi
2515 823 2798 877 secundum
2838 825 3096 897 eloquium
3127 843 3291 901 tuum,
3330 838 3380 891 id
3421 851 3503 892 est

1935 914 2262 974 praeceptum
2292 915 2462 972 tuum,
2495 910 2702 966 scilicet
2729 915 2794 967 da
2820 924 2879 970 ut
2907 933 3070 973 suave
3100 922 3226 976 mibi
3252 925 3319 978 sit
3339 927 3502 982 absti-

1934 1009 2062 1050 nere
2087 1010 2116 1048 a
2143 997 2316 1064 malis,
2350 1007 2404 1053 et
2430 997 2565 1055 bene
2587 1005 2818 1071 operari,
2843 1013 2896 1060 ct
2915 1007 3041 1062 doce
3067 1027 3145 1063 me
3177 1011 3501 1083 disciplinam

1933 1085 2136 1151 subire,
2155 1083 2209 1141 id
2237 1096 2321 1142 est
2349 1089 2720 1146 tribulationes
2741 1109 2837 1162 pro
2863 1103 2913 1149 te
2933 1100 3199 1168 pati,qu:e
3225 1103 3500 1172 disciplina

1933 1175 2209 1244 dicuntur,
2235 1193 2300 1234 eo
2328 1181 2470 1250 quod
2498 1182 2565 1236 ad
2589 1183 2691 1238 hoc
2713 1198 2806 1239 eas
2827 1188 3097 1254 permittis
3125 1191 3230 1246 tuis
3257 1191 3504 1246 ﬁdelibus

1933 1265 2146 1333 inferri,
2177 1277 2234 1322 ut
2255 1269 2504 1338 castigati
2533 1270 2773 1341 plenarie
2797 1274 3008 1328 discant
3029 1277 3259 1345 «ptaliter
3286 1280 3504 1334 obedire

1931 1359 2030 1413 tibi
2059 1359 2306 1422 debeant,
2335 1375 2365 1414 a
2396 1360 2746 1418 similitudine
2779 1364 3024 1434 discipuli
3059 1367 3148 1436 qui
3181 1369 3246 1422 ad
3279 1370 3378 1423 hoc
3402 1369 3500 1422 fla-

1930 1449 2162 1521 gellatur
2188 1458 2246 1502 ut
2271 1450 2515 1519 plenarie
2552 1452 2745 1508 discat.
2785 1454 3076 1526 Disciplina
3117 1459 3314 1529 quippe
3354 1475 3503 1514 com—

1930 1544 2150 1613 ponatur
2179 1558 2208 1596 a
2251 1543 2418 1609 disco,
2447 1545 2627 1611 discis,
2659 1555 2789 1612 etc.,
2818 1557 2872 1602 et
2897 1549 3152 1618 plenarie.-
3181 1551 3504 1607 Tribulatio-

1932 1649 2063 1688 num
2096 1643 2277 1690 autem
2309 1635 2610 1692 adversitas
2641 1645 2768 1692 tunc
2811 1647 2891 1693 est
2924 1638 3168 1694 ﬁdelibus
3197 1640 3499 1712 disciplina,

1932 1740 2053 1779 cum
2079 1725 2158 1781 eis
2182 1725 2412 1781 libenter
2441 1726 2766 1795 patientibus
2795 1737 2880 1782 est
2908 1730 3188 1785 correctio.
3214 1730 3500 1797 Caeterum,

1934 1818 1979 1872 si
2020 1817 2173 1873 inviti
2203 1819 2501 1890 patiantur,
2549 1834 2724 1889 neque
2751 1820 3035 1891 disciplina
3076 1821 3182 1878 illis
3211 1833 3292 1878 est
3329 1838 3503 1893 neque

1933 1911 2223 1965 correctio.
2271 1909 2341 1964 Et
2371 1912 2499 1965 doce
2527 1927 2608 1964 me
2644 1926 2741 1981 per
2785 1911 3190 1978 exbibitionem,
3235 1915 3502 1968 scientiam

1932 2015 2256 2056 arcanorum
2301 2013 2534 2067 tuorum,
2575 2003 2784 2058 scilicet
2823 2003 2888 2058 da
2921 2001 3048 2059 mihi
3093 2006 3400 2072 scientiam,
3445 2014 3504 2058 ut

1934 2094 2102 2149 sciam
2134 2095 2262 2164 quid
2290 2095 2555 2165 agendum
2585 2095 2676 2160 sit,
2705 2104 2757 2150 et
2783 2096 2910 2164 quid
2939 2111 3074 2162 non,
3107 2105 3161 2152 et
3186 2096 3314 2166 quid
3353 2097 3418 2150 de
3449 2104 3502 2149 te

1935 2187 2335 2257 intelligendum
2365 2199 2418 2242 et
2447 2188 2575 2257 quid
2602 2203 2729 2242 non.
2754 2188 2912 2242 Aliud
2941 2189 3194 2242 nimirum
3221 2196 3303 2242 est
3332 2187 3501 2240 absti-

1935 2291 2063 2332 nere
2103 2294 2132 2332 a
2174 2278 2332 2334 malis
2366 2287 2418 2333 et
2448 2277 2584 2333 bene
2615 2278 2858 2347 Operari,
2905 2286 2958 2333 et
2983 2277 3127 2331 aliud
3169 2286 3251 2331 est
3295 2275 3434 2330 scire
3473 2291 3504 2327 a

1933 2367 2090 2422 malis
2125 2382 2244 2423 esse
2287 2369 2666 2423 abstinendum
2713 2378 2769 2423 et
2815 2369 2952 2423 bene
2999 2367 3350 2438 operandam.
3401 2365 3504 2420 Per

1936 2459 2050 2512 haec
2081 2458 2183 2512 tria
2214 2459 2373 2512 verba
2403 2473 2522 2528 quae
2550 2458 2699 2527 ponit
2739 2459 2983 2513 denotari
3013 2465 3237 2526 possunt
3274 2464 3507 2525 quatuor

1935 2547 2131 2603 anima:
2161 2548 2389 2602 virtutes
2420 2549 2770 2618 principales,
2812 2550 2876 2604 de
2917 2549 3110 2618 quibus
3148 2547 3504 2617 adipiscendis

1936 2640 2026 2693 hic
2075 2647 2280 2708 oratur.
2339 2639 2442 2694 Per
2493 2639 2788 2694 bonitatem
2841 2640 2984 2694 enim
3048 2639 3400 2709 temperantia
3451 2647 3506 2692 et

1929 2727 2144 2798 justitia
2172 2745 2293 2798 qua:
2324 2731 2390 2782 ab
2421 2731 2618 2784 bonum
2646 2743 2782 2798 opus
2812 2738 3080 2797 spectant,
3111 2727 3501 2796 intelliguntur.

1937 2821 2037 2875 Vix
2061 2821 2202 2874 enim
2227 2837 2255 2873 a
2284 2820 2438 2874 malis
2461 2827 2812 2888 temperatur,
2841 2819 2968 2888 quin
3002 2820 3068 2873 ad
3109 2821 3304 2874 bonum
3334 2833 3500 2888 Opus,

1936 2911 2075 2977 quod
2101 2920 2184 2965 est
2203 2910 2427 2966 effectus
2444 2911 2682 2981 justitiae,
2713 2911 3010 2966 insistatur.
3043 2911 3144 2966 Per
3169 2911 3502 2980 disciplinam

1936 3017 2088 3067 vero,
2119 3001 2378 3056 fortitudo
2415 3001 2692 3069 accipitur,
2727 3017 2792 3057 eo
2834 3003 2975 3071 quod
3013 3002 3064 3056 in
3098 3001 3376 3070 disciplina
3408 3001 3505 3054 tri-

252 3091 465 3146 dietum
488 3103 591 3147 est.
623 3091 775 3158 Quod
799 3101 881 3148 est
907 3093 1086 3149 dicere
1115 3112 1128 3148 :
1157 3093 1426 3150 Beneﬁcia
1453 3093 1835 3149 misericordiae
1863 3135 1900 3158 η
1935 3093 2268 3149 bulationum
2313 3092 2573 3148 fortitudo
2607 3094 2920 3149 constantia:
2965 3093 3036 3148 sit
3079 3093 3346 3147 habenda.
3402 3091 3506 3145 Per

253 3190 398 3245 tum,
427 3180 668 3251 plenarie
713 3193 838 3238 sunt
889 3184 942 3238 in
991 3185 1242 3240 omnibus
1276 3186 1504 3240 terrenis
1534 3185 1829 3251 creaturis,

253 3283 370 3328 tam
395 3276 450 3328 in
478 3275 734 3331 animatis
760 3292 920 3346 quam
947 3277 999 3332 in
1030 3277 1360 3332 inanimatis.
1397 3277 1628 3346 Ideoque
1653 3293 1752 3331 oro
1774 3288 1835 3331 ut

252 3381 335 3418 nte
369 3364 792 3420 misericorditer
835 3367 1019 3420 doceas
1049 3367 1456 3437 justiﬁcationes
1497 3376 1636 3420 tuas.
1680 3367 1835 3422 Mise-

253 3455 494 3508 ricordia
528 3471 722 3526 nempe
769 3456 978 3511 Domini
1036 3458 1094 3511 ﬁt
1137 3459 1279 3527 quod
1327 3459 1532 3527 lapides
1571 3459 1830 3524 existunt,

253 3547 488 3600 arbores
521 3556 577 3600 et
631 3548 811 3602 herbae
849 3549 1117 3613 frondent,
1162 3558 1216 3604 et
1265 3548 1466 3604 florida:
1508 3558 1668 3617 sunt;
1720 3552 1834 3604 ani-

252 3634 424 3688 utalia
457 3649 586 3688 vero
614 3636 800 3689 vivunt
821 3645 875 3689 et
906 3637 1164 3692 sentiunt.

321 3725 518 3791 Tum,
549 3726 775 3780 exclusio
811 3727 892 3782 vel
933 3728 1120 3782 bonum
1171 3729 1579 3797 interpretatur.
1621 3729 1678 3784 Si
1706 3745 1834 3784 vero

252 3817 400 3872 banc
433 3818 968 3887 interpretationem,
999 3835 1118 3890 quae
1155 3829 1240 3874 est
1264 3820 1525 3885 exclusio,
1555 3820 1835 3890 diligenter

256 3909 627 3974 attendamus,
656 3910 760 3965 hoc
798 3911 1007 3964 videtur
1037 3891 1260 3966 innuero
1302 3911 1444 3981 quod
1473 3912 1561 3967 hic
1595 3911 1831 3974 ﬁdelium

257 4015 440 4056 massa
482 4016 600 4070 qua:
643 4002 934 4056 bonitatem
980 4011 1037 4058 et
1067 4003 1406 4073 disciplinam
1449 4013 1505 4057 et
1548 4003 1830 4058 scientiam

257 4092 444 4148 doceri
490 4106 549 4145 se
588 4107 618 4144 a
664 4092 892 4146 Domino
937 4095 1172 4163 expetit,
1203 4108 1419 4148 omnem
1463 4108 1494 4147 a
1538 4108 1596 4148 se
1632 4102 1832 4147 metum

257 4182 630 4252 patiendijam
659 4184 910 4249 exclusit,
941 4195 1132 4254 parata
1159 4183 1498 4252 disciplinam
1531 4183 1835 4239 tribulatio-

258 4291 386 4329 num
441 4291 538 4346 pro
566 4275 792 4328 Domino
826 4276 1034 4340 subire;
1074 4277 1138 4331 de
1179 4291 1286 4345 qua
1334 4285 1456 4331 orat
1499 4277 1840 4332 ostendendo.

258 4381 376 4435 qua:
406 4367 610 4421 utilitas
643 4381 706 4421 ex
733 4365 1035 4436 bujusmodi
1060 4366 1340 4436 disciplina
1367 4368 1662 4439 contingat.
1693 4367 1828 4434 Quia

1937 3185 2218 3240 scientiam
2261 3193 2472 3250 autem,
2513 3184 2800 3253 prudentia
2843 3182 3128 3238 manifeste
3168 3183 3499 3252 designatur.

1935 3274 2068 3329 Dico
2093 3275 2214 3328 doce
2239 3291 2319 3328 me
2345 3273 2620 3328 bonitatem
2665 3283 2712 3326 et
2743 3273 3074 3344 disciplinam
3115 3283 3160 3327 et
3210 3275 3499 3326 scientiam.

1936 3365 2048 3422 Hoc
2077 3377 2256 3422 autem
2285 3381 2350 3421 co
2373 3366 2614 3420 contuitu
2638 3381 2754 3432 oro,
2787 3375 2842 3421 et
2872 3367 2972 3420 bac
2999 3364 3346 3446 conﬁdentia,
3374 3366 3502 3433 quia

1930 3459 2044 3528 jam
2073 3460 2238 3528 fecisti
2269 3475 2386 3512 cum
2412 3475 2558 3512 servo
2583 3470 2692 3524 tuo,
2719 3459 2770 3512 id
2796 3469 2878 3513 est
2907 3458 3074 3528 fecisti
3105 3472 3314 3511 mecmn
3334 3498 3348 3521 ,
3382 3457 3505 3510 ideo

1936 3552 2059 3622 quia
2086 3566 2270 3604 servus
2299 3559 2420 3604 tuus
2453 3565 2593 3614 sum,
2634 3549 2912 3602 bonitatem
2959 3546 3170 3602 vivendi
3211 3547 3502 3601 secundum

1937 3643 2158 3697 verbum
2205 3649 2374 3694 tuum.
2421 3640 2573 3705 Quod
2621 3650 2703 3694 est
2733 3640 2912 3694 dicere
2951 3654 2965 3692 :
3017 3638 3141 3692 Inde
3179 3647 3361 3692 certus
3385 3652 3504 3690 sum

1935 3732 2076 3802 quod
2103 3745 2166 3785 ea
2213 3745 2332 3800 qua:
2361 3746 2457 3784 oro
2487 3731 2613 3784 mihi
2647 3731 2798 3785 dabis
2820 3770 2834 3794 ,
2875 3729 3132 3800 quoniam
3174 3728 3274 3782 hoc
3302 3725 3506 3781 beneﬁ—

1935 3824 2076 3877 cium
2106 3823 2230 3876 tnilti
2256 3821 2368 3892 jam
2400 3822 2674 3877 contulisti
2707 3831 2764 3876 ut
2791 3821 2958 3876 facias
2992 3835 3155 3877 suave
3198 3819 3331 3873 mihi
3384 3834 3506 3873 esse

1934 3915 2118 3969 vivere
2144 3914 2437 3968 secundum
2485 3922 2809 3983 praeceptum
2861 3921 3031 3977 tuum,
3075 3927 3104 3965 a
3143 3909 3299 3964 malis
3339 3908 3505 3963 absti-

1935 4007 2110 4061 nendo
2136 4016 2190 4061 et
2220 4007 2354 4060 bene
2379 4005 2670 4074 operando.
2695 4005 2761 4058 Et
2790 4006 2910 4059 ideo
2935 4021 3054 4066 oro,
3080 4003 3204 4055 doce
3241 4017 3320 4054 me
3358 3999 3504 4053 boni-

1935 4109 2092 4153 tatem
2123 4109 2170 4153 et
2199 4098 2529 4168 disciplinam
2557 4107 2604 4150 et
2641 4098 2908 4150 scientiam
2942 4097 3063 4164 quia
3099 4093 3362 4145 mandatis
3401 4093 3503 4142 tuis

1937 4191 2158 4257 credidi,
2201 4190 2252 4244 id
2284 4201 2388 4254 est,
2417 4189 2620 4242 credidi
2649 4197 2903 4241 aeternam
2935 4184 3418 4239 remunerationem
3449 4193 3504 4236 et

1937 4272 2162 4345 cmtera,
2197 4295 2316 4348 qua:
2359 4287 2580 4347 propter
2610 4276 2986 4330 mandatorum
3027 4284 3238 4327 tuorum
3268 4272 3502 4340 comple-
3577 4291 3585 4298 ·

1937 4370 2136 4423 tionem
2166 4367 2552 4436 promittuntur
2580 4380 2704 4418 vera
2728 4379 2866 4427 esse;
2894 4378 2957 4418 ac
2990 4362 3032 4417 si
3061 4361 3204 4414 dicat
3230 4378 3242 4412 :
3275 4360 3502 4428 Digntun

260 4460 301 4514 si
324 4462 468 4514 hanc
485 4459 1003 4527 interpretationem,
1030 4457 1196 4530 434
1222 4475 1339 4528 quae
1359 4470 1442 4514 est
1467 4461 1681 4524 bonum,
1707 4475 1832 4514 con-
1864 4473 1910 4532 ι)
1935 4465 2090 4513 estut
2115 4458 2229 4512 ltaac
2251 4471 2336 4511 me
2358 4456 2572 4520 doceas,
2591 4455 2718 4524 quia
2741 4468 2845 4508 non
2876 4450 3113 4522 reputavi
3139 4449 3272 4504 falsa
3302 4464 3365 4503 ea
3387 4464 3506 4518 quae

260 4550 582 4612 sideremus,
619 4548 720 4601 hoc
742 4557 962 4601 notatur
992 4549 1136 4616 quod
1181 4547 1270 4602 hic
1311 4547 1549 4602 ﬁdelium
1587 4547 1840 4604 collectio.

260 4641 443 4697 doceri
475 4656 507 4694 a
555 4638 784 4694 Domino
816 4639 1016 4708 expetit
1057 4639 1354 4693 bonitatem
1405 4647 1461 4692 et
1495 4638 1831 4708 disciplinam

260 4742 314 4787 et
335 4732 625 4787 scientiam
655 4745 717 4784 ea
757 4729 1189 4784 consideratione
1216 4744 1321 4798 qua
1352 4729 1612 4784 Dominus
1643 4730 1695 4784 in
1738 4747 1833 4784 na-

261 4833 380 4879 tura
408 4823 584 4877 bonus
611 4829 714 4876 est.
739 4820 806 4874 Et
835 4820 957 4889 quia
991 4820 1280 4874 bonitatem
1307 4821 1419 4890 jam
1442 4836 1562 4876 cum
1590 4837 1652 4876 ea
1685 4822 1827 4886 fecit,

262 4912 506 4966 innuitur
526 4923 739 4981 quoque
760 4910 848 4965 hic
867 4909 1076 4964 ostendi
1098 4910 1166 4962 ab
1188 4912 1372 4965 eadem
1397 4927 1571 4966 massa
1596 4913 1830 4968 ﬁdelium

261 5003 600 5072 disciplinam
628 5002 822 5059 bonam
851 5016 993 5067 esse,
1023 5016 1143 5056 cum
1183 5017 1278 5071 per
1306 5017 1426 5057 eam
1457 5003 1543 5059 lex
1579 5005 1690 5061 oris
1728 5005 1832 5059 Do-

263 5094 390 5146 mini
435 5093 578 5148 bona
601 5107 722 5148 esse
762 5093 1026 5147 videatur.
1073 5092 1364 5148 Praetendit
1398 5109 1611 5164 quoque
1640 5097 1830 5150 merita

263 5182 348 5238 hic
373 5182 611 5237 ﬁdelium
640 5183 908 5249 collectio,
937 5184 1131 5253 quibus
1155 5184 1296 5253 quod
1327 5193 1448 5239 orat
1481 5185 1827 5254 adipiscatur.
1851 5175 1854 5178 ’

265 5271 374 5328 11οε
402 5283 584 5327 autem
613 5281 782 5329 totum
813 5289 878 5328 ea
910 5274 1208 5329 intentione
1237 5275 1366 5329 facit
1388 5284 1441 5328 ut
1472 5276 1741 5330 auditores
1764 5277 1830 5330 ad

265 5362 560 5420 bonitatem
591 5375 647 5420 et
669 5365 1007 5434 disciplinam
1036 5374 1091 5420 et
1121 5366 1402 5421 scientiam
1427 5367 1633 5422 invitet.

333 5456 629 5512 Bonitatem
660 5457 849 5527 fecisti,
877 5466 977 5512 etc.
1005 5458 1061 5534 In
1084 5459 1255 5527 primo
1283 5459 1384 5514 hoc
1412 5474 1567 5514 versu
1585 5468 1667 5512 est
1693 5473 1828 5529 pra:-

269 5551 433 5607 tentio
459 5550 706 5607 beneficii
724 5549 835 5618 jam
861 5551 1061 5614 collati,
1087 5566 1152 5606 ex
1182 5551 1334 5620 cujus
1363 5551 1687 5606 conﬁdentia
1712 5562 1830 5605 orat

272 5640 320 5696 in
352 5643 620 5706 secundo,
665 5643 754 5711 qui
787 5643 865 5697 sic
905 5641 1052 5712 prius
1093 5642 1444 5711 exponendus
1484 5651 1582 5696 cst.
1634 5641 1826 5706 Ot'avi,

275 5731 510 5808 Domine,
543 5734 667 5787 doce
711 5748 790 5787 me
827 5731 1229 5800 justi/icationes
1275 5742 1411 5798 tuas,
1462 5734 1512 5787 izl
1562 5743 1642 5788 est
1690 5749 1826 5802 prte-

1936 4549 2185 4606 ﬁdelibus
2208 4547 2630 4619 promittuntur,
2659 4561 2754 4618 pro
2798 4544 3066 4600 mandatis
3097 4543 3202 4598 tuis
3229 4541 3502 4612 complen-

1935 4643 2044 4707 dis,
2076 4642 2169 4698 sed
2196 4657 2259 4697 ea
2285 4656 2413 4696 vera
2443 4648 2676 4695 et'certa
2714 4653 2834 4693 esse
2873 4635 3136 4706 reputavi.
3169 4635 3266 4690 Vel
3307 4633 3504 4688 credidi

1932 4747 2020 4786 me
2044 4733 2307 4786 mandatis
2337 4731 2462 4795 tuis,
2493 4730 2544 4784 id
2568 4737 2648 4784 est
2671 4728 2858 4784 devovi
2881 4726 3200 4782 etcounnisi
3225 4735 3279 4780 et
3305 4723 3502 4792 subjeci

1933 4836 2021 4876 me
2048 4821 2328 4891 prarceptis
2355 4821 2477 4882 tuis,
2505 4828 2561 4872 ut
2589 4818 2882 4874 secundum
2901 4830 3088 4870 eorum
3113 4813 3502 4869 institutionem

1933 4927 2020 4966 me
2047 4912 2324 4977 haberem,
2357 4912 2423 4966 ad
2456 4908 2860 4965 similitudinem
2886 4908 3058 4962 ﬁdelis
3086 4906 3293 4968 famuli,
3323 4903 3412 4972 qui
3445 4916 3504 4956 se

1932 5004 2148 5072 penitus
2197 5003 2402 5072 legibus
2449 5000 2650 5055 domini
2695 4999 2777 5054 sui
2830 4999 3003 5054 credit
3053 5007 3107 5050 et
3156 4994 3391 5062 subjicit,
3445 5001 3504 5044 ut

1934 5095 2076 5149 illius
2105 5094 2408 5149 voluntates
2443 5107 2630 5147 onmes
2661 5091 2773 5146 suis
2814 5089 3067 5160 pratferat
3111 5082 3498 5140 voluntatibus.

2002 5185 2142 5240 Ecce
2177 5184 2458 5254 praetcntio
2489 5183 2689 5238 meriti.
2741 5182 2874 5246 Quia
2901 5182 2968 5235 de
2996 5176 3274 5246 disciplina
3307 5189 3498 5228 orave-

1932 5287 2035 5342 rat,
2069 5285 2251 5347 posset
2279 5275 2381 5330 dici
2410 5292 2423 5328 :
2453 5276 2527 5330 De
2557 5275 2796 5328 bonitate
2821 5281 2873 5326 et
2902 5270 3127 5326 scientia
3156 5265 3499 5336 adipiscenda

1931 5368 2063 5424 utile
2091 5378 2173 5424 est
2222 5383 2412 5431 orare,
2443 5369 2536 5422 sed
2581 5366 2774 5419 mirum
2805 5364 3015 5418 videtur
3044 5376 3213 5431 quare
3247 5360 3312 5414 de
3337 5356 3501 5412 disci-

1932 5459 2072 5529 plina
2109 5458 2513 5514 tribulationum
2553 5470 2696 5520 oras,
2731 5470 2851 5509 cum
2897 5469 2961 5510 ea
3007 5453 3210 5507 inutilis
3255 5450 3500 5505 videatur

1932 5563 1986 5604 et
2014 5553 2330 5622 asperrima.
2381 5549 2461 5602 Ad
2507 5549 2605 5601 hoc
2640 5543 2768 5617 ergo
2808 5545 3132 5616 respondet,
3167 5541 3500 5598 ostendendo

1933 5660 2052 5713 qua:
2080 5643 2282 5696 utilitas
2311 5656 2370 5696 ex
2401 5640 2503 5693 Itac
2525 5637 2807 5707 disciplina
2835 5635 3140 5707 contigerit,
3163 5634 3240 5688 sic
3267 5651 3278 5686 :
3307 5632 3496 5695 Oravi,

1935 5735 2176 5800 Domine,
2211 5742 2266 5787 ut
2297 5735 2390 5788 des
2411 5729 2540 5788 mihi
2563 5730 2928 5798 disciplinam:
2957 5730 3019 5783 dc
3045 5744 3144 5798 qua
3165 5726 3415 5782 nimirum
3442 5734 3498 5780 ut
