3978 6328
440 279 577 349 12:9

1014 293 1070 349 S.
1105 294 1455 354 BRUNONIS
1481 299 2130 365 CARTHUSIANORUM
2167 311 2657 376 lNSTH‘UTORIS
2689 319 2838 376 OPP.
2880 323 3059 381 PARS
3089 327 3129 382 l.

3570 339 3706 400 1280

433 411 609 465 adlmc
639 409 794 464 detur
824 410 1086 465 orandum
1125 422 1231 479 est,
1261 428 1382 468 cum
1411 431 1476 471 ex
1503 432 1564 472 ea
1595 418 1718 474 data
1745 422 1874 476 mihi
1897 422 2008 492 jam
2037 441 2084 498 Α
2116 433 2219 478 tem
2247 429 2314 482 ad
2340 433 2465 499 quid
2498 435 2596 489 hoc
2625 436 2696 490 sit
2725 438 2853 493 utile
2884 412 3006 494 cum
3037 441 3115 497 sic
3151 446 3295 502 addit
3325 468 3341 506 :
3375 451 3706 526 llumiliasti,

443 499 593 526 ΖΔΕ
626 501 828 526 "ﬁlium.
880 501 1132 526 ..Λητ.1,..-ξι
1170 520 1181 526 -
1224 506 1434 526 μυεηκηη
1498 525 1518 526 η
1603 525 1610 526 ,
1665 512 1675 522 -
1776 513 1786 526 ι
1901 515 1953 526 η.
2124 517 2135 526 .

433 499 597 571 485
626 501 830 554 utilitas
878 501 1134 556 acciderit
1169 520 1182 567 ;
1221 506 1547 576 priusquam,
1591 512 1734 565 enim
1766 513 2017 569 humilia-

435 609 540 659 rer,
567 593 617 646 id
647 601 728 646 est
751 591 1021 662 allligerer
1047 595 1114 648 ab
1147 596 1451 666 hujusmodi
1482 601 1787 674 disciplina,
1812 624 1903 678 ego
1928 609 2020 664 de.

435 683 584 753 liqui.
637 683 703 738 Et
747 693 1018 754 propterea
1070 687 1192 756 quia
1241 689 1552 748 humiliatus
1599 711 1716 750 sum
1768 713 1896 768 ego,
1949 701 2018 756 ab

433 775 550 844 ipso
578 775 775 830 delicto
799 788 1101 843 correctus,
1134 778 1413 850 eloquium,
1444 785 1496 839 id
1541 797 1625 840 est
1656 800 2009 860 pt‘mCeptum,

434 875 578 918 tuum
607 867 882 922 custodiri.
910 869 1061 936 Quod
1091 880 1173 925 est
1204 873 1387 927 dicere
1420 891 1432 926 :
1467 874 1612 931 Talis
1651 880 1857 935 utilitas
1894 883 2019 939 inde

434 958 566 1012 mihi
591 961 984 1030 contigitquod
1017 979 1138 1016 emn
1168 965 1318 1033 prius
1349 967 1666 1038 deliquerim
1704 989 1808 1028 non
1839 985 2018 1032 custo-

435 1049 630 1104 diendo
657 1050 925 1120 eloquium
958 1062 1132 1120 tuum,
1166 1072 1264 1125 pro
1292 1058 1664 1118 humiliatione
1706 1065 1809 1120 hac
1847 1067 2018 1122 tribu-

434 1143 694 1198 lationum
721 1155 999 1201 correctus
1023 1148 1296 1220 deinceps,
1321 1164 1648 1224 pra'ceptum
1689 1165 1838 1212 tuum
1871 1175 2018 1216 com-

433 1230 628 1301 pleudo
680 1237 964 1289 custodivi.
1025 1237 1154 1292 Orat
1206 1252 1383 1296 autem
1437 1245 1523 1300 hic
1576 1249 1718 1316 quod
1772 1252 2018 1320 superius

434 1323 629 1388 orarit,
660 1327 754 1380 sed
799 1343 862 1383 ex
891 1328 994 1382 alia
1043 1333 1352 1400 occasione,
1387 1336 1464 1392 sic
1494 1354 1507 1390 :
1535 1338 1720 1406 Oravi,
1772 1343 2014 1411 Domine,

433 1415 560 1468 doce
589 1415 867 1472 bonitatem
907 1431 954 1472 et
987 1421 1321 1492 disciplinam
1364 1437 1411 1480 et
1450 1429 1718 1484 scientiam
1747 1447 1810 1486 ea
1861 1449 2018 1490 occa-

433 1503 608 1569 sione,
637 1507 763 1575 quia
790 1508 1074 1566 bonitatem
1121 1513 1294 1582 fecisti
1339 1533 1461 1572 cum
1494 1535 1578 1574 me
1634 1538 1778 1578 servo
1802 1534 1890 1579 tuo
1916 1537 2017 1590 ,κει

433 1597 557 1665 quia
606 1600 870 1654 mandatis
917 1603 1017 1658 tuis
1047 1607 1270 1672 credidi,
1307 1624 1404 1665 οιό
1452 1612 1616 1667 etiam
1663 1615 1840 1672 adhuc
1877 1618 2017 1674 istud

435 1688 576 1744 idem
622 1691 725 1746 alia
767 1697 1052 1752 occasione
1077 1741 1090 1766 ,
1125 1700 1364 1766 scilicet,
1397 1719 1430 1758 o
1453 1704 1700 1776 Domine,
1746 1711 1871 1763 doce
1914 1729 2015 1778 me,

2120 517 2361 589 inquam,
2400 541 2479 578 me
2509 527 2576 580 ad
2603 527 2727 591 hoc,
2757 539 2811 581 ut
2835 544 2933 598 per
2962 533 3104 589 hanc
3135 536 3559 599 lmmiliationem
3594 565 3706 603 ma—

2119 619 2198 687 gis
2240 619 2516 688 magisque
2551 622 2750 674 discam
2797 625 3051 680 mandata
3094 639 3186 683 tua
3213 672 3228 695 ,
3275 649 3303 686 a
3349 637 3705 699 similitudine

2119 709 2390 778 discipuli,
2423 711 2512 780 qui
2547 711 2612 764 ad
2643 713 2745 767 hoc
2769 711 3071 784 ﬂagellatur
3103 729 3159 772 ut
3192 724 3492 796 castigatus
3517 731 3706 789 melius

2121 799 2314 854 diSeat.
2348 801 2412 854 Et
2446 802 2566 856 ideo
2593 817 2808 873 quoque
2847 816 3038 876 reputo
3066 809 3264 866 bonam
3290 815 3432 872 hanc
3455 819 3706 878 humilia-

2119 889 2344 956 tionem,
2369 891 2493 960 quia
2517 907 2613 960 per
2639 908 2758 948 eam
2788 895 3010 962 bonum,
3039 899 3092 954 id
3123 911 3205 955 est
3240 903 3380 958 bona
3429 923 3519 964 res
3567 911 3701 968 facta

2118 991 2202 1037 est
2243 983 2390 1045 mihi,
2439 985 2650 1040 scilicet
2689 987 2855 1042 chara
2895 991 3209 1060 etjucunda
3259 996 3403 1053 facta
3433 1010 3521 1056 est
3575 1005 3702 1061 mihi

2119 1075 2204 1128 lea:
2233 1075 2338 1129 oris
2380 1076 2479 1140 tui,
2515 1077 2567 1131 id
2599 1087 2684 1132 est
2717 1078 2800 1134 lex
2833 1079 2953 1136 Filii
2998 1085 3094 1148 tui,
3126 1102 3263 1140 nova
3311 1088 3396 1144 lex
3427 1093 3701 1163 videlicet,

2119 1179 2277 1232 quam
2302 1165 2473 1222 Filius
2503 1177 2624 1223 tuus
2651 1171 2821 1238 dedit,
2847 1174 3023 1242 qui‘,os
3046 1185 3194 1230 tuum
3226 1179 3451 1246 dicitur,
3473 1199 3541 1238 eo
3565 1189 3701 1255 quod

2119 1271 2215 1324 per
2241 1259 2736 1316 enminearnatum
2780 1263 3112 1322 voluntatem
3155 1278 3299 1325 tuam
3343 1273 3583 1332 humano
3608 1295 3698 1350 ge-

2119 1350 2236 1404 neri
2267 1351 2536 1408 revelasti.
2573 1354 2726 1422 Quod
2773 1365 2862 1413 est
2904 1359 3088 1415 dicere
3120 1377 3134 1414 :
3167 1361 3281 1420 Hoc
3312 1371 3366 1420 In
3411 1383 3503 1423 me
3527 1369 3700 1428 humi-

2119 1441 2267 1497 liatio
2303 1442 2483 1499 elfccit
2507 1454 2565 1500 ut
2589 1447 2677 1502 lex
2721 1458 2809 1502 tua
2839 1465 3004 1518 nova,
3030 1467 3151 1522 qua:
3191 1458 3520 1525 quibusdam
3555 1462 3699 1519 vide.

2122 1544 2210 1589 tur
2236 1535 2550 1606 injucunda,
2599 1542 2733 1597 mihi
2767 1544 2933 1600 chara
2972 1547 3223 1604 videatur
3261 1561 3320 1606 et
3357 1551 3619 1622 jucunda,
3649 1565 3702 1612 et

2120 1624 2402 1685 hoe.super
2434 1628 2600 1684 millia
2625 1633 2743 1686 auri
2777 1643 2824 1689 et
2851 1638 3074 1706 argenti,
3097 1637 3151 1694 id
3182 1647 3266 1695 est
3305 1656 3470 1712 super
3491 1647 3704 1716 copiam

2121 1714 2473 1786 multiplicem
2523 1721 2766 1777 omnium
2817 1725 3130 1782 divitiarum
3183 1714 3712 1812 saecularium—qua:

2277 1783 2292 1786 _
3195 1783 3551 1802 η--ν--ην---ῑ
3586 1783 3708 1806 *ι-*ν

434 1783 727 1837 secundum
775 1786 850 1840 rei
897 1791 1308 1858 experientiam,
1327 1793 1735 1864 justiﬁcationes
1785 1813 1930 1870 tuas,
1966 1807 2015 1859 id
2047 1808 2092 1867 Β
2123 1819 2218 1873 per
2244 1806 2342 1862 bas
2371 1808 2504 1864 duas
2548 1821 2728 1880 partes
2771 1815 3214 1885 pretiosissimas,
3255 1834 3354 1889 per
3380 1807 3574 1878 aurum
3627 1825 3710 1880 vi-

433 1882 516 1928 est
545 1874 821 1931 bonitatem
843 1888 889 1932 et
921 1881 1252 1951 disciplinam
1283 1898 1328 1940 et
1360 1889 1650 1958 scientiam,
1679 1910 1800 1962 qua:
1826 1899 2016 1954 dicun—

436 1964 963 2032 turjustilicationcs
996 1985 1099 2029 tua:
1139 1988 1204 2029 eo
1242 1979 1384 2046 quod
1413 1995 1510 2049 per
1551 1999 1646 2038 eas
1683 1984 1866 2043 tideles
1898 1999 2017 2044 tuos

432 2052 717 2123 justiticas.
749 2060 884 2115 Doce
915 2080 1014 2129 me,
1045 2066 1286 2134 inquam,
1321 2080 1374 2124 et
1406 2081 1461 2124 ut
1495 2076 1686 2128 merita
1721 2092 1838 2130 ruca
1881 2094 2015 2147 prur-

438 2147 752 2216 termittam,
786 2168 847 2207 ea
877 2156 1164 2212 occasione
1203 2159 1305 2214 hoc
1353 2177 1451 2214 oro
1501 2164 1626 2231 quia
1657 2166 1819 2220 bonus
1858 2185 1909 2238 es
1959 2180 2012 2222 tu

436 2240 490 2294 in
517 2250 727 2308 natura,
753 2255 799 2298 ct
822 2246 874 2298 in
905 2247 1132 2303 bonitate
1163 2261 1274 2316 tua,
1305 2255 1356 2307 id
1387 2265 1470 2310 est
1498 2257 1549 2310 in
1579 2259 2015 2316 consideratione

432 2331 696 2386 lonitatis
725 2346 848 2400 tuae,
881 2339 1007 2392 doce
1049 2358 1127 2394 mc
1161 2345 1565 2412 jnsti/icatioacs
1597 2358 1733 2402 tuas.
1761 2351 2015 2423 Adjungit

435 2438 649 2492 quoque
697 2429 908 2495 merita,
968 2447 1090 2484 eum
1132 2434 1320 2490 addit:
1355 2437 1492 2490 Dore
1535 2458 1630 2503 me,
1670 2442 1910 2512 inquam,
1961 2457 2016 2500 et

435 2527 562 2567 ecce
595 2532 759 2584 quare
804 2519 1023 2590 dignum
1078 2523 1168 2588 sit,
1215 2534 1271 2578 ut
1319 2541 1405 2581 me
1457 2530 1701 2585 doceas:
1754 2534 2013 2606 Iniquitas

434 2606 576 2660 enim
625 2609 963 2679 superborum
994 2652 1007 2678 ,
1048 2614 1099 2667 id
1139 2624 1224 2669 est
1264 2617 1548 2687 impiorum
1601 2633 1787 2677 contra
1825 2637 1874 2679 te
1920 2643 2015 2695 [er

433 2697 852 2755 inobedientiam
892 2707 1340 2774 squrbientimu,
1374 2713 1715 2782 multiplicata
1758 2727 1830 2771 cst
1860 2736 2016 2788 super

432 2805 512 2842 me
540 2792 971 2861 oppritnendmn.
1000 2797 1150 2864 Quod
1177 2812 1255 2855 est
1283 2802 1463 2857 dicere
1499 2821 1512 2857 :
1539 2805 1654 2860 Non
1679 2808 1758 2862 eis
1797 2810 2010 2876 sutlicit,

431 2882 572 2949 quod
599 2884 650 2937 iu
679 2900 738 2939 se
767 2887 906 2942 tuale
929 2899 1114 2958 agunt,
1139 2893 1230 2946 scd
1270 2894 1404 2948 adeo
1430 2911 1642 2965 quoque
1672 2898 2011 2969 iniquitatem

432 2992 582 3028 suam
644 2979 1026 3050 multiplizent,
1085 2993 1142 3037 ut
1195 3002 1280 3040 me
1342 2987 1779 3048 tribulationibus
1832 2997 2014 3064 oppri-

433 3069 647 3133 memlo,
678 3085 708 3124 a
741 3080 881 3126 statu
928 3075 1230 3133 sanctitatis
1272 3093 1406 3135 mea:
1436 3082 1705 3140 divertere
1741 3097 2018 3158 satagunt.

2119 1897 2312 1954 delicet
2357 1910 2412 1954 et
2455 1914 2760 1973 argentum,
2787 1906 3130 1964 denotamur.
3165 1910 3300 1966 Cum
3351 1924 3533 1968 autem
3582 1927 3711 1986 post

2117 2005 2305 2041 aurum
2338 1991 2489 2058 ponit
2518 2005 2814 2063 argentum,
2849 2013 2955 2052 non
2999 2000 3120 2054 ideo
3147 2000 3276 2056 facit
3305 2005 3448 2072 quod
3475 2007 3549 2060 sit
3569 2023 3716 2063 auro

2117 2083 2428 2151 pretiosius,
2460 2085 2552 2140 sed
2581 2087 2704 2156 quia
2744 2089 2857 2145 haec
2886 2090 2994 2146 duo
3030 2093 3188 2147 simul
3218 2096 3542 2164 pretiosiora
3579 2108 3728 2156 sunt.

2117 2189 2277 2241 quam
2309 2191 2470 2229 unum
2504 2179 2790 2235 duntaxat.

2185 2265 2351 2338 [3,86
2377 2267 2496 2332 Jon,
2543 2271 2854 2342 principium
2910 2276 3316 2346 interpretatur.
3351 2281 3506 2338 Unde
3552 2287 3720 2340 colli-

2118 2358 2265 2427 gitur
2293 2360 2435 2428 quod
2468 2362 2553 2416 bie
2583 2365 2818 2419 ﬁdelium
2868 2368 3118 2424 collectio
3149 2383 3266 2425 erat
3295 2373 3346 2426 in
3379 2391 3437 2428 se
3467 2381 3718 2433 recreari

2117 2450 2258 2516 quod
2291 2451 2342 2504 in
2376 2453 2646 2522 principio
2694 2457 2833 2512 Deus
2875 2459 2926 2512 in
2979 2474 3040 2512 ea
3080 2463 3310 2527 creavit,
3346 2475 3402 2519 et
3442 2467 3501 2520 in
3534 2468 3719 2523 Adam

2117 2540 2448 2597 destructum
2495 2555 2596 2599 est.
2646 2547 2780 2600 Nam
2830 2565 2952 2604 eum
3004 2553 3057 2606 in
3106 2555 3372 2625 principio
3411 2558 3594 2615 factus
3645 2563 3720 2616 sit

2118 2630 2279 2685 homo
2307 2633 2645 2690 rationabilis
2664 2637 2716 2690 in
2735 2639 2913 2692 anima
2945 2641 3010 2694 ad
3034 2643 3323 2712 imaginem
3350 2647 3462 2709 Dei,
3481 2658 3531 2701 et
3551 2651 3716 2705 inno-

2115 2733 2245 2774 cens
2277 2729 2331 2775 et
2367 2720 2546 2789 justus
2591 2726 2656 2780 ad
2690 2728 3100 2784 similitudinem
3151 2732 3267 2799 Dei,
3299 2745 3352 2789 et
3391 2736 3495 2791 hoc
3543 2739 3604 2792 in
3651 2756 3720 2796 eo

2116 2807 2450 2864 debilitatum
2481 2814 2552 2868 sit
2581 2831 2678 2884 per
2703 2818 2898 2886 Adam,
2929 2831 3050 2874 orat
3079 2821 3247 2877 Deum
3288 2827 3536 2880 contuitu
3565 2830 3728 2887 illius

2115 2899 2360 2955 bcuclicii
2409 2908 2551 2973 quod
2591 2907 2641 2959 in
2683 2909 2830 2962 eoin
2877 2911 3142 2980 principio
3187 2916 3410 2980 ereavit,
3461 2927 3523 2972 ut
3575 2920 3718 2976 illud

2116 2989 2256 3045 idem
2289 2992 2341 3045 in
2379 3009 2444 3048 eo
2493 3007 2722 3064 recreet,
2755 3000 2965 3055 scilicet
3011 3012 3070 3055 ut
3107 3003 3274 3059 detei
3319 3007 3738 3066 rationabilem.

2117 3081 2466 3150 intellectum,
2516 3088 2606 3156 qui
2659 3105 2755 3158 per
2800 3091 2971 3144 Adam
3018 3091 3071 3145 in
3116 3107 3182 3148 eo
3239 3095 3554 3152 debilitatus
3607 3109 3716 3154 est.

433 3157 547 3229 Ego
572 3173 770 3229 autem,
799 3165 923 3220 licet
955 3168 1210 3237 iniquitas
1241 3187 1427 3227 eorum
1461 3187 1604 3230 esset
1652 3179 1724 3232 ita
1760 3157 2014 3252 nmltipli—
2043 3163 2083 3218 (ἶ
2117 3173 2366 3228 Ostendit
2416 3185 2617 3229 autem
2645 3181 2900 3250 quoniam
2953 3182 3073 3236 inde
3106 3184 3358 3240 timentes
3387 3204 3514 3240 eum
3555 3189 3717 3243 heta-

433 3263 575 3317 cata,
609 3271 712 3308 non
743 3258 927 3311 destiti
982 3277 1010 3313 a
1064 3262 1333 3317 mandatis
1361 3267 1486 3334 tuis,
1517 3270 1611 3322 sed
1645 3271 1699 3323 in
1724 3281 1830 3324 toto
1860 3275 2013 3328 corde

429 3360 564 3410 meo,
597 3345 648 3399 id
678 3357 762 3401 est
790 3348 841 3400 in
876 3358 983 3404 tota
1033 3351 1326 3408 affectione
1379 3357 1557 3412 cordis
1587 3359 1710 3424 mei,
1742 3363 2014 3417 scrutabor

437 3436 688 3490 mundata
732 3448 864 3504 tua;
897 3456 960 3495 ac
990 3442 1033 3496 si
1059 3443 1203 3497 dicat
1236 3462 1248 3496 :
1287 3445 1410 3500 Ideo
1453 3447 1645 3518 dignus
1681 3465 1800 3505 sum
1831 3463 1887 3507 ut
1927 3470 2013 3508 tne

432 3523 649 3588 doceas,
684 3528 828 3596 quia,
864 3529 990 3584 licet
1019 3547 1181 3602 super
1219 3551 1304 3589 me
1345 3537 1601 3605 iniquitas
1653 3543 2010 3609 superborum

432 3615 781 3683 multiplicata
815 3621 918 3685 sit,
965 3634 1278 3680 nontamen
1324 3643 1353 3680 a
1405 3632 1739 3686 scrutatione
1790 3635 2012 3688 manda~

435 3713 608 3758 torum
653 3715 860 3762 tuorum
907 3714 1134 3766 cessavi.
1176 3714 1288 3770 Non
1332 3727 1513 3773 autem
1566 3721 1632 3775 ad
1682 3723 1868 3777 horam
1915 3739 2010 3778 eo-

431 3814 550 3852 rum
593 3799 848 3871 iniquitas
874 3804 943 3863 ita
977 3805 1323 3877 multiplicata
1343 3823 1451 3879 est,
1478 3814 1570 3869 sed
1599 3829 1720 3870 cum
1757 3829 2008 3885 pet-seres

431 3893 652 3955 rautia.,

481 3984 1030 4058 Coagulatit‘m‘cuim
1071 4003 1166 4061 est,
1216 3997 1268 4051 id
1312 4007 1395 4052 est
1442 3999 1748 4056 induratum
1794 4012 2012 4068 est,cor

430 4096 609 4134 eorum
655 4081 708 4136 in
738 4084 838 4138 hac
871 4085 1160 4155 iniquitate
1181 4089 1316 4143 sicut
1343 4089 1449 4157 lac,
1482 4092 1534 4146 id
1567 4101 1651 4147 est
1697 4095 1764 4148 ad
1793 4095 2008 4150 modum

429 4169 604 4236 lactis,
635 4174 843 4232 scilicet
871 4177 1013 4232 sicut
1034 4179 1116 4234 lac
1141 4183 1428 4252 cumprius
1451 4185 1662 4238 acidum
1695 4186 2007 4256 ﬁat,postea

431 4263 744 4336 coagulatur
771 4277 825 4321 et
847 4268 1104 4326 durescit.
1142 4272 1220 4326 Ita
1251 4273 1352 4343 ipsi
1379 4291 1500 4330 cum
1533 4276 1682 4345 prius
1709 4277 1762 4332 in
1813 4279 2010 4349 iniqui-

431 4363 544 4409 tate
575 4359 704 4410 mibi
738 4360 875 4415 acidi
922 4362 1051 4418 facti
1095 4366 1222 4432 sint,
1253 4368 1304 4422 iu
1337 4369 1438 4424 hac
1483 4371 1672 4425 eadem
1727 4372 2008 4442 iniquitate

429 4456 843 4520 perseverando,
885 4458 1038 4525 quasi
1089 4457 1207 4513 duri
1243 4469 1298 4515 et
1346 4462 1651 4518 imn'tobiles
1681 4464 1806 4519 facti
1857 4475 2003 4522 sunt.

433 4537 802 4611 Coagulatum,
839 4547 1078 4616 inquam,
1111 4561 1184 4604 est
1225 4569 1314 4604 cor
1353 4571 1558 4620 eorum,
1604 4571 1696 4624 ego
1735 4573 1852 4610 vero
1883 4573 2005 4613 cum

433 4631 513 4687 sic
541 4645 719 4690 essent
745 4648 932 4694 contra
966 4658 1052 4698 me
1084 4644 1380 4715 coagulati,
1405 4655 1464 4701 ut
1494 4662 1523 4700 a
1557 4648 1907 4703 meditatione
1937 4649 2008 4704 le-

433 4728 515 4798 gis
545 4735 647 4781 tum
692 4746 776 4785 me
813 4736 1174 4805 retraherent,
1221 4747 1400 4794 tamen
1444 4741 1808 4799 indesinenter
1848 4743 2007 4814 legem

433 4827 600 4883 tuam,
633 4817 704 4870 id.
729 4829 810 4874 est
848 4837 1116 4895 praecepta
1157 4841 1244 4882 tua
1280 4833 1560 4887 meditatus
1597 4850 1733 4887 smn.
1782 4834 1918 4901 Quia
1944 4834 2008 4888 de

434 4923 590 4975 parse
626 4911 806 4966 utioue
835 4915 1163 4984 iuitpmrum,
1196 4936 1315 4988 qua:
1348 4924 1625 4994 disciplina
1662 4926 1868 4980 Domini
1895 4937 2008 4992 est,

432 5010 638 5069 egerat,
669 5019 733 5059 ne
765 5005 1038 5061 videretur
1069 5008 1192 5064 inde
1226 5015 1380 5082 quasi
1409 5019 1787 5088 eonquercndo
1813 5020 2005 5089 egisse,

433 5094 666 5148 Ostendit
696 5095 832 5150 hanc
879 5100 1272 5168 persecutionis
1302 5105 1728 5164 lmmiliationem
1778 5112 1877 5165 sibi
1911 5112 2009 5166 bo-

435 5203 559 5241 nam
590 5205 731 5258 csse,
763 5209 882 5248 cum
911 5195 990 5250 sie
1032 5197 1179 5251 addit
1213 5215 1224 5250 :
1253 5198 1396 5264 Dixi,
1437 5201 1680 5271 Domine,
1709 5206 1834 5275 quia
1871 5205 2011 5260 mul-

432 5278 665 5350 tiplicata
699 5297 772 5340 est
795 5303 950 5357 super
989 5306 1068 5345 me
1107 5291 1358 5362 iniquitas
1393 5295 1728 5364 superborum
1783 5306 1838 5352 et
1887 5299 2011 5368 quia

433 5374 772 5445 coagulatum
800 5390 882 5436 est
907 5381 1046 5437 sicut
1077 5382 1159 5440 lac
1187 5400 1280 5440 cor
1305 5399 1515 5440 eorum.
1561 5386 1641 5440 Ex
1685 5388 1785 5442 hac
1823 5389 2013 5459 iniqui-

435 5467 560 5520 tatis
607 5472 981 5538 persecutione
1012 5490 1117 5530 nou
1167 5491 1502 5545 conqueror,
1533 5477 1661 5550 quia
1703 5476 1915 5544 bonum,
1960 5481 2011 5534 id

435 5566 519 5612 cst
549 5561 699 5628 utile,
718 5573 791 5618 est
821 5565 950 5618 mitti
976 5568 1111 5636 quod
1133 5567 1424 5624 humiliasti
1446 5586 1546 5635 me,
1572 5569 1622 5624 id
1653 5577 1754 5635 est,
1777 5569 1876 5624 hoc
1908 5571 2012 5626 uti-

433 5651 697 5709 liSSlnltllll
755 5667 944 5728 reputo
969 5659 1113 5729 quod
1165 5669 1217 5714 tu
1253 5661 1465 5716 voluisti
1503 5678 1586 5716 tue
1634 5660 1907 5717 humiliari
1960 5671 2015 5716 et

438 5743 596 5815 aitligi
630 5747 808 5820 iniqua
848 5751 1221 5823 persecutione
1249 5754 1619 5824 superborum.
1659 5753 1888 5823 Exponit
1921 5769 2009 5809 au-

2116 3265 2336 3330 buutur,
2370 3276 2429 3320 ut
2459 3283 2522 3322 ex
2555 3268 2658 3322 hoc.
2706 3271 2877 3340 magis
2911 3272 3054 3340 quod
3101 3281 3223 3326 orat
3263 3285 3617 3344 assequatur.
3649 3279 3722 3334 Et

2116 3357 2262 3411 addit
2287 3358 2449 3411 etiam
2481 3359 2674 3412 merita
2700 3375 2818 3425 sua,
2846 3372 2902 3415 et
2936 3377 3034 3432 pro
3074 3362 3308 3418 inimicis
3336 3374 3475 3430 orat,
3502 3373 3564 3419 ut
3596 3383 3718 3421 ma-

2115 3450 2196 3518 gis
2227 3451 2498 3520 impetret.
2531 3453 2661 3507 Orat
2705 3468 2920 3522 quoque
2964 3455 3028 3508 de
3058 3455 3228 3526 gloria
3274 3457 3718 3514 immortalitatis

2115 3550 2168 3597 et
2203 3542 2674 3613 impassibilitatis,
2705 3561 2865 3614 quam
2898 3547 2951 3600 in
2991 3548 3162 3601 Adam
3210 3549 3413 3604 amisit.
3447 3549 3571 3605 Hoc
3619 3568 3716 3608 au-

2118 3641 2222 3687 tem
2250 3648 2312 3687 ea
2345 3634 2641 3690 intentione
2666 3637 2793 3690 facit
2823 3649 2881 3691 ut
2910 3638 2976 3691 ad
3013 3638 3117 3693 hoc
3151 3639 3294 3693 idem
3325 3641 3608 3696 orandum
3631 3654 3716 3698 at-

2105 3725 2296 3794 trahat
2321 3725 2615 3781 auditores.
2643 3728 2710 3781 Et
2738 3731 3031 3784 notandum
3070 3732 3234 3800 quod,
3261 3733 3515 3800 quamvis
3539 3749 3713 3806 supe-

2116 3819 2226 3872 rius
2253 3832 2464 3874 orasset
2504 3822 2571 3874 de
2609 3820 2956 3889 adipiscenda
3001 3822 3228 3877 scicntia
3259 3833 3316 3877 et
3349 3823 3438 3878 hic
3472 3835 3604 3881 oret
3647 3828 3711 3881 de

2113 3909 2391 3964 intellectu
2420 3950 2435 3974 ,
2473 3926 2595 3979 qua:
2642 3912 2783 3965 idem
2831 3927 2952 3967 esse
3006 3913 3286 3979 videntur,
3328 3915 3463 3970 nihil
3521 3927 3710 3972 tamen

2113 3999 2354 4068 impedit,
2379 4015 2501 4054 cum
2527 4001 2631 4054 alia
2657 4015 2818 4055 causa
2851 4003 2952 4056 hoc
2976 4013 3113 4067 oret,
3134 4004 3340 4058 scilicet
3354 4021 3526 4061 causa
3560 4007 3712 4062 illius

2113 4091 2363 4146 beneﬁcii
2418 4093 2561 4160 quod
2608 4093 2662 4146 in
2711 4094 2976 4164 principio
3025 4097 3319 4151 creatiouis
3355 4097 3405 4152 ei
3442 4100 3704 4153 contulit.

2113 4184 2266 4252 Quod
2301 4187 2354 4240 in
2394 4187 2660 4256 principio
2705 4188 2898 4256 psalmi
2945 4189 3287 4244 demonstrat
3313 4205 3438 4245 cum
3481 4192 3571 4247 sic
3608 4208 3710 4263 po-

2111 4278 2192 4331 nit
2229 4294 2243 4330 :

2183 4369 2375 4424 Manus
2421 4380 2526 4425 tua:
2553 4372 2782 4440 fecerunt
2824 4389 2925 4440 me,
2963 4383 3009 4427 et
3053 4373 3442 4443 plasmavcrunt
3480 4390 3590 4429 me.
3620 4376 3706 4429 Da

2110 4461 2237 4515 mihi
2263 4462 2574 4516 intellectum
2601 4474 2652 4516 ut
2681 4465 2880 4518 discant
2909 4466 3158 4518 mandata
3189 4475 3301 4518 tua.
3333 4468 3411 4520 Ac
3442 4467 3488 4520 si
3515 4467 3700 4521 dicat:

2110 4552 2296 4616 Oravi,
2330 4555 2586 4621 Domine,
2627 4555 2892 4625 superius,
2939 4564 2998 4610 ut
3021 4557 3244 4611 duceres
3267 4571 3352 4610 me
3380 4557 3699 4622 scientiam,

2108 4664 2170 4702 ea
2196 4647 2648 4710 consideratione,
2665 4649 2787 4718 quia
2813 4649 3094 4702 bonitatem
3118 4649 3284 4716 fecisti
3299 4663 3418 4702 cum
3444 4665 3526 4702 me
3549 4664 3704 4703 servo

2109 4753 2218 4806 tuo,
2250 4748 2304 4794 ct
2332 4741 2452 4809 quia
2490 4739 2754 4794 mundatis
2788 4740 2892 4792 tuis
2919 4739 3146 4802 credidi,
3176 4747 3229 4793 et
3274 4740 3399 4808 quia
3430 4739 3602 4793 bonus
3647 4756 3704 4792 es

2111 4845 2165 4888 tu
2192 4835 2244 4888 iu
2280 4843 2492 4887 natura.
2527 4832 2680 4888 Nunc
2707 4847 2920 4902 quoque
2948 4832 3050 4886 alia
3095 4831 3544 4888 consideratione
3569 4830 3702 4884 illud

2113 4928 2250 4981 idem
2278 4937 2512 4994 expeto;
2554 4925 2624 4978 da
2655 4925 2906 4979 videlicet
2943 4925 3068 4977 mihi
3127 4923 3426 4978 secundum
3475 4936 3703 4992 promo-

2114 5021 2312 5074 tionem
2349 5017 2665 5072 intellectum
2709 5016 3108 5082 rationabilem,
3133 5017 3226 5085 qui
3253 5014 3572 5071 debilitatus
3613 5023 3701 5068 est

2112 5127 2210 5182 per
2252 5111 2458 5177 Adam,
2509 5120 2563 5163 ut
2611 5110 2944 5165 intellectum
2995 5111 3141 5164 hunc
3198 5108 3451 5164 habetnlo
3490 5107 3710 5208 discam

2111 5202 2286 5273 magis
2315 5210 2370 5256 et
2416 5201 2585 5271 magis
2627 5201 2878 5254 mandata
2917 5211 3030 5254 tua.
3069 5199 3180 5254 [loc
3208 5209 3389 5254 autem
3421 5213 3484 5252 ea
3516 5199 3702 5252 consi-

2113 5293 2392 5350 deratione
2421 5307 2536 5356 oro,
2563 5291 2823 5362 quoniam
2855 5290 2906 5344 in
2930 5290 3196 5361 principio
3220 5289 3274 5344 in
3303 5288 3477 5343 Adam
3503 5302 3704 5340 manu

2113 5396 2218 5441 tua:
2247 5385 2481 5455 fecerunt
2504 5400 2604 5449 me,
2636 5392 2900 5453 quantum
2926 5381 2993 5436 ad
3021 5383 3281 5447 animam,
3312 5397 3478 5452 quam
3529 5379 3702 5435 ratio-

2113 5477 2200 5531 nis
2227 5475 2467 5546 perfecte
2515 5473 2688 5530 fecisti
2717 5488 2994 5543 capacem,
3021 5482 3067 5526 et
3095 5471 3484 5541 plasmarerunt
3522 5486 3608 5524 me
3632 5468 3702 5523 de

2114 5569 2244 5626 limo
2281 5579 2466 5632 terrm,
2510 5576 2773 5636 quantum
2829 5566 2897 5622 ad
2941 5580 3136 5634 corpus
3161 5607 3174 5631 ,
3215 5564 3358 5634 quod
3403 5571 3551 5619 esset
3589 5563 3697 5615 im-

2118 5659 2344 5716 mortale
2395 5667 2450 5713 ct
2489 5657 2851 5728 impassibile,
2886 5657 2990 5712 nisi
3026 5656 3197 5711 Adam
3227 5663 3526 5725 peccasset.
3578 5651 3701 5707 Pla-

2118 5768 2293 5808 smare
2340 5766 2532 5822 nempe
2563 5750 2757 5807 dicitur
2794 5766 2914 5806 cum
2958 5749 3159 5819 aliquid
3193 5764 3260 5804 ex
3311 5746 3548 5818 qualibet
3601 5746 3700 5801 iu-
