3962 6318
250 333 388 395 1281

1101 326 1466 394 ἘΧΡΟΞΙΤΙΟ
1501 335 1566 390 IN
1609 329 1947 390 PSALMOS.
1977 361 2046 370 —
2074 329 2270 384 PSAL.
2307 327 2529 382 CXVIII.

3368 331 3504 388 19.82

249 453 409 506 formi
443 453 665 506 materia
715 451 1000 520 formatur,
1040 459 1100 506 ιιι
1127 467 1192 506 ex
1235 451 1366 505 limo
1422 459 1576 504 terra:
1629 462 1824 516 corpus
1856 450 1898 506 Α
1927 459 2049 500 cum
2077 443 2228 499 dicit.
2257 443 2504 514 Cognovi,
2541 445 2786 510 Domine,
2819 455 2923 502 etc.
2958 449 3157 506 Versus
3185 461 3362 506 autem
3413 457 3507 522 qui

247 543 378 597 Atla:
405 542 696 598 formatum
730 549 838 598 est.
877 545 1066 600 Utrum
1095 551 1274 596 autem
1314 541 1492 595 anima
1520 539 1606 594 vel
1645 536 1826 607 angeli

247 649 314 688 ex
344 634 524 704 aliqua
581 633 809 689 materia
861 634 1076 690 formati
1126 633 1344 694 fuerint,
1390 633 1657 686 incertum
1709 643 1831 684 esse

247 728 446 783 beatus
491 727 826 797 Augustinus
856 728 1070 782 asserit.
1119 725 1272 793 Quod
1322 723 1453 780 dicit
1491 739 1679 777 manus
1729 732 1832 775 tum

247 818 636 889 plasmneerunt
665 834 769 886 me,
803 835 908 874 non
965 827 1047 874 est
1099 817 1316 872 occasio
1343 824 1604 886 quantum
1655 813 1722 868 ad
1763 813 1832 866 il-

249 913 358 966 lam
396 912 701 968 orationem
752 929 870 983 qua:
916 927 1038 966 mox
1077 909 1339 980 sequitur,
1380 923 1503 962 cum
1542 906 1676 962 dicit
1707 923 1720 960 :
1754 904 1834 957 Da

249 1005 377 1056 mihi
438 1003 791 1069 intellectum,
839 1004 930 1060 sed
989 1012 1252 1074 quantum
1302 1001 1368 1054 ad
1415 1001 1519 1054 hoc
1580 997 1722 1067 quod
1780 996 1831 1049 in

249 1095 606 1162 sequentibus
655 1095 891 1165 ponitur,
925 1095 1012 1149 ubi
1047 1093 1178 1148 dicit
1221 1110 1234 1144 :
1274 1089 1502 1144 Veniant
1555 1087 1682 1140 milii
1729 1086 1832 1137 mi-

247 1187 539 1240 serationes
593 1195 744 1250 tum;
791 1187 887 1240 scd
935 1185 1077 1253 quod
1123 1183 1254 1236 dicit
1307 1197 1493 1234 manus
1547 1189 1650 1231 tua:
1701 1176 1835 1243 fece-

249 1286 370 1329 runt
404 1291 510 1341 mc,
539 1285 798 1346 quantum
837 1276 903 1330 ad
949 1275 1181 1329 animam
1215 1275 1353 1326 bene
1396 1271 1461 1323 ad
1515 1270 1653 1323 hanc
1701 1282 1836 1336 pra:-

247 1375 466 1422 scutem
498 1369 800 1422 orationem
853 1367 1068 1422 occasio
1106 1373 1207 1420 est.
1246 1363 1398 1429 Quod
1429 1375 1556 1415 vero
1596 1360 1728 1414 ιιὶιὶι
1779 1370 1838 1409 se

250 1459 304 1510 in
342 1460 530 1513 anima
578 1459 826 1514 manibus
855 1457 1069 1513 Domini
1125 1455 1351 1518 factum,
1406 1468 1512 1505 non
1545 1449 1664 1504 ideo
1703 1450 1838 1504 dicit

250 1551 398 1616 quod
424 1549 629 1620 aliquid
665 1548 925 1604 Dominus
959 1547 1009 1601 in
1053 1545 1236 1600 mundi
1282 1541 1557 1598 creatione
1591 1539 1839 1594 manibus

249 1638 468 1697 fecerit.
494 1643 620 1696 Solo
649 1655 882 1710 namque
902 1639 1190 1695 voluntatis
1217 1637 1440 1706 imperio
1470 1643 1664 1689 cuncta
1688 1648 1842 1688 crea-

251 1735 354 1798 rit,
384 1733 481 1787 sed
507 1748 536 1786 a
566 1731 918 1787 similitudine
953 1729 1156 1784 dictum
1203 1735 1307 1781 est.
1344 1724 1477 1780 Cum
1506 1724 1650 1778 enim
1700 1723 1840 1792 apud

254 1794 514 1881 homines
543 1825 633 1880 illa
673 1838 838 1892 opera
869 1836 989 1892 qua:
1028 1834 1220 1891 magna
1252 1827 1306 1894 et
1337 1818 1495 1887 digna
1533 1823 1678 1878 sunt,
1727 1829 1840 1866 am-
1873 1794 1916 1848 Β

256 1915 432 1970 babus
455 1914 704 1968 manibus
732 1912 940 1966 soleant
970 1909 1106 1972 fieri,
1139 1923 1244 1962 non
1275 1922 1380 1960 una
1413 1920 1574 1958 manu
1606 1913 1836 1966 tantum,

260 2009 414 2078 abea
468 2005 822 2062 similitudine
872 2004 1034 2058 homo
1069 2001 1270 2056 dicitur
1315 1998 1568 2052 manibus
1613 1995 1705 2049 Dei
1767 1995 1842 2049 fa-

256 2117 402 2172 ctus,
431 2113 493 2160 ut
517 2099 832 2160 ostendatur
863 2110 1116 2173 magnum
1144 2101 1199 2148 et
1224 2093 1446 2162 dignum
1475 2105 1610 2160 opus
1651 2089 1838 2142 fuisse.

251 2199 395 2256 Cum
430 2207 612 2252 autem
644 2211 702 2252 se
742 2195 871 2250 dicit
905 2188 1154 2246 manibus
1184 2185 1277 2243 Dei
1317 2185 1540 2249 factum,
1575 2197 1680 2237 non
1715 2181 1844 2235 dicit

253 2291 366 2348 :hoc
393 2292 460 2347 ad
482 2289 826 2361 iactantiam,
858 2285 950 2340 sed
991 2285 1060 2337 ad
1100 2281 1267 2351 ipsius
1301 2277 1578 2335 Creatoris
1605 2275 1840 2338 laudem,

262 2383 355 2455 qui
399 2391 608 2437 tantum
643 2393 776 2448 opus
823 2374 1004 2430 facere
1034 2373 1224 2443 potuit.
1254 2371 1344 2424 Est
1375 2377 1554 2422 autem
1594 2367 1693 2419 IIOC
1743 2363 1844 2455 tale

263 2454 330 2530 ac
374 2475 419 2529 si
449 2474 654 2528 diceret
683 2485 696 2523 :
727 2469 934 2522 Idcirco
974 2480 1092 2528 oro,
1139 2462 1386 2524 Domine,
1421 2457 1755 2512 intellectum
1792 2454 1843 2506 in

255 2582 352 2622 me
399 2563 668 2626 recreari,
700 2561 824 2631 quia
851 2557 1134 2614 considero
1156 2553 1296 2624 quod
1327 2552 1378 2605 in
1411 2550 1580 2604 Adam
1613 2548 1664 2600 in
1706 2547 1848 2616 prin-

255 2657 411 2726 cipio
440 2654 677 2708 animam
725 2666 896 2706 meam
930 2649 1064 2702 adeo
1093 2647 1310 2714 diglam
1340 2640 1535 2698 creasti
1585 2648 1646 2693 ut
1673 2653 1848 2707 capax

263 2757 414 2804 esset
441 2745 746 2801 intellectus
774 2739 1054 2796 rationalis
1086 2754 1100 2803 ;
1135 2752 1234 2790 nec
1284 2733 1546 2802 injustum
1580 2740 1683 2796 est,
1720 2731 1762 2785 si
1797 2729 1848 2784 id

263 2839 322 2894 in
359 2852 447 2893 me
473 2843 667 2906 expeto
699 2830 933 2886 recreari
968 2829 1110 2898 quod
1143 2827 1196 2880 in
1242 2823 1510 2894 principio
1541 2822 1594 2875 in
1631 2836 1718 2876 me
1745 2822 1849 2874 mi-

267 2929 575 2987 sericordia
609 2925 698 2981 tua
728 2927 954 2981 creavit.
985 2919 1099 2974 Non
1146 2918 1290 2972 enim
1326 2913 1453 2968 illud
1485 2921 1610 2982 peto
1649 2913 1790 2982 quod
1821 2926 1850 2964 a

269 3031 468 3078 natura
501 3035 618 3076 mea
665 3019 735 3074 sit
763 3017 1021 3080 alienum,
1051 3011 1144 3067 sed
1177 3010 1228 3064 id
1277 3008 1454 3077 potius
1482 3006 1548 3059 ad
1584 3006 1728 3074 quod
1758 3020 1852 3058 na-

1933 538 2077 593 bunc
2113 537 2359 608 sequitur
2392 539 2472 594 sic
2499 550 2892 609 praeposteram
2923 541 3116 613 legitur
3149 564 3159 600 :
3188 545 3372 613 Oravi,
3401 549 3506 603 Do-

1934 629 2100 694 mine,
2157 630 2338 685 utdcs
2373 630 2502 684 mihi
2556 631 2894 686 intellectum
2935 648 2997 686 ea
3057 639 3508 704 consideratione,

1933 720 2146 775 scilicet
2189 719 2283 788 ﬁat
2319 719 2449 774 mihi
2483 717 2848 781 misericordia
2876 728 2967 773 tua
3003 723 3186 780 ellicax
3221 729 3286 782 ad
3320 729 3423 784 hoc
3455 741 3511 784 ut

1935 813 2231 868 consoletur
2275 829 2376 868 me.
2411 813 2564 880 Quod
2613 821 2698 868 est
2741 815 2968 871 dicere:
2996 813 3282 876 Consolare
3321 839 3407 877 me
3445 839 3512 878 ex

1936 907 2326 972 misericordia,
2367 909 2544 965 dando
2575 911 2708 966 mibi
2756 908 3070 968 intellectus
3099 912 3510 980 sublimitatem.

1936 1014 2095 1068 quam
2125 1013 2219 1069 per
2259 1000 2428 1055 Adam
2465 1003 2646 1067 amisi,
2691 1019 2810 1074 qure
2857 1000 3094 1067 reddita,
3137 1018 3331 1074 magna
3383 1008 3512 1062 mihi

1936 1091 2365 1147 eritconsolatio.
2410 1093 2741 1163 Consolelttr,
2775 1097 3018 1168 inquam,
3045 1112 3129 1152 me
3155 1101 3515 1154 misericordia

1937 1191 2050 1247 tua,
2081 1191 2135 1237 et
2161 1184 2261 1238 hoc
2288 1200 2391 1238 non
2425 1200 2489 1240 ex
2519 1187 2732 1243 meritis
2765 1190 2900 1244 meis
2940 1201 3058 1252 oro,
3095 1189 3188 1244 sed
3221 1193 3514 1245 consoletur

1939 1287 2019 1324 me
2049 1273 2330 1325 secundum
2360 1274 2621 1344 eloquium
2653 1287 2816 1345 luunt,
2856 1281 2906 1334 id
2938 1277 3028 1332 ἔδει
3063 1281 3360 1335 secundum
3392 1297 3516 1351 pro-

1939 1360 2163 1414 missum
2193 1369 2341 1416 tuum
2371 1364 2568 1420 factum
2598 1385 2744 1423 servo
2771 1380 2860 1423 tuo
2885 1368 3127 1434 Christo,
3160 1372 3250 1440 qui
3295 1374 3386 1427 tibi
3419 1374 3521 1428 fttit

1941 1449 1994 1503 in
2021 1452 2270 1506 omnibus
2299 1453 2549 1509 obcdicus
2588 1457 2752 1526 (Phil.
2787 1477 2847 1525 ll,
2876 1461 2952 1532 8).
2986 1458 3142 1528 Quod
3180 1470 3262 1515 est
3294 1464 3472 1517 dicere
3503 1483 3514 1518 :

1941 1541 2238 1598 Consolare
2261 1560 2345 1597 me
2377 1548 2822 1616 misericorditer,
2847 1554 2988 1621 quod
3015 1541 3238 1607 Cliristo
3266 1552 3400 1607 Filio
3429 1566 3518 1609 tuo

1941 1635 2240 1704 promisisti
2297 1645 2567 1706 quatenus
2607 1656 2703 1709 per
2746 1645 3114 1700 obedientiam
3163 1647 3354 1702 mortis
3380 1647 3518 1715 ejus,

1948 1727 2191 1782 fidelibus
2240 1728 2344 1783 tuis
2393 1732 2817 1788 consolationem
2854 1751 3005 1792 esses
3059 1732 3344 1792 allaturus.
3399 1740 3518 1793 Ideo

1943 1834 2071 1872 vero
2123 1835 2219 1874 oro
2267 1835 2332 1874 ex
2377 1821 2746 1878 misericordia
2795 1834 2848 1880 et
2896 1842 2962 1881 ex
3016 1827 3380 1896 promissione
3431 1840 3519 1882 tua

1942 1909 2390 1976 consolationem,
2424 1914 2546 1980 quia
2576 1917 2814 1984 cognovi,
2838 1916 3079 1984 Domine,
3132 1920 3275 1991 quod
3313 1919 3520 1988 judicia

1946 2010 2032 2053 tua
2060 2000 2254 2069 quibus
2278 2001 2447 2055 Adam
2497 2005 2804 2069 oxezecasti,
2846 2008 3061 2077 a°quitas
3093 2020 3214 2064 sunt
3255 2010 3524 2076 cumbati-

1945 2109 2028 2154 ce,
2059 2093 2109 2146 id
2138 2103 2221 2149 est
2252 2095 2408 2150 valde
2460 2112 2609 2165 aequa
2643 2107 2788 2163 sunt,
2836 2110 2882 2153 et
2932 2101 3093 2155 etiam
3133 2103 3351 2172 cognori
3378 2105 3521 2170 quod

1945 2183 1998 2235 in
2029 2184 2243 2238 veritate
2280 2195 2393 2246 tua,
2426 2185 2478 2239 id
2513 2197 2595 2241 est
2633 2189 2684 2241 in
2725 2202 2856 2242 vero
2882 2190 3086 2260 judicio
3129 2202 3219 2246 tuo
3266 2202 3318 2246 et
3343 2207 3522 2261 aequo,

1945 2275 2232 2328 humi/iusti
2254 2278 2420 2342 me,id
2455 2289 2538 2333 est
2559 2280 2899 2348 dcjecistime
2921 2298 2949 2336 a
2973 2283 3168 2337 sublim
3199 2292 3305 2339 tate
3324 2283 3526 2338 intelle-

1947 2373 2083 2418 ctus.
2115 2365 2264 2431 Quod
2283 2378 2361 2421 est
2384 2368 2563 2425 dicere
2594 2387 2605 2422 :
2633 2370 2756 2426 Ideo
2779 2372 3078 2427 intellectus
3105 2375 3526 2429 consolationem

1949 2472 2010 2509 ex
2042 2458 2411 2512 misericordia
2445 2470 2497 2513 et
2528 2463 2888 2530 promissione
2929 2474 3020 2518 tua
3069 2466 3290 2533 adipisci
3336 2475 3528 2534 expeto

1948 2548 2073 2614 quia
2125 2549 2352 2616 cognovi
2395 2561 2660 2618 quatenus
2691 2553 2860 2606 Adam
2891 2563 2945 2607 et
2995 2570 3093 2624 ego
3130 2555 3234 2609 hoc
3269 2553 3417 2623 justo
3443 2556 3528 2624 ju-

1950 2637 2090 2691 dicio
2123 2646 2212 2691 tuo
2235 2640 2537 2718 amisimus,
2580 2653 2633 2697 et
2664 2644 2767 2699 hoc
2800 2645 3009 2698 meritis
3039 2647 3175 2701 meis
3207 2661 3530 2716 recuperare

1952 2743 2056 2780 non
2109 2745 2346 2796 possum.
2395 2731 2682 2801 Postquam
2735 2735 2800 2789 de
2851 2736 3124 2792 intellectu
3179 2739 3528 2807 adipiscendo

1955 2821 2153 2881 oravit,
2184 2831 2300 2872 orat
2347 2837 2563 2891 quoque
2595 2825 2659 2877 de
2690 2825 3033 2894 adipiscenda
3073 2829 3123 2882 in
3155 2829 3335 2884 futuro
3357 2831 3525 2900 gloria

1952 2909 2348 2976 corporis,cum
2376 2913 2508 2966 dicit
2540 2929 2552 2966 :
2599 2912 2821 2968 Veniant
2855 2917 2981 2969 milii
3009 2918 3367 2972 miserationes
3391 2931 3520 2983 tua},

1953 3011 1998 3054 et
2023 3001 2207 3054 vivam.
2239 3001 2352 3058 Iloc
2385 3015 2567 3058 autem
2601 3006 2667 3060 ad
2691 3005 2819 3060 illud
2841 3009 3089 3078 jungitur
3112 3010 3251 3076 quod
3278 3012 3529 3080 superius

269 3114 527 3170 turaliter
553 3111 855 3167 habendum
886 3108 1110 3162 idoneus
1146 3095 1361 3158 cr’catus
1392 3117 1530 3156 sum.
1566 3099 1638 3153 Ut
1669 3107 1848 3152 autem
1881 3135 1926 3197 Ο
1959 3095 2166 3164 posuit:
2202 3096 2390 3150 Manus
2412 3097 2912 3166 ltttt’plttstttat'ertmt
2937 3116 3035 3165 me,
3065 3100 3141 3155 sic
3175 3119 3186 3154 :
3213 3102 3402 3169 Oravi,
3427 3104 3532 3157 Do-

268 3206 446 3276 magis
484 3204 661 3258 valeat
710 3203 1004 3271 impetrare
1044 3195 1184 3266 quod
1216 3194 1414 3256 oravit,
1453 3191 1578 3262 quis
1628 3190 1772 3254 inde,
1807 3191 1853 3244 si

269 3295 665 3365 impetraverit,
691 3298 952 3362 sequatur
981 3285 1204 3365 eﬂ'ectus
1230 3285 1484 3349 ostendit,
1511 3284 1591 3337 sic
1619 3299 1631 3335 :
1664 3283 1752 3346 da,
1770 3282 1855 3334 iu-

271 3401 463 3456 quatn,
481 3384 606 3438 mihi
632 3381 966 3436 intellectum.
985 3377 1200 3446 QuodIsi
1230 3377 1305 3436 fit,
1325 3375 1398 3428 illi
1424 3375 1510 3444 qui
1534 3373 1646 3441 jam
1677 3372 1854 3424 timent

273 3483 323 3527 te
352 3514 367 3538 ,
395 3473 448 3527 id
473 3481 556 3526 est
583 3470 673 3542 qui
694 3469 804 3540 jam
829 3469 880 3521 in
915 3466 1018 3520 fide
1050 3465 1208 3534 positi
1245 3463 1492 3516 timorem
1525 3461 1598 3514 tui
1633 3461 1854 3523 habent,

267 3562 518 3617 sidebant
547 3559 788 3614 interiori
819 3556 1028 3612 visione
1055 3553 1282 3608 rationis
1303 3567 1434 3606 mete
1468 3553 1590 3622 quia
1629 3553 1682 3605 in
1705 3552 1856 3605 verba

269 3660 397 3717 tua,
429 3650 482 3705 id
509 3657 592 3704 est
630 3649 681 3702 in
718 3653 987 3716 prteccpta
1033 3652 1147 3710 tua,
1193 3650 1473 3712 promotus
1495 3640 1858 3710 super-sperari

271 3745 331 3800 in
387 3740 855 3816 ipsismandatis,
905 3739 958 3792 id
999 3745 1083 3792 est
1104 3735 1318 3806 speravi
1368 3733 1856 3788 remunerationem

267 3834 441 3909 487
490 3831 541 3886 iit
587 3831 897 3901 prmlatione
943 3827 1183 3899 ipsorum
1231 3826 1626 3889 mandatorum,
1667 3834 1720 3878 et
1758 3824 1859 3878 hoc

278 3941 447 3996 super
483 3924 585 3978 hoc
605 3937 766 3994 quam
796 3922 898 3976 dici
936 3920 1107 3990 possit
1137 3927 1231 3974 aut
1257 3917 1500 3987 intelligi,
1533 3925 1588 3971 et.
1611 3931 1674 3971 ea
1701 3931 1861 3971 occa-

278 4019 432 4075 sione
458 4017 796 4082 (relabuntur,
823 4016 962 4070 bene
987 4013 1281 4084 operando.
1321 4011 1455 4068 Cum
1507 4011 1658 4082 ponit
1707 4010 1860 4066 laeta-

278 4114 497 4178 buntur,
526 4111 666 4165 idem
692 4109 836 4164 valet
864 4123 928 4164 ac
954 4108 999 4164 si
1027 4115 1274 4178 poneret,
1306 4107 1442 4162 bene
1467 4106 1860 4175 opcrabuntur,

277 4220 348 4262 eo
377 4203 520 4274 quod
571 4201 740 4258 ltetari
776 4201 848 4256 sit
875 4198 1100 4256 eﬂ'cctus
1138 4200 1276 4254 bene
1311 4199 1593 4270 operandi.
1628 4197 1722 4251 Est
1762 4212 1861 4250 au-

279 4303 396 4350 tem
451 4293 552 4348 hoc
585 4306 650 4346 ac
698 4290 742 4346 si
795 4290 1003 4346 diceret
1039 4305 1052 4342 :
1093 4288 1217 4344 Ideo
1262 4289 1331 4342 da
1369 4289 1498 4343 milii
1539 4287 1862 4342 intellectum

275 4380 586 4452 complendi
612 4379 862 4434 mandata
887 4386 1002 4443 tua,
1030 4377 1155 4448 quia
1185 4377 1230 4432 si
1262 4379 1314 4431 in
1347 4376 1682 4446 complendis
1709 4391 1865 4429 mau-

1961 3186 2125 3252 minc,
2159 3197 2217 3241 ut
2247 3203 2308 3242 ea
2346 3191 2785 3245 consideratione
2815 3192 2955 3260 quod
2987 3209 3170 3246 manus
3201 3203 3305 3248 tute
3337 3197 3387 3248 in
3416 3197 3534 3250 ani-

1960 3293 2100 3331 mam
2127 3278 2357 3347 fecerunt
2387 3297 2465 3334 me
2491 3281 2924 3346 intellectualem,
2952 3299 3166 3339 rccrees
3201 3285 3530 3342 intellectum

1962 3369 2011 3422 in
2044 3385 2147 3424 mc.
2175 3371 2280 3425 Oro
2312 3388 2523 3442 quoque
2565 3376 2780 3442 quando
2837 3376 3051 3446 quidem
3085 3378 3186 3433 hoc
3210 3379 3530 3436 beneﬁcium

1961 3461 2014 3514 in
2044 3462 2308 3531 principio
2333 3464 2462 3517 mihi
2492 3464 2794 3530 contulisti,
2824 3469 2965 3535 quod
2996 3485 3186 3522 manus
3220 3479 3325 3524 tua:
3359 3485 3537 3540 quau-

1963 3561 2073 3605 tum
2106 3553 2168 3604 ad
2196 3569 2417 3623 corpus,
2465 3569 2550 3608 me
2595 3554 2728 3609 adeo
2766 3557 2982 3626 dignum
3015 3558 3431 3626 plasmaverunt,
3477 3567 3535 3613 ut

1964 3643 2281 3725 immortalis
2309 3660 2482 3700 essem
2533 3654 2588 3700 et
2652 3647 3004 3717 impassibilis
3056 3651 3158 3706 nisi
3202 3651 3376 3706 Adam
3405 3666 3535 3723 pec-

1963 3746 2133 3801 caret,
2167 3747 2219 3788 ut
2248 3736 2451 3788 reniant
2480 3737 2604 3789 mihi
2638 3736 2688 3791 in
2724 3736 2905 3793 futuro
2935 3741 3292 3796 miserationes
3323 3752 3444 3804 tute,
3478 3743 3530 3797 id

1962 3835 2045 3880 est
2068 3826 2325 3879 beneﬁcia
2352 3826 2737 3884 misericordia:
2749 3837 2875 3895 tum,
2897 3846 3017 3900 qua:
3039 3847 3134 3902 per
3158 3832 3331 3887 Adam
3355 3836 3534 3899 amisi,

1964 3917 2173 3973 scilicet
2217 3926 2276 3970 ut
2324 3917 2642 3973 immortalis
2692 3920 2794 3974 sim
2854 3931 2909 3976 et
2959 3923 3328 3992 impassibilis,
3363 3935 3418 3978 et
3474 3925 3528 3979 iu

1965 4023 2128 4062 carne
2180 4008 2538 4076 conspicuus,
2589 4018 2644 4064 et
2695 4019 2888 4066 caetera
2935 4011 3199 4068 beneficia
3253 4015 3532 4069 obtineam

1965 4098 2194 4168 plurima
2233 4108 2286 4152 et
2329 4098 2736 4165 inenarrabilis,
2775 4115 2895 4168 qua:
2940 4101 3182 4154 salvandi
3239 4105 3536 4157 secundum

1967 4205 2164 4260 corpus
2212 4190 2555 4245 obtinebunt.
2598 4189 2842 4256 Veniant,
2876 4191 3118 4260 inquam,
3150 4192 3280 4246 milii
3321 4195 3542 4248 misera-

1967 4282 2133 4336 tiones
2168 4291 2272 4334 tua:
2303 4289 2352 4334 et
2382 4281 2462 4336 sic
2491 4281 2659 4334 vivam
2698 4295 2804 4334 non
2836 4282 3132 4337 moriturus
3168 4283 3220 4337 in
3251 4292 3538 4349 aeternum,

1967 4375 2058 4443 qui
2110 4388 2252 4428 nunc
2280 4373 2332 4427 in
2382 4387 2612 4444 corpore
2655 4373 2902 4428 mortalis
2932 4389 3073 4428 sum.
3109 4374 3178 4430 Ut
3231 4385 3412 4430 autem
3445 4378 3542 4432 has

282 4471 431 4527 datis
466 4470 574 4525 tuis
619 4468 955 4524 intellectum
984 4467 1253 4532 habuero,
1287 4466 1474 4522 ﬁdeles
1523 4466 1599 4520 tui
1628 4465 1718 4535 qui
1749 4464 1860 4535 jam
1899 4481 1942 4533 ι)
1967 4468 2348 4523 miserationes
2387 4465 2650 4531 obtineat,
2673 4468 2926 4524 meritum
2959 4469 3268 4538 praetendit,
3299 4484 3421 4542 cum
3453 4469 3534 4524 sic

281 4563 542 4619 timentes
573 4569 626 4616 te
649 4568 797 4628 sunt,
828 4560 1226 4616 considerando
1273 4559 1500 4612 rationis
1532 4558 1728 4612 intuitu
1779 4570 1865 4610 me

283 4655 342 4710 in
370 4653 624 4707 mandata
657 4663 748 4706 tua
783 4651 1088 4717 intendere,
1118 4651 1404 4706 occasione
1435 4647 1591 4716 hujus
1623 4647 1867 4703 conside-

283 4741 539 4808 rationis,
577 4749 631 4796 et
669 4741 770 4811 ipsi
819 4741 874 4796 in
928 4740 1200 4795 mandatis
1249 4740 1355 4794 tuis
1406 4738 1737 4793 intellectum
1778 4739 1869 4792 lia-

283 4833 486 4897 hendo,
517 4829 767 4901 exemplo
817 4831 920 4884 mei
973 4830 1107 4885 bene
1151 4832 1538 4900 operabuutur.
1583 4828 1736 4896 Quod
1787 4837 1870 4883 est

285 4925 473 4978 dicere
501 4939 517 4976 :
545 4923 658 4977 Hoc
688 4923 740 4976 in
770 4923 849 4977 eis
875 4922 1010 4976 visio
1053 4921 1157 4977 mei
1197 4919 1502 4975 intellectus
1531 4920 1868 4988 operabitur,

283 5026 351 5071 ut
380 5025 437 5071 et
485 5015 588 5087 ipsi
618 5015 951 5070 intellectum
979 5016 1244 5070 habentes
1283 5014 1419 5068 bene
1448 5020 1762 5082 operentur.

361 5107 474 5163 Nec
521 5107 718 5162 mirum
759 5108 975 5178 quidem
1007 5107 1051 5162 si
1105 5106 1241 5160 visio
1274 5105 1582 5160 intellectus
1631 5115 1684 5160 et
1716 5106 1870 5161 bona:

283 5199 622 5271 operationis
658 5207 966 5253 sanctorum
997 5197 1050 5250 in
1080 5197 1211 5267 ipsis
1257 5194 1585 5259 videntibus,
1634 5194 1872 5250 intellec-

287 5301 411 5346 tum
443 5298 500 5346 et
525 5305 662 5360 opus
683 5291 882 5345 bonum
911 5299 1186 5359 operetur,
1211 5305 1356 5354 cum,
1380 5298 1440 5342 ut
1463 5291 1649 5344 beatus
1671 5289 1862 5344 Hiero-

283 5398 488 5457 nymus
535 5381 788 5448 afﬁrmat,
837 5383 1105 5452 quoddam
1134 5381 1331 5437 animal
1362 5381 1451 5446 sit,
1479 5382 1616 5437 visio
1661 5381 1813 5450 cujus
1840 5397 1868 5435 a

281 5473 548 5544 passione
593 5473 815 5528 icteriea
847 5473 1094 5530 videntes
1139 5481 1309 5529 curet.
1356 5472 1488 5528 Orat
1512 5484 1692 5530 autem
1728 5475 1867 5528 istud

285 5565 437 5620 idem
474 5562 617 5634 quod
641 5563 927 5618 occasione
957 5564 1209 5634 principii
1241 5563 1414 5616 oravit
1459 5579 1522 5620 ex
1565 5564 1871 5619 miscricor-

283 5657 381 5713 dia
432 5657 711 5726 consequi,
760 5656 1068 5713 confitendo
1094 5657 1374 5712 humiliter
1439 5671 1497 5710 se
1545 5672 1644 5726 per
1694 5655 1863 5709 Adam

276 5746 661 5818 justojudicio
698 5747 793 5804 Dei
823 5747 1128 5806 intellectus
1158 5747 1545 5806 sublimitatem
1589 5747 1860 5814 amisisse,

1969 4561 2118 4616 addit
2150 4577 2164 4614 :
2195 4560 2340 4626 Ideo,
2367 4561 2616 4626 Domine,
2649 4563 2854 4616 veniunt
2879 4563 3006 4616 mihi
3027 4562 3389 4615 miserationes
3416 4571 3543 4627 tute,

1968 4651 2091 4721 quia
2116 4650 2200 4704 lea:
2229 4661 2318 4704 tua
2351 4652 2618 4706 meditatio
2647 4667 2762 4705 mea
2795 4661 2902 4718 est,
2933 4652 2984 4706 id
3011 4659 3116 4718 est,
3146 4651 3270 4723 quia
3303 4652 3537 4708 meditor

1971 4742 2024 4796 in
2055 4741 2170 4811 lege
2205 4754 2295 4797 tua
2327 4742 2661 4813 complenda.

2044 4832 2213 4887 Facta
2244 4833 2492 4888 oratione
2522 4848 2620 4902 pro
2649 4848 2727 4899 se,
2764 4843 2884 4889 orat
2911 4844 3073 4890 etiam
3102 4851 3200 4905 pro
3223 4835 3459 4890 inimicis
3488 4845 3548 4889 ut

1972 4923 2300 4978 erubescant
2322 4932 2388 4976 .et
2435 4933 2828 4990 convertantur,
2858 4934 2913 4981 et
2948 4941 3046 4997 per
3087 4928 3190 4981 hoc
3218 4927 3393 4995 magis
3427 4940 3550 4980 mc-

1973 5021 2126 5066 retur
2172 5012 2398 5080 adipisci
2451 5014 2592 5080 quod
2641 5015 2706 5068 de
2755 5030 2812 5069 se
2862 5015 3110 5084 superius
3155 5015 3350 5068 oravit.
3391 5012 3544 5068 Unde

1974 5104 2235 5174 scriptum
2268 5115 2353 5159 est
2384 5121 2396 5158 :
2432 5103 2530 5170 Qui
2560 5120 2656 5174 pro
2685 5105 2804 5160 aliis
2833 5115 2974 5168 orat,
3008 5119 3106 5172 pro
3137 5103 3428 5171 semetipso
3457 5102 3539 5155 la-

1975 5199 2154 5262 borat.
2185 5198 2337 5254 Hanc
2353 5199 2513 5270 igitur
2531 5200 2830 5254 orationem
2854 5199 2933 5252 sic
2963 5197 3092 5252 facit
3122 5213 3134 5248 :
3162 5195 3330 5268 488
3359 5196 3544 5261 Oravi,

1977 5289 2224 5356 Domine,
2259 5305 2358 5361 pro
2389 5305 2498 5357 me,
2523 5291 2710 5346 dicens
2735 5309 2746 5343 :
2773 5289 3000 5343 Veniant
3027 5289 3152 5342 mihi
3184 5291 3544 5343 miserationes

1975 5389 2100 5447 tua',
2132 5395 2230 5436 oro
2253 5395 2467 5451 quoque
2483 5396 2580 5450 pro
2592 5380 2839 5449 superbis
2858 5379 3309 5449 persequentibus
3341 5395 3446 5439 me,
3477 5389 3539 5431 ut

1975 5471 2225 5526 videlicet
2253 5472 2383 5540 ipsis
2405 5470 2786 5525 miserationes
2807 5477 2914 5523 tua:
2931 5469 3187 5533 veniant;
3213 5466 3546 5535 confundan-

1973 5573 2082 5629 tur,
2102 5565 2153 5618 id
2177 5573 2262 5619 est
2277 5563 2598 5618 erubescant
2623 5561 2690 5614 de
2715 5561 2997 5629 iniquitate
3017 5574 3132 5622 sua,
3149 5557 3402 5627 surperbi,
3418 5558 3544 5624 quia

1974 5655 2207 5724 fecerunt
2249 5657 2304 5708 in
2333 5671 2432 5716 me,
2464 5654 2516 5708 id
2547 5661 2629 5707 est
2659 5662 2845 5706 contra
2874 5668 2957 5705 me
2977 5693 2991 5717 ,
3014 5651 3358 5719 iniquitatem,
3388 5647 3545 5700 adni-

1977 5747 2136 5803 tcndo
2166 5761 2253 5802 me
2299 5760 2396 5815 per
2432 5743 2806 5799 tribulationes
2838 5757 2866 5796 a
2897 5749 3039 5795 statu
3087 5736 3387 5793 sanctitatis
3415 5750 3548 5791 mete
