3978 6328
432 259 567 314 res;
1017 252 1073 306 s.
1117 247 1460 305 BRUNONIS
1497 223 2131 302 GARTHUSIANORL'M
2160 235 2641 294 lNSTlTUTORlS
2681 235 2832 292 ore.
2871 235 3049 292 rans
3085 235 3122 289 t.
3529 236 3668 292 test

431 375 682 444 dejicere,
711 368 889 423 ethoc
915 367 1124 437 injuste,
1159 367 1210 420 id
1237 373 1321 419 est
1356 364 1472 418 sine
1504 377 1686 416 causa.
1731 358 1882 426 Quod
1909 366 1991 413 est
2021 360 2062 413 A
2163 352 2362 422 Deiecit
2393 355 2446 406 in
2497 351 2747 444 salutare,
2798 361 2923 444 etc.
2955 351 3012 404 lu
3064 349 3234 444 tribus
3276 349 3470 418 primis
3513 351 3673 421 hujus

432 442 608 520 dicere
641 481 652 514 :
682 454 761 514 illi
795 461 883 529 qui
924 473 1008 512 me
1034 457 1304 527 persecuti
1349 465 1475 510 sunt
1507 469 1612 508 non
1643 455 1712 506 ob
1760 451 1994 520 aliquam
2099 444 2351 499 clausulae
2385 443 2628 498 versibus
2661 442 2954 512 prmtcndit
2987 442 3181 497 merita
3212 456 3333 505 sua,
3360 456 3459 529 per
3479 455 3678 510 quwse

430 551 640 620 culpam
697 528 891 611 meam,
939 548 1032 601 sed
1081 561 1146 599 ex
1185 544 1297 600 sola
1347 543 1618 612 superbia,
1660 551 1718 594 ut
1757 554 1843 593 me
1893 538 1994 594 sibi
2098 533 2836 605 dignamostcnditattingere
2869 548 3046 586 massa
3079 528 3673 586 fideliumad'aeternam

431 641 853 704 conformarcnt,
881 639 1206 693 erubescant
1233 635 1296 690 de
1321 635 1422 688 hoc
1445 633 1590 702 quod
1619 633 1697 687 sic
1728 631 1997 701 persecuti
2097 627 2286 691 vitam,
2317 623 2383 678 ad
2409 639 2571 692 quam
2601 623 2654 675 in
2677 631 2874 692 quarto
2899 637 3057 675 versu
3081 621 3340 690 suspirat,
3365 636 3492 675 cum
3507 621 3672 676 dicit:

432 743 681 788 suntme.
714 730 1020 785 Notandum
1064 728 1206 799 quod
1233 726 1363 781 dicit
1392 725 1722 794 iniquitatem
1762 724 1997 792 fecerunt

2103 715 2236 782 Quot
2258 725 2379 770 sunt
2402 716 2512 770 dies
2541 715 2673 769 servi
2711 715 2808 779 tui,
2831 723 2938 768 etc.
2964 713 3064 780 Qui
3090 729 3278 768 versus
3304 712 3674 784 przelegendus

432 828 646 896 injuste;
673 825 885 877 videtur
905 821 1047 876 enim
1069 821 1290 874 innuero
1309 818 1450 886 quod
1471 817 1716 885 qumdam
1743 817 1999 885 iniquitas
2099 817 2203 870 est,
2230 816 2285 862 et
2325 808 2406 863 sic
2433 806 2808 878 superioribus
2835 807 3172 875 adaptandus
3202 825 3222 859 ι
3249 806 3392 866 Dixi.
3429 806 3673 868 Domine,

435 920 528 971 fiat
548 917 715 986 juste.
740 914 796 967 Si
827 927 954 967 vero
977 919 1236 980 quantum
1261 909 1326 964 ad
1354 925 1544 963 novam
1565 909 1736 978 legem
1753 909 1999 964 eonside-
2099 900 2242 970 quod
2274 899 2484 968 superbi
2534 899 2727 968 injuste
2772 899 3098 968 iniquitatem
3128 897 3527 968 persecutionis
3545 897 3675 966 [ece-

434 1023 635 1070 remus,
654 1020 771 1075 qua:
795 1004 1036 1074 praecipit
1059 1001 1304 1056 inimicos
1319 1001 1542 1071 diligere
1564 1001 1782 1070 (Matth.
1801 1017 1854 1054 v.
1881 999 1995 1070 44),

2101 999 2221 1041 runt
2247 989 2300 1042 in
2323 1004 2424 1054 me,
2449 1002 2546 1056 pro
2573 986 2770 1058 quibus
2796 987 2971 1051 oravi,
3015 996 3074 1040 ut
3126 986 3592 1042 confunderentur
3618 995 3672 1042 et

431 1097 610 1150 omnis
651 1096 923 1164 iniquitas,
956 1093 1007 1146 id
1034 1099 1116 1147 est
1145 1092 1474 1161 persecutio,
1504 1092 1561 1144 fit
1585 1091 1799 1159 injuste.
1829 1092 1999 1147 Gete-

2100 1087 2568 1146 converterentur,
2617 1078 2710 1148 qui
2751 1087 2928 1133 tamen
2985 1078 3230 1132 nolentes
3279 1079 3550 1141 converti,
3584 1094 3668 1132 me

434 1200 552 1238 rum
614 1185 657 1239 si
709 1184 775 1237 ad
823 1191 1061 1237 veterem
1112 1182 1284 1252 legem
1337 1197 1699 1245 recnrramus,
1752 1183 2000 1237 concedit
2097 1166 2265 1239 489
2298 1167 2511 1223 θεείάυθ
2560 1168 2796 1238 Pondere
2846 1167 3248 1222 ιτίδυιθῑίοηυηῖ
3294 1168 3580 1222 incurvam
3626 1177 3680 1222 εί

425 1273 569 1341 ius“,
618 1275 728 1329 dari
767 1292 786 1324 ε
824 1274 1036 1328 dentem
1088 1289 1185 1343 pro
1231 1275 1390 1330 deme
1413 1273 1610 1344 (Exod.
1665 1290 1777 1338 χειν
1808 1275 1922 1344 24),
1975 1293 1992 1326 ,
2101 1257 2352 1312 afliciunt.
2389 1259 2640 1329 Ideoque,
2670 1258 2916 1322 Domine,
2947 1269 3066 1328 quot
3094 1260 3344 1312 suntdies
3375 1258 3683 1312 alliietionis

432 1364 580 1430 Quod
603 1364 645 1417 si
673 1363 735 1416 ad
763 1363 1048 1418 szecnlarcs
1078 1363 1243 1433 leges,
1276 1365 1327 1417 in
1361 1365 1556 1432 quibus
1584 1364 1885 1417 institutum
1916 1375 1999 1418 est

2113 1349 2203 1403 mei
2231 1351 2362 1403 servi
2378 1351 2452 1403 tui
2475 1351 2777 1418 existentis,
2803 1349 2854 1404 id
2877 1360 2960 1405 est
2981 1365 3078 1420 per
3103 1359 3232 1418 quot
3256 1350 3375 1405 dies
3401 1350 3684 1418 permittes

431 1455 498 1508 de
531 1453 762 1507 inimicis
807 1452 1065 1508 ultionem
1115 1468 1350 1516 sumere,
1381 1453 1468 1506 illa
1500 1453 1777 1521 iniquitas,
1823 1454 1875 1508 id
1915 1461 2000 1508 est

2116 1455 2186 1495 ne
2216 1453 2428 1494 servum
2459 1450 2603 1494 tuum
2634 1441 2768 1496 adeo
2811 1442 3160 1496 vehementer
3214 1441 3412 1512 afl‘ligt?
3459 1440 3687 1506 Quando

431 1543 757 1614 persecutio,
811 1543 870 1597 fit
907 1544 1052 1614 juste
1098 1559 1216 1614 qua:
1267 1543 1325 1596 lit
1353 1545 1420 1598 ob
1469 1543 1701 1613 aliquam
1735 1560 1992 1600 causam:

2114 1532 2204 1585 :rit
2231 1531 2330 1586 boc
2358 1531 2498 1600 quod
2525 1533 2687 1601 facies
2715 1532 2844 1586 milii
2860 1534 3122 1602 judicium
3151 1533 3216 1586 de
3238 1533 3685 1603 persequentibus,

433 1636 521 1689 illa
546 1650 674 1689 vere
699 1635 757 1688 ﬁl
776 1633 968 1703 injuste
989 1649 1108 1704 qua}
1129 1635 1244 1688 sine
1271 1650 1429 1689 causa
1460 1635 1534 1687 ﬁt.
1567 1635 1641 1688 Dc
1671 1651 1770 1703 qua
1803 1634 1995 1702 injusm
2032 1699 2068 1704 Δ
2102 1621 2307 1676 SCiiiCBl.
2338 1633 2394 1676 111.
2418 1638 2502 1676 me
2529 1638 2692 1678 carne
2717 1622 2949 1677 solutum
2968 1623 3110 1692 juste
3143 1640 3458 1679 retnuneres
3483 1633 3694 1679 aeterna

433 1723 717 1792 Iniquitate
759 1699 860 1778 hoc
890 1699 1021 1778 dicii
1055 1741 1067 1776 :
1100 1723 1294 1792 injuste
1329 1723 1652 1793 iniquitatem
1686 1699 1919 1791 iecerunt
1947 1725 1997 1777 in
2032 1699 2075 1758 Β
2107 1713 2210 1765 Vili!
2241 1729 2336 1782 ι)ιο
2364 1729 2550 1766 eorum
2580 1714 2794 1784 iniustis
2825 1717 3336 1783 persecutionibus?
3367 1716 3480 1770 lloc
3507 1727 3692 1772 autem

433 1829 535 1876 me,
563 1827 684 1883 qua}
717 1811 873 1883 longe
919 1813 1071 1883 pejor
1109 1822 1192 1867 est
1235 1828 1398 1881 quam
1432 1813 1474 1865 si
1514 1811 1659 1880 justo
1683 1813 1854 1867 ﬁeret,
1888 1813 2001 1866 Ιηὶ..
2101 1803 2242 1872 quod
2267 1819 2332 1858 ex
2363 1805 2526 1858 nimia
2551 1805 2808 1861 desiderii
2847 1807 3136 1863 affectione
3166 1810 3320 1878 quasi
3365 1810 3468 1864 sub
3517 1810 3695 1863 inter-

432 1905 698 1972 quilatem,
720 1903 964 1972 inquam,
995 1902 1187 1972 injuste
1217 1902 1446 1972 fecerunt
1479 1905 1673 1956 inme:
1702 1920 1793 1972 ego
1827 1914 1999 1956 autem
2103 1895 2381 1964 rogatione
2427 1897 2598 1964 ροιιίι,
2629 1899 2980 1967 mqnipollens
3010 1908 3093 1954 est
3119 1913 3183 1953 ac
3214 1900 3259 1953 si
3311 1900 3391 1954 sic
3437 1900 3699 1954 (nuutia-

439 2010 538 2063 pro
558 2009 743 2047 eorum
764 1993 956 2064 injusta
985 1996 1354 2064 persecutione
1385 2010 1488 2048 non
1517 1993 1709 2058 tlcl'cei,
1741 1995 1832 2049 sed
1854 2011 1997 2048 exer-
2103 1984 2210 2038 ῑῖνθ
2240 1986 2538 2040 oralionem
2592 1987 2797 2043 Γίιεθΐθῑ
2847 2003 2862 2042 τ
2913 1989 3380 2058 Ωυθηάοίίυῖεῗεηὶ,
3439 1991 3698 2053 Domine.

435 2083 588 2137 rebar
618 2084 674 2138 in
711 2085 971 2138 mandatis
1000 2085 1100 2138 tuis
1128 2085 1298 2152 magis
1343 2092 1398 2137 et
1429 2084 1598 2152 magis
1626 2094 1680 2137 et
1706 2085 1998 2138 secundum
2101 2083 2488 2144 persequentes
2519 2091 2605 2129 me
2648 2077 2838 2132 nolunt
2877 2080 3132 2134 confundi
3182 2088 3237 2135 et
3280 2081 3547 2147 converti,
3603 2083 3702 2134 sed

435 2173 716 2228 scientiam
743 2178 798 2229 et
821 2175 1113 2229 secundum
1142 2175 1533 2244 operationem.
1575 2173 1996 2242 Confttn'lantur,
2103 2180 2188 2220 me
2223 2175 2462 2236 graviter
2487 2179 2541 2222 et.
2565 2168 2779 2224 assidue
2804 2180 3227 2240 persequuntur,
3253 2187 3373 2238 oro,
3431 2173 3702 2228 abbrevia

435 2265 676 2334 inquam,
701 2265 905 2333 superbi
930 2273 982 2319 et
1006 2263 1212 2319 confusi
1240 2274 1603 2318 convertantur
1627 2264 1689 2316 de
1716 2264 2001 2333 iniquitate
2103 2259 2217 2313 dies
2240 2257 2542 2316 amictionis
2565 2275 2717 2324 mete,
2749 2269 2802 2316 et
2829 2270 3030 2318 aeterna
3059 2264 3168 2318 vita
3201 2279 3286 2318 me
3315 2263 3462 2332 justo
3513 2281 3705 2320 remu-

439 2371 536 2410 sua
578 2355 704 2406 mihi
739 2353 1132 2418 conformandi,
1162 2364 1215 2406 et
1252 2355 1485 2406 timentes
1510 2364 1557 2406 te
1583 2352 1863 2417 efficiendi,
1909 2353 2000 2421 qui
2104 2349 2354 2409 nera.,Et
2379 2349 2600 2421 dignum
2626 2359 2791 2405 estut
2813 2351 2915 2406 hoc
2938 2353 3066 2407 mihi
3099 2353 3287 2408 facias.
3317 2353 3518 2423 Defecit
3547 2356 3702 2409 enim

437 2443 597 2497 modo
625 2457 731 2496 non
765 2443 974 2506 timent,
1007 2451 1054 2496 et
1089 2442 1162 2495 illi
1189 2444 1276 2509 qui
1306 2442 1416 2510 jam
1439 2453 1684 2495 noverunt
1712 2443 2002 2497 testimonia
2103 2441 2171 2494 ab
2199 2439 2345 2493 omni
2380 2441 2618 2509 appetitu
2645 2441 3022 2510 temporalium
3079 2444 3258 2496 anima
3294 2459 3406 2496 mea
3459 2443 3705 2498 tendens

437 2545 548 2600 tua,
575 2533 628 2588 id
673 2541 758 2588 est
801 2541 1068 2603 prmcepta
1102 2540 1214 2598 tua,
1274 2533 1482 2587 scilicet
1531 2533 1619 2602 qui
1669 2532 1779 2599 jam
1819 2533 2003 2588 fideles
2103 2530 2249 2584 omni
2288 2529 2571 2584 affectione
2600 2519 2658 2584 in»
2676 2530 2907 2586 salutare
2933 2541 3103 2597 tuum,
3155 2532 3208 2586 id
3242 2541 3323 2587 est
3355 2535 3406 2586 in
3444 2531 3707 2588 Salvato—

438 2635 582 2689 snnt,
609 2640 716 2679 non
767 2633 941 2679 tamen
988 2625 1040 2678 in
1073 2633 1275 2679 tantum
1330 2624 1553 2695 perfecti
1584 2625 1841 2694 sicutcgo
1873 2626 1999 2680 mibi
2106 2639 2221 2678 rem
2254 2633 2401 2677 tuum
2439 2615 2724 2678 Dominum
2778 2623 2960 2680 Jesum
2993 2625 3364 2680 obtinendum.
3412 2624 3573 2691 Quod
3622 2637 3710 2679 est

436 2717 847 2782 confirmentur,
885 2715 979 2769 sed
1015 2715 1262 2770 videlicet
1296 2724 1354 2769 ut
1379 2715 1605 2784 perfecti
1646 2715 1796 2779 fiant,
1829 2717 2002 2784 magis
2106 2715 2285 2770 dicere
2315 2730 2329 2768 :
2359 2708 2517 2771 Omiti
2541 2731 2724 2769 amore
2752 2725 2805 2771 et
2831 2703 3072 2787 appetitu
3093 2717 3436 2772 srecularium
3501 2732 3700 2771 rerum

438 2809 714 2879 magisque
741 2807 794 2862 in
829 2807 1094 2862 mandatis
1121 2808 1334 2862 Domini
1362 2807 1668 2862 exercendo
1695 2822 1771 2863 se.
1811 2806 1881 2862 Ut
1909 2823 2005 2860 an-
2103 2808 2423 2877 postposito,
2457 2806 2645 2861 solum'
2669 2806 2954 2861 Dominum
2980 2807 3163 2862 Jesum
3216 2805 3440 2876 adipisci
3474 2817 3708 2877 appeto,

439 2909 544 2952 tem
569 2899 760 2968 dignus
786 2898 887 2952 sim
913 2912 1073 2967 quem
1099 2897 1173 2951 illi
1201 2898 1292 2968 qui
1324 2910 1568 2952 noverunt
1595 2898 1887 2952 testimonia
1912 2909 2002 2952 tua
2106 2897 2251 2951 illius
2273 2895 2376 2953 frui
2402 2897 2684 2967 praesentia
2717 2899 2768 2950 in
2798 2897 2952 2952 caelis
3003 2907 3126 2967 post
3164 2898 3347 2952 carnis
3397 2896 3708 2952 resolutio-

439 2989 738 3052 imitentur,
770 3002 876 3042 non
925 2987 1096 3043 solum
1136 3003 1234 3042 oro
1265 2997 1324 3041 ιιι
1360 3004 1465 3042 non
1499 3003 1717 3057 peccem
1749 2989 1800 3042 in
1841 3002 2004 3057 opere
2038 3037 2080 3059 η
2115 3004 2234 3043 nem
2264 2989 2456 3052 ardeo;
2481 2977 2706 3058 ideoque
2736 2989 2956 3059 dignum
3003 2998 3086 3044 est
3121 2998 3181 3043 ιιι
3229 2989 3519 3044 abbrevies
3588 2989 3712 3044 dies

437 3087 495 3133 et
524 3078 574 3131 in
598 3077 802 3148 lingua,
862 3077 956 3132 sed
1007 3077 1138 3132 illud
1171 3078 1334 3132 etiam
1377 3093 1472 3131 oro
1502 3078 1643 3148 quod
1673 3077 2004 3147 perfectissi-
2037 3077 2082 3098 υ
2114 3083 2253 3137 servi
2277 3082 2370 3136 tui.
2398 3081 2618 3151 Πείραιε,
2639 3083 2876 3150 inquam,
2897 3083 3073 3136 anima
3097 3099 3210 3137 mea
3234 3083 3532 3138 tendensin
3547 3084 3709 3136 salu-

438 3181 584 3220 mum
612 3175 718 3230 est,
761 3165 1013 3220 videlicet
1041 3165 1134 3234 ﬁat
1180 3182 1270 3220 cor
1296 3182 1464 3219 meum
1492 3165 1918 3233 immaculatum,
1951 3176 2010 3222 ut
2113 3182 2223 3226 tare
2247 3183 2415 3238 tuum,
2443 3181 2490 3225 et
2520 3171 2790 3226 tendendo
2813 3171 2869 3224 in
2903 3170 3150 3236 Verbum,
3180 3171 3233 3224 id
3261 3181 3344 3226 est
3374 3171 3428 3226 in
3457 3170 3711 3226 salutare

439 3272 546 3312 non
588 3255 889 3310 maculetur
915 3255 1093 3326 aliqua
1119 3257 1448 3324 cogitatione
1471 3258 1773 3313 criminalis
1801 3258 2006 3325 delicti,
2115 3273 2282 3326 tuum,
2316 3263 2366 3316 in
2400 3261 2592 3316 Filium
2619 3270 2766 3315 tuum
2813 3261 3095 3315 Dominum
3149 3261 3444 3324 Christum,
3502 3262 3558 3315 in
3589 3263 3712 3332 ipso
3741 3297 3744 3300 -

439 3355 496 3401 et
524 3346 626 3400 hoc
653 3344 745 3399 ﬁat
781 3345 1315 3415 injusti/icationibus
1353 3350 1475 3412 tuis,
1523 3348 1575 3403 id
1619 3357 1702 3404 est
1731 3361 1825 3417 per
1850 3347 2010 3417 justi-

2141 3355 2472 3426 upersperavi
2489 3372 2507 3420 ;
2549 3355 2601 3408 in
2634 3355 2752 3425 ipso
2778 3354 3165 3408 beatitudinem
3196 3356 3446 3410 obtinere
3481 3359 3712 3425 speravi

441 3433 717 3489 ficationes
752 3441 891 3498 tuas,
914 3433 1138 3501 scilicet,
1164 3436 1288 3504 quia
1334 3451 1430 3504 per
1459 3451 1517 3492 se
1564 3453 1668 3492 non
1698 3447 1874 3508 potest
1909 3439 2012 3492 im-

2143 3462 2274 3518 nper
2302 3447 2404 3502 hoc
2433 3461 2592 3516 quam
2625 3446 2730 3500 dici
2780 3445 2950 3516 possit
3004 3454 3096 3499 ant
3137 3444 3409 3515 intelligi,
3468 3447 3713 3517 ideoque

441 3523 765 3580 maculatum
801 3525 959 3591 eflici,
998 3527 1092 3581 fiat
1139 3537 1190 3582 te
1211 3525 1543 3596 justificante
1581 3531 2004 3588 immaculatum.
2111 3539 2328 3610 dignum
2357 3546 2439 3592 est
2462 3546 2518 3591 nt
2546 3537 2826 3592 diesmeos
2851 3536 3151 3604 abbrcvies,
3173 3547 3334 3592 etme
3358 3554 3710 3594 rcmuneres.

441 3611 864 3670 Justificationes
904 3617 1187 3686 pluraliter
1226 3621 1378 3688 ponit
1415 3630 1674 3690 quantum
1726 3624 1792 3678 ad
1827 3625 2008 3694 plures
2111 3629 2226 3694 Vel,
2251 3631 2303 3683 in
2327 3629 2474 3684 verbo
2500 3640 2589 3682 tuo
2615 3617 2996 3698 supersperavi,
3027 3627 3079 3682 id
3129 3637 3211 3683 est
3238 3629 3412 3698 magis
3439 3637 3499 3684 et
3529 3632 3712 3698 magis

443 3705 854 3761 emundationes
928 3707 1164 3775 plurium
1229 3712 1620 3782 cogitationum
1675 3715 2005 3771 illicitarnm.
2111 3723 2323 3792 speravi
2353 3720 2869 3784 remunerationem,
2917 3719 3104 3786 idest,
3153 3735 3275 3776 cum
3305 3721 3714 3777 nudiustertius

443 3793 590 3864 Fiat,
619 3796 857 3866 inquam,
895 3813 984 3851 cor
1011 3816 1180 3854 meum
1215 3803 1642 3870 immaculatum,
1674 3819 1724 3860 ιιι
1755 3823 1856 3861 ηοη
1889 3824 2010 3861 con-
2112 3827 2436 3882 sperassem,
2465 3811 2582 3866 beri
2615 3811 2785 3880 magis
2821 3811 3058 3878 speravi,
3087 3820 3139 3865 et
3171 3811 3332 3866 hodie
3358 3811 3542 3866 adhuc
3584 3829 3706 3866 ma-

445 3890 661 3958 fundar,
695 3891 746 3945 id
788 3900 871 3946 est
908 3907 1014 3946 non
1044 3896 1358 3951 erubescam
1403 3899 1454 3951 in
1494 3903 1823 3956 conscientia
1865 3918 2003 3957 mea.
2110 3920 2192 3975 gis
2222 3919 2401 3974 spero.
2433 3903 2548 3957 Non
2580 3903 2752 3958 solum
2777 3911 2958 3957 autem
3001 3904 3178 3957 anima
3229 3921 3343 3959 mea
3392 3905 3593 3975 defecit
3643 3908 3712 3963 ab

444 3979 827 4036 Erubescerem
871 3981 1015 4036 enim
1052 3981 1103 4036 in
1136 3987 1463 4041 conscientia
1513 4004 1654 4054 mea,
1683 3991 1728 4044 si
1755 3992 2008 4072 .macula-
2111 4000 2351 4069 appetitu
2385 3997 2783 4068 temporalium,
2815 3996 3081 4052 tendendo
3133 3999 3186 4050 in
3237 3997 3474 4052 salutare
3528 4009 3710 4064 tuum,

443 4078 553 4160 ιιιη]
579 4080 723 4125 θεδαι
749 4086 844 4125 σοι’
870 4086 1072 4127 ῐηθιηη·
2111 4092 2204 4146 sed
2234 4091 2397 4146 etiam
2426 4090 2722 4159 defecerunt
2754 4090 2820 4144 ab
2850 4090 2997 4144 omni
3026 4089 3240 4160 reliquo
3264 4089 3540 4145 intellectu
3565 4092 3712 4146 oculi

513 4157 681 4224 Cara,
729 4162 928 4214 curvati
978 4174 1100 4216 sunt
1149 4163 1551 4235 interpretatur.
1623 4167 1754 4234 Quin
1800 4169 1866 4223 ad
1906 4171 2008 4226 hoc

2140 4185 2211 4238 Ιιιιὶ
2239 4185 2546 4246 interiores,
2600 4183 2742 4238 oculi
2795 4182 3005 4238 scilicet
3054 4184 3299 4248 rationis,
3351 4184 3711 4252 respiciendo

442 4249 738 4304 undecima:
783 4251 1036 4307 clausulae
1065 4255 1309 4312 versibus
1349 4258 1561 4312 octonis
1589 4259 1918 4325 inscribitur,
1953 4269 2010 4315 ιιι

2141 4273 2448 4328 olummodo
2475 4273 2530 4326 in
2551 4272 2814 4336 eloquium
2843 4283 3014 4338 tuum,
3043 4273 3094 4327 id
3137 4283 3221 4328 est
3245 4274 3298 4327 in
3322 4249 3523 4327 Filium
3553 4284 3707 4329 tuum

445 4342 640 4432 f3‘_"°c
668 4352 925 4413 appareat
962 4346 1219 4414 (Ιιιοηὶιιιῐι
1249 4349 1434 4404 ﬁdeles
1465 4351 1556 4422 qui
1581 4351 1680 4405 8'11)
1702 4351 1869 4408 [1ἰηίῘο
1908 4353 2006 4407 lri-
2041 4372 2086 4430 ι)
2113 4364 2204 4431 qui
2219 4360 2490 4430 eloquium
2511 4369 2660 4414 tuum
2685 4360 2900 4425 dicitur,
2927 4376 2993 4416 eo
3019 4361 3160 4432 quod
3187 4374 3417 4430 pereunt
3447 4361 3710 4418 omnibus

443 4429 778 4486 bulationum
837 4436 1076 4504 pondere
1125 4440 1336 4494 curvati
1386 4448 1511 4494 snnt
1566 4451 1620 4496 et
1664 4443 1888 4509 anxiati,
1942 4445 2005 4498 ad

2136 4429 2432 4510 ceretaitua
2456 4453 2666 4508 locutus
2687 4469 2767 4510 es.
2796 4454 2948 4520 Quod
2975 4429 3253 4510 estdicere
3281 4471 3296 4506 :
3319 4453 3403 4509 Ab
3422 4456 3580 4509 omni
3607 4471 3707 4512 sa»

444 4527 702 4615 θιθτηξω
751 4523 912 4578 "nam
957 4527 1314 4596 ειιδΡίνθηῑοεν
1365 4531 1479 4601 iam
1532 4531 1750 4587 (“550M
1785 4541 1840 4587 οι
1889 4549 2009 4588 C550
2111 4544 2280 4600 culari
2317 4543 2668 4615 intelligentia
2713 4544 2975 4599 rationem
3019 4559 3194 4599 meam
3235 4544 3518 4610 abstinui,
3552 4556 3613 4602 et
3643 4549 3706 4600 ad

445 4625 567 4666 cum
613 4612 846 4716 Christo.
877 4629 1136 4716 espetunt
1157 4621 1350 4716 _(Pliil.
1380 4642 1414 4687 ι,
1443 4626 1558 4695 2'5),
1621 4631 2008 4697 prmtendendo
2113 4612 2580 4706 intelligendumte
2602 4649 2816 4690 omnem
2841 4650 2971 4691 mea:
2993 4636 3214 4690 rationis
3237 4636 3496 4692 intuitum
3529 4640 3703 4703 verti;

445 4719 660 4806 causam
690 4707 740 4806 in
767 4707 1031 4806 principio
1057 4714 1250 4782 psalmi
1281 4732 1454 4786 quare
1481 4719 1700 4789 dignum
1735 4722 1804 4776 sit
1825 4731 1880 4775 ut
1897 4723 2010 4790 jam
2113 4727 2459 4798 ideodignum
2472 4728 3353 4784 cstutdiesmcosabbreviesetme
3369 4745 3705 4787 remuneres.

444 4802 610 4848 vitam
643 4802 899 4891 aeternam
933 4802 1320 4891 adipiscantur.
1350 4808 1616 4886 Caeterum
1663 4813 1807 4884 quod
1833 4815 2010 4870 adhuc
2181 4817 3705 4891 Notandnmquoddiversissimumest,qumlsnperiusdi-

445 4893 660 4982 oportet
686 4901 779 4942 eos
809 4888 1186 4982 tribulationes
1215 4895 1474 4962 plurimas
1505 4915 1602 4969 pro
1627 4901 1846 4958 Christo
1878 4905 2008 4974 pati,
2111 4907 2720 4972 xit,animamdefecisse
2736 4888 3704 4982 abappetitn,et,quodbicdicit,ocu-

447 4981 738 5078 antequam
825 4992 988 5078 carne
1013 4980 1315 5078 solvantur,
1348 4999 1504 5042 orant
1531 4991 1723 5046 saltem
1753 5002 1812 5048 ιιι
1841 5009 1933 5049 eos
1959 4997 2010 5050 in
2113 4999 2700 5056 losrationisdefecisse
2717 5002 2783 5056 ab
2813 5003 3107 5057 intellectu.
3147 4980 3329 5074 Longe
3348 5004 3702 5074 nempcalind

449 5063 589 5166 ipsis
634 5063 1038 5166 tribulationum
1077 5071 1724 5166 anxietatibusadjuvet,
1779 5100 1848 5139 ne
1883 5085 2014 5140 defi-
2115 5091 2724 5160 cstappetitnsetaliud
2747 5093 3068 5148 intellectus.
3111 5063 3699 5166 Defeéruntdirquam.

643 5152 1073 5256 [locante-mea
1112 5161 1411 5256 intentione
1455 5165 1660 5223 faciunt
1692 5182 1750 5226 ut
1789 5184 2014 5232 eteteros
2115 5181 2250 5235 oculi
2267 5183 2365 5235 mei
2390 5182 2638 5246 dicentes,
2664 5183 2716 5236 id
2743 5194 2824 5238 est
2850 5199 2935 5238 me
2954 5152 3700 5254 dicerecompellentes:scili-

450 5241 634 5298 fideles
659 5244 712 5299 in
756 5247 1100 5307 tribulatione
1137 5255 1341 5322 positos
1370 5264 1423 5310 et
1459 5257 1527 5311 ad
1563 5268 1819 5315 aeternam
1847 5265 2012 5320 vitam

2126 5281 2220 5336 eet,
2237 5274 2324 5340 qui
2345 5290 2428 5327 me.
2445 5275 2508 5326 ad
2522 5275 2623 5329 hoc
2639 5276 3029 5330 rationabiliter
3046 5286 3262 5346 cogunt,
3277 5286 3334 5330 ut
3349 5292 3415 5330 ex
3433 5277 3697 5332 nimiode-

450 5333 783 5438 ﬁf'spi‘raf‘tes
812 5338 1103 5408 ίηεῑνυηηῑι
1141 5353 1194 5398 ιιι
1229 5360 1350 5399 cum
1381 5347 1481 5403 hoc
1511 5349 1582 5404 sit
1605 5351 1745 5418 quod
1775 5363 1882 5407 tam
1906 5357 2014 5412 cito
2116 5363 2314 5417 siderio
2339 5365 2432 5419 tibi
2459 5367 2631 5420 dicam
2669 5384 2681 5419 :
2714 5366 2756 5422 0
2795 5367 2952 5430 Deus,
2985 5333 3197 5436 qumqu
3224 5369 3576 5423 consolaberis
3598 5384 3695 5430 me,

450 5425 666 5481 (“$50M
690 5443 792 5483 ηση
805 5443 1048 5498 Possunt.
1076 5443 1129 5490 et
1157 5451 1274 5492 esse
1299 5453 1420 5493 cum
1442 5441 1678 5508 Christo,
1707 5457 1811 5497 non
1838 5453 2014 5501 tamen
2117 5467 2332 5507 carnem
2365 5469 2537 5508 meam
2568 5457 2905 5518 resolvenda,
2931 5467 2985 5512 et
3008 5459 3086 5511 sic
3112 5472 3241 5512 mea
3261 5459 3696 5514 tribulatinnilms

451 5518 612 5621 taedio
639 5520 1043 5579 tribulationum
1069 5528 1343 5598 deficiant,
1379 5533 1469 5588 sed
1499 5549 1527 5588 a
1565 5533 1675 5590 Deo
1700 5539 2014 5593 consmntiae
2116 5542 2421 5607 eximendo,
2445 5552 2499 5599 et
2523 5553 2722 5600 aeterna
2750 5547 2855 5600 vita
2891 5563 2975 5602 me
3008 5547 3437 5602 remunerando?
3463 5549 3574 5603 [loc
3599 5565 3693 5601 au-

453 5608 705 5685 ἓυιηίυίη
733 5625 1068 5684 exsPectent.
2119 5641 2224 5688 tem
2251 5635 2391 5704 quod
2424 5650 2488 5690 ex
2519 5636 2711 5692 ardore
2739 5638 2989 5694 desiderii
3016 5639 3330 5709 suspensive
3357 5639 3529 5708 ponit,
3557 5640 3688 5693 idem
