3978 6328
244 318 378 374 1285

1192 323 1555 382 EXPOSITIO
1606 326 1673 380 IN
1707 326 2044 382 PSALMOS.
2080 360 2148 369 —
2186 329 2377 387 PSAL.
2419 335 2644 394 CX‘v'lil.

3359 357 3494 414 l286

237 433 384 486 valet
415 447 480 486 ac
505 433 550 487 si
587 434 767 490 taliter
795 446 978 492 oraret
1010 455 1022 492 :
1072 437 1206 506 Quia
1237 439 1300 494 de
1339 439 1552 495 Christo
1583 449 1816 509 quantus
1845 466 1890 526 Α
1921 443 2034 495 vari
2071 459 2240 510 orem,
2273 457 2327 501 et
2355 458 2411 500 ut
2432 447 2670 516 adiuves.
2707 454 2839 520 Quia
2867 460 3024 526 paulo
3049 465 3219 519 minus
3244 483 3491 524 consum-

236 523 314 574 sit
343 523 603 593 intelligo,
635 540 700 580 ex
729 537 879 596 parte
902 531 967 581 ad
998 544 1119 582 eum
1169 531 1477 601 pertingere
1510 531 1812 600 suspirans,

233 627 358 676 oro,
393 612 618 669 Domine
648 657 662 680 ,
702 632 788 672 me
815 618 866 670 in
897 617 1335 672 tribulationibus
1365 619 1662 672 desolatmn
1711 617 1816 670 cito

231 704 543 768 consolare,
569 721 598 759 a
621 721 786 760 carne
816 707 1150 771 resolvendo,
1174 717 1227 762 et
1245 708 1309 762 ad
1335 708 1450 778 ejus
1474 707 1812 778 praesentiam

234 807 326 847 me
361 795 646 850 trahendo.
691 796 757 851 Et
804 797 923 853 ideo
975 813 1210 868 quoque,
1266 798 1511 862 Domine,
1559 797 1813 852 abbrevia

231 885 354 939 dies
385 901 554 950 meos,
589 896 642 942 et
691 889 776 944 iac
812 891 940 944 mihi
979 891 1244 960 judicium
1293 892 1357 945 de
1392 893 1811 962 persequentibus

227 992 338 1041 nte,
363 979 486 1046 quia
509 980 680 1048 [actus
697 997 808 1033 sum
834 982 964 1034 sicut
992 991 1106 1035 uter
1133 983 1339 1052 positus
1367 985 1422 1038 in
1464 986 1676 1053 pruina,
1707 985 1811 1039 sei-

225 1064 382 1131 licet,
410 1084 514 1121 non
547 1067 722 1124 factus
773 1087 891 1124 sum
946 1072 1326 1142 comparabilis
1369 1075 1474 1128 utri
1525 1075 1700 1143 posito
1757 1075 1807 1129 in

221 1165 386 1220 aestu,
416 1159 504 1227 qui
534 1174 598 1213 ex
625 1161 789 1214 nimia
823 1162 1076 1216 ariditate
1122 1163 1477 1233 disrumpitur
1499 1173 1552 1220 et
1602 1165 1808 1220 inutilis

207 1255 310 1300 est
342 1248 461 1302 ideo
487 1250 551 1301 ad
581 1251 758 1304 viuum
786 1253 1127 1322 capiendum,
1154 1255 1248 1308 sed
1278 1256 1658 1325 comparabilis
1689 1273 1806 1310 smn

218 1339 338 1392 utri
371 1341 546 1407 posito
575 1343 628 1395 in
649 1345 861 1412 pruina,
891 1345 940 1399 id
965 1355 1047 1400 est
1071 1346 1123 1400 in
1151 1345 1343 1416 frigida
1373 1363 1508 1416 aqua
1532 1349 1622 1403 ubi
1649 1348 1804 1402 refri-

214 1441 468 1497 geratur,
494 1447 559 1487 ne
589 1435 655 1488 ab
675 1448 809 1489 arstu
838 1445 1049 1491 arescat
1070 1445 1122 1491 et
1144 1438 1530 1508 disrumpatur.
1558 1439 1802 1509 ideoque,

213 1520 349 1588 quia
382 1522 638 1577 humidus
664 1533 838 1580 estex
869 1527 982 1595 ipsa
1016 1529 1231 1596 pruina,
1279 1530 1474 1583 habilis
1501 1539 1584 1585 est
1628 1531 1692 1584 ad
1729 1531 1807 1585 vi-

213 1623 375 1672 num,
417 1609 502 1663 vel
528 1611 593 1663 ad
617 1612 910 1680 quemlibet
938 1613 1218 1669 humorem
1240 1615 1631 1684 recipiendum.
1651 1617 1802 1684 Quod

211 1709 300 1753 est
340 1701 568 1756 dicere:
603 1702 757 1758 Sicut
787 1713 907 1758 uter
931 1703 984 1759 in
1025 1706 1216 1775 pruina
1249 1707 1459 1776 positus
1494 1716 1546 1762 et
1578 1710 1644 1762 ab
1669 1717 1800 1762 :DSlll

1919 545 2209 601 moverunt,
2235 546 2362 603 elc.,
2391 539 2441 592 id
2467 550 2548 595 est
2572 557 2704 611 pene
2752 562 3071 618 peregerunt
3126 556 3176 609 in
3226 574 3312 614 tne
3343 566 3484 630 quod

1919 619 2280 691 inccrperunt,
2339 631 2590 696 ponendo
2647 649 2732 688 me
2757 649 2786 688 a
2818 637 3149 699 sublimitate
3187 619 3492 709 sancti-tatis

1916 725 2048 766 mea:
2073 715 2126 768 in
2155 724 2317 783 terra,
2350 719 2400 774 id
2427 731 2512 803 est
2557 724 2608 777 in
2659 728 2926 784 terrenis:
2963 731 3016 786 in
3041 736 3202 803 vitiis,
3259 744 3486 800 scilicet.

1915 799 2064 867 Quod
2097 815 2180 860 est
2209 807 2388 865 dicere
2421 829 2432 863 :
2466 793 2588 867 ideo
2635 831 2720 871 me
2751 823 3117 877 necessarium
3181 843 3264 884 est
3323 849 3485 889 orare

1913 891 2237 959 adjutorium
2282 907 2453 967 lumn,
2487 905 2610 972 quia
2648 915 2792 962 tanta
2843 911 2974 964 mihi
3005 911 3233 971 infertur
3266 923 3332 976 ab
3389 925 3491 979 iui-

1911 985 2032 1054 quis
2063 993 2388 1060 persecutio,
2411 999 2552 1064 quod
2581 1013 2716 1066 pene
2749 1001 2850 1057 hoc
2895 1003 2948 1057 in
2978 1022 3064 1061 me
3090 1008 3384 1069 effecerunt
3423 1021 3489 1072 ad

1911 1079 2052 1147 quod
2086 1081 2452 1152 intenderunt,
2477 1099 2534 1142 ut
2565 1104 2650 1144 me
2685 1091 2786 1147 sibi
2819 1095 3226 1156 conformarent
3253 1103 3303 1159 in
3323 1109 3487 1164 vitiis.

1911 1168 2045 1235 Quia
2079 1188 2208 1227 vero
2231 1175 2440 1232 dixerat
2463 1195 2597 1249 pene
2619 1199 3127 1257 consummaverunt,
3159 1210 3228 1250 ne
3279 1198 3494 1255 videre-

1912 1268 1999 1312 tur
2026 1261 2105 1316 eis
2138 1263 2189 1316 in
2221 1265 2403 1335 aliquo
2431 1274 2791 1342 consensisse,
2817 1292 3057 1335 removet
3083 1285 3184 1340 hoc
3212 1289 3291 1344 sic
3319 1303 3334 1343 :
3359 1290 3490 1345 Pcr-

1907 1354 2068 1406 secuti
2094 1366 2234 1422 sunt,
2270 1357 2510 1430 inquam,
2534 1380 2634 1432 me,
2679 1377 2732 1422 et
2763 1369 2842 1424 sic
2878 1374 3021 1440 quod
3063 1391 3202 1446 pene
3249 1399 3490 1440 consum-

1907 1456 2198 1500 maverunt.
2240 1446 2352 1518 Ego
2398 1463 2701 1510 autemnon
2741 1460 2993 1532 deretiqui
3040 1470 3290 1526 mandata
3347 1485 3436 1530 tua
3470 1518 3485 1540 ,

1906 1530 2086 1600 aliquo
2116 1538 2273 1591 modo
2294 1539 2374 1593 eis
2398 1547 2812 1615 consentiendo,
2844 1530 3073 1624 ideoque
3123 1560 3316 1630 dignus
3368 1530 3484 1620 sum

1905 1625 2192 1694 adjutorio.
2225 1629 2358 1684 Cum
2389 1634 2520 1689 dicit
2551 1653 2687 1705 pene
2730 1657 3241 1716 consummarerunt,
3293 1656 3485 1711 orantfi

1905 1715 2288 1773 necessitatem
2319 1725 2574 1780 ostendit.
2612 1728 2744 1784 Cum
2776 1748 2901 1787 vero
2936 1736 3066 1792 dicit
3111 1757 3124 1792 :
3171 1715 3264 1810 ego
3285 1756 3480 1810 autem,

203 1800 466 1845 semotus
494 1799 547 1846 et
572 1792 948 1864 refrigeratus,
989 1795 1136 1848 utilis
1159 1805 1242 1850 est
1293 1797 1358 1856 ad
1387 1798 1570 1850 vinum
1602 1813 1800 1852 novum
1835 1807 1875 1866 Β
1904 1809 2033 1866 ειε.,
2074 1807 2322 1862 meritum
2355 1812 2676 1882 impetrandi
2709 1825 3011 1889 praetendit.
3063 1792 3326 1894 Quoniam
3353 1792 3483 1905 ergo

211 1884 268 1936 in
295 1899 358 1938 se
392 1885 780 1954 recipiendum,
814 1887 885 1939 ita
921 1887 1083 1941 etiam
1113 1903 1210 1958 ego
1242 1887 1560 1957 perjejunia
1586 1898 1639 1942 et
1661 1891 1798 1960 vigi-

205 1975 316 2030 lias
343 1984 402 2028 et
427 1978 701 2031 orationes
731 1992 760 2031 a
790 1978 1048 2033 vitiorum
1077 1989 1210 2034 aestu
1242 1979 1616 2051 refrigeratus,
1636 1997 1700 2036 ne
1735 1983 1802 2036 ab

206 2064 337 2134 ipso
377 2080 696 2135 corrumpar
727 2107 741 2130 ,
794 2068 988 2122 habilis
1037 2084 1157 2122 sum
1204 2071 1268 2123 ad
1311 2071 1621 2124 mandatum
1672 2072 1802 2142 legis

211 2171 372 2209 nova:
399 2158 801 2226 suscipiendum
825 2169 879 2214 et
907 2160 1322 2215 observandum.
1369 2161 1622 2216 Pruinam
1681 2166 1801 2234 qui-

199 2248 337 2301 dem
367 2249 601 2304 dicimus
632 2265 735 2305 non
764 2267 961 2322 aquam
995 2252 1161 2319 illam,
1185 2269 1304 2323 qum
1348 2269 1414 2308 ex
1468 2255 1635 2309 nimio
1680 2256 1798 2324 gelu

203 2339 465 2394 induruit
487 2342 544 2395 in
573 2342 930 2410 glaciem,sed
960 2344 1368 2413 frigidissimum
1399 2338 1574 2400 rorem
1601 2347 1650 2399 iu
1675 2362 1800 2402 vere

209 2433 294 2486 vel
323 2444 592 2488 autumno
613 2434 776 2506 590
805 2437 895 2506 qui
919 2437 1308 2508 aliquantulum
1350 2439 1661 2510 congelatus
1691 2451 1796 2505 est,

193 2532 262 2579 et
301 2524 430 2580 ideo
461 2526 639 2582 adhuc
667 2527 830 2584 debes
857 2529 982 2582 mihi
999 2529 1184 2585 facere
1201 2531 1467 2601 judicium
1513 2532 1577 2587 de
1623 2549 1798 2602 perse-

205 2614 492 2681 quentibus
511 2632 609 2680 me,
631 2617 753 2687 quia
778 2633 878 2671 non
903 2634 1018 2672 sum
1037 2620 1223 2674 oblitus
1236 2621 1640 2690 jristiﬁcationes
1657 2633 1793 2679 tuas.

207 2707 367 2772 Quod
393 2715 478 2761 est
501 2723 564 2762 ac
589 2709 634 2762 si
663 2710 808 2764 dicat
839 2727 852 2763 :
899 2709 953 2763 In
985 2712 1246 2766 memoria
1288 2713 1450 2767 habui
1479 2713 1625 2783 justa
1658 2731 1798 2784 prte-

193 2809 371 2866 eepta
409 2807 520 2862 tua,
556 2808 614 2852 ut
643 2815 706 2853 ea
737 2816 900 2871 opere
953 2787 1275 2870 compleam.
1330 2802 1441 2857 lloc
1464 2819 1593 2858 vero
1627 2815 1796 2860 totum

207 2889 356 2943 idem
386 2889 532 2943 valet
559 2904 620 2944 ac
658 2892 702 2945 si
732 2891 940 2946 diceret
966 2911 978 2945 :
1006 2893 1122 2946 Non
1151 2893 1490 2949 solummodo
1531 2895 1598 2950 ad
1645 2911 1798 2949 man-

197 2980 335 3032 data
371 2988 465 3032 tua
499 2982 803 3051 recipienda
829 2984 1052 3038 idoneus
1084 2985 1280 3048 existo,
1327 2985 1421 3040 sed
1449 3001 1511 3041 ea
1551 2987 1604 3042 in
1628 3003 1797 3056 quau-

205 3082 318 3124 ιιιιιι
351 3087 574 3141 possunt
613 3089 779 3144 opere
809 3077 1073 3146 compleo.
1120 3077 1226 3132 Per
1281 3078 1382 3133 hoc
1418 3088 1598 3134 autem
1652 3081 1794 3150 quod

1907 1902 2052 1949 tanta
2081 1907 2164 1952 est
2193 1905 2500 1968 persecutio
2529 1917 2582 1961 et
2633 1927 2734 1964 non
2775 1913 3027 1985 dereliqui
3073 1922 3318 1976 mandata
3364 1902 3480 1991 tuo,

1903 1984 2105 2053 vivi/ica
2132 2005 2211 2043 me
2239 1995 2410 2064 magis
2439 2005 2492 2050 et
2518 1999 2688 2070 magis
2719 2002 2771 2056 in
2798 1984 3106 2073 virtutibus,
3157 2019 3211 2066 et
3240 2014 3342 2070 hoc
3400 2035 3482 2071 se-

1903 2076 2131 2130 cundum
2156 2080 2562 2141 misericordimn
2588 2100 2754 2156 tuam,
2787 2095 2836 2148 id
2860 2105 2943 2151 est
2969 2103 3266 2158 secundum
3297 2121 3480 2177 respe-

1903 2174 2046 2220 ctum
2078 2169 2461 2230 misericordize
2488 2187 2606 2242 tuae,
2639 2193 2685 2234 et
2712 2185 3030 2253 viviﬁralus,
3061 2169 3478 2260 perseveranter

1901 2259 2190 2314 custodiam
2224 2265 2516 2321 testimonia
2543 2273 2647 2325 oris
2675 2275 2771 2336 tui,
2798 2276 2847 2328 id
2872 2289 2952 2332 est
2977 2259 3240 2354 pret-cepta
3271 2303 3388 2356 qua:
3418 2307 3480 2349 os

1903 2355 2074 2413 tunm,
2099 2350 2346 2408 Christus
2376 2357 2627 2414 videlicet
2689 2362 2857 2420 Filius
2906 2375 3052 2436 tuus,
3090 2350 3352 2433 custodiri
3399 2379 3481 2435 in—

1901 2437 2093 2492 stituit.

1972 2527 2211 2595 Lsuacn,
2248 2550 2340 2587 cor
2369 2536 2481 2592 sive
2511 2557 2686 2596 servas
2715 2543 3118 2616 interpretatur.
3139 2555 3268 2623 Quae
3289 2560 3354 2615 ad
3379 2562 3481 2619 hoc

1901 2619 2060 2690 hujus
2091 2623 2344 2680 clausula:
2372 2631 2616 2686 versibus
2650 2635 2981 2711 inscribitur,
3033 2655 3091 2699 ut
3119 2619 3182 2701 es
3210 2664 3271 2703 ea
3302 2653 3478 2720 palam
3523 2687 3536 2699 ο

1901 2708 1971 2761 sit
1998 2721 2267 2784 quatenus
2305 2716 2490 2773 lideles
2553 2722 2638 2777 hic
2676 2708 2909 2795 agentes
2953 2732 3020 2785 ad
3069 2708 3477 2799 instructionem

1902 2799 2168 2855 minorum
2203 2807 2343 2858 servi
2371 2809 2462 2862 Dei
2493 2809 2794 2868 ﬁdelissimi
2829 2831 2976 2883 sunt,
3003 2833 3056 2876 et
3094 2840 3220 2880 vere
3257 2845 3352 2884 eor
3383 2833 3482 2887 ba-

1901 2889 2090 2945 hentcs
2121 2894 2456 2962 rationabile,
2484 2915 2604 2954 cum
2637 2901 2906 2962 allirment
2963 2926 3022 2965 se
3055 2912 3478 2981 justiﬁcationcs

1901 2980 1994 3035 Dei
2027 2983 2076 3036 in
2099 2993 2361 3041 azternum
2395 3006 2498 3044 non
2532 2993 2831 3064 oblituros;
2870 3011 2923 3054 et
2954 2980 3166 3061 cureas
3212 3025 3317 3066 non
3339 3013 3478 3068 obli—

1902 3071 2174 3128 viscentur
2201 3077 2381 3145 plures
2403 3095 2592 3136 causas
2619 3088 2928 3155 ostendunt,
2983 3101 3036 3147 et
3065 3105 3224 3150 orant
3255 3109 3312 3152 ut
3361 3104 3473 3157 sal-

204 3161 341 3216 dic“
372 3177 431 3216 sc
465 3161 838 3235 refrigeratum
893 3182 922 3219 a
968 3167 1220 3222 vitiorum
1270 3180 1403 3224 mm
1429 3171 1570 3224 sicut
1595 3179 1790 3237 “1mm,
1822 3149 1863 3204 Ε
1901 3173 2140 3220 ventura
2165 3167 2409 3237 Domino,
2445 3188 2510 3228 ne
2535 3176 3184 3244 abhisjustiﬁcationibus
3199 3191 3472 3252 deﬁciant.

204 3264 263 3304 se
289 3251 503 3307 habere
533 3253 707 3308 innuit
737 3258 1169 3326 temperantiam.
1198 3260 1298 3314 l’er
1332 3260 1434 3315 hoc
1483 3275 1612 3315 vero
1648 3262 1792 3330 quod

202 3352 264 3394 se
287 3341 559 3396 dicituon
601 3358 720 3398 esse
748 3345 1406 3414 oblitumjustiﬁcationes
1447 3349 1680 3417 Domini,
1714 3351 1794 3404 in-

201 3431 474 3486 stantiam
503 3433 642 3489 bene
669 3437 927 3504 operandi
953 3451 1012 3491 se
1043 3437 1243 3492 habere
1272 3440 1528 3494 ostendit.

271 3524 534 3580 Ostensis
584 3531 815 3592 meritis.
873 3532 1111 3586 ostendit
1149 3529 1526 3586 necessitatem
1575 3534 1788 3600 orandi,

199 3629 326 3668 cum
353 3615 438 3670 sic
467 3617 613 3671 addit
645 3618 822 3682 :ldeo,
878 3619 1128 3684 Domine,
1181 3623 1461 3690 suspirans
1514 3624 1580 3678 ad
1623 3624 1788 3679 vitam

198 3715 474 3760 aeternam
507 3706 654 3771 dico,
683 3707 821 3773 Quot
860 3720 978 3763 sunt
1005 3711 1134 3773 dies,
1163 3719 1298 3775 ete.,
1321 3713 1446 3782 quia
1477 3713 1608 3768 utile
1657 3713 1790 3768 mibi

198 3803 284 3849 est
310 3795 782 3850 abbreviationem
803 3798 992 3851 horum
1019 3800 1225 3854 dierum
1249 3815 1425 3865 orare,
1449 3817 1569 3855 cum
1595 3801 1646 3855 in
1677 3818 1791 3856 ma-

199 3902 307 3956 gno
333 3887 581 3958 periculo
616 3890 822 3958 positus
847 3891 969 3946 sim.
1000 3891 1134 3946 Nam
1166 3902 1224 3947 ut
1246 3894 1412 3964 iniqui
1444 3909 1528 3949 me
1560 3874 1789 3952 devoca-

198 3989 326 4034 rent
362 3995 395 4032 a
424 3977 540 4049 lege
568 3988 679 4047 tua,
706 3993 1049 4038 narraverunt
1074 3985 1199 4037 mihi
1224 3985 1597 4053 (tabulationes,
1631 3988 1682 4043 id
1707 3997 1790 4044 est

197 4086 344 4124 vana
374 4071 544 4125 verba
575 4081 629 4126 et
682 4073 893 4128 inutilia
926 4077 992 4130 de
1018 4077 1264 4132 smeulari
1323 4079 1583 4134 felicitate
1628 4095 1790 4152 expe-

200 4163 392 4217 tenda.
433 4161 562 4229 Qua:
587 4179 710 4218 eum
741 4166 872 4221 l'alsa
902 4168 1012 4222 sint
1032 4169 1460 4246 etinfructuosa,
1487 4173 1790 4229 nihilaliud

201 4269 368 4322 quam
387 4253 746 4313 fabulationes
759 4260 1530 4330 suntdieenda.Narraverunt,
1545 4266 1785 4336 inquam,

199 4348 332 4401 mihi
359 4345 608 4403 fabulosa
636 4352 821 4414 verba,
849 4352 914 4406 ad
941 4352 1040 4407 hoc
1063 4353 1274 4408 scilicet
1301 4395 1315 4416 ,
1344 4363 1483 4411 utea
1518 4371 1644 4411 vera
1671 4371 1789 4412 cre-

200 4439 396 4494 derem
423 4446 480 4492 et
514 4451 879 4496 sacrosancta.
910 4441 1012 4496 Sed
1035 4444 1136 4498 illae
1157 4444 1516 4502 labulationes
1538 4465 1638 4502 non
1665 4456 1789 4504 sunt
1821 4482 1864 4536 ο

201 4545 231 4585 a
257 4545 348 4586 me
381 4539 644 4599 reputata:
677 4533 809 4588 tales
838 4543 891 4587 ut
918 4544 999 4590 est
1024 4535 1107 4589 lea:
1130 4546 1244 4601 tua,
1275 4536 1324 4590 id
1349 4545 1434 4591 est
1457 4538 1634 4608 qualia
1661 4546 1786 4592 sunt

203 4621 467 4675 mandata
493 4628 603 4674 tua.
641 4621 835 4676 Omnia
887 4638 1122 4694 namque
1168 4625 1418 4678 mandata
1463 4635 1556 4679 tua
1600 4627 1785 4681 veritas

201 4721 356 4776 sunt,
385 4727 486 4782 per
509 4705 808 4784 emphasim
834 4753 848 4779 ,
901 4713 952 4768 id
977 4723 1062 4769 est
1097 4715 1379 4770 verissima
1434 4725 1584 4771 sunt.
1632 4717 1786 4784 Quod

212 4813 301 4858 est
325 4806 515 4862 dicere
545 4822 560 4862 :
590 4805 703 4861 Non
734 4816 860 4862 sunt
887 4815 1146 4884 repntata’:
1171 4821 1355 4861 eorum
1379 4808 1734 4864 tabulationes
1755 4823 1784 4862 a

207 4911 320 4961 me,
355 4897 535 4966 qualia
564 4907 689 4953 sunt
727 4899 980 4954 mandata
1036 4906 1146 4952 tua.
1205 4898 1457 4954 Mandata
1511 4901 1657 4955 enim
1695 4908 1784 4954 tua

205 4987 460 5055 reputavi
500 4987 802 5053 verissima,
860 4987 1216 5044 fabulatioues
1267 5003 1395 5044 vero
1445 4989 1780 5044 falsissimas.

207 5077 486 5144 Quoniam
527 5091 660 5147 ergo
717 5094 815 5148 per
866 5078 1220 5134 tabulationes
1263 5096 1390 5136 suas
1444 5082 1786 5150 iucorporare

207 5166 311 5220 sibi
344 5182 431 5220 me
457 5181 562 5219 non
592 5174 900 5235 potuerunt,
928 5169 1027 5238 ipsi
1057 5169 1224 5239 iniqui
1253 5172 1508 5240 persecuti
1544 5183 1666 5225 sunt
1704 5188 1785 5226 me

209 5253 653 5311 tribulationibus
681 5260 942 5328 corporis,
977 5268 1036 5313 ut
1083 5259 1272 5316 saltem
1330 5262 1380 5315 vi
1430 5278 1515 5318 me
1554 5262 1785 5318 deﬁcere

205 5344 620 5414 compellerent.
650 5346 770 5402 Ideo
792 5349 956 5418 igitur
977 5365 1074 5404 oro
1107 5358 1159 5404 et
1182 5352 1409 5406 obsecro
1437 5359 1505 5416 te,
1539 5352 1782 5416 Domine,

206 5440 268 5486 ut
290 5448 418 5487 cum
449 5435 550 5489 hoc
577 5437 641 5489 ad
673 5453 906 5506 prtesens
933 5456 1050 5496 esse
1073 5451 1320 5510 nequeat,
1354 5450 1412 5496 ut
1435 5443 1698 5506 resolvar,
1731 5451 1785 5498 ει

206 5522 318 5576 sim
349 5539 470 5578 cum
501 5523 739 5588 Christo,
772 5530 835 5582 ad
861 5531 1001 5598 quod
1025 5531 1179 5586 valde
1205 5531 1438 5601 suspiro,
1465 5533 1658 5587 saltem
1689 5534 1783 5586 nd-

201 5613 362 5681 jut-es
388 5634 490 5682 me,
524 5622 725 5676 auxilio
749 5627 1086 5694 eonstantim,
1120 5644 1187 5682 ne
1235 5629 1286 5684 in
1314 5631 1785 5700 perseeutionibus

210 5702 486 5762 deﬁciam.
512 5709 743 5769 Necesse
773 5725 853 5771 est
879 5725 1057 5774 autem
1082 5728 1135 5776 et
1167 5721 1380 5776 dignum
1413 5733 1468 5779 ut
1501 5737 1585 5780 nte
1628 5723 1783 5779 adiu-

1897 3252 2144 3325 Congrne
2166 3260 2382 3327 quidem
2411 3265 2552 3318 servi
2583 3265 2794 3324 Domini
2821 3287 2941 3326 esse
2965 3275 3150 3334 lideles
3176 3293 3232 3335 et
3265 3299 3360 3340 cor
3379 3287 3474 3342 ba-

1894 3343 2022 3398 berc
2052 3346 2304 3402 dicuntur
2329 3389 2344 3416 ,
2394 3353 2485 3420 qui
2519 3369 2577 3408 se
2627 3357 2704 3412 sic
2759 3357 2987 3416 ﬁrmiter
3013 3373 3067 3418 et
3098 3371 3360 3427 veraciter
3416 3375 3472 3431 in

1894 3439 2180 3507 praeceptis
2229 3439 2438 3497 Domini
2506 3461 2947 3522 perseveraturos
3009 3459 3350 3526 promittunt.
3396 3465 3473 3522 llli

1895 3541 2128 3598 namque
2157 3547 2332 3603 neque
2358 3538 2498 3590 servi
2527 3539 2738 3596 Domini
2769 3554 2914 3610 sunt,
2940 3563 3117 3618 neque
3140 3567 3236 3606 cor
3270 3555 3474 3614 habere

1893 3619 2170 3688 videntur,
2200 3625 2296 3679 sed
2323 3629 2503 3708 potius
2535 3635 2793 3690 vecordes
2815 3645 2870 3692 et
2906 3637 3083 3695 insani
3118 3643 3223 3700 dici
3246 3659 3475 3715 possunt

1892 3711 1982 3780 qui
2007 3716 2256 3770 mandata
2282 3718 2371 3772 Dei
2403 3731 2774 3780 contemnunt.

1960 3799 2118 3872 49],
2156 3803 2221 3860 In
2247 3817 2514 3874 wternum,
2559 3813 2796 3880 Domine,
2838 3819 3044 3876 verbum
3073 3833 3219 3880 tuum
3259 3844 3466 3898 perma-

1893 3901 1974 3944 net
1998 3894 2051 3946 in
2083 3894 2232 3949 ca’lo.
2264 3897 2320 3950 In
2346 3909 2578 3968 quatuor
2607 3903 2796 3972 primis
2829 3907 2987 3978 lmjns
3020 3894 3274 3970 clausula:
3303 3921 3470 3974 versi-

1892 3981 1992 4038 bus
2030 3989 2292 4057 prtrponit
2337 4005 2531 4048 causas
2579 3995 2646 4049 ad
2679 3995 2806 4050 illud
2839 4004 2980 4068 quod
3013 4003 3064 4056 in
3095 4005 3286 4073 quinto
3312 4024 3467 4065 versu

1890 4079 2178 4146 promittit,
2232 4083 2321 4151 qui
2353 4085 2718 4157 prmlegeudus
2758 4101 2862 4156 est,
2903 4104 2952 4147 et
2985 4095 3062 4149 sic
3103 4099 3471 4167 superioribus

1890 4165 2318 4241 conjuttgemlus.
2379 4175 2495 4229 Dixi
2551 4180 2820 4247 superius,
2885 4183 3128 4250 Domine,
3169 4165 3312 4256 quod
3365 4209 3469 4249 non

1891 4258 2141 4329 dereliqui
2168 4263 2417 4317 mandata
2466 4275 2588 4331 tua;
2627 4269 2694 4323 de
2740 4279 2938 4324 ctetero
2965 4288 3179 4343 quoque
3207 4282 3464 4346 promitto

1891 4349 2032 4416 quod
2057 4365 2226 4420 usque
2260 4354 2314 4406 in
2355 4364 2626 4422 trternum,
2675 4357 2725 4412 id
2758 4368 2862 4424 est,
2887 4361 3032 4417 nullo
3061 4373 3302 4435 tempore
3333 4373 3465 4426 obli-

1890 4437 2057 4491 viscar
2098 4439 2500 4508 jnstiﬁcationcs
2547 4457 2685 4513 tuas,
2721 4449 2770 4502 id
2818 4460 2900 4506 est
2939 4466 3204 4525 prtecepta
3237 4467 3344 4525 tua,
3378 4463 3465 4517 vel

1890 4543 1993 4582 non
2030 4527 2308 4583 obliviscar
2325 4533 2733 4603 justi/icationca
2767 4551 2906 4607 tuas,
2943 4545 3166 4600 tendens
3195 4563 3290 4616 per
3321 4551 3464 4622 ipsas

1889 4617 1944 4670 in
1979 4629 2246 4683 retentum,
2279 4621 2329 4675 id
2364 4634 2448 4679 est
2479 4627 2530 4680 in
2570 4630 2950 4700 atternitatem,
2983 4645 3038 4690 et
3065 4653 3128 4692 ea
3154 4617 3466 4700 considera-

1889 4709 2034 4766 tione
2087 4729 2191 4768 non
2235 4715 2526 4782 obliviscar,
2568 4721 2845 4790 quoniam,
2895 4739 2928 4780 ο
2965 4727 3207 4797 Domine,
3252 4735 3462 4790 verbum

1888 4809 2056 4867 tuum,
2099 4803 2151 4858 id
2184 4814 2268 4860 est
2306 4819 2629 4880 praeceptum
2663 4820 2811 4866 tuum
2841 4831 3106 4884 permanet
3139 4823 3192 4875 in
3237 4825 3364 4878 ccelo
3404 4827 3458 4878 in

1887 4903 2156 4957 (uernum,
2195 4896 2246 4949 id
2285 4907 2366 4952 est
2404 4912 2682 4968 permanet
2710 4917 2924 4975 semper
2950 4909 3070 4965 sine
3110 4911 3212 4965 ﬁne
3245 4915 3462 4984 insuper

1887 4981 2195 5039 coelestibus
2218 4987 2622 5045 rationabilibus
2642 4997 2925 5051 creaturis.
2958 4999 3107 5064 Quod
3130 5009 3212 5053 est
3236 4981 3412 5056 dicere
3440 5021 3456 5059 :

1886 5070 2022 5126 Cum
2053 5074 2388 5130 considerem
2420 5075 2668 5136 cmlestes
2706 5085 2930 5154 Spiritus
2975 5087 3090 5140 sine
3131 5087 3236 5142 ﬁne
3263 5104 3460 5159 praece-

1887 5174 2037 5233 ptum
2083 5175 2229 5220 tuum
2261 5167 2572 5238 observare,
2597 5177 2813 5229 occasio
2858 5177 2989 5230 mihi
3041 5187 3124 5231 est
3174 5189 3232 5234 ut
3275 5193 3331 5236 et
3359 5197 3459 5253 ego

1888 5268 2154 5328 praecepta
2207 5269 2295 5314 tua
2331 5277 2603 5333 nunquam
2645 5265 2955 5334 obliviscar,
3000 5269 3097 5322 sed
3141 5284 3202 5324 ea
3247 5287 3462 5344 semper

1887 5347 2191 5411 observem,
2222 5359 2277 5404 et
2321 5351 2441 5407 ideo
2466 5369 2678 5424 quoque
2726 5372 2828 5410 non
2862 5357 3157 5428 obliviscar,
3203 5365 3457 5431 quoniam

1887 5441 2171 5496 considero
2227 5453 2492 5512 quatenus
2532 5448 2720 5502 veritas
2763 5459 2878 5516 tua,
2932 5451 2983 5506 id
3024 5461 3105 5508 est
3133 5463 3461 5524 prmerptnm

1889 5542 2038 5587 tuum
2079 5536 2444 5603 verissimum,
2479 5539 2618 5607 quod
2656 5557 2749 5610 per
2779 5545 3079 5613 emphasim
3107 5546 3306 5600 veritas
3327 5547 3461 5600 dici-

1889 5633 2017 5690 tur,
2089 5630 2388 5697 permansit
2439 5630 2491 5683 in
2561 5635 2908 5700 generatione
2969 5634 3200 5689 ﬁdelium
3249 5627 3479 5691 Veteris

1889 5719 2247 5778 Testamenti.
2279 5722 2346 5777 ab
2373 5721 2502 5778 Abel
2529 5722 2678 5791 justo
2708 5741 2874 5796 usque
2903 5727 2968 5783 ad
3003 5735 3210 5784 tempus
3235 5726 3457 5782 Christi.
