3978 6328
513 260 650 316 1287

1085 257 1142 311 S.
1184 255 1536 314 BRUNONIS
1575 254 2216 312 CARTHUSIANORUM
2265 257 2747 317 lNSTI'fUTORlS
2775 261 2926 318 OPP.
2962 261 3144 318 PARS
3179 249 3226 317 L-

3657 269 3785 328 B88

512 375 578 428 Et
611 373 798 428 eadem
841 373 1028 426 veritas
1063 382 1153 424 tua
1191 379 1458 440 permanet
1494 369 1547 424 in
1576 368 1924 440 generatione
1957 367 2086 420 fide-
2121 379 2166 434 Α
2195 369 2290 432 tio,
2319 371 2459 439 quod
2493 372 2544 425 in
2570 372 2649 426 eis
2671 372 2920 441 persisto.
2941 373 3206 441 Quoniam
3230 375 3298 429 ad
3327 380 3784 446 perseverandum

512 469 642 521 limn
681 464 810 519 Novi
842 463 1200 526 Testamenti,
1233 477 1261 515 a
1310 469 1555 530 tempore
1597 461 1803 516 Christi
1836 474 2002 527 usque
2029 457 2093 511 ad

514 559 674 612 linem
725 557 933 610 mundi.
969 555 1157 610 Posset
1207 553 1400 623 qutcri,
1435 567 1556 608 cum
1604 552 1706 606 hoc
1741 551 1812 606 sit
1859 552 2000 619 quod
2030 551 2098 603 ad

511 665 606 704 eos
633 662 822 704 auctor
866 649 1133 703 mendacii
1172 645 1418 701 diabolus
1455 645 1522 700 de
1565 644 1705 699 coelo
1728 642 2100 715 praecipitatus

513 741 855 796 descenderit
896 741 986 811 qui
1021 755 1114 795 cos
1147 739 1435 794 mendaces
1471 735 1650 792 facere
1689 737 1912 790 omnino
1943 749 2098 807 gras-

518 845 690 903 satur,
743 844 797 890 et
854 851 975 889 cum
1027 835 1130 889 hoc
1183 834 1253 889 sit
1293 831 1433 903 quod
1466 832 1638 900 primo
1681 830 1838 886 valde
1868 829 2099 886 mobiles

523 927 821 990 exstiterit,
846 926 1112 996 quomodo
1139 925 1203 978 ad
1231 924 1334 979 hoc
1369 933 1735 993 pervenerunt
1763 931 1821 976 ut
1847 921 1926 976 sic
1959 921 2099 974 firmi

518 1017 626 1069 sint
658 1024 711 1068 ut
744 1016 924 1068 divina
965 1015 1165 1068 veritas
1192 1022 1506 1084 permaneat
1541 1012 1592 1066 in
1633 1012 1732 1066 eis.
1762 1012 1843 1065 Ad
1873 1011 1975 1064 hoc
2006 1010 2103 1078 igi-

519 1116 608 1159 tur
635 1105 1029 1160 ostendendum
1062 1104 1350 1172 respondet
1395 1103 1472 1157 sic
1499 1121 1510 1156 :
1539 1101 1642 1157 Per
1674 1103 1778 1157 boc
1809 1103 1859 1154 in
1889 1118 2104 1169 genera-

515 1198 707 1249 tionem
737 1204 791 1248 et
815 1194 1199 1263 generationem
1229 1204 1496 1263 permanet
1529 1195 1714 1247 veritas
1741 1202 1854 1254 tua,
1879 1192 2020 1261 quod
2049 1200 2100 1242 ιιι

517 1302 615 1354 per
667 1286 824 1340 fidem
865 1295 921 1339 et
965 1286 1287 1339 cbaritatem
1339 1294 1393 1338 ct
1449 1300 1597 1354 spem
1634 1283 1894 1352 fundasti,
1938 1281 2105 1334 idest

520 1377 729 1430 firmam
779 1376 977 1441 fecisti,
1006 1376 1150 1430 illam
1183 1375 1586 1444 generationem
1618 1384 1672 1429 et
1699 1375 2105 1443 generationem

521 1479 721 1522 terram
769 1475 912 1520 tuam
966 1468 1310 1522 existentem.
1380 1467 1533 1534 Quod
1579 1476 1662 1522 est
1711 1468 1890 1522 dicere
1925 1486 1935 1520 :
1970 1468 2102 1522 Cum

519 1559 670 1627 prius
716 1558 928 1612 mobilis
956 1567 1102 1612 esset
1151 1557 1217 1611 ad
1252 1558 1466 1611 modum
1498 1560 1682 1620 maris,
1709 1569 1763 1613 ct
1800 1560 1864 1612 ad
1891 1575 2102 1613 onmem

518 1651 878 1720 suggestionis
921 1649 1206 1720 impulsum
1247 1650 1407 1704 facile
1451 1651 1669 1714 cedens,
1703 1659 1756 1704 ιιι
1801 1650 1975 1706 fecisti
2015 1666 2107 1705 eos

2202 459 2254 512 in
2291 461 2374 515 his
2415 461 2894 530 justifieationibus
2933 479 3030 534 per
3074 479 3131 518 se
3162 481 3267 519 non
3313 476 3490 535 potest
3517 469 3782 530 sullicere.

2201 559 2319 604 orat
2347 551 2516 606 Deum
2542 560 2600 606 ut
2629 567 2749 606 eum
2778 554 2986 608 salvum
3023 554 3204 619 faciat,
3240 573 3306 610 ne
3337 557 3404 612 ab
3429 558 3513 612 his
3547 559 3783 623 deﬁciat,

2202 642 2320 696 sic:
2353 640 2474 695 Non
2516 643 2814 710 obliviscar,
2848 644 3095 715 inquam,
3133 646 3548 715 justiﬁrationes
3580 659 3721 714 tuas,
3760 671 3785 704 a

2203 732 2398 802 quibus
2423 733 2903 802 justificationibus
2921 751 2986 790 ne
2999 737 3068 790 ob
3096 738 3333 805 aliquam
3354 740 3787 794 persecutionem

2205 825 2459 879 desistam
2505 834 2560 880 et
2609 826 2690 880 sic
2727 841 2980 896 peream,
3036 843 3155 894 oro,
3201 829 3449 894 Domine,
3482 831 3686 886 salvum
3715 849 3788 886 me

2205 913 2310 980 fac,
2363 915 2540 970 dando
2586 916 2717 970 mihi
2769 918 3151 983 constantiam,
3199 929 3252 973 et
3283 920 3502 989 dignum
3544 931 3652 974 est.
3686 921 3789 992 Ego

2204 1007 2346 1060 enim
2371 1008 2460 1077 qui
2496 1009 2597 1064 hoc
2631 1017 2846 1078 expeto,
2871 1019 2993 1062 tuus
3025 1027 3164 1075 sunt,
3202 1021 3256 1064 et
3294 1013 3389 1065 tibi
3419 1013 3516 1066 soli
3550 1013 3653 1066 sub
3675 1014 3789 1068 lius

2207 1113 2345 1162 sum,
2380 1114 2486 1152 non
2535 1098 2700 1154 vitiis.
2735 1098 2852 1154 Non
2901 1115 3120 1168 possum
3148 1103 3292 1155 enim
3322 1103 3533 1156 duobus
3566 1104 3790 1157 dominis

2208 1189 2432 1254 servire,
2456 1200 2506 1243 et
2545 1190 2597 1242 in
2637 1190 2739 1244 hoc
2771 1201 2999 1260 apparet
3031 1193 3174 1261 quod
3212 1205 3332 1246 tuus
3369 1211 3514 1259 sum,
3544 1196 3788 1264 quoniam

2200 1281 2606 1350 justi/icationes
2629 1290 2746 1335 tuas
2779 1291 2985 1336 tantum
3009 1286 3279 1354 exquisivi,
3307 1286 3358 1338 id
3389 1300 3467 1339 esr
3492 1285 3640 1353 justa
3666 1301 3791 1353 pree-

2209 1381 2363 1440 ccpta
2420 1380 2508 1424 tua
2558 1387 2624 1426 ex
2657 1371 2908 1426 omnibus
2953 1373 3074 1426 aliis
3119 1374 3280 1428 rebus
3305 1375 3558 1442 qumsivi,
3587 1375 3791 1440 οἱς-κίοι

2211 1461 2550 1532 investigari.
2604 1461 2836 1516 Necesse
2879 1471 2963 1517 est
2992 1472 3172 1517 autem
3199 1479 3359 1518 orare
3388 1480 3474 1516 me
3499 1475 3564 1518 ut
3593 1465 3788 1518 salvum

2211 1567 2296 1605 me
2322 1551 2512 1616 facias,
2548 1568 2614 1606 ne
2635 1551 2933 1607 deficiendo
2965 1569 3202 1622 peream.
3228 1553 3313 1608 Me
3350 1556 3497 1610 enim
3527 1566 3790 1624 exspecta-

2211 1651 2390 1694 verunt
2421 1652 2741 1710 peceatores,
2776 1641 2826 1695 id
2858 1655 2941 1696 est
2968 1645 3100 1696 mihi
3139 1645 3226 1698 diu
3254 1645 3496 1698 insidiati
3542 1656 3668 1699 sunt
3697 1647 3790 1698 ini-

519 1743 772 1799 fundatos
810 1753 866 1798 et
900 1746 1086 1798 lirmos
1133 1754 1187 1798 ct
1219 1744 1521 1800 imn'tobiles
1563 1745 1628 1798 ad
1671 1745 1886 1798 modum
1922 1753 2102 1807 terrre,

2214 1733 2322 1802 qui,
2377 1733 2807 1787 antonomastice
2842 1743 3181 1803 peceatores,
3223 1747 3276 1786 ut
3321 1737 3606 1801 perderent
3642 1753 3716 1787 me
3745 1737 3790 1787 in

521 1849 643 1904 qua:
675 1849 772 1903 pro
802 1833 1068 1904 gravitate
1101 1849 1195 1886 sua
1227 1834 1553 1887 elementum
1587 1841 1671 1887 est
1704 1833 1997 1896 immobile,
2027 1833 2103 1887 vel

520 1927 758 1994 fundasti
807 1941 928 1980 eam
964 1927 1041 1980 sic
1069 1937 1127 1980 ut
1161 1936 1305 1981 esset
1353 1935 1498 1980 terra
1535 1935 1624 1980 tua
1677 1926 1974 1980 fructifera.
2010 1925 2106 1978 Vel

521 2016 599 2069 sic
633 2033 644 2068 :
679 2013 939 2068 Fundasti
967 2015 1112 2068 illam
1154 2017 1554 2085 generationem
1596 2024 1649 2070 et
1679 2017 2104 2086 generationem,

521 2103 671 2172 prius
700 2113 918 2167 terram,
957 2104 1165 2158 scilicet
1213 2121 1333 2159 Clttll
1379 2105 1529 2173 prius
1556 2116 1698 2159 esset
1731 2115 1969 2176 terrena,
1996 2115 2106 2158 ter—

521 2193 668 2248 renis
693 2193 849 2248 bonis
893 2195 1150 2249 inhiando
1200 2195 1435 2249 fundas:i
1473 2211 1592 2248 cam
1623 2197 1675 2247 in
1709 2196 2021 2256 virtutibus,
2054 2205 2103 2250 el

522 2283 603 2336 sic
631 2281 803 2336 fecisti
829 2283 1165 2351 spiritualem
1197 2285 1351 2338 donis
1373 2285 1744 2353 spiritualibus
1787 2285 2100 2339 inhiantem.

525 2372 808 2436 Fttntlasti,
849 2374 1090 2441 inquam,
1133 2383 1350 2437 (errant,
1383 2384 1435 2427 et
1469 2383 1520 2428 te
1552 2375 1810 2428 fundante
1840 2388 2106 2443 permanet

531 2466 586 2520 in
610 2467 688 2521 cis
713 2468 898 2520 veritas
923 2475 1036 2531 tua,
1072 2467 1298 2536 ideoque
1325 2468 1466 2536 quod
1491 2469 1776 2521 considero
1799 2471 2109 2538 generatio-

523 2573 645 2612 nem
673 2567 728 2612 et
773 2557 1174 2626 generationem
1215 2558 1555 2613 verissimum
1586 2569 1911 2627 prteccptum
1959 2568 2108 2612 t-uum

524 2664 632 2703 non
677 2648 944 2712 oblivisci,
981 2664 1087 2702 non
1139 2649 1429 2702 obliviscar
1471 2660 1524 2702 et
1553 2665 1675 2719 ego.
1705 2648 1992 2710 Fundasti,
2029 2651 2109 2704 in-

524 2755 711 2809 quam,
746 2749 961 2792 terram.
1001 2738 1131 2805 Qua:
1156 2750 1320 2802 terra,
1367 2749 1418 2793 te
1443 2739 1728 2804 fundante,
1767 2741 1881 2794 dies
1921 2740 2108 2794 effecta

523 2839 628 2891 est,
684 2829 828 2885 clara
880 2831 1132 2885 videlicet
1175 2832 1236 2914 in
1291 2831 1579 2886 virtutibus
1625 2841 1679 2886 et
1728 2832 2001 2888 intellectu
2045 2835 2109 2886 ad

530 2922 744 2976 modum
778 2921 913 2987 diei;
959 2930 1012 2976 et
1041 2923 1150 2975 dies
1179 2921 1293 2976 hcce
1322 2932 1610 2991 perseverat
1652 2923 1704 2975 in
1737 2923 1983 2976 claritate
2013 2939 2108 2976 sua

524 3018 586 3064 ut
609 3027 883 3081 mmquam
916 3011 984 3066 ab
1027 3027 1088 3064 ea
1122 3011 1364 3076 deficiat;
1409 3025 1464 3066 et
1502 3013 1604 3066 hoc
1639 3014 1966 3066 ordinatione
1995 3023 2106 3079 (ita,

524 3103 576 3156 id
620 3111 703 3157 cst
741 3080 848 3172 per
873 3102 1272 3157 ordinationem
1301 3102 1669 3171 dispositionis
1701 3113 1824 3158 tute.
1853 3103 1921 3158 Ut
1949 3105 2109 3174 igitur
2139 3080 2179 3140 Ο

524 3203 580 3248 et
614 3209 714 3264 ego
761 3196 877 3249 dies
917 3196 1054 3258 sim,
1103 3203 1156 3248 et
1189 3196 1238 3248 in
1283 3196 1530 3250 claritate
1577 3211 1953 3266 perseverem,
2005 3212 2107 3250 non

525 3286 815 3340 obliviscar
876 3287 1126 3340 mandata
1180 3296 1267 3341 tua
1315 3287 1460 3356 justa
1510 3300 1564 3344 et
1603 3291 1910 3344 verissima.
1955 3289 2106 3354 Dico,

529 3377 772 3444 Domine,
829 3379 969 3447 quod
1009 3381 1318 3432 mandatum
1356 3391 1505 3435 tuunt
1540 3394 1622 3434 est
1674 3382 1725 3435 in
1780 3382 2026 3446 coelo,-et
2058 3382 2107 3434 in

528 3470 876 3537 generatione
903 3478 959 3523 et
987 3471 1360 3540 generatione;
1396 3484 1450 3524 et
1491 3488 1612 3526 cum
1639 3473 1705 3526 sit
1741 3473 1791 3525 in
1827 3473 1908 3525 his
1936 3474 2108 3525 onmi-

526 3560 628 3613 bus
647 3568 847 3614 αξιοι-ιω
869 3561 1126 3614 memoria
1154 3562 1382 3626 verbum,
1412 3563 1462 3615 id
1486 3571 1568 3617 est
1595 3561 1906 3616 mandatum
1937 3571 2107 3625 tuttur,

528 3649 705 3703 omnia
758 3651 873 3704 haec
931 3651 1158 3704 serviunt
1225 3652 1318 3703 tibi
1384 3653 1704 3721 complcndo
1781 3661 2108 3722 praeceptum

527 3750 710 3807 tuum;
743 3747 796 3792 et.
843 3738 1097 3806 quoniam
1141 3741 1256 3794 haec
1292 3750 1467 3794 omnia
1511 3744 1742 3794 serviunt
1783 3743 1894 3804 tibi,
1951 3753 2008 3793 ut.
2055 3751 2113 3794 et

527 3828 746 3901 egotibi
773 3827 1004 3882 serviam
1035 3844 1134 3881 non
1159 3830 1435 3884 obliviscar
1458 3834 1509 3884 in
1534 3831 1942 3902 wternnmjusta
1975 3847 2110 3902 prac-

529 3931 684 3990 eepta
729 3928 839 3984 tua,
874 3920 967 3973 sed
1004 3934 1064 3973 ca
1100 3936 1314 3990 semper
1363 3924 1661 3994 complebo.
1697 3923 1789 3978 Vel
1830 3925 1926 3989 sic,
1959 3935 2017 3978 ut
2043 3925 2113 3979 sit

528 4011 772 4068 ostensio
805 4026 834 4064 a
887 4017 998 4064 toto
1032 4027 1044 4062 :
1087 4009 1202 4063 Non
1233 4021 1316 4066 est
1342 4014 1536 4066 mirmn
1566 4016 1611 4068 si
1638 4015 1747 4068 dies
1779 4017 2109 4070 ordinatione

528 4114 620 4160 tua
641 4114 951 4176 perseverat,
987 4107 1236 4174 quoniam
1265 4107 1400 4162 adeo
1432 4119 1622 4177 potens
1653 4123 1710 4162 es
1738 4111 1880 4178 quod
1909 4111 2108 4177 omnia,

525 4199 580 4255 id
603 4208 688 4255 est
707 4215 896 4256 omnes
918 4209 1204 4262 creatura},
1237 4202 1464 4255 serviunt
1487 4200 1599 4268 tibi,
1632 4200 1948 4270 complenda
1979 4217 2112 4271 prae-

527 4301 683 4363 cepta
718 4302 828 4346 tua.
1985 4285 1988 4288 ’

603 4382 725 4438 Ideo
771 4397 985 4454 quoque
1038 4401 1141 4438 non
1191 4383 1466 4438 obliviscar
1512 4384 1925 4454 jnsti/ieationes
1969 4399 2104 4450 tuas,
2142 4421 2190 4480 Ι)

527 4475 582 4531 id
602 4485 684 4532 est
712 4485 980 4547 praecepta
1015 4485 1124 4542 tua,
1165 4477 1290 4546 quia
1322 4479 1420 4530 nisi
1449 4478 1569 4532 ideo
1594 4479 1940 4533 remansisset
1969 4479 2108 4546 quod

529 4565 616 4620 lea:
647 4574 736 4618 tua
772 4568 1040 4620 meditatio
1067 4584 1180 4620 mea
1204 4576 1298 4630 est,
1333 4567 1382 4621 id
1413 4577 1496 4622 est
1529 4569 1630 4622 nisi
1665 4569 1784 4621 ideo
1816 4571 1940 4638 quia
1974 4585 2106 4640 prec-

529 4665 686 4727 cepta
731 4666 824 4711 tua
870 4659 1160 4713 meditatus
1205 4675 1342 4722 sum,
1379 4675 1498 4728 qua:
1540 4667 1596 4714 et
1633 4661 1810 4714 adhuc
1859 4661 2110 4727 meditor,

532 4761 661 4804 tunc
683 4749 898 4817 quando
926 4749 1088 4818 iniqui
1111 4751 1368 4819 persecuti
1403 4759 1522 4804 sunt
1553 4766 1654 4813 me,
1677 4761 1729 4804 ut
1759 4749 1810 4805 in
1848 4751 2113 4819 superiori

530 4842 770 4898 clausula
801 4853 890 4897 est
915 4852 1222 4898 ostensum:
1251 4847 1407 4914 forte,
1451 4847 1500 4900 id
1538 4855 1641 4910 est,
1676 4847 1899 4902 stultitia
1932 4857 1988 4902 et
2013 4848 2114 4902 im-

528 4935 868 5005 providentia
899 4950 1016 4989 mea
1043 4936 1309 5005 periissem
1343 4939 1394 4991 in
1429 4948 1601 4994 morte
1633 4941 1826 4994 anima:
1856 4941 1909 4994 in
1938 4941 2113 4993 Immi-

529 5025 676 5079 litate
717 5042 852 5092 mea,
885 5025 936 5080 id
974 5035 1056 5080 est
1093 5027 1146 5078 in
1197 5025 1498 5093 dejectione
1534 5033 1926 5098 persecutionis
1958 5048 2109 5086 mete.

527 5117 683 5184 Quod
731 5127 816 5174 est
854 5119 1034 5174 dicere
1066 5137 1080 5175 :
1112 5117 1236 5172 Ideo
1287 5132 1388 5172 non
1415 5120 2112 5192 obliviscarjustiﬁcaﬁones

530 5217 668 5272 tuas,
723 5224 789 5263 nc
836 5208 888 5262 in
946 5209 1324 5279 persecutione
1369 5223 1584 5277 peream
1627 5212 1942 5279 deficiendo,
1973 5215 2116 5266 sicut

528 5311 629 5367 ego
649 5299 760 5366 jam
801 5299 1103 5367 periissem,
1139 5299 1236 5353 nisi
1279 5314 1340 5354 ea
1383 5299 1435 5352 in
1464 5300 1719 5355 continua
1749 5302 1912 5373 492
1945 5305 2112 5359 medi-

532 5389 739 5445 tatione
772 5390 1099 5446 habuissem.
1132 5394 1194 5447 Et
1239 5394 1358 5447 ideo
1388 5393 1610 5462 insuper
1644 5394 1698 5446 in
1725 5405 1974 5449 wternum
2010 5413 2112 5450 non

526 5479 804 5534 obliviscar
825 5481 1228 5550 justi/irationes
1256 5494 1395 5550 tuas,
1419 5485 1548 5555 quin
1572 5499 1664 5539 cas
1688 5499 1784 5554 pro
1809 5500 1966 5552 posse
1993 5502 2114 5541 meo

529 5572 852 5641 complcam,
904 5575 1029 5643 quia
1078 5573 1189 5643 jam
1236 5577 1514 5647 eiviﬁcasti
1562 5594 1644 5633 me
1689 5578 2008 5632 existenlem
2058 5580 2110 5632 in

525 5661 674 5732 ipsis,
711 5664 762 5720 id
815 5673 894 5721 est
929 5666 1053 5738 quia
1083 5668 1182 5722 hoc
1208 5667 1321 5737 jam
1369 5679 1454 5725 est
1481 5671 1608 5725 mihi
1637 5685 1826 5741 magna
1849 5669 2111 5738 iustiﬁca-

2211 1826 2413 1892 anima,
2448 1825 2691 1878 faciendo
2720 1825 2952 1880 deficere
2985 1842 3012 1878 a
3053 1825 3541 1894 justiticationilnts
3572 1829 3675 1881 tuis
3709 1845 3792 1897 per

2212 1915 2455 1968 assiduas
2502 1915 2924 1982 persecutiones.
2957 1914 3175 1968 Salvum
3209 1933 3289 1968 nte
3321 1915 3429 1983 fac,
3467 1917 3712 1985 inquant,
3743 1928 3794 1968 ut

2210 2021 2554 2076 perseverem
2606 2007 2657 2060 in
2697 1989 3161 2077 prteccptis'tui‘s,
3212 2011 3354 2077 quod
3411 2010 3539 2064 ideo.
3596 2011 3792 2077 postulo

2211 2098 2337 2166 quia
2381 2096 2614 2150 intellexi
2666 2099 2961 2151 testimonia
3006 2110 3121 2164 tua,
3175 2100 3222 2152 id
3270 2108 3350 2153 est
3385 2109 3658 2167 [)I‘J‘Ct‘lllsl
3692 2111 3788 2152 tua.

2212 2191 2364 2257 Quod
2415 2198 2498 2244 est
2536 2189 2718 2244 dicere
2753 2204 2767 2242 :
2800 2191 2920 2244 Ideo
2956 2201 3238 2259 tantopere
3267 2207 3363 2244 oro
3392 2194 3539 2244 hanc
3579 2191 3790 2244 salutem

2213 2281 2434 2349 adipisci
2484 2290 2543 2333 ut
2593 2295 2934 2350 perseverem
2972 2283 3024 2335 in
3063 2284 3346 2352 praeceptis
3383 2285 3521 2346 tuis,
3554 2284 3788 2353 quoniam

2215 2372 2450 2430 intellexi
2507 2388 2670 2442 quam
2723 2382 2902 2427 tamen
2936 2373 3097 2444 digna
3123 2385 3249 2428 sunt
3281 2376 3333 2428 in
3362 2377 3444 2429 sui
3481 2387 3710 2436 natura;
3745 2385 3790 2427 et

2215 2463 2336 2518 ideo
2373 2464 2538 2518 etiam
2565 2479 2664 2520 oro
2716 2473 2774 2518 ut
2822 2481 2907 2519 me
2959 2466 3165 2520 salvum
3219 2466 3408 2528 facias,
3445 2468 3502 2520 in
3538 2467 3790 2520 mandatis

2213 2557 2318 2608 tuis
2342 2571 2688 2624 perseverare
2723 2555 2986 2622 faciendo,
3015 2559 3136 2626 quia
3172 2558 3273 2610 ridi
3301 2558 3458 2624 ﬁnem
3481 2559 3657 2610 omnis
3682 2573 3789 2609 eon-

2212 2650 2597 2718 summationis,
2632 2650 2681 2703 id
2707 2660 2790 2704 est
2811 2651 2917 2704 vidi
2943 2653 3150 2704 ratione
3182 2667 3295 2704 mea
3331 2652 3396 2704 ad
3431 2667 3600 2722 quem
3641 2651 3784 2704 linem

2215 2739 2542 2792 deventurus
2587 2747 2670 2792 est
2723 2739 2832 2802 ille,
2879 2738 2969 2806 qui
3014 2741 3063 2792 in
3097 2740 3348 2794 omnibus
3378 2742 3674 2810 pl‘tCCt‘pliS
3701 2740 3790 2791 tuis

2214 2838 2618 2882 consummatus
2644 2825 2744 2882 est.
2773 2827 2924 2894 Quod
2954 2839 3036 2883 est
3077 2831 3258 2883 dicere
3289 2848 3300 2882 :
3329 2829 3454 2884 ltleo
3492 2831 3547 2883 in
3581 2830 3788 2883 manda-

2217 2919 2284 2970 tis
2319 2920 2422 2972 tuis
2473 2931 2881 2973 cotnutmmatus
2932 2936 3050 2974 esse
3102 2923 3398 2975 secundum
3447 2938 3788 2992 perseveran-

2217 3012 2344 3063 tiam
2398 3022 2591 3080 cxpcto
2638 3013 2760 3081 quia
2813 3015 3036 3081 cognovi
3085 3015 3226 3083 quod
3267 3015 3355 3083 qui
3395 3023 3789 3068 consummatus

2215 3112 2296 3157 est
2342 3104 2392 3157 in
2459 3107 2709 3160 outuilms
2768 3108 3049 3177 pra‘ceptis
3096 3109 3220 3171 tuis,
3262 3110 3328 3161 ad
3375 3109 3547 3163 finem
3583 3125 3674 3178 per
3701 3110 3787 3162 hoc

2214 3196 2482 3256 devenict.
2510 3198 2559 3250 id
2591 3207 2674 3252 est
2699 3199 2763 3251 ad
2791 3209 3049 3253 aeternam
3085 3200 3500 3264 beatitudinem,
3540 3219 3657 3271 qute
3687 3202 3790 3254 linis

2216 3287 2431 3354 dicitur,
2460 3303 2524 3341 co
2566 3290 2707 3356 quod
2741 3290 2878 3342 ultra
2911 3307 3028 3344 eam
3062 3291 3194 3345 nihil
3228 3292 3410 3347 fideles
3432 3303 3706 3362 expetent,
3734 3295 3789 3346 ad

2215 3379 2622 3434 similitudinem
2679 3382 2925 3448 viatoris,
2961 3383 3050 3450 qui
3109 3398 3212 3436 non
3262 3383 3400 3436 ultra
3444 3386 3624 3438 tendit
3659 3393 3788 3452 post-

2214 3487 2374 3540 quam
2398 3471 2463 3524 ad
2494 3475 2824 3541 propositum
2852 3475 3060 3530 itineris
3097 3475 3256 3530 linem
3279 3476 3570 3546 pervenit;
3605 3486 3655 3528 et
3687 3477 3789 3529 ideo

2214 3577 2427 3632 quoque
2452 3579 2548 3618 oro
2574 3565 2778 3619 Salvum
2822 3582 2908 3620 me
2937 3567 3047 3620 lieri
3078 3567 3474 3635 perseverando
3509 3569 3565 3622 in
3591 3565 3789 3621 manda-

2217 3652 2285 3706 tis
2311 3655 2436 3720 tuis,
2461 3656 2584 3723 quia
2613 3656 2922 3709 mandatum
2951 3667 3100 3710 tuum
3126 3673 3288 3713 omne
3315 3657 3486 3718 latum
3521 3669 3604 3712 est
3631 3657 3786 3714 nimis.

2216 3747 2422 3801 scilicet
2452 3764 2556 3803 non
2600 3749 2813 3802 videtur
2856 3749 2986 3802 mihi
3029 3760 3314 3820 angustum
3369 3765 3434 3803 ac.
3480 3752 3706 3804 arduum
3737 3757 3784 3799 et

2216 3837 2430 3894 diliieile
2479 3839 2545 3892 ad
2602 3840 2968 3909 peragendum
3017 3841 3085 3894 ad
3128 3841 3346 3894 modum
3396 3851 3646 3910 angustat
3682 3839 3784 3898 vite.

2215 3946 2334 4000 qua:
2365 3929 2633 3985 diliicilior
2663 3943 2747 3984 est
2777 3931 2842 3984 ad
2882 3931 3138 3993 cundum,
3178 3930 3270 3984 sed
3301 3929 3521 3983 videtur
3552 3930 3676 3984 mihi
3715 3928 3784 3982 la-

2218 4034 2328 4076 tum
2361 4031 2415 4076 et
2458 4022 2780 4092 jucundum,
2823 4021 3138 4075 delectabile
3173 4030 3226 4075 et
3263 4021 3426 4075 facile
3449 4022 3519 4075 ad
3550 4033 3787 4090 peragen-

2216 4113 2341 4166 dttm
2381 4131 2393 4166 :
2441 4114 2506 4166 ad
2565 4113 2972 4168 similitudinem
3028 4112 3149 4168 lata:
3199 4122 3253 4167 et
3300 4112 3477 4180 plana:
3528 4114 3628 4166 via:
3683 4125 3785 4179 quat

2217 4201 2430 4257 facilior
2457 4213 2542 4258 est
2569 4203 2636 4257 ad
2661 4203 2917 4257 eundum.
2955 4201 3106 4258 Unde
3143 4202 3374 4272 Prosper
3410 4221 3424 4256 :

2291 4293 2358 4345 Et
2390 4303 2562 4346 tanten
2594 4293 2648 4344 Iti
2691 4293 2869 4360 calles,
2900 4308 3028 4362 quos
3069 4293 3247 4344 mundi
3277 4309 3408 4345 vana
3428 4299 3722 4360 pavescant,

2362 4382 2618 4448 Qumdam
2641 4385 2934 4454 magniﬁcis
2957 4399 3166 4453 a’quora
3190 4393 3310 4436 sunt
3339 4383 3555 4434 animis.

2290 4473 2414 4528 Men
2457 4475 2655 4528 viscera
2700 4475 2780 4528 vel
2810 4489 2890 4544 ex
2921 4475 3044 4544 ipsis
3075 4474 3486 4542 interpretatur.
3524 4473 3670 4528 Unde
3701 4484 3783 4540 per

2216 4567 2376 4634 Mem,
2431 4582 2549 4637 quae
2586 4567 2712 4622 huic
2761 4567 2859 4622 toti
2913 4567 3225 4620 inscribitur
3251 4565 3536 4626 clausulas,
3588 4565 3668 4619 lex
3702 4561 3779 4616 Dei

2217 4659 2549 4730 designatur,
2582 4658 2724 4727 quod
2754 4657 2941 4712 fideles
2978 4657 3067 4711 hic
3089 4665 3313 4725 agentes
3335 4672 3404 4710 ex
3432 4657 3566 4725 ipsis
3595 4652 3780 4710 intimis

2216 4753 2515 4808 visceribus
2538 4753 2713 4823 legem
2755 4753 2848 4808 Dei
2882 4752 3116 4822 diligunt
3145 4752 3335 4805 intima
3363 4753 3651 4820 charitatc,
3677 4762 3780 4818 qua:

2216 4859 2313 4914 per
2341 4845 2553 4899 viscera
2597 4843 2936 4914 intelligitur,
2972 4860 3038 4898 eo
3068 4845 3210 4914 quod
3252 4845 3513 4898 interiora
3545 4844 3715 4898 sintet
3735 4840 3778 4892 in

2217 4936 2296 4990 eis
2321 4935 2540 4988 dilectio
2575 4934 2854 4989 habeatur.
2886 4934 3040 4989 Unde
3077 4935 3240 4988 etiam
3287 4953 3304 4984 ι
3339 4933 3550 4988 viscera
3589 4929 3780 4985 miscri-

2217 5027 2413 5082 corditc
2447 5045 2464 5077 ι
2501 5025 2653 5097 (Luc.
2679 5041 2717 5092 ι,
2759 5025 2847 5096 78)
2883 5025 3154 5086 dicuntur,
3196 5038 3249 5080 et
3277 5025 3442 5080 Deum
3475 5025 3601 5079 totis
3627 5023 3778 5076 visce-

2217 5120 2368 5174 ribus
2395 5117 2617 5187 diligerc
2648 5117 3013 5188 prazcipimur.
3051 5118 3352 5173 Ostendunt
3383 5127 3565 5171 autem
3593 5117 3674 5169 hic
3691 5113 3776 5182 ipsi

2218 5209 2422 5276 ﬁdeles,
2467 5224 2526 5263 se
2573 5209 2733 5264 nimis
2766 5209 2935 5281 legem
2987 5220 3226 5265 veterem
3276 5210 3506 5278 diligere
3555 5206 3686 5262 etin
3723 5217 3775 5255 ea

2219 5307 2328 5353 tota
2377 5301 2463 5355 die
2499 5301 2768 5354 meditari.
2799 5301 3108 5357 Ostendunt
3146 5317 3362 5372 quoque
3404 5317 3504 5371 per
3531 5297 3776 5354 illumina-

2219 5392 2419 5447 tionem
2456 5391 2586 5447 Novi
2620 5393 2950 5449 Testamcnti
2986 5409 3044 5449 se
3077 5395 3127 5448 in
3173 5411 3236 5449 ea
3283 5395 3403 5464 lege
3439 5394 3604 5448 veteri
3633 5386 3778 5444 subli-

2215 5499 2358 5538 mem
2391 5485 2718 5540 intellectum
2773 5501 2935 5554 supra
2984 5501 3174 5540 omnes
3219 5485 3436 5540 Juda‘os
3476 5485 3688 5542 habere,
3725 5483 3775 5527 ιιι

2215 5593 2310 5648 per
2359 5579 2458 5633 hoc
2490 5579 2766 5634 auditores
2817 5580 3111 5640 instruant,
3135 5593 3310 5648 neque
3346 5579 3518 5648 legem
3561 5583 3774 5627 veterem

2217 5661 2570 5740 abjiciemlam
2627 5687 2764 5737 esse,
2828 5673 2968 5726 sicut
3016 5672 3200 5726 volunt
3269 5671 3568 5736 Manicba‘i,
3621 5673 3774 5733 neque
3813 5741 3826 5756 ο
