3962 6318
168 326 288 382 I289

1036 314 1401 373 EXPOSITIO
1440 314 1505 368 IN
1544 312 1880 367 PSAMIOS.
1922 343 1991 352 —
2026 312 2220 368 PSAL.
2262 314 2489 368 CXVIII.

3274 318 3407 374 1290

166 445 319 504 ges-cm
376 445 564 483 novam
615 428 970 498 spernendam
1023 444 1174 490 esse,
1224 436 1280 478 ut
1340 432 1584 479 asserunt
1634 423 1728 477 Ju-
1761 428 1806 483 Α
1841 434 2075 487 tuorum.
2113 426 2256 494 quod
2296 426 2547 495 equidem
2583 425 2752 481 Judaei
2795 428 3082 485 uoluerunt
3128 434 3403 495 meditari,

163 542 270 582 Uil’l.

232 611 493 679 Quomodo
544 610 708 665 dilexi
743 612 905 682 legem
952 622 1118 679 tuam,
1167 621 1272 664 etc.
1320 610 1398 662 Ac
1444 608 1486 663 si
1529 608 1724 661 dicat:

166 708 295 770 Dixi,
338 704 583 766 Domine,
648 705 790 773 quod
841 705 1148 756 mandatum
1197 715 1362 765 tuum,
1414 702 1720 753 mandatum

165 800 359 855 scilicet
428 813 580 851 nova:
648 796 779 866 legis
842 796 973 849 mihi
1042 796 1197 848 nimis
1254 803 1337 847 est
1401 792 1598 853 lutum,
1678 799 1733 843 et

160 891 436 961 jucundum
498 901 554 943 et
604 888 971 953 delectabile,
1028 889 1177 957 quod
1230 903 1326 955 pro
1375 895 1527 939 certo
1580 882 1733 936 valde

163 982 333 1037 dilexi.
398 979 515 1035 Non
566 981 739 1035 solum
817 991 996 1036 autem
1044 996 1236 1036 novant
1303 981 1463 1047 legem
1529 976 1731 1037 dilexi,

165 1089 274 1143 qua:
320 1072 631 1125 mandatum
679 1072 879 1127 dicitur
921 1071 1385 1133 antonomastice,
1433 1070 1529 1123 sed
1569 1070 1732 1122 etiam

163 1164 430 1236 quomodo,
470 1164 637 1218 idest
668 1164 988 1233 inquantum
1043 1165 1225 1228 dilexi,
1284 1162 1528 1225 Domine,
1571 1158 1736 1228 legem

165 1268 294 1308 tuam
315 1266 572 1308 veterem.
600 1255 716 1310 Hoc
729 1267 908 1311 autem
927 1274 1048 1311 cum
1065 1258 1232 1310 nimio
1244 1256 1482 1325 pondere
1497 1251 1737 1306 admira-

168 1350 265 1400 live
291 1349 516 1412 dictum,
552 1348 698 1402 idem
725 1349 869 1401 valet
892 1364 956 1403 ac
982 1349 1246 1403 sidicerct
1276 1366 1288 1401 :
1316 1346 1487 1399 Nimis
1509 1354 1739 1413 etsnper

164 1456 312 1508 quam
330 1440 534 1507 passim
565 1442 748 1495 dicere
775 1440 959 1504 dilexi,
978 1440 1223 1503 Domine,
1240 1439 1738 1508 legemtuam-vete-

168 1546 271 1581 rem
292 1529 452 1599 A93
468 1545 575 1583 non
590 1547 711 1584 eam
746 1532 1014 1599 repudiari
1047 1531 1187 1586 sicut
1214 1529 1512 1584 Manicha-i.
1546 1528 1637 1582 Vel
1662 1530 1742 1583 sic

164 1631 332 1688 putt-st
362 1621 464 1690 legi
498 1630 556 1674 ut
588 1639 687 1691 per
716 1624 1055 1692 aposiopesin
1102 1623 1303 1691 aliquid
1334 1621 1695 1676 subaudiatur
1725 1639 1738 1673 :

165 1711 269 1764 Non
291 1712 461 1767 solum
487 1715 807 1769 mandatum
836 1725 981 1769 tuum
1014 1731 1208 1770 novum
1240 1714 1425 1776 dilexi,
1456 1714 1548 1769 sed
1572 1714 1737 1767 etiam

1831 516 2057 585 ideoque
2100 532 2207 571 non
2255 517 2400 571 sicut
2441 532 2543 586 ego
2597 518 3005 575 intellexerunt.

1830 623 1984 676 super
2003 623 2180 660 omnes
2204 607 2444 660 docentes
2470 623 2549 661 me
2573 606 2830 672 intellexi,
2854 618 2909 663 et
2931 627 3034 665 non
3056 614 3227 668 solum
3252 631 3408 682 super

1833 714 2009 750 omnes
2038 698 2278 752 docentes
2313 695 2564 765 juniores
2612 698 2704 769 qui
2753 699 2933 754 minus
2971 705 3132 771 periti
3181 716 3308 760 sunt
3356 708 3407 760 iu

1834 788 1969 858 lege,
1995 793 2112 854 sed,
2144 798 2202 842 ut
2228 788 2399 856 majus
2426 789 2555 858 quid
2581 790 2784 857 dicam,
2801 807 2957 860 super
2972 808 3118 846 senes
3139 794 3375 848 intellexi
3391 811 3410 855 ;

1834 880 2063 944 scilicet,
2099 880 2270 951 magis
2318 880 2558 936 intellexi
2601 881 2773 951 ipsam
2824 880 2996 953 legem
3047 898 3208 953 quam
3253 899 3413 940 senes

1835 968 2026 1031 Judaei,
2066 970 2157 1039 qui
2204 971 2475 1025 doctiores
2504 979 2651 1035 sunt,
2682 971 2817 1025 etin
2850 972 3099 1026 doctrina
3147 972 3281 1043 legis
3300 975 3412 1043 jam

3079 524 3213 581 Dico
3260 525 3405 593 quod

1840 1062 2213 1116 insenuerunt.
2255 1060 2383 1116 Inde
2430 1060 2558 1116 vero
2603 1063 2830 1133 contigit
2875 1064 3018 1132 quod
3062 1081 3222 1135 super
3266 1081 3414 1118 senes

1840 1152 2107 1216 intellexi,
2179 1155 2304 1223 quia
2358 1154 2605 1208 mandata
2680 1165 2805 1219 tua,
2885 1157 3139 1210 mandata
3209 1156 3419 1212 scilicet

1841 1260 1994 1298 nova:
2034 1244 2164 1314 legis
2196 1246 2432 1313 qua’sivi,
2469 1255 2523 1299 et
2551 1247 2847 1301 secundum
2876 1247 3212 1303 intellectum
3244 1258 3298 1303 et
3328 1264 3418 1304 se-

1840 1333 2073 1386 cundum
2100 1333 2495 1401 operationem.
2538 1333 2655 1388 Non
2689 1335 2833 1389 enim
2878 1334 3124 1404 plenarie
3151 1336 3417 1391 vetuslex

1844 1423 2259 1491 intelligeretur,
2292 1424 2393 1479 nisi
2421 1441 2571 1479 nova:
2594 1424 2727 1495 legis
2748 1425 2897 1495 prius
2918 1426 3224 1481 intellectus
3252 1428 3419 1482 habe-

1846 1523 2025 1576 retur;
2045 1515 2127 1568 vel
2153 1518 2404 1570 mandata
2434 1526 2521 1571 tua
2547 1533 2699 1572 nova:
2729 1518 2861 1588 legis
2881 1519 3130 1589 quaesivi,
3162 1519 3217 1573 in
3247 1521 3421 1575 veteri

1846 1605 1964 1674 lege
2001 1606 2228 1677 mystice
2254 1607 2546 1663 intellecta.

1915 1696 2222 1752 Notandum
2271 1700 2437 1768 quod,
2488 1700 2589 1755 etsi
2634 1699 2882 1769 superius
2922 1701 3135 1757 dixerat
3168 1703 3418 1755 mandato

162 1805 324 1873 legem
364 1816 514 1858 tuam
546 1816 822 1871 veterem;
856 1817 910 1861 ct
933 1808 1203 1877 quomodo
1237 1809 1405 1878 legem
1437 1817 1606 1872 tuam,
1635 1808 1740 1861 Ι)οο
1772 1763 1814 1820 Β
1841 1798 1930 1844 “‘0
1949 1790 2256 1860 Ρνυάεηίεηι
2287 1808 2366 1845 ἠε
2390 1791 2581 1861 lem”.
2612 1793 2735 1861 (ιυίει
2770 1802 2948 1847 “lmen
2983 1809 3085 1848 ηοη
3120 1793 3334 1851 dixerat
3357 1808 3419 1849 5°

164 1897 318 1955 tuine.
350 1896 541 1960 dilexi,
588 1906 645 1951 tu
679 1899 792 1967 ipse
831 1900 962 1954 mibi
1002 1900 1158 1954 testis
1191 1915 1271 1963 es,
1297 1900 1389 1968 qui
1432 1901 1612 1953 omnia
1644 1914 1740 1953 no-

163 1986 256 2047 5ti;
289 1996 343 2039 et
375 1987 425 2040 in
465 1988 574 2043 hoc
602 1999 750 2057 patet
780 1990 921 2058 quod
953 2006 1073 2045 eam
1101 1991 1267 2046 dilexi
1296 2001 1352 2045 et
1382 1991 1571 2062 diligo,
1595 1990 1738 2060 quod

164 2088 263 2130 tota
293 2080 397 2140 die,
429 2080 480 2133 id
504 2092 593 2135 est
615 2081 822 2151 jugiter
844 2084 1111 2141 meditatio
1138 2100 1253 2137 mea
1274 2093 1371 2147 est,
1398 2083 1451 2137 in
1486 2083 1599 2153 ipsa
1625 2084 1741 2152 lege

164 2170 501 2239 intelligenda
542 2182 601 2226 et
631 2174 969 2242 complenda.
1010 2174 1103 2229 Vel
1153 2177 1271 2230 sic:
1308 2176 1373 2229 Et
1401 2176 1536 2229 adeo
1578 2174 1739 2229 dilexi

162 2265 294 2327 quod
323 2264 616 2317 meditatio
661 2280 778 2318 mea
811 2281 973 2333 quam
1012 2264 1079 2318 de
1111 2266 1213 2319 hac
1244 2265 1358 2335 lege
1400 2264 1602 2327 habeo,
1635 2279 1740 2319 non

163 2358 239 2402 est
283 2350 333 2403 iu
374 2353 626 2406 tenebris
667 2354 809 2407 sicut
859 2355 1140 2408 meditatio
1187 2354 1523 2418 inda-orum,
1559 2356 1650 2410 sed
1688 2358 1741 2409 in

166 2449 269 2492 tota
295 2442 399 2498 die.
435 2442 488 2494 id
521 2453 610 2496 est
637 2445 688 2497 iu
727 2445 935 2515 integra
967 2454 1022 2498 et
1063 2446 1208 2499 clara
1236 2446 1569 2515 cognitione.
1600 2445 1745 2513 Quo-

167 2530 304 2582 niam
336 2546 468 2600 crgo
508 2532 686 2601 legem
720 2544 954 2588 veterem
987 2534 1173 2599 dilexi,
1203 2545 1258 2588 et
1281 2544 1391 2588 tota
1414 2536 1500 2589 die
1523 2537 1746 2589 medita-

160 2622 226 2671 tio
249 2636 362 2674 mea
392 2632 492 2684 est,
524 2623 703 2691 fecisti
741 2641 819 2677 me
855 2627 1161 2693 prudentem
1191 2626 1243 2679 in
1269 2626 1545 2682 intellectu
1579 2627 1746 2697 ipsius

144 2708 307 2776 legis,
350 2723 406 2766 et
435 2714 554 2768 hoc
593 2732 748 2783 super
790 2717 1029 2771 inimicos
1059 2710 1443 2772 meosludams
1472 2720 1563 2788 qui
1608 2720 1743 2774 mihi

156 2801 531 2869 inimicantur,
578 2804 698 2858 ideo
741 2805 866 2873 quia
903 2806 1075 2875 legem
1118 2806 1437 2875 spiritaliter
1484 2807 1744 2877 intelligo.

156 2891 302 2958 Quod
330 2904 417 2948 est
445 2897 644 2948 dicere
680 2913 692 2947 ε
727 2896 923 2950 Fecisti
950 2912 1035 2950 me
1066 2896 1119 2949 in
1143 2895 1258 2965 ipsa
1293 2894 1408 2965 lege
1438 2896 1748 2965 prudentio-

156 3001 264 3040 rem
307 3002 475 3054 quam
525 2986 751 3042 Judteos
796 2988 1045 3042 inimicos
1088 3003 1264 3049 meos,
1312 2997 1365 3041 et
1416 2987 1519 3042 hoc
1569 2987 1744 3043 fecisti

156 3078 405 3130 niandato
439 3090 540 3130 tuo
567 3094 717 3132 nova:
744 3078 897 3147 legis.
928 3078 1080 3144 Quod
1111 3088 1196 3133 est
1220 3080 1440 3133 dicere:
1472 3078 1574 3132 Per
1597 3095 1747 3133 nova:
1775 3101 1821 3161 ο

153 3166 283 3235 legis
308 3168 784 3222 illuminationein
815 3169 986 3222 iecisti
1012 3184 1097 3221 me
1123 3169 1416 3237 prudenter
1443 3168 1748 3235 intelligere

155 3269 397 3314 veterem
437 3261 646 3329 legem,
679 3276 799 3329 qua:
823 3260 1014 3314 umbra
1044 3269 1130 3313 est
1162 3274 1312 3313 novae
1336 3260 1490 3327 legis.
1524 3260 1591 3314 Et
1630 3260 1750 3315 ideo

152 3349 330 3405 fecisti
371 3366 466 3404 me
500 3351 561 3403 in
593 3348 709 3418 lege
747 3350 826 3404 sic
869 3350 1215 3419 prudentem,
1245 3352 1370 3419 quia
1410 3350 1492 3404 lex
1537 3352 1650 3405 haec
1675 3361 1750 3405 est

152 3440 279 3493 milii
325 3442 528 3494 ductio
573 3440 627 3494 in
668 3449 946 3502 wternuut,
999 3441 1051 3494 id
1099 3451 1183 3495 est
1235 3440 1288 3495 iti
1330 3442 1749 3511 promissionem

147 3531 512 3586 aeternitatis.
551 3532 703 3598 Quod
734 3540 812 3585 est
847 3532 1033 3585 dicere
1067 3550 1079 3585 :
1113 3531 1231 3586 Non
1277 3533 1520 3603 intelligo
1562 3550 1751 3603 super-

151 3623 449 3678 ﬁcietenus
486 3639 557 3678 ex
590 3623 951 3691 completionc
989 3623 1146 3691 hujus
1176 3625 1312 3695 legis
1346 3626 1588 3695 promitti
1620 3626 1751 3680 mihi

152 3712 491 3782 temporalia
535 3721 593 3765 ut
626 3711 820 3775 JildtBI,
869 3713 963 3782 qui
994 3715 1060 3768 ad
1100 3714 1338 3769 litteram
1382 3723 1592 3770 tantum
1631 3731 1751 3771 eant

147 3804 508 3876 intelligunt,
539 3805 665 3871 sed,
708 3805 1063 3875 intelligendo
1100 3821 1219 3860 eam
1261 3806 1634 3875 spiritualiter,
1674 3808 1756 3860 iti-

146 3896 343 3966 tclligo
369 3899 616 3968 mystice
641 3897 771 3951 mihi
795 3912 891 3966 per
909 3912 1029 3951 eam
1060 3897 1198 3953 bona
1223 3897 1464 3953 caelestia
1491 3900 1752 3967 promitti.

142 3984 285 4049 Quia
338 3987 571 4041 dixerat
625 3987 1043 4041 indcterutinate
1102 4003 1259 4056 super
1315 3988 1554 4042 inimicos
1610 4004 1751 4043 meos

1842 1882 2097 1935 mandata
2129 1883 2222 1937 Dei
2264 1883 2546 1951 quazsisse,
2581 1900 2689 1937 non
2716 1883 2986 1953 superflue
3013 1886 3268 1955 apposuit
3294 1888 3424 1955 quia

1842 1974 2094 2027 mandata
2140 1986 2230 2028 tua
2276 1977 2511 2045 quwsivi.
2548 1975 2798 2031 Ostendit
2835 1986 3015 2030 autem
3045 1991 3143 2053 per
3169 1976 3424 2032 effectum

1843 2067 2113 2134 quomodo
2160 2066 2351 2121 dilexit
2389 2067 2558 2139 legem
2598 2070 2678 2122 sic
2712 2088 2723 2122 :
2760 2067 2950 2133 Dilexi,
2994 2067 3423 2139 inquam,legem

1845 2166 2014 2218 tuam,
2063 2168 2119 2213 et
2155 2158 2234 2213 sic
2273 2159 2434 2213 dilexi
2465 2160 2607 2229 quod
2632 2162 2771 2214 sidut
2827 2160 2880 2214 in
2940 2176 3001 2214 ea
3057 2161 3418 2215 constitutum

1844 2258 1948 2313 est,
1977 2250 2042 2303 ab
2077 2252 2219 2305 omni
2247 2252 2328 2305 via
2364 2252 2527 2319 mala,
2572 2252 2624 2307 id
2650 2262 2737 2306 est
2763 2252 2831 2305 ab
2863 2252 3009 2307 omni
3046 2252 3129 2306 via
3162 2253 3427 2309 crimina—

1847 2340 1913 2395 lis
1942 2342 2265 2411 iniquitatis,
2300 2358 2396 2412 per
2420 2360 2581 2412 quam
2608 2348 2824 2397 venitur
2852 2343 2922 2397 ad
2963 2353 3218 2409 mortem,
3249 2348 3429 2414 prohi-

1847 2432 1931 2484 bui
1976 2433 2131 2500 pedes
2167 2449 2329 2493 meos,
2386 2432 2439 2484 id
2486 2440 2570 2486 est
2614 2432 2932 2488 affectiones
2968 2448 3149 2496 meas;
3193 2434 3426 2497 scilicet.

1847 2535 1970 2574 cum
2013 2536 2078 2574 ex
2125 2520 2419 2590 fragilitate
2471 2520 2652 2575 carnis
2698 2519 3013 2575 aﬂ'ectiones
3056 2534 3191 2576 mea:
3244 2535 3430 2591 prona:

1848 2620 2030 2666 essent
2074 2612 2141 2665 ad
2192 2612 2554 2680 peccandum,
2609 2613 2660 2666 vi
2711 2613 2938 2667 rationis
2976 2627 3071 2667 eas
3114 2627 3144 2667 a
3189 2615 3432 2683 peccatis

1848 2703 2119 2773 prohibui.
2167 2703 2304 2770 Quia
2342 2719 2471 2758 vero
2501 2719 2604 2758 non
2644 2703 2845 2758 sullicit
2888 2704 3164 2759 abstinere
3191 2720 3223 2758 a
3265 2704 3430 2767 malo,

1852 2796 1953 2848 nisi
1996 2795 2090 2848 ﬁat
2132 2795 2277 2861 quod
2311 2794 2508 2849 bonum
2544 2803 2649 2859 est,
2679 2795 2759 2850 sic
2798 2794 2966 2866 etiam
2996 2794 3162 2849 dilexi
3184 2803 3240 2850 et
3268 2794 3432 2866 diligo

1851 2881 2013 2953 legem
2040 2894 2209 2949 tuam,
2240 2894 2295 2935 ut
2327 2884 2625 2937 custodiant
2654 2859 2821 2937 vero:
2838 2894 2955 2948 tua,
2988 2883 3040 2938 id
3071 2892 3157 2938 est
3186 2892 3245 2938 ut
3264 2899 3432 2955 opere

1852 2975 2150 3046 compleam
2190 2976 2356 3029 verba
2390 2975 2589 3029 veteris
2626 2974 2761 3045 legis
2802 2984 2929 3039 tum,
2964 2990 3085 3045 qua:
3113 2974 3436 3044 prazcipiunt

1851 3069 1990 3124 bene
2019 3067 2256 3137 Operari,
2285 3077 2341 3122 et
2370 3067 2459 3122 sic.
2486 3067 2655 3122 etiam
2696 3067 2963 3122 custodivi
3016 3068 3205 3133 verba,
3258 3068 3309 3123 id
3345 3081 3434 3123 est

1853 3170 2118 3231 praecepta
2167 3160 2363 3215 veteris
2393 3159 2525 3230 legis
2566 3160 2711 3229 quod
2759 3159 3160 3229 aliquatenusa
3194 3160 3428 3230 judiciis

1852 3251 1978 3315 tuis,
2009 3251 2061 3305 id
2087 3260 2170 3305 est
2207 3266 2235 3304 a
2269 3234 2558 3321 praeceptis
2583 3251 2784 3306 veteris
2811 3250 2966 3322 legis,
3000 3266 3120 3320 qua:
3146 3259 3200 3305 tu
3219 3252 3433 3323 judicas

1852 3356 1971 3398 esse
2016 3340 2352 3412 complenda,
2408 3360 2513 3397 non
2556 3343 2835 3410 declinavi,
2892 3343 3060 3417 ἀ,θᾷ
3106 3354 3432 3414 praetergre-

1854 3433 2050 3489 dicndo
2079 3448 2141 3488 ea
2169 3449 2234 3487 ex
2261 3434 2614 3504 negligentia.
2646 3434 2759 3489 lloc
2784 3444 2965 3490 autem
2998 3436 3140 3505 quod
3163 3451 3227 3492 ea
3252 3446 3435 3493 custo-

1854 3526 1960 3580 divi
1999 3542 2104 3581 non
2137 3540 2203 3580 ex
2234 3526 2442 3580 viribus
2472 3527 2607 3582 meis
2651 3526 2834 3590 habui,
2868 3528 2961 3583 sed
3000 3542 3066 3582 ex
3103 3529 3276 3599 gratia
3308 3538 3424 3595 tua,

1853 3622 1978 3688 quia
1996 3629 2073 3685 tu,
2098 3620 2188 3689 qui
2213 3620 2553 3689 onmipotens
2576 3635 2656 3683 es,
2683 3620 2926 3689 posuisti,
2951 3619 3005 3675 id
3028 3630 3112 3676 est
3141 3620 3351 3677 ﬁrmam
3380 3635 3439 3678 ct

1856 3721 2117 3767 statutam
2147 3713 2274 3767 mihi
2305 3712 2481 3767 fecisti
2513 3714 2657 3768 hanc
2692 3713 2855 3783 legem
2886 3723 3033 3768 tuam
3074 3723 3336 3780 veterem,
3367 3733 3437 3771 ne

1857 3805 1910 3859 in
1935 3803 2118 3874 aliquo
2145 3804 2506 3860 criminaliter
2531 3806 2987 3875 praetergrederer
3022 3821 3164 3862 eam.
3193 3807 3320 3862 Non
3340 3809 3436 3863 de-

1857 3896 2071 3961 clinavi,
2111 3896 2356 3967 inquam,
2396 3914 2424 3950 a
2450 3895 2693 3964 iudiciis,
2732 3898 2788 3951 id
2827 3907 2911 3952 est
2938 3912 2968 3951 a
3000 3899 3272 3953 mandatis
3304 3898 3433 3953 tuis.

1858 3988 2124 4055 Quoniam
2154 3989 2361 4060 eloquia
2389 4001 2503 4056 tua,
2536 3990 2587 4045 id
2617 3999 2702 4045 est
2729 3993 2982 4045 mandata
3014 4000 3102 4045 tua
3128 3999 3258 4046 sunt
3276 4008 3436 4061 quam

138 4078 480 4144 prudentem
511 4096 589 4132 me
615 4079 808 4147 fecisti,
839 4079 1169 4134 determinat
1209 4080 1277 4133 de
1302 4080 1497 4149 quibus
1523 4081 1756 4137 inimicis

140 4169 300 4222 dicat
331 4183 476 4222 cum
509 4169 588 4222 sic
618 4170 768 4224 addit
798 4188 810 4223 :
843 4168 1016 4240 Super
1043 4170 1283 4224 inimicos
1316 4186 1477 4235 meos,
1510 4171 1754 4240 inquam,

136 4260 487 4327 prudentem
530 4276 608 4312 me
633 4262 825 4329 fecisti,
856 4278 962 4315 non
1004 4262 1127 4316 dico
1157 4277 1286 4316 vero
1313 4256 1481 4331 super
1504 4263 1756 4333 gentiles,
1860 4280 1953 4320 ces
2012 4266 2242 4329 habere,
2298 4264 2426 4317 dum
2480 4263 2691 4317 viribus
2740 4260 2969 4314 rationis
3023 4259 3279 4315 mandata
3341 4261 3436 4315 Dei

136 4354 237 4405 sed
270 4368 462 4419 super
493 4368 668 4403 omnes
697 4352 935 4406 docentes
978 4370 1058 4407 me
1087 4352 1342 4420 intellexi,
1376 4353 1427 4407 id
1457 4363 1541 4409 est
1588 4353 1758 4423 tnajo—
1862 4364 2064 4423 gustat,
2095 4364 2149 4408 et
2187 4354 2239 4407 in
2266 4354 2349 4408 eis
2377 4352 2535 4406 valde
2561 4351 2882 4407 delectatur.
2924 4348 3043 4416 Vel,
3073 4366 3231 4421 quam
3256 4349 3438 4405 dulcia

137 4455 261 4493 ιιι-ιιι
314 4439 676 4494 intellectum
730 4441 891 4493 habui
939 4443 989 4496 iu
1037 4443 1139 4498 hac
1188 4430 1313 4512 lege
1354 4460 1517 4515 quam
1569 4462 1760 4502 omnes
1784 4436 1838 4496 D
1863 4454 1982 4497 sttnt
2014 4444 2254 4512 faucibus
2284 4445 2414 4497 meis
2450 4442 2832 4504 exterioribus,
2862 4442 2915 4496 id
2936 4449 3023 4495 est
3048 4439 3296 4496 faucibus
3317 4456 3439 4497 cor-

129 4531 322 4588 Juda-i
349 4573 367 4596 ,
404 4532 509 4602 qui
538 4534 791 4586 dicuntur
812 4534 1071 4590 decentes
1101 4551 1209 4600 me,
1235 4551 1302 4590 eo
1322 4538 1464 4607 quod
1493 4554 1759 4607 praesuin-
1863 4537 2033 4606 poris,
2063 4535 2275 4590 scilicet
2305 4534 2459 4588 dulce
2491 4534 2622 4588 mihi
2649 4543 2810 4588 estet
2833 4530 3132 4600 jucundum
3165 4540 3224 4587 ut
3251 4547 3439 4601 corpo-

135 4626 346 4693 ptione
401 4625 647 4694 quadam
680 4641 766 4680 me
792 4626 1044 4688 doceant,
1077 4637 1334 4696 putantes
1379 4644 1437 4685 se
1471 4632 1643 4701 magis
1676 4646 1759 4686 me
1862 4629 1970 4684 reis
2004 4626 2250 4683 faucibus
2291 4626 2562 4695 loquendo
2609 4641 2673 4682 ea
2723 4626 2847 4681 aliis
2883 4626 3222 4681 annuntiem.
3262 4624 3438 4691 Quam
3494 4703 3498 4707 ι

128 4714 517 4787 intelligere;
551 4716 635 4769 vel
659 4715 915 4769 dicuntur
935 4715 1176 4771 docentes
1198 4734 1300 4783 me,
1329 4732 1394 4773 eo
1422 4721 1563 4789 quod
1589 4721 1757 4791 ipsam
1861 4722 2062 4785 dulcia,
2094 4720 2338 4790 inquam,
2361 4728 2486 4773 sunt
2513 4717 2722 4790 eloquia
2753 4729 2846 4772 tua
2869 4717 3110 4787 faucibus
3140 4718 3270 4772 meis
3291 4729 3440 4773 exte-

130 4809 330 4881 legem
381 4809 467 4864 ad
499 4810 733 4864 litteram
763 4826 849 4864 me
892 4809 1143 4877 doceant,
1186 4811 1330 4865 sicut
1376 4811 1756 4884 Hieronymus,
1861 4813 2100 4868 rioribus
2146 4811 2233 4867 vel
2276 4810 2647 4876 interioribus,
2688 4820 2746 4866 et
2793 4811 2899 4865 hoc
2940 4826 3100 4881 super
3141 4808 3266 4876 mel,
3297 4811 3440 4878 quod

123 4903 429 4974 egregius
487 4901 765 4957 Hebraicm
814 4900 948 4972 legis
1008 4902 1415 4972 interpretator,
1475 4918 1503 4956 a
1552 4903 1754 4960 ludatis
1863 4906 2020 4961 dulce
2045 4913 2130 4960 est
2156 4905 2237 4959 ori
2269 4920 2383 4959 meo
2425 4904 2707 4959 exteriori.
2738 4903 2891 4971 Quod
2927 4913 3011 4959 est
3047 4904 3230 4958 dicere
3262 4918 3275 4955 :
3307 4901 3438 4956 Dul-

125 4998 325 5065 ipsain
352 4995 543 5063 legem
570 4995 637 5048 ad
671 4994 905 5048 litteram
936 5003 1020 5048 est
1052 4995 1274 5049 edoctus
1291 4995 1462 5065 (460).
1493 4995 1757 5061 Intellexi,
1862 5001 2010 5057 ciora
2034 5008 2161 5055 sunt
2181 4999 2427 5054 faucibus
2448 4998 2782 5068 mcis,quam
2803 4998 2908 5061 mel
2928 4998 3009 5052 ori
3038 5010 3178 5050 meo.
3203 4994 3442 5055 Dulcedu

120 5087 418 5155 inquam,
459 5102 619 5155 super
643 5100 819 5139 omnes
853 5083 1094 5138 docentes
1125 5102 1224 5152 me,
1252 5094 1308 5140 et
1339 5086 1444 5140 hoc
1481 5086 1607 5140 inde
1631 5101 1761 5140 con-
1861 5092 2063 5161 quippe
2091 5090 2267 5145 mellis
2292 5089 2402 5143 cito
2430 5089 2643 5149 transit.
2667 5104 2855 5143 eorum
2879 5101 3011 5142 vero
3033 5084 3302 5141 durabilis
3335 5096 3438 5140 est.
3502 5126 3505 5135 η

125 5179 289 5248 tigit,
330 5176 485 5247 quia
519 5177 790 5230 meditatio
822 5193 938 5232 mea
962 5186 1066 5241 est,
1101 5177 1238 5231 banc
1266 5176 1439 5247 legem
1468 5192 1589 5232 esse
1619 5177 1762 5231 tcsti-
1862 5181 2131 5249 Quoniam
2181 5180 2344 5250 igitur
2390 5194 2420 5232 a
2472 5179 2744 5235 mandatis
2788 5177 2896 5231 tuis
2935 5192 3039 5230 non
3082 5174 3344 5229 declinavi
3386 5184 3442 5228 et
3508 5186 3511 5189 λ

120 5269 336 5322 monia
377 5277 506 5333 tua,
543 5267 594 5320 id
639 5275 725 5321 est
762 5267 888 5336 quia
931 5266 1225 5321 meditatus
1260 5281 1379 5321 sum
1426 5266 1481 5321 in
1514 5266 1617 5321 hac
1644 5265 1761 5337 lege
1860 5288 2018 5344 quam
2075 5269 2251 5324 dulcia
2292 5279 2417 5323 sunt
2461 5267 2704 5337 faucibus
2743 5266 2892 5327 meis,
2938 5282 2970 5318 a
3013 5264 3283 5318 mandatis
3313 5265 3438 5326 tuis,

124 5357 495 5412 testimonia
530 5368 620 5409 tua
654 5356 942 5418 contineri,
1000 5354 1371 5415 testiinonium
1421 5356 1627 5427 scilicet
1660 5372 1760 5411 na-
1864 5361 2136 5416 mandatis
2169 5359 2377 5415 scilicet
2409 5357 2542 5428 legis
2589 5356 2790 5411 veteris
2815 5352 3134 5424 Spiritaliter
3155 5353 3441 5409 custoditis

122 5450 413 5506 tivitatis
465 5449 585 5503 Filii
637 5450 738 5513 tui,
788 5451 1058 5519 passionis
1103 5460 1160 5506 et
1214 5451 1653 5515 resurrectionis,
1705 5461 1763 5507 et
1862 5464 1919 5508 et
1950 5452 2280 5508 dulcissimis
2324 5448 2711 5512 existentibus,
2762 5444 2963 5500 accidit
3012 5446 3157 5514 quod
3203 5444 3441 5499 intellexi

123 5541 508 5597 salvationis
554 5542 769 5595 humani
814 5542 1031 5612 generis
1081 5550 1135 5598 et
1184 5550 1506 5596 eteterorum
1540 5553 1759 5599 actuum
1865 5549 2038 5617 magis
2062 5555 2114 5600 et
2148 5544 2339 5614 magis,
2374 5542 2425 5596 id
2454 5550 2537 5597 est
2565 5539 2954 5610 promotiorem
2985 5537 3317 5592 intellectum
3341 5534 3441 5587 ha-

1860 4080 2062 4147 dulcia,
2092 4081 2145 4136 id
2182 4090 2267 4137 est
2297 4081 2451 4138 valde
2491 4081 2668 4137 dulcia
2709 4089 2766 4136 et
2805 4079 3148 4135 delectabilia
3192 4078 3436 4148 faucibus

1858 4175 1986 4227 meis
2015 4174 2363 4230 interioribus
2391 4191 2403 4225 :
2429 4173 2633 4227 dicitur
2658 4186 2687 4226 a
2721 4170 3076 4225 similitudine
3110 4170 3290 4225 anima
3314 4168 3436 4225 fau-

214 5698 408 5772 (ςισο)
446 5698 658 5752 Constat
680 5698 732 5750 id
764 5716 827 5751 ex
850 5699 1008 5765 epist.
1038 5700 1070 5753 ι
1099 5699 1163 5754 ad
1193 5697 1493 5765 Rusticum,
1519 5714 1638 5771 cap.
1673 5704 1724 5756 6.
2398 5714 2405 5729 ‘

601 5792 863 5853 I’n‘non.
906 5792 1089 5855 CLII.

3089 5776 3157 5838 lsi
