3962 6318
598 338 723 391 1291

1166 336 1221 390 S.
1264 332 1608 390 BLKUNONIS
1644 328 2286 386 CARTIIUSIANOIKUM
2333 328 2813 386 lNS'l‘lTb’TORlS
2849 330 3003 387 OPP.
3047 331 3225 386 PARS
3268 332 3305 385 Ι.

3680 339 3781 395 ΗΞΒ

602 453 689 503 bni
719 452 769 503 in
809 450 936 519 ipsis
969 449 1256 502 mandatis.
1288 449 1350 501 Et
1377 457 1646 517 propterea
1670 444 1809 512 quod
1833 442 2009 495 dulcia
2038 443 2165 496 mihi
2198 456 2241 508 Λ
2271 454 2369 503 est,
2412 445 2495 497 cui
2531 444 2726 511 aliquis
2766 445 2945 498 lumen
2979 447 3209 515 pedibus
3242 446 3542 513 praetendit,
3572 459 3624 502 ιιι
3658 453 3786 508 videat

594 551 738 604 sunt,
770 552 823 593 et
852 541 976 607 quia
1021 541 1089 594 ab
1127 541 1259 608 ipsis
1302 540 1499 593 accidit
1534 536 1676 605 quod
1710 534 1979 589 intensius
2008 533 2167 587 intel-

592 632 717 695 lexi,
750 632 886 683 odivi
928 646 1131 683 onmem
1172 631 1310 683 riam
1361 628 1678 697 iniquitatis,
1725 625 1776 679 id
1825 634 1908 680 est
1948 639 2165 679 omnem

594 724 934 791 iniquitatem
976 722 1335 785 criminalem,
1380 734 1499 787 qua:
1534 718 1621 771 via
1666 726 1749 771 est
1790 717 1859 771 ad
1911 726 2163 771 mortem.

592 813 743 878 Quod
789 824 872 867 est
914 814 1141 868 dicere:
1183 813 1317 877 Quia
1364 809 1541 863 dulcia
1591 807 1724 861 mihi
1767 805 1985 862 fuerunt
2028 823 2167 877 prae-

596 915 750 974 cepta
782 915 1009 974 lua,per
1034 918 1152 971 qua:
1174 903 1330 956 datur
1354 901 1691 965 intellectus,
1719 902 2025 956 econtrario
2046 901 2166 955 odio

591 996 716 1046 bilia
763 1004 981 1063 peccata
1037 990 1303 1061 reputavi,
1352 1005 1421 1045 ex
1470 990 1669 1060 quibus
1711 990 2022 1061 ignorantia
2072 1004 2170 1060 pa-

592 1094 763 1137 tatur.

665 1175 779 1230 Nux
817 1173 1000 1226 unicus
1042 1170 1125 1226 vel
1155 1188 1352 1240 pascua
1383 1188 1561 1227 eorum
1593 1172 2004 1242 interpretatur.
2037 1172 2167 1240 Qua:

588 1267 790 1319 idcirco
821 1264 1209 1318 convenienter
1243 1264 1295 1317 in
1330 1264 1484 1318 initio
1524 1280 1780 1319 versuum
1817 1265 1977 1334 hujus
2016 1267 2167 1320 clau-

590 1358 716 1409 stula:
751 1359 988 1425 ponitur,
1024 1356 1284 1424 quoniam
1324 1355 1562 1410 ﬁdelium
1607 1371 1813 1423 massa,
1849 1372 1968 1427 qua:
2006 1372 2165 1427 supe-

588 1448 698 1499 rius
723 1445 959 1498 ostendit
991 1459 1051 1499 se
1082 1444 1253 1513 legem
1304 1455 1540 1500 veterem
1586 1446 1843 1501 dilexisse
1877 1457 1931 1501 et
1977 1448 2167 1502 obser-

587 1553 763 1599 vasse,
788 1548 841 1590 et
874 1539 1125 1590 ntandata
1156 1538 1289 1607 legis
1315 1554 1465 1592 nova:
1495 1540 1773 1607 quaesisse,
1802 1540 1903 1594 hoc
1934 1555 2038 1594 non
2064 1540 2164 1594 sibi

585 1627 890 1689 ascribens,
923 1644 980 1680 se
1012 1629 1113 1682 hoc
1142 1629 1397 1682 habuisse
1420 1630 1657 1683 ostendit
1688 1645 1781 1699 per
1813 1631 2040 1684 verbum
2068 1630 2166 1684 Do-

589 1721 746 1785 mini,
795 1736 891 1789 per
941 1721 1241 1785 Christum,
1291 1721 1522 1785 scilicet,
1577 1722 1794 1775 unicum
1824 1722 2019 1775 Filium
2069 1722 2161 1776 Dei

2268 546 2375 599 quo
2397 534 2561 602 pedes
2589 548 2789 602 ponere
2838 536 3057 599 debeat,
3098 551 3167 589 ne
3214 536 3356 590 male
3400 536 3639 591 incedens
3673 547 3786 599 radat

2267 629 2361 672 aut
2412 617 2671 673 ollcudat.
2728 619 2997 686 Quoniam
3050 635 3181 691 ergo
3244 621 3449 675 verbum
3495 622 3585 677 luit
3627 627 3785 685 lucerna

2267 707 2486 775 pedibus
2513 709 2640 761 meis
2675 718 2721 761 et
2754 709 2929 763 lumen
2972 711 3170 764 semitis
3196 712 3346 773 meis,
3384 713 3559 781 juravi
3583 727 3623 768 et
3648 728 3785 784 statin,

2268 800 2321 855 id
2348 809 2432 854 est
2454 799 2810 868 jurejurando
2841 804 3031 868 statui,
3063 803 3274 858 scilicet
3320 802 3609 862 lirmiterct
3642 810 3790 865 imum-

2270 893 2505 948 tabiliter
2538 893 2780 963 disposui
2820 895 2962 964 apud
2989 909 3077 949 me
3104 895 3370 950 custodire
3389 897 3588 965 judicia
3617 901 3791 969 justice

2267 992 2394 1049 tute,
2422 982 2477 1036 id
2505 992 2588 1038 est
2610 984 2759 1053 justa
2777 984 2980 1054 judicia
3010 994 3126 1051 tua,
3152 999 3422 1057 praecepta
3452 990 3678 1047 videlicet
3708 1004 3789 1059 tua,

2267 1088 2388 1143 qua:
2417 1083 2470 1128 tu
2490 1072 2707 1143 judicas
2747 1089 2868 1130 esse
2903 1075 3252 1145 complenda,
3291 1087 3347 1131 et
3380 1093 3497 1147 qum
3516 1078 3647 1147 justa
3680 1098 3789 1139 situt.

2269 1164 2385 1219 Non
2436 1180 2651 1235 possem
2703 1165 2907 1235 quippe
2959 1166 3190 1222 lirmiter
3254 1168 3359 1222 hoc
3400 1168 3792 1238 disponerenisi

2268 1255 2433 1310 verbo
2457 1264 2548 1309 tuo
2571 1254 2911 1311 illuminaute
2940 1272 3042 1312 me.
3068 1257 3222 1325 Quod
3246 1258 3381 1313 dicit
3396 1259 3574 1329 jura"
3591 1273 3633 1315 et
3654 1271 3793 1327 statu,

2266 1347 2505 1417 positum
2536 1358 2623 1403 est
2662 1351 2731 1405 ab
2761 1350 2904 1405 illius
2944 1351 3303 1406 similitudine
3336 1354 3429 1421 qui
3474 1353 3595 1409 illud
3618 1356 3795 1412 ﬁrmiter

2268 1438 2509 1508 disponit
2532 1439 2674 1509 quod
2703 1456 2828 1495 cum
2870 1440 3229 1511 jurejurando
3257 1444 3469 1497 statuit.
3508 1444 3631 1499 Cum
3654 1458 3793 1502 autem

2267 1531 2369 1586 hoc
2388 1532 2570 1601 juravi
2608 1542 2656 1587 et
2679 1533 2868 1599 statui,
2892 1548 2998 1587 non
3032 1534 3161 1589 inde
3187 1534 3529 1603 aliquatenus
3555 1540 3793 1607 superbiri,

2266 1623 2362 1677 sed
2419 1622 2729 1677 humiliatus
2786 1640 2904 1678 sum
2960 1641 3356 1696 usquequaque,
3407 1626 3459 1681 id
3504 1636 3581 1683 est
3623 1630 3795 1684 humilis

2269 1714 2441 1767 mansi
2471 1715 2714 1780 omnino,
2768 1729 2943 1784 neque
2987 1717 3091 1771 hoc
3140 1717 3274 1771 mihi
3322 1720 3651 1784 ascrilendo,
3685 1726 3796 1789 quod

580 1813 910 1876 naturalem,
939 1812 1029 1880 qui
1061 1821 1142 1864 est
1170 1813 1431 1880 Spiritalis
1458 1827 1655 1880 pascua
1680 1828 1866 1865 eorttm
1895 1812 2157 1877 fidelium,
2197 1798 2443 1872 Βάκιναυὶ
2489 1814 2537 1857 ει
2571 1807 2756 1870 ualui,
2791 1820 2963 1875 neque
3002 1807 3239 1874 aliquem
3286 1807 3592 1863 itlferiutem
3632 1814 3677 1863 in
3702 1829 3798 1865 san-

579 1921 738 1973 quem
776 1906 865 1958 hic
895 1913 1014 1957 orat
1060 1905 1175 1972 ipsa
1217 1904 1454 1957 ﬁdelium
1486 1919 1684 1966 massa,
1742 1915 1799 1958 ut
1839 1920 1957 1958 eam
1992 1904 2164 1972 magis

583 2000 868 2065 magisque
926 1996 1183 2055 viviﬁcct,
1218 2010 1285 2048 ne
1336 1995 1386 2047 in
1425 1993 1799 2047 lmmiliatione
1830 1994 2161 2061 persecutio—

576 2087 666 2140 nis
695 2087 935 2140 deiiciat.
975 2085 1104 2139 Orat
1132 2100 1348 2153 quoque
1381 2095 1439 2136 ut
1472 2084 1773 2135 voluntaria
1812 2084 1925 2136 oris
1958 2084 2038 2137 sui
2071 2083 2163 2137 bc-

583 2176 851 2245 ncplacita
898 2174 1081 2239 iaciat,
1126 2185 1181 2227 et
1220 2174 1499 2243 pl'mlelltiil
1537 2188 1728 2225 causas
1770 2172 1987 2241 quibus,
2019 2172 2162 2240 quod

582 2277 740 2331 orat,
772 2265 1127 2334 adipiscatur.
1183 2264 1294 2317 Iloc
1342 2278 1521 2316 autem
1562 2276 1624 2315 ea
1673 2262 1974 2316 intentione
2020 2263 2077 2315 lit
2107 2272 2164 2316 ιιι

586 2357 861 2409 auditores
900 2355 1132 2407 instruat
1164 2352 1294 2405 illud
1336 2354 1476 2420 quod
1510 2353 1635 2405 boui
1667 2353 1888 2415 habent,
1924 2367 2029 2404 non
2058 2352 2160 2405 sibi

579 2447 674 2499 sed
726 2445 951 2498 Domino
998 2444 1193 2498 debere
1238 2444 1541 2507 ascribere;
1593 2459 1753 2511 quem
1786 2444 1974 2507 etiam,
2012 2461 2077 2498 ne
2108 2444 2160 2499 in

583 2536 1054 2606 persceutionibus
1087 2535 1365 2600 deﬁciant,
1418 2534 1617 2590 debent
1669 2545 1727 2590 ut
1777 2548 1872 2591 eos
1921 2536 2161 2591 viviﬁcet

580 2642 765 2681 OI'IH'C.
834 2652 837 2653 '

654 2716 889 2770 Lucerna
915 2714 1129 2784 pedibus
1156 2714 1308 2777 meis,
1346 2722 1451 2770 etc.
1483 2714 1635 2782 Quod
1664 2716 1741 2771 sic
1770 2730 1893 2785 cum
1917 2717 2160 2785 superio—

581 2808 733 2859 ribus
761 2805 1111 2874 conjungitur
1147 2804 1331 2881 qliixi,
1365 2804 1609 2866 Domine,
1640 2805 1784 2873 quod
1809 2804 1971 2858 dilexi
1996 2805 2157 2873 legem

577 2908 744 2959 tuum,
770 2906 823 2951 et
846 2897 1096 2949 mandata
1140 2907 1232 2949 tua
1263 2897 1498 2965 quwsivi,
1528 2906 1582 2950 et
1612 2898 1676 2950 ab
1716 2898 1859 2950 οηιηὶ
1902 2914 1984 2951 vta
2016 2898 2158 2950 mula
2194 2900 2199 2909 '

578 2988 819 3059 prohibui
845 2989 998 3056 pedes
1031 3005 1191 3051 meos,
1221 2997 1276 3042 ct
1307 3006 1337 3042 a
1362 2990 1586 3057 judiciis
1615 2991 1720 3043 tuis
1745 3006 1846 3043 non
1875 2990 2153 3043 declinari.

579 3084 703 3138 Hcce
736 3092 915 3137 autem
953 3083 1217 3135 onmiaex
1246 3092 1295 3137 te
1321 3084 1505 3145 habui,
1538 3098 1641 3137 non
1676 3100 1739 3137 ex
1777 3100 1882 3148 me,
1928 3083 2155 3137 Verbum

574 3177 727 3229 enim
768 3186 915 3228 tuum
955 3175 1055 3228 luit
1099 3175 1314 3228 lucerna
1353 3176 1570 3244 pedibus
1604 3177 1728 3228 meis
1784 3176 2154 3239 interioribus,

576 3269 629 3321 id
681 3279 763 3322 est
815 3267 984 3321 Filius
1060 3277 1181 3321 tuus
1252 3267 1351 3321 fuit
1404 3267 1725 3321 illmninatio
1782 3268 2157 3324 all'ertionihus

577 3362 748 3424 meis;
808 3360 1015 3413 scilicet
1048 3359 1306 3413 Dominus
1332 3358 1491 3414 Jesus
1520 3359 1621 3413 fuit
1649 3361 1779 3414 mihi
1816 3361 2154 3427 illuminatio,
2206 3414 2207 3417 η

578 3454 787 3509 Scilicet
844 3452 1169 3506 illuminavit
1200 3453 1406 3521 primas
1443 3452 1757 3507 :ill'ectiones
1801 3470 1970 3508 meas.
2002 3455 2155 3520 Quod

577 3554 660 3597 est
689 3545 918 3597 dicere:
963 3542 1084 3595 Illas
1135 3543 1338 3611 primas
1383 3542 1696 3596 aﬁcctioncs
1743 3542 1894 3597 liberi
1941 3544 2154 3596 arbitrii

578 3636 684 3688 mei
715 3652 850 3703 quas
875 3636 1035 3689 habui
1071 3645 1126 3687 ut
1172 3635 1341 3702 legem
1375 3644 1520 3687 tuam
1567 3634 1847 3705 diligerem
1880 3644 1935 3687 et
1970 3636 2155 3688 obser-

579 3741 781 3789 varem,
814 3725 1134 3778 illuminavit
1164 3727 1356 3779 unicus
1394 3724 1564 3777 Filius
1592 3733 1714 3778 tuus
1741 3726 1943 3777 auxilio
1966 3726 2156 3795 gratia:

580 3827 706 3878 true,
740 3822 797 3867 ιιι
828 3830 931 3868 non
965 3814 1281 3876 deﬁcerent,
1324 3815 1418 3869 sed
1456 3815 1522 3869 de
1560 3816 1644 3868 die
1678 3816 1730 3867 in
1772 3815 1915 3868 diem
1945 3830 2153 3869 cresce-

546 3938 553 3943 υ
587 3914 725 3958 rent.
760 3904 824 3958 Et
853 3904 996 3973 ipsas
1036 3904 1197 3956 etiam
1239 3904 1369 3957 mihi
1422 3906 1591 3959 dedit.
1633 3905 1737 3957 l'er
1768 3921 1853 3959 tne
1896 3906 2039 3959 enim
2071 3907 2153 3958 in-

584 3997 854 4051 sutiiciens
879 4011 1054 4050 essem
1083 4011 1177 4050 eas
1201 3996 1428 4061 habere;
1462 4006 1515 4049 et
1544 3998 1682 4051 idem
1714 3997 1947 4050 Verbum
1978 4008 2151 4062 tuum,

582 4089 842 4142 Dtnninus
868 4087 1045 4149 Jesus,
1082 4086 1181 4139 luit
1219 4084 1394 4139 lumen
1438 4086 1635 4139 semitis
1679 4088 1832 4149 meis,
1862 4087 1912 4139 id
1945 4096 2028 4140 est
2055 4085 2155 4140 fuit

582 4180 908 4234 illnminatio
950 4178 1251 4233 incessibus
1285 4180 1443 4242 meis,
1471 4179 1562 4247 qui
1608 4193 1705 4247 per
1745 4180 1968 4232 semitas
2013 4181 2156 4234 acci-

582 4275 819 4345 piuntur,
852 4286 916 4327 eo
940 4272 1083 4341 quod
1114 4287 1208 4340 per
1230 4272 1453 4326 semitas
1478 4271 1572 4325 liat
1600 4272 1861 4326 incessus.
1891 4272 2042 4338 Quod
2072 4281 2156 4328 est

577 4364 762 4417 dicere
811 4378 824 4414 :
869 4360 983 4414 Non
1017 4360 1190 4414 solum
1226 4359 1551 4425 illuminavit
1592 4361 1797 4429 primas
1840 4360 2154 4416 atiectioncs

2267 1893 2458 1947 ctitate
2499 1907 2564 1947 ea
2593 1896 2883 1949 occasione
2933 1910 3217 1963 spernens,
3244 1908 3300 1950 et
3334 1898 3440 1951 hoc
3472 1902 3649 1953 merito
3685 1918 3797 1954 meo.

2268 1986 2420 2053 Quod
2448 1985 2702 2041 videlicet
2722 1987 3030 2043 humiliatus
3049 2005 3189 2054 sum,
3215 1990 3421 2052 vivi/ica
3450 2007 3531 2043 me
3562 1995 3800 2046 secundum

2266 2077 2495 2143 verbum,
2520 2076 2572 2131 id
2594 2086 2676 2131 cst
2701 2079 2907 2146 vivi/ica
2936 2094 3014 2132 me
3039 2079 3266 2133 interius
3279 2094 3343 2134 ea
3359 2081 3521 2135 vivilii
3536 2084 3801 2153 ationequa:

2269 2166 2325 2218 lit
2345 2168 3109 2233 secundumrerbumtuum,id
3140 2181 3223 2224 est
3240 2187 3335 2241 per
3369 2172 3558 2227 Filium
3579 2177 3801 2231 tuumDo»

2267 2257 2470 2310 miuum
2492 2256 2698 2323 Jesum,
2715 2258 2925 2313 vivitica
2952 2260 3202 2316 videlicet
3218 2263 3269 2315 in
3288 2263 3579 2319 virtutibus
3590 2277 3639 2319 ut
3655 2282 3803 2334 persc-

2267 2364 2446 2404 verem
2470 2350 2523 2403 in
2548 2352 2649 2404 hoc
2669 2353 2812 2420 quod
2832 2352 3035 2420 jurari.
3058 2353 3147 2407 Vel
3175 2353 3805 2424 siczwtiajururieutmi

2263 2442 2523 2496 custodire
2560 2442 2698 2511 iusta
2718 2443 2923 2512 judicia
2953 2454 3063 2509 tua,
3092 2454 3148 2497 et
3191 2444 3527 2512 sicutjuravi
3559 2450 3803 2511 custodiri,

2262 2532 2569 2587 humliatus
2584 2550 2697 2587 sum
2716 2551 3101 2605 usquequaque,
3116 2536 3260 2591 idest
3282 2536 3509 2593 aluit-tus
3532 2555 3641 2593 sum
3667 2545 3807 2595 omni-

2263 2638 2333 2676 no
2345 2625 2590 2693 corporis
2604 2627 2968 2681 tormentisab
2982 2627 3263 2697 impiisqui
3283 2643 3368 2681 me
3387 2646 3416 2683 a
3436 2632 3669 2685 custodia
3681 2649 3806 2685 tuan-

2262 2714 2511 2769 datorum
2550 2725 2760 2771 tuormn
2793 2718 3071 2773 retrahere
3102 2719 3370 2774 nituntur.
3420 2720 3488 2775 Et
3512 2723 3630 2791 quia
3660 2738 3745 2791 pro
3771 2732 3813 2776 te

2260 2807 2573 2860 humiliatus
2614 2825 2752 2872 sum,
2783 2823 2881 2863 oro
2912 2810 3114 2877 riviﬁca
3146 2826 3229 2864 me
3261 2814 3313 2865 in
3344 2813 3528 2866 futuro
3563 2814 3813 2866 secundm

2260 2897 2469 2949 verbum
2495 2908 2663 2961 tuum,
2695 2898 2746 2952 id
2776 2909 2860 2952 est
2892 2900 3101 2952 vivitica
3142 2915 3230 2955 me
3278 2905 3575 2955 secundum
3610 2903 3811 2957 viviﬁca-

2263 2988 2462 3042 tionem
2480 2990 2630 3042 verbi
2657 2991 2754 3055 tui,
2770 2991 2820 3044 id
2842 3001 2926 3045 est
2946 2992 3010 3044 a.l
3036 2992 3448 3047 similitudinem
3466 2996 3814 3055 vivilicationis

2262 3080 2381 3133 Filii
2413 3082 2508 3133 tui.
2560 3081 2712 3147 Quod
2760 3090 2845 3136 est
2877 3083 3101 3138 dicere:
3141 3083 3299 3138 Sicut
3342 3086 3626 3140 hominum
3656 3089 3813 3141 lesuut

2210 3175 2224 3190 ‘
2263 3171 2454 3225 Filium
2485 3181 2631 3225 tuum
2668 3182 2872 3227 acterna
2906 3175 3038 3238 vita,
3083 3177 3389 3229 secundum
3427 3192 3664 3243 carnem,
3704 3180 3814 3231 rivi-

2262 3262 2455 3327 licaSti,
2510 3263 2634 3331 quia
2686 3279 2745 3319 se
2799 3264 3103 3321 humiliavit
3148 3268 3242 3321 tibi
3289 3284 3465 3338 usque
3511 3271 3578 3323 ad
3615 3281 3813 3324 mortem

2258 3354 2522 3407 obcdiens
2549 3353 2716 3424 (Phil.
2759 3371 2820 3418 tt,
2851 3357 2928 3427 8),
2966 3357 3036 3410 ita
3066 3366 3121 3412 et
3147 3374 3228 3412 me
3264 3375 3483 3429 quoque
3517 3362 3729 3429 vivi/ica,
3760 3380 3813 3415 eo

2259 3444 2401 3512 quod
2432 3460 2529 3513 pro
2576 3453 2628 3500 te
2658 3444 2853 3500 fuerim
2887 3448 3225 3503 humiliatus.
3272 3449 3340 3503 Et
3393 3467 3501 3503 non
3532 3452 3696 3505 solum
3735 3468 3816 3503 om

2261 3538 2566 3602 virtticari,
2629 3539 2724 3592 sed
2796 3538 3018 3609 insuper
3078 3554 3174 3595 oro
3227 3543 3529 3595 roluntaria
3578 3544 3679 3596 oris
3732 3545 3813 3595 ωτι

2258 3626 2578 3697 beueplacita
2620 3628 2714 3681 tibi
2766 3626 2876 3696 fac,
2921 3628 3163 3695 Domine,
3196 3629 3248 3683 id
3303 3639 3387 3683 est
3435 3631 3816 3699 prtedicationis

2260 3731 2397 3786 quas
2425 3717 2492 3771 de
2540 3725 2590 3770 te
2631 3717 2749 3771 aliis
2779 3717 3081 3773 voluntarie
3126 3733 3223 3773 ore
3272 3734 3397 3774 meo
3427 3719 3590 3787 facio,
3630 3721 3708 3775 lac
3737 3723 3813 3774 tibi

2258 3809 2677 3877 beneplacitas:
2729 3809 2958 3875 scilicet,
2989 3808 3074 3864 fac
3118 3811 3294 3879 gratia
3351 3821 3439 3865 tua
3492 3822 3549 3867 ut
3594 3828 3683 3867 eas
3708 3828 3813 3866 cum

2257 3900 2586 3955 discretione
2615 3898 2844 3965 iaciam;
2891 3911 2946 3955 et
2975 3902 3053 3956 sic
3097 3902 3190 3956 tibi
3236 3903 3648 3971 beneplaceaut,
3682 3904 3816 3957 aliter

2256 3993 2401 4047 enim
2449 4008 2554 4047 non
2610 3994 2905 4063 placerent.
2958 3991 3025 4047 Et
3090 4004 3151 4049 ut
3214 3995 3311 4049 tibi
3367 3997 3681 4064 beneplucita
3725 3997 3817 4049 sint

2257 4085 2553 4140 uoluntaria
2597 4087 2703 4140 oris
2733 4088 2858 4151 mei,
2895 4088 3022 4140 dore
3051 4102 3129 4140 me
3160 4086 3372 4156 judicia
3417 4100 3528 4151 tua,
3574 4089 3623 4142 id
3649 4098 3726 4142 est
3744 4088 3815 4141 lac

2259 4192 2345 4230 me
2373 4192 2716 4246 cognoscere,
2745 4177 3138 4231 illuminatioue
3166 4179 3357 4247 gratia:
3388 4189 3520 4241 tum,
3570 4180 3815 4248 quomodo

2250 4265 2465 4335 judices
2506 4283 2626 4322 esse
2668 4270 3067 4337 pra'dicandum
3111 4269 3417 4333 nobilibus,
3469 4278 3524 4323 et
3573 4272 3816 4339 quemme

2259 4357 2600 4426 ignobilibus,
2631 4367 2685 4413 et
2707 4362 2979 4428 quatuodo
3009 4361 3204 4424 brutis,
3240 4369 3294 4414 et
3325 4362 3600 4429 quomodo
3622 4362 3811 4431 sapien-

577 4467 725 4506 meas
752 4450 955 4505 auxilio
981 4450 1170 4520 gratia)
1198 4465 1330 4515 Stltc,
1380 4451 1473 4504 sed
1519 4451 1683 4504 etiam
1718 4451 1862 4521 quod
1896 4468 1993 4521 per
2022 4453 2153 4507 dile-
2182 4473 2228 4531 υ
2260 4451 2423 4504 tibus.
2454 4449 2548 4504 Vel
2577 4451 2656 4505 sic
2690 4468 2705 4505 :
2758 4449 3091 4517 Voluntaria,
3125 4452 3374 4522 inquam,
3407 4454 3512 4506 oris
3549 4455 3646 4506 mei
3672 4455 3811 4507 bene—

578 4544 813 4596 ctionem
838 4550 893 4595 et
913 4539 1346 4595 observationem
1372 4538 1504 4610 legis
1534 4549 1654 4609 post
1678 4541 1897 4607 incessi,
1933 4543 2032 4596 hoc
2057 4543 2157 4599 fuit

578 4632 781 4685 auxilio
825 4630 1243 4685 illuminationis
1295 4645 1428 4686 sum.
1480 4630 1729 4685 Lucerna
1767 4645 1898 4686 vero
1933 4648 2039 4685 non
2068 4633 2157 4687 hic

580 4725 844 4795 accipitur
872 4738 971 4792 pro
1000 4738 1126 4777 vase
1169 4723 1306 4778 lucis
1348 4731 1406 4777 ut
1461 4722 1633 4791 accipi
1686 4722 1859 4788 solet;
1914 4726 2009 4777 sed
2058 4739 2156 4793 pro

580 4832 745 4887 parva
774 4815 913 4869 luce.
940 4814 1090 4880 Quod
1107 4829 1172 4868 ex
1196 4813 1461 4868 ilebraiea
1491 4813 1844 4869 translatione
1872 4824 2043 4884 patet,
2067 4816 2153 4870 ubi

587 4912 836 4971 habetur,
862 4906 1082 4960 candela
1107 4907 1320 4975 pedibus
1342 4906 1491 4961 meis.
1520 4906 1727 4961 Dicitur
1746 4908 1963 4978 quidem
1982 4907 2157 4963 Domi-

585 5016 685 5054 nus
706 4998 1111 5059 lesuslucerna,
1132 5012 1237 5051 non
1254 4997 1376 5052 ideo
1399 4998 1542 5066 quod
1569 4998 1621 5052 in
1635 5007 1827 5053 natura
1848 4999 1929 5052 sui
1944 5014 2155 5068 seraper

581 5109 835 5162 magnum
850 5093 1027 5145 lumen
1044 5106 1150 5143 non
1164 5090 1256 5155 sit,
1277 5090 1371 5145 sed
1391 5106 1456 5145 eo
1471 5101 1718 5161 respectu
1733 5092 1875 5160 quod
1891 5092 2156 5161 imprimis

580 5186 900 5240 accedentes
955 5183 1033 5236 ’a'l
1098 5181 1259 5235 tidem
1338 5183 1521 5237 minus
1593 5183 1914 5249 illuminat,
1979 5183 2154 5238 lucer-

578 5290 644 5327 na
670 5272 831 5345 495
854 5271 1079 5336 dicitur;
1121 5270 1414 5325 secundum
1447 5271 1551 5325 hoc
1599 5286 1726 5326 vero
1752 5273 1896 5341 quod
1939 5287 2032 5327 eos
2061 5273 2154 5342 qui

575 5365 683 5433 jam
709 5363 936 5432 promoti
979 5372 1126 5427 sunt,
1158 5362 1333 5431 magis
1362 5361 1653 5427 illuminat,
1696 5377 1947 5433 maguum
1974 5364 2154 5420 lumen

578 5456 815 5523 dicitur,
866 5454 1019 5523 juxta
1080 5453 1210 5508 illud
1280 5452 1542 5508 Joannis:
1585 5471 1604 5504 ι
1679 5454 1810 5507 Erat
1865 5453 1955 5508 lux
2027 5471 2154 5510 vera

584 5545 770 5613 (Joan.
824 5561 861 5607 ι,
901 5543 981 5613 9),
1016 5562 1034 5596 ι
1069 5552 1199 5605 etc.,
1232 5553 1286 5597 et
1316 5544 1456 5598 idem
1486 5543 1612 5598 alibi
1645 5561 1657 5596 :
1704 5561 1723 5595 ι
1767 5543 1879 5615 Ego
1911 5561 2032 5599 sum
2065 5546 2151 5600 lux

582 5638 761 5691 mundi
794 5633 976 5704 (Joan.
1006 5651 1121 5697 vin,
1154 5634 1264 5703 1‘2).
1298 5653 1316 5685 ι
1353 5634 1506 5700 Quod
1536 5634 1665 5688 dicit
1689 5634 1901 5689 lucerna
1937 5637 2154 5705 pedibus

580 5730 727 5791 meis,
757 5744 785 5778 ιι
824 5724 1173 5781 similitudine
1200 5725 1397 5779 dicitur
1445 5725 1678 5780 hominis
1704 5728 1794 5793 qui
1836 5726 1889 5780 in
1918 5727 2154 5783 tenebris

2256 4544 2524 4613 placentia
2591 4545 2699 4613 fac.
2756 4545 2822 4598 Et
2880 4546 2923 4599 si
2986 4555 3207 4615 propter
3261 4545 3361 4599 has
3426 4546 3814 4614 prazdicationes

2257 4637 2660 4707 persecutiones
2686 4636 2819 4691 mihi
2854 4638 3213 4701 occurrerint,
3245 4636 3373 4690 doce
3404 4654 3485 4691 me
3496 4638 3696 4707 judicia
3735 4647 3811 4687 ιιια

2255 4743 2399 4794 esse,
2429 4729 2480 4783 id
2513 4739 2597 4783 est
2647 4729 2774 4783 doce
2817 4746 2897 4783 me
2929 4729 3048 4784 illas
3084 4729 3292 4798 judicia
3342 4740 3435 4782 tua
3473 4744 3614 4793 esse,
3658 4728 3709 4783 id
3744 4738 3813 4780 cst

2251 4823 2457 4893 judicio
2495 4833 2587 4876 tuo
2613 4837 2707 4877 eas
2734 4822 3007 4881 accidere,
3025 4832 3081 4876 ut
3108 4838 3206 4892 per
3227 4837 3323 4877 eas
3347 4824 3521 4892 ntagis
3545 4823 3812 4891 justiﬁecr.

2329 4916 2556 4985 Dignum
2588 4924 2671 4970 est
2698 4924 2876 4969 autem
2927 4925 2987 4969 ut
3038 4930 3122 4969 me
3151 4915 3416 4983 vivilices,
3450 4927 3508 4970 ut
3545 4916 3813 4970 voluntaria

2258 5005 2362 5060 oris
2401 5007 2502 5059 mei
2542 5005 2863 5076 beneplacita
2914 5007 3008 5074 tibi
3059 5005 3251 5071 facias,
3281 5016 3335 5061 et
3372 5008 3581 5076 judicia
3623 5019 3711 5060 tua
3746 5020 3815 5056 me

2256 5098 2471 5161 doceas,
2502 5097 2628 5166 quia
2652 5097 2827 5151 anima
2853 5113 2964 5151 mea
2994 5115 3197 5167 semper
3219 5106 3305 5153 est
3332 5100 3391 5153 in
3412 5099 3656 5153 matribus
3680 5113 3812 5159 mers,

2259 5190 2310 5243 id
2345 5189 2501 5243 estin
2534 5188 2938 5243 defensionibus
2980 5192 3132 5253 meis,
3173 5206 3291 5259 quae
3332 5207 3431 5259 per
3462 5205 3649 5245 manus
3670 5190 3813 5242 deno-

2259 5287 2460 5338 tantur,
2485 5294 2550 5333 eo
2575 5280 2716 5347 quod
2736 5280 2980 5333 manibus
3006 5280 3097 5334 tiat
3118 5292 3307 5335 contra
3342 5284 3553 5336 hostem
3577 5281 3810 5339 defensio.

2256 5372 2408 5435 Quod
2449 5380 2532 5425 est
2582 5373 2806 5426 dicere:
2842 5372 2951 5425 Non
2994 5374 3214 5440 permisi
3249 5376 3486 5428 animam
3545 5389 3713 5428 meam
3751 5372 3810 5424 ab

2258 5461 2491 5515 inimicis
2513 5464 2645 5517 meis
2673 5464 3065 5532 iticmporandu
3082 5467 3350 5533 superari,
3375 5467 3470 5519 sed
3484 5480 3581 5534 per
3605 5464 3811 5517 virtutes

2254 5551 2333 5605 eis
2375 5551 2603 5607 viriliter
2630 5554 2947 5618 resistendo,
2978 5569 3098 5608 eam
3130 5554 3381 5621 defendi,
3419 5572 3448 5609 a
3479 5553 3811 5610 similitudine

2255 5643 2464 5696 strenui
2511 5644 2721 5710 militis,
2750 5645 2840 5715 qui
2869 5661 3041 5711 arma,
3092 5662 3214 5717 qua:
3264 5654 3415 5701 tenet
3445 5648 3499 5701 in
3546 5645 3807 5701 matribus.

2255 5734 2499 5789 hostibus
2546 5752 2649 5789 non
2694 5737 2991 5805 permittit,
3025 5740 3118 5793 sed
3150 5739 3218 5793 ab
3269 5739 3519 5797 hostibus
3561 5756 3621 5792 ea
3650 5738 3809 5790 deleu-
