3978 6328
224 342 366 398 1293

1147 342 1509 404 EXPOSITIO
1537 345 1602 402 IN
1618 432 1625 435 ’
1639 342 2253 402 PSALMOS.—-PSAL.
2297 347 2385 403 CX
2397 347 2523 402 VIII.

3350 361 3372 414 l
3383 360 3487 417 294

221 459 323 512 dit.
382 456 452 510 Et
502 459 603 514 hoc
642 459 800 513 modo
841 459 1058 527 quidem
1103 462 1279 515 anima
1322 479 1434 516 mea
1467 463 1520 515 in
1565 463 1805 515 manibus
1837 473 1879 527 Α
1913 462 2298 532 intelligantur,
2337 466 2457 517 audi
2510 467 2624 519 lure
2678 482 2780 520 non
2829 470 3182 540 negligenter,
3224 482 3319 529 sed
3356 493 3479 531 cum

222 549 353 601 meis
383 557 487 611 est,
516 549 638 617 quia
686 548 847 618 legem
896 561 1039 603 tuan:
1082 567 1186 604 non
1223 568 1339 605 sum
1393 551 1603 606 oblitus.
1655 552 1806 619 Quod

223 638 558 695 estdicere:
591 636 787 707 Legem
830 648 974 693 tuam
1022 640 1333 705 observavi,
1379 652 1434 696 et
1486 642 1565 695 sic
1614 656 1698 696 me
1741 641 1810 695 ab

221 731 304 785 eis
326 729 563 785 defendi.
615 729 833 784 Diceret
875 730 1110 800 aliquis:
1144 732 1457 787 Fuernntne
1485 732 1672 801 aliqui,
1716 732 1805 801 qui

221 830 487 892 cogerent
510 831 561 876 te
594 821 763 891 legem
785 822 1065 878 oblivisci?
1094 825 1177 878 Ad
1200 826 1341 895 quod
1372 826 1451 880 sic
1482 826 1806 895 respondet:

222 911 450 983 Utique.
484 913 792 968 Peccatores
819 916 985 977 enim,
1019 916 1069 971 id
1103 926 1188 972 est
1213 918 1449 973 lueretici
1481 927 1541 973 et
1566 919 1809 974 inﬁdeles

217 1015 277 1061 et
324 1004 445 1060 falsi
485 1006 800 1071 Christiani,
847 1019 1132 1075 posuerunt
1189 1010 1315 1063 mihi
1343 1014 1609 1078 laqueum,
1641 1011 1693 1065 id
1724 1020 1811 1065 est

217 1102 595 1172 deceptionem
624 1102 891 1177 minarum
934 1111 989 1157 et
1017 1103 1399 1159 blanditiarum
1431 1114 1486 1159 et
1522 1122 1810 1177 argumen-

218 1194 490 1247 tationum
519 1175 808 1257 falsarum,
856 1203 916 1248 ut
958 1209 1043 1249 me
1071 1210 1101 1248 a
1142 1196 1410 1251 mandatis
1432 1199 1538 1251 tuis
1565 1200 1809 1253 retrahe-

217 1296 345 1339 rent
370 1302 385 1339 :
410 1296 457 1339 et
482 1300 583 1354 ego
608 1298 785 1341 tamen
809 1303 913 1340 non
933 1287 1128 1352 erravi,
1159 1288 1458 1343 rccedendo
1492 1307 1524 1343 a
1546 1288 1808 1343 mandatis

216 1380 348 1432 tuis.
381 1376 500 1433 Hoc
523 1379 670 1447 quod
697 1378 828 1433 dicit
850 1395 882 1432 α
907 1378 1171 1433 mandatis
1195 1380 1298 1433 tuis
1322 1395 1425 1433 non
1449 1381 1639 1445 erravi,
1668 1380 1806 1434 idem

216 1471 439 1524 videtur
460 1485 580 1525 esse
599 1469 766 1541 496
793 1471 934 1539 quod
964 1471 1212 1541 superius
1247 1471 1383 1524 dixit
1413 1489 1426 1525 :
1461 1470 1641 1541 Legem
1662 1481 1807 1524 tuam

216 1576 329 1612 non
369 1574 487 1612 sum
528 1559 737 1612 oblitus.
785 1558 891 1614 Sed
924 1559 1124 1614 idcirco
1176 1560 1459 1627 repetitum
1511 1571 1630 1623 est,
1682 1560 1807 1628 quia

214 1647 480 1700 dixerat:
518 1645 815 1701 Posuerunt
836 1658 1132 1717 peccatores
1173 1646 1418 1717 laqueum
1454 1648 1601 1701 mihi.
1654 1648 1803 1713 Sive,

215 1751 282 1793 ut
331 1754 435 1793 non
462 1740 533 1794 sit
562 1740 835 1810 repetitio,
872 1754 969 1809 per
1015 1740 1264 1793 ntandata
1313 1755 1448 1793 nova
1485 1740 1571 1793 lex
1606 1741 1808 1809 accipi-

1912 567 2123 607 summa
2148 554 2444 623 diligentia,
2481 564 2537 610 et
2564 555 2761 610 habeto
2790 558 2842 610 in
2871 560 2949 612 eis
2972 561 3358 631 investigandis
3386 567 3482 620 ﬁr-

1913 654 2241 698 mamentum
2277 645 2525 700 rationis.
2555 644 2613 699 Si
2635 646 2779 699 enim
2809 654 3014 704 attente
3042 651 3245 708 fuerint
3278 656 3484 724 auditu,

1911 742 1965 786 et
1990 733 2284 803 diligenter
2322 745 2378 788 et
2408 735 2616 789 ratione
2645 736 2798 790 lirma
2826 749 3181 807 perscrutata,
3208 742 3310 813 legi
3334 760 3487 801 nova:

1912 819 2219 875 nullatenus
2247 831 2406 876 erunt
2440 824 2740 877 contraria.
2772 825 2827 878 In
2877 826 2983 881 hac
3021 828 3259 885 clausula
3302 844 3485 889 osten—

1911 910 2043 963 dunt
2081 910 2264 966 ﬁdeles
2309 927 2368 966 se
2418 912 2633 981 iniquos
2675 914 2801 968 odio
2831 915 3052 984 habere,
3082 928 3138 973 et
3172 919 3341 990 legem
3393 926 3486 979 Dci

1911 1001 2154 1069 diligere,
2187 1012 2244 1057 et
2279 1003 2346 1057 ad
2373 1004 2476 1058 hoc
2509 1004 2675 1058 Deum
2705 1004 3006 1074 adjutorem
3037 1018 3093 1064 et
3119 1022 3486 1083 susceptorem

1912 1092 2129 1148 habere.
2164 1093 2231 1148 Et
2268 1103 2353 1148 est
2389 1095 2678 1149 notandum
2720 1097 2863 1165 quod
2907 1112 3002 1155 eos
3031 1100 3160 1156 odio
3201 1103 3401 1158 habent
3436 1105 3489 1158 in

1913 1184 2014 1239 hoc
2041 1186 2181 1255 quod
2216 1185 2365 1249 mali,
2397 1201 2502 1240 non
2534 1187 2586 1240 in
2631 1188 2734 1242 hoc
2757 1188 2901 1258 quod
2928 1200 3178 1247 creatura
3207 1194 3301 1249 Dei
3337 1206 3485 1250 sunt.

1910 1275 2284 1330 Adliortantur
2310 1277 2474 1331 etiam
2520 1277 2759 1346 iniquos,
2791 1288 2849 1332 ut
2874 1279 3142 1336 desistant
3178 1299 3209 1338 a
3247 1284 3364 1355 lege
3396 1286 3489 1341 Dei

1910 1382 2005 1422 eos
2038 1367 2325 1435 devocare,
2356 1370 2499 1439 quod
2544 1380 2629 1424 est
2677 1370 2806 1439 ipsis
2844 1370 3025 1441 impiis
3062 1387 3224 1429 causa
3268 1376 3492 1430 damna-

1913 1460 2094 1513 tionis.
2123 1458 2295 1514 Orant
2351 1471 2533 1515 antcm
2575 1471 2633 1516 ut
2682 1478 2713 1515 a
2766 1462 2993 1518 Domino
3043 1465 3410 1536 soscipiautur
3435 1478 3491 1523 et

1910 1549 2255 1617 adiuventur,
2281 1559 2337 1604 et
2359 1560 2417 1604 ut
2439 1566 2633 1607 carnes
2656 1567 2766 1607 sua:
2790 1553 2980 1609 timore
3004 1554 3097 1610 Dei
3125 1555 3488 1629 conligantur,

1911 1641 2156 1695 addendo
2204 1656 2395 1697 causas
2428 1659 2597 1713 quare
2638 1645 2902 1699 orandum
2933 1645 3022 1700 sit.
3057 1646 3169 1702 Hoc
3197 1658 3377 1703 autem
3424 1666 3490 1705 ca

1913 1732 2209 1788 intentione
2234 1732 2461 1800 faciunt,
2495 1745 2555 1788 ut
2602 1736 2877 1793 auditores
2908 1739 2973 1793 ad
3007 1739 3123 1794 tunc
3148 1741 3339 1796 eadem
3365 1756 3487 1797 om-

216 1843 333 1897 tur,
366 1843 424 1887 et
469 1848 567 1902 per
615 1809 785 1903 legem
836 1842 990 1887 vetus
1021 1832 1124 1894 lex,
1161 1833 1301 1886 utin
1346 1835 1615 1904 superiori
1659 1835 1806 1890 clau-

1912 1825 1998 1878 nia
2034 1825 2320 1879 instruant.

214 1924 364 1987 sula,
395 1939 557 1993 quam
581 1932 868 1994 utramque
884 1923 1407 1991 ﬁdelescustodiunt,
1421 1935 1476 1980 et
1491 1941 1519 1979 a
1538 1942 1642 1995 qua
1661 1937 1812 1981 utra-

214 2032 331 2086 que
360 2030 456 2070 eos
490 2025 803 2086 peccatores
838 2016 1117 2071 retrahere
1144 2017 1452 2071 intendunt.
1478 2017 1591 2073 Non
1615 2020 1806 2083 erravi,

216 2109 472 2175 inquam,
510 2124 541 2159 a
587 2107 848 2160 mandatis
886 2107 1012 2170 tuis,
1063 2107 1156 2161 sed
1198 2108 1506 2163 han'editate
1556 2111 1809 2175 acquisiui

212 2198 524 2251 testimonia
577 2210 697 2260 tua,
756 2197 807 2251 id
856 2206 939 2251 est
991 2198 1331 2255 hmreditario
1376 2199 1500 2269 jure
1548 2201 1807 2269 acquisivi

215 2290 481 2344 tumulata
512 2299 625 2342 tua.
680 2288 833 2355 Quod
861 2296 945 2342 est
976 2288 1194 2342 dicere:
1250 2289 1340 2344 Sic
1395 2290 1623 2345 ﬁrmiter
1676 2291 1807 2344 mihi

213 2381 488 2450 acquisivi
520 2397 616 2449 per
642 2380 903 2434 auxilium
927 2381 1114 2449 gratia:
1142 2392 1247 2435 tua:
1287 2383 1539 2436 mandata
1585 2392 1698 2447 tua,
1729 2383 1808 2437 di—

213 2471 454 2541 ligenter
505 2472 878 2541 investigando
929 2486 1015 2534 ea,
1052 2473 1194 2542 quod
1243 2473 1314 2527 ita
1361 2488 1425 2528 ea
1468 2484 1626 2528 teneo
1654 2476 1807 2544 quasi

208 2564 342 2629 jure
376 2564 740 2625 Increditario,
799 2575 857 2617 ut
904 2565 1085 2620 nullus
1136 2580 1196 2619 ea
1247 2566 1376 2620 mihi
1415 2565 1574 2620 facile
1625 2578 1810 2637 pessct

214 2657 467 2720 auferre.
500 2659 641 2712 sicut
690 2658 976 2713 Itzcreditas
1016 2660 1159 2714 haud
1187 2659 1343 2714 facile
1372 2675 1468 2729 per
1486 2659 1576 2729 jus
1608 2662 1808 2716 auferri

214 2757 419 2819 potest.
447 2748 469 2801 ι
491 2751 571 2802 'co
593 2765 721 2803 vero
743 2766 845 2803 non
868 2751 1037 2804 erravi
1062 2768 1094 2803 a
1119 2750 1382 2804 mandatis
1404 2752 1531 2816 tuis,
1555 2762 1609 2806 et
1641 2753 1811 2806 haere-

214 2840 392 2892 ditate
435 2854 498 2892 ea
540 2840 828 2908 arquisivi,
865 2841 988 2911 quia
1035 2855 1130 2909 per
1175 2841 1477 2909 emphasim
1524 2842 1807 2896 exsultatio

212 2930 398 2986 cordis
427 2931 529 2983 mei
576 2940 720 2984 sunt.
773 2930 926 2998 Quod
971 2940 1056 2986 est
1099 2931 1318 2985 dicere:
1358 2930 1605 2986 Exsultat
1653 2932 1809 2986 valde

215 3040 317 3076 cor
360 3039 539 3077 meum
568 3025 620 3076 in
658 3025 927 3079 mandatis
960 3024 1066 3079 tuis
1090 3024 1374 3095 acquisitis
1403 3033 1458 3079 et
1499 3025 1802 3079 custoditis.

214 3116 360 3170 Cum
384 3125 570 3169 autem
600 3131 701 3169 non
726 3116 1039 3179 erraverim,
1072 3125 1127 3170 et
1156 3116 1408 3169 mandata
1452 3125 1537 3169 tua
1567 3117 1804 3185 acquisi-
1834 3150 1875 3206 ο

214 3205 421 3267 verim,
454 3219 556 3257 non
599 3204 721 3258 inde
750 3204 1044 3273 superbivi,
1076 3204 1171 3257 sed
1200 3204 1467 3270 inclinari,
1503 3206 1552 3258 id
1592 3213 1676 3259 est
1707 3206 1803 3261 hu-

216 3294 433 3347 miliavi
462 3310 553 3346 cor
574 3310 743 3346 meum
766 3295 833 3345 ad
856 3294 1146 3364 faciendas,
1186 3294 1236 3345 id
1266 3302 1353 3346 est
1382 3294 1447 3348 ad
1479 3295 1803 3362 reputandas

214 3398 346 3438 esse
393 3393 516 3437 tuas
536 3383 643 3437 has
680 3383 1108 3452 justiﬁcationes.
1155 3382 1309 3450 Quod
1357 3393 1443 3437 est
1472 3383 1685 3437 dicere:
1714 3384 1804 3436 Sic

216 3493 311 3532 me
340 3475 621 3531 humiliavi
661 3486 718 3529 ut
750 3485 897 3529 tuum
925 3474 1160 3530 facerem
1212 3484 1269 3530 et
1311 3490 1375 3530 ex
1424 3462 1477 3532 te
1505 3491 1625 3531 esse
1656 3492 1805 3544 repu-

218 3578 427 3632 tarem,
480 3582 586 3621 non
616 3581 683 3621 ex
722 3567 927 3621 viribus
964 3567 1118 3633 meis,
1164 3567 1265 3621 hoc
1302 3568 1444 3635 quod
1481 3567 1806 3634 justiﬁeatns

217 3675 373 3725 sum,
425 3658 764 3728 persistendo
795 3658 847 3711 in
880 3658 1151 3713 mandatis
1190 3659 1318 3712 tuis.
1370 3658 1465 3712 Vel
1490 3660 1607 3712 sic:
1641 3658 1806 3711 Incli-

215 3750 369 3811 navi,
410 3748 462 3803 id
491 3757 574 3803 est
605 3747 878 3801 humiliavi
910 3763 1000 3800 cor
1018 3763 1209 3813 meum,
1232 3757 1287 3802 et
1309 3748 1410 3802 hoc
1440 3748 1509 3800 ad
1535 3747 1804 3815 faciendas

207 3837 627 3909 justiﬁcationes
674 3848 833 3901 tuas,
900 3837 951 3890 id
1001 3845 1085 3892 est
1137 3837 1205 3891 ad
1258 3836 1571 3905 complenda
1632 3837 1806 3905 magis

214 3944 277 3985 et
330 3929 504 3999 magis
549 3928 802 3982 mandata
842 3937 955 3981 tua.
1002 3926 1155 3992 Quod
1188 3935 1274 3981 est
1310 3927 1527 3981 dicere:
1566 3926 1690 3980 Ideo
1722 3942 1808 3981 me

214 4020 509 4078 humiliavi
540 4031 598 4073 ut
629 4036 723 4088 per
751 4021 851 4074 hoc
891 4020 1143 4073 meritum
1178 4032 1265 4072 me
1298 4016 1522 4086 adjuves
1546 4018 1807 4072 intensins

217 4112 288 4165 ad
325 4109 643 4179 complenda
697 4118 966 4178 praecepta
1021 4119 1131 4162 tua.
1189 4106 1305 4164 Non
1355 4107 1498 4161 enim
1548 4108 1808 4176 superbos

210 4201 476 4271 adjuvas,
506 4201 599 4255 sed
633 4201 882 4255 humiles.
932 4200 997 4254 Et
1043 4199 1290 4254 inclinavi
1319 4199 1481 4253 etiam
1518 4215 1607 4251 cor
1636 4216 1806 4253 meum

215 4305 440 4362 promer
485 4292 878 4345 retributionem
920 4292 1227 4347 tendentem
1252 4293 1306 4344 in
1333 4300 1603 4352 (uernum,
1646 4291 1695 4344 id
1725 4301 1809 4346 εει

213 4392 439 4454 propter
467 4382 855 4435 retributionem
880 4391 1093 4437 interna:
1122 4382 1243 4436 vita:
1262 4382 1688 4452 adipiscendam.
1718 4381 1807 4435 Vel

1979 1917 2200 1988 Iniquus
2254 1918 2377 1971 odio
2414 1918 2597 1985 habui,
2643 1930 2749 1975 etc.
2785 1919 2941 1988 Quod
2989 1923 3356 1991 superioribus
3409 1924 3489 1979 sic

1904 2009 2187 2078 jungitur:
2219 2010 2338 2063 Dixi
2367 2011 2510 2079 quod
2556 2022 2851 2079 peccatores
2901 2024 3185 2082 posuerunt
3246 2014 3490 2084 laqueum

1908 2100 2255 2171 deeeptionis.
2309 2101 2432 2156 [deo
2462 2101 2625 2173 igitur
2665 2103 2906 2172 iniquos,
2962 2105 3012 2159 id
3065 2114 3149 2160 est
3179 2109 3324 2174 ipsos
3361 2121 3490 2175 pec-

1910 2204 2152 2259 catores,
2227 2196 2347 2249 odio
2414 2196 2602 2260 habui,
2671 2211 2775 2249 non
2830 2200 3123 2251 secundum
3189 2198 3292 2252 hoc
3347 2198 3491 2268 quod

1910 2295 2155 2340 creatura
2192 2297 2336 2351 sum,
2377 2288 2473 2341 sed
2510 2287 2806 2341 secundum
2860 2290 3003 2356 quod
3064 2288 3209 2341 mali.
3266 2289 3330 2343 Et
3377 2288 3492 2342 dixi

1911 2378 2167 2445 quoniam
2216 2395 2248 2432 a
2295 2379 2559 2433 mandatis
2589 2380 2694 2432 tuis
2722 2395 2823 2431 non
2855 2380 3044 2433 errari.
3099 2378 3169 2433 Et
3220 2381 3324 2435 hoc
3372 2380 3494 2434 ideo

1910 2468 2037 2537 quia
2066 2468 2227 2538 legem
2257 2479 2403 2521 tuam
2432 2469 2593 2522 dilexi
2641 2469 2788 2521 oumi
2831 2468 3122 2523 affectione
3149 2472 3368 2526 mentis.
3396 2469 3495 2523 Vcl

1911 2557 1991 2611 sic
2015 2575 2028 2610 :
2056 2557 2297 2627 lniquos,
2328 2559 2571 2627 inquam,
2601 2559 2722 2611 odio
2744 2558 2939 2622 habui;
2968 2569 3016 2612 et
3038 2560 3119 2614 sic
3143 2569 3323 2615 tamen
3350 2564 3494 2629 quod

1913 2648 2032 2704 illos
2058 2649 2183 2704 odio
2212 2649 2475 2710 habendo,
2520 2650 2682 2718 legem
2711 2660 2858 2703 tuam
2900 2666 3093 2705 novam
3133 2652 3316 2705 dilexi.
3341 2653 3419 2706 Ac
3447 2655 3493 2705 si

1884 2741 2147 2795 ‘diceret:
2170 2741 2304 2795 Cum
2331 2741 2420 2795 lex
2437 2750 2524 2794 tua
2553 2755 2689 2797 nova
2711 2740 2899 2808 juheat
2921 2741 3171 2796 inimicos
3190 2742 3361 2812 diligi,
3384 2754 3490 2797 non

1913 2841 2091 2885 tamen
2114 2846 2232 2886 eam
2258 2833 2308 2885 in
2333 2832 2458 2885 odio
2480 2831 3020 2902 iniquorumviolavi.
3043 2832 3218 2887 Dilexi
3237 2833 3380 2887 enim
3399 2830 3492 2888 eos

1910 2922 2204 2977 secundum
2230 2932 2557 2983 creaturam,
2611 2922 2741 2977 odio
2794 2937 2924 2977 vero
2972 2923 3137 2978 habui
3192 2923 3490 2979 secundum

1908 3015 2070 3087 497
2098 3014 2374 3069 malitiam.
2396 3015 2548 3071 Unde
2570 3015 2833 3085 Prosper:
2866 3033 2885 3066 ι
2921 3015 3084 3070 ltecte
3115 3017 3166 3069 in
3197 3016 3353 3070 malis
3373 3032 3408 3072 o
3430 3018 3494 3070 Ii-

1911 3124 2029 3164 mus
2052 3109 2338 3175 ialitiam,
2382 3117 2437 3163 et
2469 3109 2742 3177 diligimus
2764 3117 3093 3163 creaturam.
3130 3127 3148 3160 ι
3184 3109 3267 3163 Ad
3297 3109 3436 3164 odiet
3461 3138 3488 3151 -

1907 3201 2033 3255 dum
2060 3201 2478 3269 autem‘iniquos
2502 3210 2557 3254 et
2579 3199 2748 3268 legem
2775 3209 2921 3254 tuam
2942 3198 3269 3270 diligendam
3287 3242 3302 3267 ,
3331 3202 3490 3271 adju-

1907 3302 1991 3344 tor
2007 3299 2053 3344 et
2083 3300 2353 3360 susceptor
2382 3306 2524 3343 meus
2549 3306 2603 3344 es
2627 3298 2704 3343 tu.
2745 3289 3118 3360 Prmposterus
3152 3292 3305 3345 ordo.
3336 3292 3415 3346 Ac
3444 3293 3488 3345 si

1907 3381 2051 3433 dicat
2078 3396 2090 3433 :
2127 3379 2203 3433 Tu
2224 3397 2277 3433 es
2307 3391 2576 3447 susceptor
2594 3396 2737 3434 nteus
2757 3420 2771 3443 ,
2812 3380 2861 3433 id
2884 3389 2961 3435 est
2988 3380 3229 3435 medicus
3256 3390 3311 3435 et
3333 3396 3492 3435 cura-

1911 3480 1992 3524 tor
2025 3486 2204 3537 meus,
2234 3471 2476 3537 scilicet,
2511 3486 2632 3526 cum
2664 3472 2814 3541 prius
2844 3472 3037 3527 debilis
3071 3473 3341 3537 existens,
3390 3475 3491 3527 ini-

1906 3581 2034 3633 quos
2070 3567 2190 3619 odio
2213 3566 2292 3619 sic
2321 3581 2425 3619 non
2459 3566 2772 3631 habuerim;
2805 3577 2850 3619 et
2873 3566 3033 3635 legem
3061 3576 3204 3620 tuam
3230 3582 3334 3621 non
3363 3567 3493 3622 dile-

1909 3656 2076 3709 xerim
2095 3697 2109 3719 ,
2140 3657 2404 3711 manendo
2437 3672 2628 3726 nempe
2652 3656 3043 3725 aliquantulum
3067 3657 3148 3711 eis
3173 3657 3491 3716 conformis,

1907 3755 1963 3798 tu
1989 3746 2079 3815 qui
2096 3755 2287 3800 cuncta
2312 3754 2464 3813 potes
2489 3756 2755 3811 susceptor
2780 3763 2925 3800 meus
2952 3746 3123 3802 factos
3143 3764 3224 3813 es,
3249 3748 3492 3803 curando

1910 3852 1995 3890 me
2019 3836 2085 3891 de
2113 3837 2214 3890 hac
2236 3837 2539 3901 debilitate,
2584 3852 2651 3891 ne
2698 3852 2792 3891 eos
2828 3838 3146 3905 inquantum
3189 3839 3316 3893 mali
3366 3850 3491 3893 sunt

1909 3928 2216 3997 diligerem,
2258 3939 2311 3982 et
2343 3947 2408 3983 ne
2445 3929 2611 3998 legem
2652 3940 2797 3983 tuam
2825 3931 3182 4002 negligerem,
3229 3941 3281 3986 et
3338 3942 3394 3985 tu
3432 3952 3486 3985 es

1908 4019 2123 4088 adjutor
2157 4037 2299 4073 meus
2330 4020 2396 4073 ad
2428 4023 2563 4074 bene
2590 4021 2953 4089 operandam,
3002 4031 3057 4074 et
3109 4022 3279 4089 ipsam
3315 4019 3487 4090 legum

1908 4112 2340 4166 custodiendum.
2379 4114 2443 4166 Et
2467 4113 2719 4181 quoniam
2763 4113 2978 4181 adjutor
3001 4130 3085 4177 es,
3113 4124 3161 4166 et
3189 4131 3356 4181 susce;
3372 4124 3485 4179 tor,

1909 4216 2008 4271 ego
2036 4217 2357 4270 prommens
2390 4218 2474 4255 me
2503 4204 2554 4253 in
2585 4208 2793 4254 verbum
2817 4212 2966 4255 tuum
2987 4242 3000 4265 ,
3054 4203 3106 4257 id
3148 4212 3234 4257 est
3265 4204 3317 4257 in
3343 4218 3486 4273 pnu-

1909 4300 2121 4359 ccptum
2152 4302 2298 4343 tuum
2323 4290 2726 4358 complendum,
2757 4305 2856 4358 per
2886 4290 3053 4359 ipsius
3084 4291 3229 4346 verbi
3256 4292 3489 4362 complc-

1912 4383 2138 4437 tioaem.
2184 4383 2386 4449 speravi
2431 4383 2921 4436 remunerationem
2974 4383 3025 4435 in
3077 4383 3288 4449 futuro,
3326 4401 3490 4454 super

214 4477 303 4528 sic
328 4473 525 4543 legitur
552 4473 606 4525 in
636 4482 908 4526 retentum.
940 4471 1197 4527 lnclinavi
1218 4489 1308 4526 cor
1327 4490 1499 4527 meum
1518 4474 1587 4526 ad
1611 4473 1807 4543 ['arien-
1838 4489 1883 4542 Ι)
1910 4487 2067 4541 quam
2095 4469 2131 4525 (ι
2150 4472 2210 4525 .ci
2240 4472 2410 4542 possit
2444 4484 2534 4526 aut
2563 4472 2810 4543 intelligi.
2854 4473 2949 4528 Vel
2983 4478 3342 4545 supersperavi
3361 4517 3376 4541 ,
3435 4478 3489 4530 id

218 4562 330 4615 das
354 4576 526 4631 usque
551 4561 607 4614 in
632 4571 906 4625 internum,
952 4562 1003 4616 id
1028 4571 1113 4615 est
1143 4577 1375 4631 semper,
1400 4564 1806 4633 justiﬁcationes

212 4668 379 4718 luas;
422 4663 477 4710 et
512 4655 617 4709 hoc
654 4666 865 4725 prapter
900 4655 1293 4710 retributionem
1319 4665 1578 4711 teternam
1634 4656 1805 4726 adipi-

215 4745 513 4811 scendam;
552 4745 653 4799 hoc
674 4759 780 4800 nou
812 4755 1068 4800 mutatur.

298 4834 524 4893 δαείη
568 4836 729 4901 audi,
781 4837 895 4892 sive
955 4837 1340 4906 ﬁrmamentum
1393 4839 1800 4909 interpretatur.

213 4928 360 4995 Quae
421 4928 675 4983 nimirum
733 4943 971 4999 congrue
1012 4929 1266 4984 clausulae
1326 4931 1551 4986 decima:
1606 4932 1808 5000 quinta:

210 5019 441 5075 cunctis
466 5019 716 5075 versibus
743 5020 1085 5085 inscribitur,
1126 5030 1185 5075 ut
1226 5020 1296 5075 sit
1321 5021 1477 5091 quasi
1499 5022 1806 5076 exhortatio

212 5114 286 5162 ad
319 5109 603 5173 lectorem,
630 5119 900 5177 quatenus
929 5125 992 5164 ca
1031 5125 1151 5180 quae
1183 5112 1234 5164 in
1268 5110 1372 5167 hac
1415 5111 1657 5166 clausula
1710 5111 1805 5190 ha—

213 5200 445 5263 bentur,
470 5209 521 5253 et
545 5200 991 5269 snperﬁcietenus
1014 5202 1287 5257 intellecta
1313 5203 1415 5271 legi
1443 5218 1596 5257 nova:
1619 5203 1805 5256 viden-

215 5299 311 5344 tur
332 5291 583 5352 adversa,
624 5304 728 5344 non
773 5290 1138 5359 perfunctorie
1183 5303 1238 5347 et
1301 5305 1647 5349 transeunter
1699 5310 1798 5349 an-

213 5383 444 5447 dienda,
496 5384 590 5437 sed
636 5393 842 5438 attento
890 5385 1075 5452 auditu
1116 5385 1311 5440 mentis
1354 5395 1409 5438 et
1465 5385 1805 5441 ﬁrmamento

215 5477 473 5530 rationis.
508 5476 603 5530 Est
630 5488 812 5532 autem
847 5479 955 5532 tale
983 5494 1047 5533 ac
1073 5479 1223 5534 sisic
1252 5479 1411 5549 plane
1433 5481 1639 5536 diceret
1672 5499 1685 5534 :
1723 5482 1800 5535 Τιι

214 5566 537 5635 quicunque
574 5566 765 5635 legens.
790 5567 891 5623 hoc
928 5568 1070 5637 quod
1106 5567 1230 5624 dico
1258 5586 1272 5623 :
1306 5568 1523 5639 Iniquus
1556 5572 1678 5625 odio
1708 5579 1804 5625 ha-

216 5656 334 5721 bui.
366 5667 413 5709 et
447 5656 608 5727 legem
660 5669 807 5712 tuam
854 5659 1047 5722 dilexi,
1089 5670 1218 5724 etc.,
1262 5661 1506 5731 quantum
1558 5676 1678 5731 qua:
1716 5661 1803 5715 hic

216 5761 368 5815 pono
407 5763 528 5816 qua-
558 5749 809 5802 videntur
855 5748 955 5819 legi
1006 5766 1155 5804 novae
1206 5752 1503 5820 contraria,
1535 5753 1632 5806 nisi
1666 5754 1802 5807 bene

1908 4574 1994 4621 est
2034 4566 2205 4637 magis
2236 4575 2288 4620 et
2330 4567 2498 4636 magis
2524 4567 2734 4636 speravi
2773 4566 2887 4621 heri
2935 4566 3078 4635 quod
3130 4567 3387 4632 multum,
3434 4580 3491 4623 ct

1860 4709 1867 4720 ,
1909 4658 2069 4711 hodie
2102 4657 2293 4726 magis.
2327 4656 2423 4711 Vel
2449 4659 2527 4711 sic
2552 4698 2563 4709 .
2608 4656 2914 4711 Extendens
2938 4671 3026 4711 me
3053 4657 3490 4714 consideratiote

1909 4749 2107 4803 mentis
2148 4749 2200 4801 in
2229 4749 2452 4802 verbum
2488 4758 2663 4811 tuum,
2700 4749 2752 4802 id
2783 4748 2929 4802 estin
2954 4750 3281 4818 promissum
3302 4761 3483 4809 lumn.

1907 4839 2264 4909 supersperavi
2294 4838 2345 4891 in
2376 4840 2491 4907 ipso
2505 4839 2769 4907 promisso
2799 4843 3308 4897 remunerationem.
3333 4842 3486 4909 Quod

1906 4941 1990 4987 est
2023 4930 2241 4984 dicere:
2286 4930 2552 4998 Exspecto
2586 4932 2951 4998 remunerari,
3007 4935 3304 4988 secundum
3337 4938 3483 5004 quod

1909 5034 1964 5077 tu
1995 5024 2310 5092 pI‘OlltlSisti.
2355 5023 2725 5092 Supersperavi
2779 5027 2966 5081 eodem
3013 5029 3169 5082 modo
3197 5027 3286 5083 hic
3318 5045 3485 5099 expo-

1908 5113 2082 5176 nitur,
2129 5113 2267 5167 utin
2299 5116 2564 5168 sententia
2604 5117 2889 5185 superiori.
2938 5118 3089 5173 Facit
3136 5129 3318 5175 autem
3348 5138 3481 5191 apo-

1907 5204 2184 5272 stropham
2224 5205 2292 5257 ad
2343 5205 2489 5274 ipsos
2528 5205 2740 5274 iniquos
2767 5208 2882 5260 sic:
2922 5207 3411 5279 Quandoquidem,
3450 5229 3483 5267 ο

1906 5292 2106 5361 iniqui,
2156 5308 2253 5347 vos
2287 5294 2407 5347 odio
2445 5295 2634 5358 habui,
2676 5303 2731 5347 et
2781 5297 2957 5350 adhuc
2998 5298 3203 5366 habeo,
3245 5313 3290 5356 et
3317 5303 3480 5374 legem

1907 5381 1997 5437 Dei
2023 5383 2212 5449 dilexi,
2237 5394 2291 5439 et
2314 5387 2490 5439 adhuc
2518 5386 2709 5454 diligo.
2743 5394 2797 5439 et
2828 5387 3084 5444 Dominus
3107 5402 3190 5446 est
3212 5407 3483 5463 susceptor

1905 5493 2049 5529 meus
2068 5484 2117 5529 et
2143 5476 2359 5546 adjutor
2387 5495 2530 5531 meas
2557 5518 2570 5540 ,
2602 5477 2859 5533 declinate
2895 5499 2925 5533 a
2959 5498 3067 5548 me,
3091 5485 3342 5555 maligni,
3375 5476 3485 5541 sci;

1906 5568 2059 5637 licet,
2092 5584 2189 5624 vos
2221 5569 2386 5638 iniqui
2417 5570 2649 5640 maligne
2678 5581 2897 5641 agentes
2918 5613 2934 5638 ,
2965 5587 3018 5628 et
3051 5575 3102 5630 in
3126 5591 3221 5632 vos
3249 5592 3481 5649 peccan—

1904 5663 2001 5728 do,
2029 5672 2083 5717 ct
2104 5663 2156 5717 iu
2185 5677 2271 5718 me
2291 5661 2556 5717 devocare
2582 5663 2832 5731 nitendo,
2858 5665 3100 5724 desistite
3124 5684 3153 5724 a
3178 5684 3294 5737 me,
3326 5670 3378 5725 id
3399 5678 3483 5727 est

1906 5755 1970 5809 ad
2016 5756 2116 5809 hoc
2154 5763 2213 5808 ut
2259 5769 2343 5808 me
2376 5752 2512 5807 ultra
2564 5754 2827 5810 devocare
2870 5757 3147 5829 uitamini,
3200 5762 3342 5834 quod
3382 5768 3485 5833 pro
