3978 6328
576 334 596 385 1
612 332 712 387 Ξυῗὶ

1141 328 1195 381 S.
1235 324 1578 379 lililiNONlS
1619 320 2263 379 CARTIIUSMVORUM
2298 290 2779 376 INSTITLT‘DRIS
2813 321 2960 377 OPP.
3004 321 3180 376 PARS
3221 321 3257 375 Ι.

3653 334 3759 387 im

566 453 715 497 certo
740 446 934 495 lrustra
960 448 1062 504 est,
1097 448 1152 493 et
1176 438 1326 493 vobis
1353 438 1570 492 occasio
1591 437 2147 504 jtlskudulllllalittltls.
2181 444 2225 498 Α
2260 448 2343 486 res
2372 435 2635 487 lmmanas
2668 450 2771 489 non
2806 444 3032 499 curare,
3073 439 3288 506 quidam
3321 453 3443 493 vero
3465 452 3665 511 cogitent
3689 448 3759 501 Ini

571 536 705 596 Vos,
739 534 991 599 inquam,
1058 529 1316 584 decliuate
1372 544 1401 583 a
1449 529 1591 582 malo
1638 528 1913 596 proposito
1947 536 2149 589 vestro,

567 634 622 678 et
646 638 743 693 ego
772 638 876 676 non
906 621 1174 677 desistens
1198 637 1227 675 a
1247 636 1366 675 meo
1381 621 1658 690 proposito
1684 621 1825 674 bono
1841 662 1855 685 ,
1879 619 2153 672 scrutabor

569 723 985 785 perseveranter
1034 728 1155 767 cum
1206 713 1524 782 operatione
1565 711 1816 765 mandata
1856 710 1951 764 Dei
2003 711 2148 774 mei,

569 804 817 859 mandata
860 803 1070 858 scilicet
1096 802 1243 856 illius
1282 803 1478 871 quiest
1526 802 1665 856 Deus
1714 817 1895 866 meus,
1926 798 2152 855 Creator

568 910 752 959 meus,
807 893 961 962 cujus
988 894 1265 953 mandata
1302 892 1593 947 scrutanda
1630 900 1788 955 sunt,
1838 906 1943 945 non
1976 890 2149 961 negli-

564 986 759 1054 genda.
802 983 955 1036 Facit
996 983 1159 1037 etiam
1203 984 1585 1052 apostropham
1640 984 1705 1036 ad
1751 983 1915 1036 Deum
1948 981 2150 1036 orando

567 1076 678 1128 sic:
706 1074 773 1128 Ut
790 1073 1043 1133 mandata
1066 1080 1154 1125 tua
1180 1074 1412 1127 scrutari
1439 1073 1644 1125 valeam
1665 1074 1900 1132 iutense,
1925 1071 2146 1139 suscipe,

569 1164 823 1229 neruine,
865 1164 916 1218 id
940 1174 1025 1219 est
1047 1173 1163 1219 esto
1182 1174 1466 1233 susceptor
1492 1180 1642 1219 meus
1664 1204 1679 1230 ,
1734 1164 1975 1218 medicus
1995 1204 2008 1228 ,
2044 1163 2149 1217 sci-

569 1257 698 1309 licet
726 1264 780 1309 et
802 1264 1051 1321 curator,
1107 1267 1165 1310 ut
1220 1272 1380 1310 sanes
1429 1272 1515 1310 me
1559 1258 1627 1310 ab
1682 1254 2149 1311 omnidebilitate

570 1346 794 1411 mentis,
828 1346 1005 1400 dando
1061 1345 1372 1399 facultatem
1425 1347 1560 1400 bene
1602 1346 1881 1416 operandi.
1933 1344 2148 1413 Suscipe

568 1453 677 1499 me,
735 1437 985 1505 inquam,
1028 1446 1082 1490 et
1112 1437 1212 1490 boc
1236 1436 1319 1489 fac
1347 1436 1630 1489 secundum
1662 1436 1924 1504 eloquium
1959 1446 2107 1488 tuum
2130 1475 2144 1497 ,

570 1526 622 1580 id
652 1536 737 1581 cst
777 1528 1074 1581 secundum
1132 1527 1458 1595 promissum
1518 1535 1697 1590 tuum,
1752 1527 1961 1580 scilicet
2006 1526 2147 1580 sicut

569 1617 862 1685 promisisti
895 1619 1036 1686 quod
1062 1617 1310 1671 fidelibus
1336 1618 1439 1670 luis
1458 1618 1883 1686 patrocinareris
1910 1630 2143 1684 semper,

569 1707 754 1761 dicens
784 1724 796 1760 :
844 1725 863 1757 ι
907 1707 1046 1762 Ecce
1083 1722 1182 1777 ego
1217 1707 1492 1761 vobiscum
1529 1722 1648 1759 smn
1676 1707 1930 1761 omnibus
1958 1706 2147 1760 diebus

2257 524 2680 579 misericordiam
2713 526 2890 579 omnia
2920 528 3174 582 omnibus
3198 569 3212 593 ,
3244 530 3343 583 etsi
3375 547 3475 583 non
3502 534 3761 600 pteniteant,

2254 616 2565 687 indulgere.
2625 618 2843 686 quidam
2895 628 3077 674 autem
3126 621 3320 676 bonum
3371 639 3484 679 esse
3527 628 3764 687 cogitem:

2254 708 2533 775 praeceptis
2572 708 2662 762 Dei
2711 709 3013 765 discedere.
3048 710 3124 777 Ne
3155 714 3273 782 quis
3311 730 3438 784 ergo
3466 726 3659 784 putaret
3675 722 3766 773 illus

2255 803 2461 848 tantum
2494 811 2616 850 esse
2642 796 2962 851 discedentes
2987 814 3015 850 a
3041 799 3268 869 justitiis
3303 802 3533 869 Domini,
3571 808 3647 874 qui
3672 821 3769 864 su;t

2232 884 2334 943 rvel
2354 883 2520 949 Judtei
2552 926 2566 950 ,
2596 885 2681 939 vel
2711 886 2971 956 gentiles,
3022 889 3102 943 vel
3152 890 3386 946 haeretici
3418 932 3434 959 ,
3488 893 3770 951 Cbristian-s

2252 984 2428 1029 autem
2460 975 2625 1031 falsos
2658 986 2713 1031 et
2749 987 3042 1046 peccantes
3080 980 3431 1036 criminaliter
3459 994 3649 1053 putaret
3688 1006 3767 1042 non

2249 1067 2598 1134 discedentes,
2638 1069 2876 1123 ostendit
2918 1085 3109 1125 omnes
3150 1083 3434 1141 peccantes
3477 1077 3769 1133 criminalinr

2250 1171 2369 1210 esse
2400 1158 2815 1225 prtevaricantes
2837 1199 2853 1225 ,
2886 1160 2967 1214 sic
2995 1175 3008 1213 :
3046 1160 3313 1231 Spernes,
3361 1165 3591 1233 inquam,
3620 1183 3769 1224 omnes

2248 1265 2276 1302 a
2297 1248 2526 1318 justitiis
2552 1253 2655 1307 luis
2679 1254 3037 1309 discedentes.
3094 1254 3171 1310 Ne
3201 1257 3323 1325 quis
3355 1268 3523 1313 autem
3559 1259 3773 1315 Christia-

2250 1357 2351 1396 nus
2376 1345 2592 1398 nomine
2618 1345 2979 1399 criminaliter
3009 1360 3242 1415 peccans
3267 1348 3320 1400 in
3358 1348 3459 1403 hoe
3488 1363 3542 1403 se
3563 1349 3708 1418 palpet
3728 1360 3771 1403 ut

2248 1448 2307 1486 se
2332 1435 2801 1503 prtevaricalorcm
2835 1450 2954 1489 esse
2986 1450 3090 1488 non
3123 1446 3371 1505 reputet,
3409 1448 3599 1492 certum
3631 1440 3771 1492 omni-

2248 1522 2349 1576 bus
2374 1523 2445 1577 sit
2479 1525 2624 1592 quod
2672 1526 3075 1594 prtevaricautes
3105 1539 3224 1579 esse
3258 1527 3486 1591 reputavi
3512 1542 3666 1579 omnes
3683 1528 3781 1594 per?

2248 1625 2447 1667 catores
2470 1625 2624 1669 terra:
2648 1655 2661 1677 ,
2703 1616 2755 1669 id
2781 1624 2866 1670 est
2894 1631 3083 1670 onmes
3111 1625 3401 1685 peccantes
3445 1616 3772 1681 criminaliter,

2247 1706 2337 1774 qui
2368 1721 2491 1761 cum
2524 1708 2614 1760 imi
2648 1708 2757 1761 sint
2782 1708 2834 1762 in
2871 1707 3017 1761 vitiis
3044 1717 3098 1761 et
3128 1707 3354 1771 sordidi,
3390 1717 3527 1763 terra
3552 1708 3770 1769 dicuntur,

570 1813 739 1865 usque
754 1796 819 1851 ad
834 1798 1353 1852 consummationem
1368 1797 1777 1867 saeculi(tllat:lt.
1798 1794 2143 1865 xvvttt,20).)
2184 1791 2224 1848 li
2255 1813 2359 1851 non
2400 1799 2556 1852 cteli:
2586 1802 2816 1868 reputavi
2842 1816 2944 1868 ego
2970 1810 3022 1854 et
3053 1811 3241 1868 reputo
3271 1815 3391 1855 esse
3426 1800 3773 1874 pra’earicanm

567 1892 635 1945 Et
662 1892 784 1946 alibi
814 1910 825 1944 :
866 1910 883 1942 ι
920 1892 1034 1949 Non
1074 1907 1168 1947 vos
1197 1892 1495 1961 relinquam
1523 1892 1797 1961 orpbanos
1825 1890 2003 1959 (Joan.
2037 1905 2145 1953 xw,

572 1984 681 2047 18).
720 2003 737 2033 ι
779 1983 1019 2052 Suscipe.
1055 1984 1306 2051 inquam,
1346 1994 1401 2037 et
1437 1983 1483 2037 si
1514 1983 1805 2050 susciperis
1837 1981 1951 2045 hic,
1984 1981 2147 2034 vivam

565 2074 851 2127 secundum
884 2074 1146 2145 eloquium
1175 2087 1354 2138 tuum,
1386 2085 1435 2130 et
1475 2075 1525 2127 in
1553 2075 1734 2128 futuro
1775 2084 1979 2129 aeterna
2008 2074 2144 2137 vita;

565 2174 619 2216 et
652 2165 729 2219 sic
752 2181 871 2229 non
912 2166 1207 2234 confundas
1235 2183 1342 2233 me,
1389 2167 1436 2217 id
1470 2176 1551 2219 est
1580 2182 1683 2219 non
1718 2166 1997 2235 permittas
2023 2181 2148 2219 con-

567 2253 714 2307 fundi
746 2269 833 2308 me
860 2256 1153 2308 alienatum
1179 2257 1242 2308 ab
1279 2257 1658 2325 exspectatione
1698 2274 1842 2321 utea,
1896 2258 1945 2311 id
1995 2267 2077 2311 est
2119 2274 2146 2310 a

570 2345 678 2395 vita
719 2352 923 2396 aeterna
963 2359 1121 2411 quam
1154 2356 1430 2413 exspecto.
1466 2345 1698 2398 Maxima
1746 2362 1980 2413 namque
2005 2355 2149 2401 esset

568 2429 700 2482 mihi
758 2428 1039 2495 confusio,
1097 2432 1315 2498 siquod
1360 2443 1613 2499 exspecto
1657 2444 1804 2487 tanto
1839 2436 2144 2500 desiderio,

568 2522 781 2574 tandem
824 2537 928 2575 non
961 2524 1304 2591 attingerem.
1354 2524 1449 2576 Vel
1488 2524 1604 2579 sic:
1645 2524 1862 2594 Suscipe
1890 2542 1971 2578 me
1997 2566 2010 2590 ,
2050 2528 2149 2581 Do-

566 2611 741 2677 mine,
799 2613 851 2667 id
906 2622 992 2668 est
1044 2616 1383 2684 patrocinare
1445 2616 1605 2682 mibi,
1660 2618 1986 2672 instituendo
2029 2636 2146 2683 me,

564 2701 849 2755 secundum
877 2701 1140 2772 eloquium
1173 2714 1350 2768 tuum,
1400 2704 1453 2758 id
1498 2714 1580 2759 est
1616 2706 1909 2759 secundum
1951 2722 2149 2775 praece-

564 2800 714 2858 ptum
748 2802 921 2847 tuum.
970 2794 1120 2860 Quod
1154 2806 1238 2848 est
1267 2795 1450 2850 dicere
1477 2814 1490 2849 :
1526 2795 1616 2849 Sic
1646 2797 1777 2850 mibi
1805 2800 2149 2866 patrocinare

565 2895 622 2936 ut
659 2883 826 2939 facias
851 2901 935 2939 tne
960 2888 1271 2940 mandatum
1298 2898 1444 2942 tuum
1465 2888 1781 2952 observare;
1809 2900 1882 2951 et,
1910 2902 1958 2945 te
1980 2892 2150 2944 susci—

565 2976 749 3045 piente
778 2993 863 3033 me
891 3018 905 3044 ,
947 2980 1121 3033 vivam
1153 2980 1202 3035 in
1237 2979 1350 3049 ipso
1375 2982 1589 3050 eloquio
1613 3022 1628 3046 ,
1681 2983 1731 3037 id
1763 2994 1845 3037 est
1875 2984 2150 3054 complebo

558 3069 737 3135 ipsum
758 3069 1029 3140 eloquium
1058 3112 1072 3136 ,
1120 3075 1261 3141 quod
1296 3074 1400 3127 erit
1434 3075 1562 3127 mibi
1592 3076 1721 3127 vita.
1756 3074 1870 3127 Non
1900 3076 2045 3129 enim
2074 3076 2149 3127 vi-

2244 1889 2386 1958 justa
2423 1901 2691 1960 przecepta
2744 1900 2865 1955 tua,
2922 1890 2974 1943 id
3024 1901 3106 1945 est
3160 1892 3615 1961 transgredientes.
3664 1890 3774 1943 ldctn

2252 1992 2427 2034 autem
2460 1990 2540 2036 est
2579 1980 2858 2035 discedere
2886 1996 2914 2033 a
2949 1984 3232 2050 praeceptis
3262 1981 3353 2036 Dei
3392 1990 3445 2037 et
3473 1995 3531 2037 ea
3567 1982 3774 2050 praevari-

2250 2075 2383 2128 cari.
2412 2074 2542 2127 Ideo
2562 2089 2693 2144 ergo
2717 2074 2841 2142 quia
2869 2083 3195 2143 spernentur
3220 2089 3251 2127 a
3282 2083 3333 2128 te
3359 2089 3528 2127 omnes
3556 2072 3773 2141 ajustitiis

2250 2171 2352 2222 tuis
2382 2167 2732 2231 discedentes,
2788 2180 2855 2220 ne
2896 2175 2953 2220 et
2996 2181 3097 2237 ego
3145 2181 3373 2236 spernor
3406 2181 3506 2220 non
3536 2165 3718 2219 discessi
3750 2179 3773 2217 ι

2242 2259 2472 2326 justitiis
2499 2258 2602 2311 tuis
2632 2298 2647 2321 ,
2683 2257 2778 2311 sed
2810 2256 2975 2309 dilexi
3004 2257 3306 2309 testimonia
3348 2266 3474 2321 tua,
3515 2255 3562 2309 id
3584 2264 3654 2309 est
3673 2269 3771 2323 pue-

2250 2357 2405 2416 cepta
2440 2356 2557 2410 tua,
2588 2360 2691 2399 non
2716 2345 3022 2414 spernendo
3051 2358 3138 2399 ea.
3173 2344 3242 2399 Ut
3270 2354 3451 2399 autem
3485 2358 3542 2398 ea
3564 2342 3775 2397 inteusius

2250 2437 2468 2505 diligam
2487 2474 2502 2498 ,
2533 2434 2734 2503 conﬁge
2756 2434 2940 2487 timore
2971 2444 3063 2486 tuo
3089 2442 3241 2489 casto
3272 2451 3453 2488 carnes
3474 2451 3626 2497 meas,
3651 2433 3691 2486 id
3715 2441 3777 2484 cst

2252 2527 2481 2580 immitte
2506 2526 2753 2579 timorem
2786 2533 2936 2578 tuum
2969 2535 3177 2580 castum
3226 2527 3485 2581 carnilms
3522 2525 3663 2589 meis,
3705 2538 3775 2593 per

2251 2634 2410 2689 quem
2441 2635 2534 2673 eas
2554 2619 2816 2689 conligas,
2842 2618 2895 2673 id
2926 2628 3007 2673 est
3034 2619 3108 2673 ita
3138 2620 3234 2674 tibi
3268 2619 3555 2689 conjungas
3571 2625 3620 2672 et
3645 2613 3775 2682 sutji-

2251 2711 2395 2771 eius,
2424 2720 2481 2764 ut
2520 2728 2548 2764 a
2589 2720 2638 2764 te
2668 2717 2942 2778 nequeant
2973 2709 3131 2763 avelli
3161 2725 3261 2780 per
3297 2709 3502 2779 aliquas
3531 2705 3773 2777 suggestu).

2252 2819 2347 2856 nes
2374 2843 2387 2866 ,
2426 2819 2455 2855 a
2487 2801 2841 2857 similitudine
2864 2799 3038 2875 illius,
3075 2802 3201 2870 qui,
3230 2802 3426 2872 parieti
3452 2801 3527 2856 vel
3545 2801 3670 2870 ligno
3687 2798 3773 2851 cui-

2251 2891 2378 2946 libet
2416 2891 2637 2956 aﬂixus,
2688 2908 2808 2948 sese
2854 2908 3072 2947 movere
3129 2906 3237 2945 non
3297 2901 3494 2961 potest.
3540 2891 3643 2945 Non
3683 2889 3775 2942 ideo

2251 2983 2379 3037 dicit
2421 2984 2620 3053 conlige
2650 2985 2834 3038 timore
2869 2994 2957 3036 tuo
2984 2999 3168 3036 carnes
3202 2999 3380 3049 meas,
3427 2982 3562 3051 quod
3596 2993 3701 3034 caro
3724 2978 3772 3030 ti-

2254 3091 2398 3130 mere
2430 3076 2639 3138 valeat,
2676 3092 2799 3130 eum
2834 3077 2996 3133 timor
3034 3076 3211 3132 omnis
3267 3075 3346 3129 sit
3393 3074 3445 3127 in
3485 3072 3662 3126 anima.
3694 3067 3775 3122 Sed

560 3174 741 3213 verem
772 3161 873 3215 nisi
905 3171 957 3216 te
985 3163 1314 3232 suscipiente
1343 3180 1357 3227 ;
1409 3172 1463 3217 et
1506 3166 1584 3219 sic
1630 3166 1959 3233 suscipiente
1984 3176 2062 3226 te,
2094 3176 2149 3218 et
2175 3139 2219 3199 (ἶ
2252 3168 2389 3222 idem
2427 3176 2512 3222 est
2538 3183 2601 3223 ac
2624 3169 2667 3222 si
2697 3170 2774 3224 sic
2801 3169 2944 3224 dicat
2976 3189 2989 3224 ;
3045 3169 3178 3226 Cum
3223 3171 3410 3223 anima
3435 3182 3545 3222 mea
3575 3163 3655 3219 tibi
3677 3175 3775 3215 cou-

561 3252 776 3306 viveute
803 3269 888 3308 me
910 3294 924 3315 ,
960 3270 1061 3307 non
1085 3255 1379 3323 confundas
1402 3273 1509 3323 me,
1551 3258 1601 3311 id
1627 3268 1710 3311 est
1734 3275 1837 3312 non
1866 3260 2148 3327 permittas

562 3348 815 3403 confundi
850 3363 935 3404 me
958 3390 972 3413 ,
1005 3351 1298 3405 alienatum
1343 3355 1410 3405 ab
1439 3356 1817 3418 exspectatione
1847 3372 1978 3409 mea.
2040 3356 2144 3409 Ex-

562 3446 746 3505 specto
776 3439 918 3493 enim
958 3456 985 3492 a
1028 3450 1078 3494 te
1114 3444 1348 3512 suscipi,
1397 3454 1453 3497 et
1503 3448 1581 3500 sic
1630 3447 1808 3500 vivere
1854 3449 2143 3501 secundum

563 3532 958 3596 promotionem
990 3542 1046 3586 et
1073 3537 1531 3603 perseverantiam
1565 3554 1578 3590 :
1613 3547 1666 3591 et
1692 3538 1736 3591 si
1771 3539 1870 3592 hoc
1897 3553 1999 3591 nou
2034 3542 2146 3592 asti—

565 3619 828 3686 piscerer,
857 3631 911 3675 et
945 3622 1307 3679 confuntlerer
1332 3666 1347 3689 ,
1410 3626 1459 3681 id
1490 3636 1572 3681 est
1614 3630 1989 3684 erubescerem
2023 3630 2145 3683 inde

564 3709 703 3777 apud
736 3726 819 3764 me
853 3721 909 3764 et
934 3714 1309 3769 contristarcr.

635 3801 769 3869 Quia
802 3803 1027 3857 dicendo
1062 3807 1265 3874 suscipe
1295 3821 1404 3871 me,
1437 3807 1603 3861 solam
1655 3810 1881 3879 gratiam
1922 3808 2011 3863 Dei
2054 3809 2145 3862 de-

565 3900 850 3945 notaverat
877 3933 893 3959 ,
926 3891 1145 3946 denotat
1182 3910 1394 3966 quoque
1432 3896 1657 3952 liberum
1687 3901 1995 3963 arbitrium,
2018 3916 2141 3954 cum

563 3984 643 4047 sic
669 3984 848 4049 addit,
888 3983 999 4038 dixi
1032 4002 1044 4038 :
1079 3983 1313 4059 qucipe.
1347 3987 1464 4041 Non
1489 4000 1666 4042 autent
1699 3991 1776 4044 sic
1805 4007 1901 4044 oro
1945 3992 2141 4060 suscipi

565 4086 623 4127 ut
654 4077 803 4145 piger
830 4076 965 4137 sint,
1008 4086 1062 4132 et
1083 4094 1145 4131 ex
1187 4093 1270 4133 me
1315 4080 1388 4133 nil
1418 4095 1594 4149 agam.
1636 4081 1740 4135 Sed
1789 4084 1984 4151 adjuva
2028 4100 2139 4149 nte,

567 4167 818 4230 Domine,
850 4167 902 4224 id
930 4179 1015 4224 est
1046 4186 1166 4225 cum
1213 4186 1313 4241 ego
1364 4186 1426 4226 ex
1465 4172 1635 4226 libero
1665 4173 1889 4228 arbitrio
1918 4189 2010 4245 per
2059 4193 2144 4231 me

563 4261 726 4323 nitar,
756 4268 835 4324 tu,
863 4260 1054 4329 adiuva
1080 4262 1250 4332 ipsmn
1276 4261 1503 4317 libermn
1534 4263 1818 4316 arbitrium
1852 4280 1917 4318 ex
1949 4266 2139 4335 gratia,

561 4349 615 4402 id
640 4361 721 4403 est
746 4365 1040 4421 cooperare
1063 4361 1272 4407 meeum
1297 4370 1311 4420 ;
1341 4364 1396 4408 et
1424 4365 1475 4409 te
1505 4354 1792 4423 adiuvante
1818 4356 1994 4410 salvus
2021 4373 2138 4419 ero,

2250 3260 2356 3313 lixa
2388 3260 2457 3313 sit
2483 3261 2780 3315 secundum
2813 3263 2922 3316 vim
2964 3263 3377 3328 rationabilem,
3406 3276 3472 3317 ne
3496 3276 3523 3314 a
3550 3268 3595 3312 te
3618 3269 3771 3310 secun-

2246 3352 2373 3405 dum
2404 3353 2652 3408 carnales
2676 3355 3060 3411 sensualitates
3089 3356 3353 3410 dissideat
3372 3397 3387 3418 ,
3430 3352 3775 3422 con/ignitum

2247 3454 2336 3497 tuo
2365 3462 2548 3499 carnes
2574 3463 2714 3500 meas
2740 3487 2755 3511 ,
2785 3447 2838 3500 id
2865 3459 2947 3502 est
2969 3448 3217 3503 carnales
3243 3448 3611 3503 sensualitates
3638 3456 3774 3498 meas.

2247 3534 2400 3600 Quod
2428 3545 2511 3591 est
2546 3536 2729 3593 dicere
2759 3551 2773 3590 :
2814 3536 3028 3609 Conﬁge
3060 3540 3241 3593 timore
3271 3539 3597 3592 tuoanimam
3622 3546 3774 3588 meam.

2247 3630 2541 3683 secundum
2579 3630 2827 3685 carnales
2855 3631 3237 3686 sensualitates
3280 3647 3467 3696 meas,
3516 3630 3565 3684 id
3611 3635 3680 3683 est
3717 3623 3775 3677 sic

2249 3718 2343 3771 tibi
2375 3719 2609 3772 animam
2643 3736 2819 3775 meam
2855 3721 3122 3792 conjunge
3152 3733 3208 3778 et
3235 3725 3408 3778 subde
3443 3730 3497 3776 ut
3530 3717 3772 3775 secundum

2247 3810 2445 3864 nullam
2476 3811 2749 3865 carnalem
2776 3814 3191 3869 sensualitatem
3217 3814 3313 3869 tibi
3348 3823 3627 3884 repugnet,
3665 3806 3777 3862 scili-

2245 3913 2334 3957 cet
2360 3913 2419 3957 ut
2443 3914 2494 3958 te
2520 3906 2670 3970 visu,
2702 3906 2784 3960 vel
2815 3907 2999 3960 auditu
3021 3948 3034 3970 ,
3064 3907 3145 3962 vel
3170 3907 3418 3975 quolibet
3445 3906 3547 3960 alio
3578 3898 3774 3971 corporis

2245 4012 2407 4050 sensu
2431 3998 2795 4053 criminaliter
2825 4014 2931 4053 non
2974 4000 3231 4055 oll'emlat.
3262 4001 3536 4068 ldeqvero
3564 4012 3650 4053 oro
3668 4008 3771 4049 con-

2248 4088 2335 4158 ligi
2367 4089 2564 4149 timore
2590 4100 2680 4144 tuo
2702 4091 2947 4145 carnales
2974 4092 3360 4147 sensualitates
3383 4107 3525 4147 meas
3552 4107 3566 4154 ;
3595 4105 3624 4141 a
3656 4084 3773 4156 ,ἱκάέο

2244 4180 2337 4232 ctis
2367 4181 2505 4233 enim
2539 4182 2641 4235 tuis
2663 4182 2813 4235 timui
2838 4183 3126 4247 etcidere,
3180 4183 3230 4236 id
3278 4193 3365 4237 est
3410 4182 3531 4252 quia
3576 4175 3704 4232 timui
3731 4180 3771 4223 ﬂ

2244 4269 2417 4323 adlmc
2442 4271 2606 4325 timeo
2622 4287 2717 4339 per
2743 4287 2803 4326 ca
2815 4272 2991 4327 rnales
3006 4272 3298 4327 sensualita
3309 4283 3391 4327 tes
3411 4286 3552 4326 meas
3567 4266 3772 4323 excidere

2244 4374 2274 4409 a
2327 4359 2597 4414 mandatis
2653 4362 2790 4425 tuis,
2854 4362 2906 4415 id
2952 4372 3035 4415 est
3085 4377 3115 4415 a
3161 4363 3410 4417 custodia
3448 4358 3769 4414 mandatorum

561 4443 955 4508 perseverando
1003 4445 1055 4496 in
1114 4453 1381 4514 przecepto
1436 4454 1572 4509 tuo;
1621 4445 1701 4499 vel
1751 4445 1925 4500 salvus
1959 4462 2047 4499 ero
2090 4447 2139 4499 in
2176 4479 2220 4534 Β
2248 4457 2481 4501 tuorum.

561 4532 746 4585 futuro
776 4543 980 4586 azterna
1013 4533 1332 4597 salvatione.
1384 4535 1517 4589 Etsi
1554 4535 1826 4604 adjuvet-is
1863 4537 1965 4590 hoc
1999 4539 2141 4606 quod

556 4619 885 4687 justitieatus
912 4640 1036 4690 ero,
1078 4626 1131 4679 in
1163 4629 1443 4696 prmeeptis
1469 4627 1571 4682 tuis
1603 4627 1940 4699 persisteudo
1968 4668 1983 4693 ,
2035 4644 2139 4683 nou

566 4712 692 4765 mibi
716 4716 984 4768 ascribam
1011 4734 1022 4769 :
1057 4732 1269 4787 semper
1296 4720 1585 4772 meditabor
1605 4721 1657 4773 in
1689 4719 1772 4773 bis
1795 4721 2142 4789 justi/acutio-

563 4803 715 4857 nibus
737 4806 840 4857 tuis
873 4809 1133 4873 reputatis
1156 4850 1170 4874 ,
1206 4810 1411 4865 scilicet
1438 4812 1490 4865 in
1515 4813 1617 4866 hoc
1646 4813 1948 4867 meditabor
1973 4812 2142 4885 498

560 4910 791 4963 semper,
826 4903 883 4949 ttt
911 4895 1445 4966 basjastiiicationes
1505 4919 1611 4955 non
1661 4903 1791 4956 mibi
1824 4905 2135 4968 ascribam,

561 4984 652 5040 sed
687 4994 805 5040 tuas
842 5001 963 5042 esse
994 4998 1257 5055 reputem.
1285 4990 1404 5045 Ideo
1448 5008 1573 5048 vero
1601 5010 1696 5048 oro
1721 5003 2000 5064 tantopere
2021 5010 2139 5050 sus-

560 5077 664 5147 cipi
686 5088 738 5133 et
764 5077 1004 5147 adjuvari
1032 5095 1061 5133 a
1097 5089 1175 5145 te,
1238 5082 1303 5133 ad
1334 5085 1783 5150 perseverandum
1836 5087 1887 5139 in
1912 5085 2137 5153 justitiis

568 5169 695 5233 tuis,
714 5170 837 5239 quia
867 5171 1132 5240 sprevisti,
1161 5170 1209 5225 id
1231 5182 1313 5225 est
1341 5187 1562 5240 spernes
1582 5174 1900 5231 discedentes
1922 5194 1953 5229 a
1975 5177 2140 5245 justi-

556 5257 643 5310 tiis
678 5258 811 5323 tuis,
859 5259 912 5314 id
960 5270 1045 5315 est
1078 5275 1107 5314 a
1142 5259 1304 5329 justis
1355 5264 1637 5331 praeceptis
1675 5265 1802 5318 tuis.
1856 5267 2007 5333 Quod
2052 5278 2137 5321 est

555 5347 738 5401 dicere
769 5365 783 5402 :
813 5347 936 5403 Ideo
957 5365 1054 5405 oro
1080 5350 1132 5404 in
1162 5351 1448 5421 praeceptis
1472 5351 2134 5422 tuisjustisperseverare,

552 5451 622 5492 ne
653 5452 737 5491 me
767 5453 1019 5508 spernas,
1049 5441 1191 5495 sicut
1216 5442 1555 5498 discedentes
1593 5460 1622 5498 a
1656 5444 1816 5515 justis
1855 5451 2135 5516 praeceptis

556 5526 661 5582 tuis
689 5542 942 5599 spernes,
969 5542 1022 5585 et
1049 5520 1135 5586 liic
1156 5534 1508 5601 excaecando,
1565 5544 1619 5589 et
1666 5536 1720 5589 in
1774 5535 1955 5590 l‘uturo
1989 5538 2135 5607 juste

520 5618 524 5622 ’
552 5622 843 5690 puniendo.
876 5624 943 5679 Et
973 5627 1167 5680 merito
1193 5629 1407 5701 quidem
1441 5643 1535 5682 eos
1565 5644 1815 5699 sperues,
1845 5631 1966 5699 quin
1996 5633 2133 5695 .nju-

556 5723 635 5766 sta
664 5725 746 5770 est
793 5718 1039 5787 cogitatio
1063 5734 1263 5773 eorum.
1295 5720 1426 5773 Cum
1455 5721 1670 5789 quidam
1701 5722 1937 5791 cogitent
1968 5722 2130 5776 Deum

2315 4541 2416 4595 Am
2439 4542 2620 4595 oculus
2647 4542 3052 4611 interpretatur.
3104 4542 3207 4597 Per
3234 4540 3389 4611 cujus
3422 4537 3769 4609 inscriptionem

2246 4634 2488 4687 innuitur
2529 4635 2672 4703 quod
2722 4635 2906 4691 lideles
2941 4636 3031 4690 hic
3082 4644 3307 4705 agentes
3359 4634 3563 4689 oculum
3612 4626 3767 4684 habent

2245 4737 2405 4781 recta:
2430 4728 2685 4790 rationis,
2711 4729 2850 4782 sicut
2894 4728 2946 4782 in
2978 4729 3244 4798 principio
3275 4726 3523 4782 clausulae
3553 4730 3702 4794 patet.
3727 4718 3767 4769 in

2242 4835 2347 4887 quo
2404 4821 2501 4888 ipsi
2564 4819 2747 4875 ﬁdeles
2801 4821 2987 4874 dicunt
3033 4837 3093 4874 se
3140 4820 3407 4888 judicium
3454 4827 3505 4870 et
3546 4808 3767 4885 justitiam

2240 4912 2455 4967 tet-isse.
2486 4912 2586 4978 Qui
2610 4913 2773 4965 etiam
2802 4922 2924 4981 post
2960 4914 3176 4966 modum
3228 4912 3279 4965 in
3331 4913 3431 4965 hoc
3456 4907 3625 4963 eadem
3651 4901 3767 4955 clau-

2240 5003 2354 5057 sula
2376 5012 2534 5056 orant
2560 5013 2618 5055 ut
2644 5003 2875 5058 Deuseis
2898 5004 3040 5057 hunc
3068 5001 3283 5057 oculum
3310 5005 3601 5057 conservet,
3629 4989 3766 5045 δωσί-

2240 5094 2434 5163 piendo
2455 5109 2550 5148 eos
2570 5093 2624 5147 in
2654 5094 2852 5148 lum‘um
2874 5134 2889 5157 ,
2932 5108 3000 5148 ne
3033 5093 3233 5148 Iudaeis
3257 5095 3338 5147 eis
3365 5080 3766 5147 calumniantibus

2237 5183 2560 5237 conformati
2598 5194 2962 5239 exczrceutur.
3020 5184 3334 5254 Adjungunt
3362 5192 3565 5252 quoque
3609 5182 3764 5228 causa!

2238 5276 2419 5345 plures
2436 5314 2453 5339 ,
2477 5277 2674 5346 quibus
2696 5276 3070 5346 adipiscantur
3098 5278 3239 5345 quod
3278 5284 3453 5329 orant.
3479 5271 3593 5326 llaec
3618 5272 3761 5318 autem

2236 5367 2419 5419 omnia
2474 5380 2535 5419 ea
2587 5366 2885 5420 intentione
2923 5365 3113 5420 dicunt
3162 5374 3219 5418 ut
3245 5364 3516 5418 auditores
3555 5355 3614 5410 ad
3647 5352 3762 5405 hunc

2236 5453 2483 5508 eumdem
2510 5454 2726 5509 oculum
2753 5454 3080 5518 habendum,
3101 5462 3158 5509 et
3190 5463 3469 5523 postquam
3497 5440 3761 5503 habuerint,

2237 5561 2302 5597 ne
2324 5545 2603 5607 amittant,
2634 5546 2699 5599 ad
2727 5545 2994 5599 orandmn
3036 5545 3288 5598 invitent.

2308 5633 2433 5687 Feci
2463 5635 2728 5705 judicium
2788 5646 2835 5690 et
2874 5637 3174 5706 justitiam,
3216 5646 3320 5691 etc.
3359 5631 3506 5702 Quod
3544 5630 3609 5684 ita

2237 5727 2611 5795 superioribus
2639 5730 2926 5797 adaptatur
2952 5745 2963 5781 :
2996 5726 3151 5793 Dixi,
3192 5726 3442 5792 Domine,
3471 5717 3603 5793 thOd
3625 5711 3757 5769 Μ
