3962 6318
171 409 190 462 ξ
212 405 297 458 297

165 513 448 572 testimonia
501 523 624 582 tua,
676 523 730 567 et
771 531 892 567 cum
938 531 1002 568 ea
1052 514 1354 578 dilexerim,
1416 519 1516 587 feci
1557 521 1608 572 in
1659 537 1744 575 me

158 604 407 677 judicium
479 601 719 671 ipsorum
785 606 1246 672 testimoniorum,
1308 609 1358 662 id
1406 619 1490 662 est
1531 610 1739 679 inspex'i

161 696 311 752 oculo
347 693 578 748 rationis
638 711 799 756 ιιιοςιι,
845 707 894 750 et
939 697 1228 764 dijudicavi
1283 703 1555 768 qttontolo
1600 718 1738 769 pra:-

162 796 306 855 cepta
356 793 443 838 tua
503 785 615 837 sint
691 785 1035 852 intelligenda
1117 799 1171 842 et
1236 790 1600 844 observamla.
1677 791 1742 844 Et

161 879 296 932 iacto
341 873 579 943 judicio,
643 877 741 944 {cci
789 878 1054 946 justitiam
1123 880 1434 933 eortnndem
1496 881 1741 934 testimo-

161 966 388 1030 nierum,
418 964 469 1017 id
526 976 612 1016 est
658 964 807 1033 juste
863 965 1098 1021 intellexi
1161 979 1214 1022 et
1263 983 1428 1037 opere
1479 969 1738 1038 complevi

154 1055 630 1130 mept‘mcepta
681 1067 789 1110 tua.
821 1056 1098 1113 "iudicium
1144 1059 1344 1128 quippe
1391 1060 1590 1113 dicitur
1630 1060 1740 1129 ipsa

155 1147 320 1213 prima
389 1143 716 1199 deliberatio
771 1147 1101 1215 intelligendi
1157 1155 1210 1201 et
1274 1139 1410 1202 b'ene
1462 1150 1739 1219 operandi.

150 1225 189 1292 Ι.
215 1237 358 1291 stitia
407 1253 540 1290 vero
581 1237 694 1306 ipsa
738 1239 1034 1292 exsecutio.
1071 1237 1296 1308 PrOpter
1333 1239 1433 1294 boc
1463 1256 1592 1309 ergo
1633 1256 1744 1294 nte-

151 1331 328 1388 ritum,
361 1328 487 1397 quia
513 1327 784 1395 judicium
819 1339 864 1381 et
898 1329 1164 1399 justitiam
1193 1329 1314 1400 feci,
1343 1345 1462 1394 oro,
1498 1331 1740 1396 Domine,

147 1437 244 1472 uou
267 1420 450 1471 trullas
481 1436 584 1480 ιιι-ι,
617 1401 771 1472 idest
803 1437 906 1473 non
952 1422 1234 1488 permittas
1261 1438 1344 1476 me
1377 1423 1510 1475 tradi
1545 1439 1742 1476 secuit--

147 1511 265 1562 dun
303 1508 751 1582 conﬁtrmitatem
801 1510 1244 1565 calumniantibus
1286 1528 1367 1564 me
1415 1511 1645 1575 Iudaeis,
1693 1515 1742 1568 id

143 1612 218 1653 (Bal
265 1601 396 1654 ntibi
451 1601 663 1669 injuste
714 1611 767 1655 et
807 1603 1256 1657 irrationabiliter
1303 1605 1738 1660 adversantibus.

142 1691 289 1757 Quod
340 1699 426 1744 est
482 1691 676 1745 dicere
710 1708 724 1744 :
755 1692 924 1748 Judaei
979 1697 1108 1750 nzibi
1157 1699 1578 1764 calumniantur,
1613 1717 1743 1755 con-

143 1783 397 1836 vertenda
429 1783 640 1836 bonum
673 1783 723 1837 in
751 1783 975 1849 malum,
1011 1788 1114 1842 hoc
1153 1787 1365 1843 scilicet
1393 1792 1536 1858 quod
1568 1790 1738 1860 legem

145 1885 372 1928 veterem
427 1875 762 1944 spiritaliter
817 1877 1096 1949 intelligo,
1154 1891 1209 1934 et
1263 1881 1405 1951 quod
1454 1881 1738 1937 Dominum

137 1963 316 2018 issam
361 1981 556 2018 verum
594 1967 760 2020 Deum
800 1954 922 2022 esse
970 1985 1074 2023 non
1112 1970 1348 2042 ambigo.
1383 1971 1562 2040 Quare
1608 1989 1739 2038 oro,

145 2055 406 2120 Doutine,
466 2073 563 2120 ne,
623 2067 844 2128 propter
897 2061 1036 2115 banc
1087 2063 1436 2125 calumniam,
1475 2064 1656 2118 tradar
1689 2066 1740 2118 in

137 2164 321 2203 eorum
378 2148 876 2216 conformitatem,
933 2161 991 2208 ut
1051 2155 1268 2208 oculum
1326 2155 1556 2210 rationis
1610 2172 1744 2210 mea:

137 2240 402 2292 amittam.
469 2240 764 2294 Calnmnia
831 2254 912 2297 est
977 2243 1173 2314 injuste
1255 2247 1563 2301 adversatio
1620 2263 1744 2317 pro-

138 2331 266 2399 prie.
306 2329 374 2386 Ut
409 2342 608 2384 antem
643 2349 747 2386 non
795 2336 980 2389 tradar
1028 2338 1490 2393 ealntnniantibus
1523 2339 1574 2394 in
1605 2356 1739 2395 con-

136 2423 464 2476 l'ormilatem
490 2425 706 2492 suscipe
746 2443 949 2481 servum
994 2440 1164 2494 tuum,
1196 2429 1354 2486 idest
1393 2435 1742 2501 patrocinare

137 2511 264 2565 mihi
299 2513 515 2568 auxilio
543 2515 936 2572 misericordiae
963 2527 1068 2573 tua!
1096 2537 1220 2574 cum
1253 2538 1441 2577 servus
1464 2534 1586 2578 tuus
1617 2525 1736 2580 sim.

134 2604 346 2675 Suscipe
374 2624 483 2674 me,
511 2600 738 2679 inq'uam
761 2651 774 2676 ,
805 2610 1088 2682 dirigendo
1125 2612 1420 2666 secundum
1449 2615 1742 2681 promotio-

135 2711 253 2749 nem
307 2705 364 2752 et
406 2700 718 2754 secundum
748 2702 1209 2770 perseverantiam
1233 2703 1286 2755 in
1328 2701 1539 2766 bonum,
1570 2704 1620 2756 id
1659 2714 1744 2758 est

132 2787 197 2840 de
241 2789 388 2854 bene
421 2806 600 2860 opere
645 2793 694 2845 in
749 2793 963 2849 melius.
1016 2793 1125 2848 Oro
1157 2793 1320 2847 etiam
1366 2809 1462 2862 pro
1496 2795 1742 2863 superlns

132 2878 350 2947 ludatis,
401 2883 500 2951 qui
541 2883 641 2938 tibi
685 2883 872 2939 nolunt
903 2885 1180 2940 humiliter
1202 2883 1393 2954 ειι1;]ἰ‹;ἰ
1426 2903 1437 2939 :
1473 2897 1528 2940 et
1572 2887 1622 2940 in
1655 2903 1739 2940 su-

131 2973 314 3040 perbia
367 2975 648 3030 obstinati
685 2975 1086 3032 οιιίιιιιιιιίιιιιιιιι·
1118 2993 1232 3044 me,
1277 2988 1334 3032 ιιι
1384 2978 1610 3033 ulterius
1637 2997 1739 3033 non

131 3062 539 3119 calumniantur
571 3083 656 3120 me
683 3067 924 3136 superbi;
953 3084 1070 3136 qua:
1101 3068 1368 3122 talmnnia
1400 3077 1484 3122 est
1525 3070 1741 3123 "censio

130 3147 342 3212 martis.
373 3157 543 3224 Quod
569 3167 653 3212 est
679 3159 860 3212 dicere
893 3177 905 3212 :
943 3159 1216 3212 Desistant
1242 3159 1308 3212 ab
1334 3160 1433 3214 hac
1466 3159 1738 3214 tuortifera

127 3236 408 3301 calumnia
468 3256 530 3301 et
603 3248 734 3301 mibi
791 3245 1123 3302 adluet‘eant.
1181 3247 1445 3314 Quoniam
1491 3260 1743 3303 oraverat

125 3340 327 3410 suscipi
359 3340 416 3398 itt
447 3343 686 3406 bonum,
717 3342 966 3395 meritum
1009 3341 1297 3411 prtetcndit
1329 3358 1434 3411 quo
1471 3342 1742 3411 adipisca-

128 3441 216 3484 tur
246 3434 398 3503 quod
435 3445 602 3500 orat,
651 3443 707 3488 et
754 3444 876 3502 post
929 3435 1122 3502 repetit
1163 3433 1408 3489 eamdem
1440 3434 1741 3489 oralionem

122 3526 246 3580 aliis
276 3527 494 3589 verbis,
537 3541 664 3582 cum
717 3526 848 3580 dicit
897 3543 909 3578 :
947 3523 1057 3579 Fac
1101 3542 1220 3580 cum
1245 3541 1414 3587 serra,
1453 3533 1557 3580 etc.
1591 3525 1741 3591 Quod

123 3617 204 3670 sic
240 3615 558 3686 adaptatur
609 3631 625 3671 :
675 3615 839 3681 Feci,
889 3616 1147 3686 inquam,
1177 3615 1442 3686 judicium
1493 3627 1539 3669 et
1577 3616 1741 3686 justi-

118 3709 273 3764 tiam.
317 3709 392 3764 Et
445 3711 539 3778 sic
590 3709 692 3764 feci
753 3710 867 3764 lucc
919 3708 1130 3763 inlense
1175 3707 1316 3777 quod
1354 3707 1494 3762 oculi
1528 3709 1627 3762 mei
1670 3709 1745 3762 itt-

121 3806 406 3872 tcriores,
473 3806 534 3860 id
583 3813 669 3860 est
738 3805 1066 3860 intentiones
1121 3819 1255 3858 mea:
1327 3803 1629 3870 deiecerunt
1677 3802 1744 3856 ab

112 3899 388 3955 omnibus
440 3899 602 3954 curis
651 3893 1026 3962 saicularibus,
1085 3897 1374 3952 tendentes
1423 3897 1473 3949 in
1513 3895 1744 3950 salutare.

113 3999 294 4054 tuum,
329 3989 389 4043 id
424 3997 524 4044 est
549 3989 604 4042 iu
638 3988 806 4056 legem
841 3997 1013 4055 tuam,
1045 4002 1164 4058 qua:
1193 3987 1451 4042 salutaris
1478 3997 1561 4040 est
1597 4001 1745 4040 com.

108 4079 409 4147 plentibns
433 4087 660 4140 eant,et
696 4078 979 4134 tendentes
1007 4079 1060 4132 in
1081 4078 1344 4149 eloquium
1363 4077 1588 4148 ⁸ἰιιειίιὶαξ
1616 4087 1741 4142 ιιιιε,

110 4169 276 4225 idest
303 4173 362 4224 in
420 4172 607 4238 legem
643 4183 786 4223 tuam
813 4169 1038 4238 justam.
1071 4170 1324 4226 Salutare
1365 4179 1420 4226 ct
1468 4169 1740 4241 eloquium

97 4261 348 4330 iustitiae
381 4264 544 4317 idem
573 4265 888 4333 designant,
919 4262 1091 4332 legem
1119 4263 1356 4330 scilicet;
1389 4264 1482 4318 sed
1523 4279 1618 4334 per
1649 4265 1745 4318 bas

104 4367 279 4408 voces
332 4353 394 4408 in
450 4355 648 4408 eadem
685 4353 802 4422 lege
855 4352 1072 4406 diversa
1122 4361 1401 4419 notantur,
1430 4352 1635 4407 Scilicet
1693 4363 1743 4408 et

100 4445 258 4513 quod
293 4444 586 4499 salutaris
611 4453 720 4508 est,
747 4453 800 4498 et
838 4445 982 4514 quod
1019 4441 1166 4511 jnsta
1215 4452 1270 4498 ct
1313 4458 1379 4498 eo
1425 4445 1594 4514 magis
1633 4458 1747 4496 am-

97 4537 441 4604 plectenda.
476 4535 633 4601 Quod
661 4545 744 4592 est
770 4553 834 4592 ac
873 4537 918 4592 si
964 4536 1154 4590 dicat:
1193 4533 1276 4588 Ab
1317 4534 1463 4588 omni
1495 4533 1742 4614 saecttlari

97 4627 342 4698 negotio
402 4626 638 4694 deieci;
693 4637 748 4684 et
793 4629 844 4682 in
903 4628 1075 4698 legem
1143 4635 1287 4680 tuam
1331 4625 1622 4680 salutarem
1685 4635 1740 4680 et

84 4718 319 4787 justam
378 4736 596 4776 omnes
643 4719 964 4776 allectiones
1025 4734 1174 4776 meas
1218 4716 1410 4772 direxi.
1473 4715 1738 4784 Quoniam

93 4811 275 4880 igitur
304 4812 479 4866 oculi
513 4813 612 4866 mei
661 4812 961 4882 defecerunt
1003 4811 1056 4864 in
1107 4809 1343 4864 salutare
1373 4818 1521 4862 tuum
1562 4822 1580 4858 :
1621 4822 1735 4870 oro,

88 4903 380 4967 Domine,
421 4901 526 4970 fac
552 4919 669 4956 cum
701 4916 785 4955 tne
813 4918 958 4955 serra
989 4910 1078 4954 tuo
1109 4900 1393 4954 secundum
1440 4899 1740 4952 misericor-

85 4994 247 5049 diam
307 5005 516 5048 tuam.
545 4993 678 5048 Cum
713 4992 862 5057 dicit,
894 4993 980 5062 [ac
1011 5009 1131 5046 cum
1176 5007 1338 5052 servo,
1386 4989 1612 5044 liberum
1647 5005 1737 5042 ar-

83 5088 342 5142 bitrium
373 5086 635 5142 denomt.
669 5087 745 5142 Ac
771 5086 816 5141 si
847 5085 1054 5140 diceret
1081 5101 1094 5139 :
1133 5084 1242 5153 Ego
1267 5084 1585 5152 iuquantum
1647 5097 1741 5135 va—

85 5177 204 5241 leo,
235 5191 357 5247 per
393 5175 644 5230 libermn
669 5175 958 5230 arbitrium
993 5175 1048 5229 in
1077 5173 1195 5244 lege
1229 5180 1318 5226 tua
1360 5172 1497 5227 bene
1520 5186 1737 5242 operor.

75 5268 405 5321 (la-ternm
456 5267 591 5335 quia
633 5281 726 5336 per
764 5282 851 5321 me
890 5281 1009 5322 sum
1042 5262 1392 5330 insuliiciens,
1423 5265 1510 5336 fac
1555 5281 1740 5318 secun-

79 5360 224 5411 dum
263 5358 726 5412 misericordiam
748 5397 762 5421 ,
800 5358 852 5412 id
901 5357 1313 5434 estsecundum
1344 5355 1602 5409 auxilium
1636 5355 1740 5410 mi-

71 5449 488 5512 sericordiae,
516 5448 849 5516 cooperaudo
879 5465 998 5503 cum
1027 5464 1130 5514 me,
1174 5463 1320 5502 servo
1347 5456 1456 5501 tuo.
1479 5446 1631 5513 Quod
1660 5455 1742 5502 est

75 5542 298 5594 dicere
337 5557 355 5594 :
397 5538 575 5594 Sicut
605 5539 975 5594 misericordia
1011 5549 1099 5594 tua
1121 5539 1274 5609 larga
1304 5539 1497 5603 est,ita
1523 5553 1738 5608 quoque

73 5646 334 5687 mecum
377 5628 552 5698 large
575 5629 967 5697 conperarc.Et
990 5644 1110 5683 cum
1137 5643 1344 5683 mecura
1369 5627 1585 5692 feceris.
1613 5629 1738 5683 doce

73 5737 168 5774 me
191 5719 663 5790 Jutiﬁcationes
706 5718 836 5774 istas
865 5734 983 5775 esse
1030 5729 1168 5774 tuas.
1204 5720 1360 5786 Quod
1396 5722 1734 5776 estdicere:

65 5812 234 5868 Cum
273 5823 538 5867 mecum
565 5810 904 5878 cooperando
933 5811 986 5864 in
1029 5809 1142 5882 lege
1177 5818 1264 5864 tua
1296 5828 1378 5865 mc
1399 5811 1734 5880 jnstilicave-

1050 400 1406 461 EXPOSITIO
1445 405 1509 459 l.\'
1552 405 1884 463 PSALMOS.
1913 438 1980 448 -—
2016 407 2211 464 PSAL.
2253 409 2480 467 CXVIII.

3292 431 3310 484 i
3324 429 3421 485 εὶθὸ

1774 523 1820 578 Α
1850 523 1940 587 ris,
1976 525 2060 579 lac
2092 541 2178 579 me
2208 542 2311 580 non
2363 528 2463 582 boc
2503 528 2634 582 mibi
2693 536 2996 606 ascribere;
3038 543 3129 595 sed
3177 545 3303 598 doce
3343 565 3422 600 me

1846 613 2088 670 interiori
2120 615 2512 674 illnminatione
2538 622 2637 676 bas
2659 622 3066 691 jttstiﬁcatioues
3109 644 3227 686 lttas
3275 653 3418 698 (ιδεμ,

1845 719 1950 758 non
1973 720 2036 758 ex
2067 721 2171 761 tne.
2198 705 2314 762 Non
2342 708 2513 762 solum
2544 721 2722 766 autern
2749 729 2845 768 oro
2870 723 2926 768 ιιι
2950 718 3114 773 facias
3138 739 3254 775 cum
3280 741 3422 778 serra

1844 804 1933 848 tuo
1962 798 2254 851 secundmn
2285 803 2742 868 eooperationem,
2777 805 2872 858 sed
2907 816 2962 859 ut
2994 811 3163 882 magis
3195 813 3422 867 idoneus

1844 887 1946 940 sim
1979 904 2101 942 cum
2127 907 2234 959 quo
2259 895 2589 962 coopereris,
2621 896 2689 948 da
2731 898 2857 950 mihi
2885 898 3202 953 intellectum
3242 903 3418 958 inten-

1844 975 1956 1030 sius
1986 987 2042 1030 ut
2088 981 2260 1048 magis
2290 985 2452 1046 scium
2481 1025 2493 1046 ,
2529 983 2578 1038 id
2617 997 2700 1040 est
2742 986 3035 1058 intelligam
3089 991 3417 1056 testimonia,

1846 1066 1897 1119 id
1945 1077 2028 1121 est
2073 1081 2334 1140 przecepta
2386 1084 2514 1138 tua;
2573 1075 2776 1131 scilicet
2829 1087 2881 1130 ιιι
2932 1079 3098 1133 sciam
3147 1091 3420 1150 quomodo

1844 1171 2109 1228 prtecepta
2157 1169 2243 1214 ttta
2293 1163 2637 1236 intelligenda
2692 1171 2796 1222 sint
2842 1181 2896 1224 et
2943 1175 3306 1243 exsequenda.
3338 1177 3426 1231 Di-

1845 1267 2007 1327 gnum
2061 1262 2144 1306 est
2194 1265 2372 1308 autem
2405 1268 2459 1310 ιιι
2492 1258 2588 1312 des
2619 1263 2742 1313 ntilti
2791 1263 3131 1323 intellectum.
3177 1269 3300 1334 quia
3333 1285 3424 1336 ego

1843 1359 2019 1395 set-tuis
2049 1353 2170 1397 tuus
2201 1362 2336 1408 sum,
2366 1363 2468 1400 non
2503 1349 2612 1402 vitii
2639 1349 2949 1417 cujuslibet,
2972 1354 3064 1407 tibi
3093 1355 3144 1408 in
3176 1359 3426 1411 omnibus

1844 1433 2122 1487 obedicns.
2160 1434 2284 1490 ldeo
2333 1437 2496 1491 etiam
2546 1441 2677 1493 dare
2726 1443 2854 1496 mihi
2905 1445 3067 1498 debes
3095 1445 3424 1504 intellectum

1847 1523 1991 1591 quia,
2025 1541 2057 1576 o
2091 1524 2328 1602 Domine,
2383 1539 2583 1597 tempus
2628 1543 2702 1584 est
2744 1531 2857 1600 jam
2909 1546 3268 1606 Opportunum
3325 1539 3428 1592 buc

1846 1614 2095 1682 faciendi,
2128 1616 2344 1672 scilicet
2385 1619 2714 1675 intellectum
2766 1625 2895 1679 ιιιίΙιῘ
2948 1627 3127 1680 dandi.
3162 1627 3293 1681 Natn
3337 1645 3430 1681 ca-

1847 1703 2173 1762 lumniantes
2198 1723 2282 1761 me
2309 1708 2500 1775 Judzei,
2525 1700 2928 1781 dissipaverunt,
2954 1717 3004 1770 id
3037 1727 3111 1772 est
3147 1718 3428 1773 destruxe-

1848 1808 1992 1861 rnnt,
2026 1809 2285 1868 quantum
2319 1802 2384 1855 ad
2417 1803 2562 1871 ipsos
2588 1846 2602 1867 ,
2643 1804 2804 1874 legem
2854 1817 2997 1860 tuam
3029 1820 3291 1871 veterem,
3325 1813 3428 1878 spi-

1772 1865 1814 1922 η
1849 1891 2097 1946 ritualem
2150 1892 2482 1950 intellectum
2533 1896 2870 1966 alrjicicndo,
2901 1910 2951 1953 ct
2981 1916 3100 1953 eam
3153 1903 3429 1955 neraliter

1846 1999 1952 2037 non
1986 1985 2358 2050 observando,
2405 1997 2460 2041 et
2490 1989 2671 2042 volunt
2703 2005 2787 2045 me
2819 1992 3032 2045 trahere
3081 1993 3130 2044 in
3181 2009 3422 2048 errorem

1847 2089 2023 2126 suum.
2052 2073 2284 2144 Ideoque
2316 2079 2682 2131 necessarium
2731 2089 2812 2134 est
2847 2096 2932 2133 me
2967 2081 3298 2136 intellectum
3333 2083 3426 2136 ha-

1845 2163 1993 2230 bere,
2041 2173 2099 2218 ιιι
2152 2182 2338 2221 eorum
2385 2181 2628 2224 errorem
2679 2170 2878 2241 possim
2920 2171 3174 2239 effugere.
3225 2173 3428 2227 Idcirco

1844 2255 2007 2308 etiam
2058 2256 2224 2311 debes
2257 2257 2590 2313 intellectum
2642 2260 2772 2313 mihi
2807 2260 2956 2323 dare,
2991 2261 3262 2331 quoniam
3288 2262 3426 2323 ideo,

1845 2358 1901 2400 ιιι
1930 2361 2272 2414 promererer
2301 2349 2632 2403 intellectum
2665 2351 3037 2404 mandatorum
3073 2359 3317 2417 tuorum,
3348 2353 3429 2405 di-

1845 2435 1948 2489 lexi
1967 2451 2066 2506 ego
2087 2439 2338 2491 mandata
2369 2438 2531 2508 500
2552 2450 2642 2492 tua
2678 2457 2833 2509 super
2859 2458 3046 2494 aurum
3076 2453 3121 2493 et
3161 2442 3427 2509 topazion.

1847 2527 1898 2580 id
1931 2536 2016 2581 est
2060 2527 2179 2597 plus
2209 2545 2372 2600 quam
2396 2545 2586 2585 omnes
2612 2531 2900 2586 s:ecnlares
2928 2532 3163 2597 divitias,
3189 2549 3307 2603 qua:
3333 2547 3433 2602 per

1846 2615 1946 2672 bas
1997 2617 2131 2673 duas
2178 2635 2265 2674 res
2305 2621 2574 2690 pretiosas
2624 2622 3017 2692 intelliguntur.
3066 2623 3169 2677 Per
3209 2640 3425 2686 aurmn,

1845 2705 2054 2761 scilicet
2100 2709 2242 2778 quod
2293 2719 2376 2763 est
2423 2710 2569 2764 ontni
2613 2711 2982 2786 alio'metallo
3015 2713 3223 2775 carius;
3253 2723 3304 2766 et
3333 2728 3434 2780 per

1844 2797 2133 2866 topazion,
2185 2797 2274 2866 qui
2328 2807 2414 2852 est
2464 2797 2602 2868 lapis
2656 2800 3100 2868 prctiosissimus.
3158 2799 3424 2870 Topazius

1845 2887 1986 2940 enim
2038 2902 2143 2956 quo
2198 2887 2370 2941 rarior
2418 2899 2538 2950 est,
2593 2903 2658 2943 eo
2694 2900 2778 2943 est
2825 2891 3129 2959 pretiosior.
3189 2891 3252 2944 Et
3301 2891 3421 2944 ideo

1845 2993 2061 3047 quoque
2089 2979 2252 3034 debes
2289 2979 2621 3034 intellectum
2657 2981 2785 3034 mibi
2815 2983 2967 3046 dare,
2999 2982 3120 3050 quia
3153 2994 3422 3050 propterea

1847 3080 1904 3121 ιιι
1928 3069 2254 3124 intellectum
2284 3073 2924 3144 promererer,dirigcbar
2946 3090 3044 3144 ego
3063 3073 3173 3140 jam
3198 3075 3430 3136 dudum,

1849 3159 1900 3211 id
1951 3167 2033 3212 cst
2082 3160 2442 3228 promovebar
2477 3161 2545 3213 ad
2593 3163 2770 3214 omnia
2827 3164 3075 3216 mandata
3129 3173 3220 3216 tua
3273 3179 3424 3216 com-

1847 3249 2056 3320 plenda.
2105 3251 2170 3304 Et
2219 3259 2502 3320 propterea
2562 3252 2725 3304 etiam
2773 3262 2830 3306 ιιι
2890 3255 3032 3307 hunc
3089 3254 3426 3308 intellectum

1845 3339 2065 3410 adipisci
2095 3354 2326 3410 possem,
2361 3341 2481 3394 odia
2505 3341 2664 3394 ltabui
2691 3358 2890 3395 onmem
2920 3344 3051 3396 viam
3082 3343 3334 3413 iniquam,
3374 3347 3426 3398 id

1846 3441 1930 3486 est
1949 3447 2162 3486 omnem
2192 3432 2531 3487 eriminalem
2563 3433 2955 3501 operationem,
2983 3449 3102 3502 quae
3129 3435 3212 3486 via
3244 3444 3325 3488 est
3355 3435 3430 3488 ad

1848 3531 2099 3576 mortem.
2129 3539 2148 3572 ι
2179 3519 2294 3576 Non
2327 3523 2471 3576 enim
2515 3523 2597 3593 (ut
2627 3521 2880 3576 Salomon
2919 3523 3138 3592 asserit)
3179 3524 3232 3577 in
3263 3524 3431 3578 male-

1845 3613 2023 3666 volam
2079 3613 2314 3666 animam
2366 3613 2613 3672 introibit
2663 3614 2973 3691 sapientia:
3015 3631 3114 3670 nec
3166 3615 3434 3672 habitabit

1847 3709 1900 3764 in
1932 3724 2159 3780 corpore
2194 3709 2410 3765 subdito
2439 3711 2678 3780 peccatis
2718 3707 2867 3779 (Sap.
2899 3725 2939 3774 ι,
2968 3709 3043 3778 4).
3082 3727 3102 3760 ι

1919 3799 2028 3854 Pus
2063 3801 2252 3854 erravit
2278 3801 2686 3872 interpretatur.
2717 3801 2830 3867 Qua
2872 3801 3076 3856 idcirco
3105 3801 3429 3856 convenien—

1849 3901 1931 3960 ter
1958 3892 2117 3964 hujus
2143 3891 2396 3948 clausulae
2421 3894 2634 3948 cunctis
2669 3893 2911 3952 versibus
2940 3891 3274 3958 inscribitur,
3299 3908 3431 3962 quo-

1847 3983 1990 4038 niam
2041 3983 2278 4039 lidelimn
2329 3985 2578 4041 collectio
2618 4000 2738 4054 qum
2786 3985 2873 4040 bic
2912 3986 3041 4054 agit,
3087 3983 3429 4038 ostendendo

1845 4092 1966 4132 esse
2009 4077 2277 4131 mirabilia
2338 4079 2643 4133 testimonia
2691 4076 2805 4142 Dei,
2843 4076 3152 4131 testimonia
3204 4076 3418 4130 scilicet

1847 4170 1981 4240 legis
2011 4170 2230 4234 veteris,
2259 4178 2314 4224 et
2356 4171 2685 4225 ostendendo
2714 4171 2950 4223 animam
2992 4184 3142 4223 suam
3177 4183 3237 4223 ea
3272 4183 3428 4222 seru-

1851 4269 2020 4316 latam
2056 4273 2176 4313 esse
2225 4275 2322 4328 per
2370 4275 2562 4313 novam
2601 4261 2794 4330 legem,
2849 4275 2970 4328 qua:
3005 4268 3090 4314 est
3137 4259 3432 4314 declaratio

1850 4352 2016 4420 ipsius
2044 4350 2178 4420 legis
2212 4351 2426 4412 veteris,
2471 4360 2525 4403 et
2573 4350 2776 4405 orando
2829 4359 2888 4402 ut
2922 4351 3062 4404 Deus
3094 4349 3194 4404 sibi
3229 4352 3316 4406 det
3344 4351 3427 4406 in-

1852 4439 2124 4494 tellectum
2167 4447 2222 4492 ct
2273 4439 2648 4508 operationem
2691 4439 2927 4508 ipsorum
2964 4439 3416 4503 testimoniorum,

1779 4546 1822 4600 ι)
1849 4540 1903 4586 et
1940 4540 1997 4585 ut
2030 4531 2172 4585 Deus
2202 4544 2322 4584 eam
2371 4530 2597 4583 redimat
2624 4545 2653 4583 a
2690 4529 2974 4585 eal-umniis
2999 4529 3327 4595 Judzeorum,
3360 4547 3428 4586 ne

1845 4608 1924 4680 eis
1952 4623 2132 4692 cedat,
2162 4639 2258 4696 pro
2286 4624 2483 4693 quibus
2517 4623 2679 4676 etiam
2711 4639 2769 4678 se
2797 4621 2955 4677 ﬂesse
2996 4623 3157 4678 nimis
3205 4624 3422 4688 asserit,

1845 4716 1972 4787 quia
2017 4731 2122 4771 non
2169 4713 2540 4771 custodierunt
2568 4713 2734 4784 legem
2761 4712 2994 4778 Domini,
3029 4713 3132 4768 boc
3159 4729 3223 4768 ea
3254 4713 3430 4768 inten-

1847 4808 1994 4862 tione
2024 4805 2154 4860 dicit
2206 4813 2264 4858 ut
2316 4802 2505 4856 innuat
2533 4802 2676 4872 quod
2719 4801 2946 4872 p0pulus
2988 4800 3299 4858 Judaeorum
3335 4803 3428 4858 diu

1837 4895 1953 4967 jam
1985 4897 2212 4959 erravit,
2247 4901 2303 4949 et
2352 4893 2528 4947 adlmc
2565 4901 2743 4956 errat;
2791 4893 2904 4962 qui,
2955 4892 3068 4948 haec
3118 4893 3426 4948 testimonia

1845 5004 1964 5044 cum
2017 4987 2246 5042 obscura
2312 4983 2420 5040 sint
2470 4993 2525 5038 et
2583 4983 2881 5047 mirabilia,
2944 4999 3043 5054 per
3099 4999 3252 5040 nova.
3299 4983 3429 5053 legis

1843 5080 2236 5150 susceptionem
2291 5093 2396 5134 non
2428 5085 2737 5144 scrutatur;
2785 5077 2877 5132 sed
2928 5076 3105 5146 potius
3139 5075 3205 5130 ad
3251 5075 3422 5130 solam

1843 5172 2078 5228 litteram
2102 5168 2470 5242 intelligendo,
2514 5183 2607 5224 eos
2629 5169 2718 5239 qui
2745 5176 3074 5231 scrutantur,
3103 5166 3424 5235 inquantum

1843 5269 2043 5334 potest,
2091 5259 2474 5316 calumniatur.
2512 5259 2578 5314 Et
2625 5258 2873 5312 utetiam
2916 5255 3194 5311 auditores
3219 5257 3287 5310 ab
3323 5258 3426 5311 hoc

1842 5369 2031 5411 errore
2078 5353 2332 5418 devocet,
2371 5360 2426 5407 et
2455 5351 2520 5406 ad
2567 5347 2853 5404 scrutanda
2882 5362 2979 5418 per
3027 5362 3220 5403 novam
3253 5346 3428 5419 legem

1842 5448 1958 5503 haec
1993 5445 2298 5502 testimonia
2329 5444 2534 5498 invitet.
2727 5437 2730 5440 ’

1915 5537 2184 5593 Mirabilia
2225 5535 2518 5590 testimonia
2558 5541 2647 5588 ttta
2677 5571 2692 5599 ,
2738 5539 2843 5586 etc.
2877 5529 3028 5598 Quod
3083 5531 3154 5585 ita
3199 5528 3424 5599 conjun-

1843 5630 1986 5702 gitur
2035 5611 2403 5698 superioribus
2437 5639 2450 5676 :
2492 5621 2678 5687 Oravi,
2713 5621 2960 5686 Domine,
3006 5619 3121 5673 dari
3169 5617 3301 5671 miht
3341 5618 3425 5671 in-

1841 5719 2102 5774 tellectum
2135 5726 2192 5772 ut
2235 5715 2401 5770 sciam
2447 5711 2746 5781 intelligere
2795 5720 2887 5762 tua
2934 5705 3223 5762 testimonia
3255 5745 3270 5771 ,
3313 5705 3429 5760 sci-

1842 5811 1967 5865 licet
2019 5807 2153 5877 legis
2204 5805 2418 5861 veteris.
2471 5803 2640 5869 Quem
2699 5799 3012 5854 intellectum
3065 5797 3265 5853 idcirco
3313 5812 3420 5851 ore

1771 3205 1810 3261 C
