3978 6328
587 426 724 483 Ιὲὒθ

1156 426 1211 481 S.
1252 424 1594 481 DRUNOle
1634 425 2270 483 l‘.Al’.TllUS!.-\NORUM
2310 426 2791 484 INSTITUTORIS
2829 428 2977 484 Ol'l‘.
3020 428 3197 483 PARS
3234 427 3269 482 Ι.

3654 436 3753 494 13³0

587 540 824 609 assequi,
857 539 1137 608 quoniam,
1168 557 1201 592 o
1244 538 1468 592 Domine
1493 579 1506 599 ,
1549 539 1812 591 mirabilia
1865 538 2161 593 testimonia
2193 538 2233 593 Α
2266 539 2397 608 legis
2420 554 2587 592 novae.
2617 538 2709 604 0s,
2755 540 2995 609 inquam,
3038 542 3241 609 aperui.
3290 542 3462 595 dicens
3507 560 3518 594 :
3546 545 3692 610 Aspice
3713 549 3752 598 in

586 641 702 695 tua,
736 631 788 685 id
830 638 913 685 est
950 630 1193 683 instituta
1227 629 1425 683 veteris
1462 629 1615 696 legis,
1647 628 1713 682 ad
1760 629 1995 683 litteram
2027 643 2159 682 con-

585 723 845 801 siderata,
896 720 1161 774 mirabilia
1198 735 1319 775 esse
1349 719 1617 783 videntur,
1669 719 1721 773 id
1768 729 1852 774 est
1876 720 2159 788 stupenda.

586 814 923 884 Stupendutn
984 813 1128 868 enim
1175 822 1258 867 est
1319 811 1514 874 valde,
1562 811 1606 865 si
1667 812 1733 865 ad
1792 811 2024 866 litteram
2086 812 2165 866 in-

584 915 857 969 tueamur,
885 918 983 957 cur
1018 901 1259 972 qumdam
1303 900 1567 956 sacriﬁcia
1601 901 1827 955 cremari
1874 911 2026 955 extra
2078 918 2165 957 ca-

584 1005 696 1050 stra
738 994 972 1063 jussisti,
1021 1002 1075 1048 et
1102 1009 1197 1047 cur
1223 1008 1415 1047 omnes
1457 990 1672 1047 Judmos
1720 993 1999 1048 instituisti
2053 995 2163 1050 cir-

582 1086 839 1149 cumcidi,
870 1094 925 1140 et
950 1092 1146 1139 extera
1191 1083 1355 1137 multa
1378 1123 1393 1148 ,
1424 1098 1545 1152 quae
1574 1083 1626 1136 in
1657 1082 1774 1153 lege
1803 1085 1974 1138 veteri
2022 1100 2161 1154 pra:-

584 1178 796 1248 eepisti.
824 1176 1025 1232 Idcirco
1052 1190 1181 1243 ergo
1206 1190 1428 1230 necesse
1459 1184 1542 1229 est
1568 1183 1622 1228 ut
1651 1189 1801 1229 orem
1829 1174 2162 1230 intellectum

584 1268 828 1336 adipisci,
878 1276 938 1320 ut
966 1266 1045 1321 sic
1083 1266 1198 1321 hate
1231 1264 1537 1321 testimonia
1570 1263 1883 1334 intelligam.
1930 1264 2007 1319 Ne
2036 1280 2165 1319 vero

583 1358 764 1428 segnis
788 1356 1062 1412 videretur
1088 1356 1142 1411 in
1174 1357 1259 1411 his
1286 1357 1609 1412 testimoniis
1655 1355 1960 1411 scrutandis
1986 1365 2041 1411 et
2070 1372 2167 1426 per

584 1452 687 1506 hoc
713 1465 817 1505 non
843 1459 1143 1505 mereretur
1172 1449 1503 1504 intellectum
1536 1447 1812 1512 obtinere,
1838 1447 2012 1501 addit:
2037 1445 2164 1501 Ideo

582 1544 709 1611 quia
742 1541 1007 1597 mirabilia
1039 1552 1165 1596 sunt
1196 1541 1491 1595 testimonia
1547 1550 1637 1592 tua
1662 1579 1678 1604 ,
1725 1547 1960 1593 scrutata
1992 1548 2067 1592 est
2104 1556 2165 1593 ea

582 1632 762 1686 anima
785 1648 924 1696 mea,
953 1631 1004 1685 id
1036 1641 1119 1686 est
1151 1631 1291 1685 ratio
1334 1645 1451 1684 mea
1498 1628 1785 1696 diligenter
1823 1628 2165 1698 investigavit

584 1724 699 1777 haec
745 1720 1072 1775 testimonia.
1132 1719 1256 1775 llaec
1300 1729 1483 1773 autem
1535 1716 1843 1773 testimonia
1892 1728 2166 1774 scrutatus

583 1826 702 1865 sum
750 1825 848 1881 per
877 1826 1070 1866 novam
1100 1810 1270 1881 legem
1314 1820 1647 1879 susceptam,
1680 1823 1779 1878 per
1808 1807 1968 1863 [idem
2007 1818 2062 1863 et
2090 1810 2167 1863 in-

2267 646 2367 694 me,
2392 629 2444 683 id
2473 631 2635 684 estin
2673 631 2986 685 interiorem
3039 640 3247 699 partem
3286 632 3407 694 mei,
3461 633 3668 688 videlicet
3716 637 3755 689 iu

2266 720 2498 773 animam
2529 729 2749 789 aspectu
2782 721 3211 784 illuminationis,
3240 738 3267 773 a
3291 723 3612 777 similitudine
3643 714 3756 791 Solis,

2264 813 2354 881 qni
2395 828 2555 882 quem
2588 812 2783 881 aspicit
2810 813 3099 868 illuminat.
3132 813 3199 867 Et
3228 794 3458 870 miserere
3500 817 3677 877 1πεὶ.ἱά
3699 830 3761 872 est

2266 911 2319 956 et
2351 902 2428 957 sic
2450 902 2592 967 dico,
2623 911 2681 955 ut
2727 918 2812 956 me
2840 902 3097 971 aspicias,
3128 911 3186 956 ιιι
3210 904 3310 957 mei
3338 904 3630 967 miserearis,
3654 906 3761 959 scili-

2266 1003 2353 1049 cet
2374 1010 2439 1050 ex
2471 992 2841 1049 misericordia
2876 1010 2962 1049 me
2996 994 3201 1064 aspice,
3250 994 3377 1061 quia
3404 1010 3501 1049 non
3550 994 3763 1049 sufﬁciunt

2266 1086 2460 1140 merita
2490 1101 2608 1139 mea
2634 1086 2700 1140 ad
2732 1086 2834 1140 hoc
2877 1086 3254 1140 obtinendum.
3288 1085 3433 1152 Quod
3472 1097 3545 1140 est
3585 1087 3761 1141 dicere:

2266 1177 2399 1230 Cum
2429 1176 2506 1230 sis
2535 1174 2627 1230 Sol
2649 1174 2896 1244 justitiw,
2928 1191 3118 1231 omnes
3143 1191 3278 1245 quos
3309 1177 3387 1231 vis
3422 1175 3765 1232 illuminansiu-

2268 1266 2509 1330 telleetu,
2544 1281 2641 1335 per
2665 1276 2945 1336 aspectum
2990 1267 3397 1332 misericordia,
3426 1282 3516 1323 oro
3557 1282 3629 1323 me
3667 1284 3767 1337 quo-

2266 1373 2373 1427 que
2403 1358 2827 1414 misericorditer
2858 1359 3054 1423 aspice,
3077 1368 3135 1413 ut
3157 1374 3242 1413 me
3269 1358 3765 1414 illuminesintellectu.

2265 1450 2484 1519 Aspice,
2518 1450 2761 1520 inquam,
2788 1458 2842 1504 et
2871 1449 2975 1504 hoc
3001 1449 3087 1503 fac
3119 1449 3402 1503 secundum
3431 1448 3656 1517 judicium
3673 1449 3767 1501 dili-

2266 1543 2497 1609 gentium
2552 1557 2739 1594 nomen
2793 1551 2963 1593 tuum.
3021 1539 3173 1606 Quod
3212 1550 3299 1594 est
3337 1540 3547 1593 dicere:
3576 1539 3641 1592 Ad
3678 1554 3769 1592 eum

2270 1632 2485 1685 modum
2509 1645 2596 1686 me
2626 1631 2808 1700 aspice
2838 1631 2904 1685 ad
2926 1646 3088 1700 quem
3122 1631 3340 1685 modum
3382 1629 3577 1699 judicas
3592 1630 3771 1701 diligen-

2270 1730 2350 1777 tes
2395 1736 2589 1776 nomen
2616 1730 2765 1775 tuum
2795 1721 3137 1791 aspiciendus
3165 1736 3304 1776 esse.
3329 1720 3406 1776 Ac
3428 1720 3470 1775 si
3486 1721 3611 1775 dicat
3640 1719 3771 1773 :Ctuu

2265 1812 2473 1882 judiees
2502 1822 2554 1866 et
2585 1812 2841 1881 disponas
2873 1812 3153 1883 diligentes
3180 1825 3373 1866 nomen
3403 1820 3539 1864 tuum
3567 1811 3774 1879 aspicien-

584 1901 887 1963 tellectum;
941 1918 1062 1970 quae
1116 1910 1200 1957 est
1254 1902 1541 1956 declaratio
1586 1917 1884 1954 sermonum
1932 1910 2164 1967 tuorum,
2199 1879 2240 1933 Β
2269 1904 2365 1958 dos
2396 1916 2537 1968 esse,
2564 1916 2662 1957 oro
2683 1904 2844 1957 etiam
2872 1912 3037 1958 utme
3060 1902 3315 1971 aspicias,
3365 1902 3451 1971 qui
3484 1916 3579 1955 non
3625 1900 3776 1970 repello

586 1991 639 2044 id
670 1999 755 2045 cst
794 2006 915 2061 qua:
946 1991 1189 2047 declarat
1214 2001 1269 2046 et
1303 1991 1614 2045 manifestat
1661 2003 1939 2044 sermones
1970 1991 2168 2047 veteris

586 2080 721 2151 legis
754 2081 1037 2137 obscuros.
1087 2082 1387 2136 Declaratio
1430 2083 1575 2137 enim
1622 2095 1919 2135 sermonum
1956 2091 2166 2136 tuorum

584 2158 871 2238 illuminat,
898 2183 945 2228 et
984 2174 1302 2229 intellectum
1331 2175 1422 2228 dat
1467 2174 1716 2244 parvulis.
1749 2174 1905 2243 Quod
1950 2182 2033 2230 est
2081 2175 2168 2230 di-

584 2280 709 2319 cere
739 2282 752 2318 :
784 2264 909 2320 Ideo
949 2280 1047 2335 per
1076 2280 1270 2319 novam
1321 2266 1493 2335 legem
1537 2266 1653 2321 haec
1685 2268 1991 2322 testimonia
2024 2283 2172 2322 scru-

589 2363 732 2408 tatus
784 2370 902 2409 sum
951 2364 1011 2409 ut
1063 2371 1160 2424 per
1211 2372 1330 2409 eam
1385 2357 1719 2412 illuminarer
1772 2359 1825 2411 in
1877 2359 1961 2413 his
2013 2358 2168 2413 testi-

589 2445 806 2500 moniis.
867 2445 985 2515 Ipsa
1037 2448 1180 2501 enim
1228 2448 1472 2503 existens
1530 2449 1821 2503 declaratio
1869 2465 2169 2505 sermonum

587 2544 797 2587 tuorum
847 2534 1112 2589 illuminat
1154 2551 1247 2591 eos
1301 2537 1391 2607 qui
1436 2547 1561 2591 sunt
1590 2537 1797 2606 parvuli
1830 2538 2023 2607 spiritu
2054 2577 2069 2603 ,
2115 2538 2167 2592 id

584 2635 671 2682 est
699 2627 951 2695 humiles,
983 2643 1088 2683 non
1124 2628 1340 2699 superbi
1390 2638 1446 2682 ut
1492 2627 1684 2683 Judmi.
1735 2628 1802 2683 Et
1853 2630 1956 2685 hoc
2010 2630 2171 2684 modo

585 2716 873 2785 illuminat,
910 2720 1052 2789 quod
1085 2720 1175 2774 dat
1227 2720 1357 2790 ipsis
1394 2719 1625 2789 parvulis
1660 2720 1978 2776 intellectum
2006 2722 2169 2792 spiri-

588 2812 774 2878 talem,
800 2811 951 2881 juxta
982 2811 1110 2868 illud
1141 2812 1477 2868 Dominicum
1509 2830 1521 2866 :
1555 2832 1574 2865 ι
1616 2814 1962 2870 Ahscondisti
1991 2814 2107 2869 haec
2138 2830 2169 2869 a

588 2908 946 2976 sapientibus,
970 2918 1026 2963 et
1054 2907 1306 2964 revelasti
1339 2924 1400 2963 ea
1447 2908 1686 2979 parvulis
1725 2909 1877 2979 (Luc.
1910 2926 1969 2976 x,
1999 2910 2111 2981 21).
2146 2929 2165 2963 ι

588 2996 721 3061 Quia
749 3012 878 3053 vero
904 3012 1001 3067 per
1032 2996 1200 3067 legem
1236 3013 1429 3052 novam
1458 3006 1614 3052 vetus
1640 2998 1970 3067 declaratur,
1989 3015 2053 3054 ex
2088 2999 2171 3054 his

587 3090 866 3160 prOphetaz
920 3090 1082 3146 dictis
1132 3088 1399 3160 coll‘gitur
1439 3106 1453 3144 :
1491 3107 1511 3143 ι
1566 3089 1837 3156 Verbum,
1877 3109 1896 3142 ι
1951 3091 2168 3161 inquit,

2269 2010 2465 2050 nomen
2516 2002 2690 2055 tuum,
2746 1996 2891 2064 quod
2934 2004 3017 2050 est
3042 1994 3339 2061 Dominus,
3388 2003 3444 2049 ut
3486 1992 3635 2048 ιιι(ιωί
3668 1993 3778 2047 dune

2269 2087 2498 2144 cervicis
2528 2096 2584 2142 et
2622 2086 3017 2153 inohedicntes,
3064 2087 3159 2141 sed
3206 2100 3313 2156 ego
3350 2085 3507 2156 diligo
3536 2084 3645 2138 illud
3668 2084 3778 2137 οιηηὶ

2271 2178 2558 2234 affectione
2587 2189 2637 2234 et
2670 2178 2977 2233 obedientia
3034 2178 3357 2248 amplector.
3393 2176 3504 2231 Non
3543 2175 3687 2230 solum
3708 2190 3777 2227 auo

2273 2281 2379 2326 tem
2404 2286 2501 2325 oro
2532 2280 2591 2325 ut
2639 2285 2725 2325 me
2772 2272 3003 2342 aspicias
3043 2271 3345 2326 secundum
3406 2269 3781 2324 illuminatiouem

2272 2361 2727 2427 intellectus,sed
2761 2362 2927 2417 etiam
2980 2376 3099 2427 oro,
3151 2362 3400 2423 Domine,
3452 2375 3637 2429 gressus
3680 2373 3783 2409 meus

2272 2452 2579 2517 interiores,
2634 2452 2688 2507 id
2716 2461 2802 2506 est
2828 2451 3142 2506 aliectioncs
3168 2465 3321 2505 meas
3361 2451 3524 2520 dirige
3556 2448 3783 2500 serumlmn

2270 2543 2531 2615 eloquium
2563 2554 2742 2609 (uuln,
2776 2542 2828 2597 id
2861 2551 2944 2597 est
2987 2542 3222 2597 directas
3254 2540 3344 2595 fac
3379 2542 3442 2595 ad
3469 2543 3592 2595 bene
3610 2551 3787 2606 operan—

2272 2636 2422 2701 dum,
2461 2635 2758 2690 secundum
2787 2642 3114 2704 prmceptum
3148 2643 3324 2688 tuum.
3355 2633 3502 2701 Quod
3528 2641 3597 2687 εει
3624 2631 3785 2684 dicere:

2274 2726 2386 2781 Non
2413 2725 2583 2781 solum
2615 2740 2712 2780 oro
2745 2733 2803 2779 ut
2834 2724 3137 2778 testimonia
3172 2733 3260 2778 tua
3297 2724 3599 2795 intelligam,
3641 2720 3716 2777 sed
3747 2730 3788 2771 ut

2274 2815 2339 2871 ad
2368 2816 2472 2871 hoc
2502 2815 2704 2886 dirigar
2740 2821 2797 2867 ιιι
2835 2830 2895 2869 ea
2930 2814 3202 2870 intellecta
3243 2830 3413 2884 opere
3439 2812 3721 2884 compleant.
3745 2808 3790 2862 Et

2272 2903 2431 2958 sicut
2462 2919 2566 2957 non
2622 2901 2923 2957 dominetur
2967 2904 3068 2957 mei
3116 2902 3389 2972 injustitia
3440 2902 3617 2965 omnis,
3664 2899 3706 2953 id
3731 2906 3791 2951 est

2275 3012 2371 3068 per
2394 3011 2585 3051 omnes
2627 2996 2711 3052 sui
2765 3004 2947 3066 partes
2985 3005 3228 3066 accepta.
3267 2995 3426 3063 Quod
3472 3002 3551 3050 est
3598 2993 3743 3047 dicere
3776 3007 3787 3039 :

2274 3089 2341 3142 Et
2364 3089 2445 3144 sic
2467 3102 2497 3143 a
2528 3095 2582 3142 te
2610 3087 2815 3160 dirigar
2835 3096 2893 3143 ut
2920 3086 3067 3143 nulla
3096 3102 3225 3157 pars
3249 3087 3547 3155 iujustitize,
3570 3098 3673 3154 quite
3693 3079 3789 3136 mihi

592 3199 614 3225 ι
637 3194 1024 3235 consummatis
1058 3189 1112 3235 et
1140 3180 1466 3237 abbreviaus
1493 3180 1545 3235 in
1586 3180 1860 3249 aequitate,
1894 3178 2054 3235 faciet
2078 3182 2175 3235 Do-
2202 3220 2244 3276 Ο
2279 3180 2608 3245 dominetur,
2641 3180 2693 3234 in
2725 3196 2812 3235 me
2835 3188 3132 3235 remaneat.
3166 3180 3258 3233 Est
3281 3187 3463 3233 autem
3495 3178 3707 3247 quaedam
3732 3174 3792 3225 in-

588 3273 768 3327 miuus
796 3286 960 3343 super
1002 3280 1202 3327 terram
1233 3272 1367 3344 (Isa.
1393 3289 1448 3339 ι,
1470 3272 1573 3339 22;
1603 3271 1754 3327 Rom.
1785 3288 1863 3338 ιι,
1893 3271 2007 3341 28).
2050 3292 2069 3326 ι
2100 3271 2172 3329 Ut

586 3372 768 3417 autem
801 3364 917 3418 haec
945 3364 1255 3418 testimonia
1282 3380 1381 3434 per
1422 3380 1617 3421 novam
1648 3363 1821 3433 legem
1859 3363 2171 3433 diligentius

587 3455 819 3508 scrutari
850 3470 1086 3524 possem,
1118 3472 1175 3509 os
1213 3472 1385 3510 meum
1416 3456 1629 3526 aperui;
1677 3455 1729 3509 id
1773 3464 1857 3509 est
1898 3469 1960 3520 os
1989 3456 2170 3510 cordis

589 3546 809 3601 dilatavi
852 3560 948 3615 per
1002 3548 1185 3613 Iidem,
1236 3563 1342 3602 non
1394 3547 1676 3619 angustavi
1733 3561 1833 3618 per
1883 3546 2169 3602 inﬁdelita-

590 3647 726 3701 tem;
774 3645 828 3691 et
854 3651 949 3691 ore
978 3649 1163 3708 aperto
1200 3640 1397 3693 attraxi
1428 3626 1719 3710 spiritum,
1756 3639 1809 3695 id
1858 3649 1942 3695 est
1986 3641 2053 3695 ad
2084 3655 2171 3695 me

591 3726 729 3781 traxi
770 3724 1026 3797 Spiritum
1049 3739 1317 3797 sanctum,
1339 3730 1548 3786 scilicet
1584 3731 1868 3801 amplexus
1892 3745 2010 3786 sum
2044 3730 2171 3802 Spi-

590 3819 753 3871 ritum
781 3826 1050 3882 sanetum,
1078 3833 1237 3887 quem
1266 3818 1444 3875 nullus
1474 3821 1721 3878 obtinere
1746 3828 1943 3891 potest,
1975 3820 2021 3875 si
2049 3835 2171 3875 cor-

522 3900 527 3905 Δ
589 3913 673 3965 dis
711 3926 774 3966 os
814 3910 1059 3973 claudat,
1116 3921 1169 3965 ut
1225 3911 1415 3968 .ludzei.
1458 3914 1600 3969 Bene
1650 3914 1866 3984 quidem
1915 3914 2048 3969 dicit
2089 3923 2170 3969 at-

588 4003 749 4057 traxi.
801 4002 1033 4057 Sanctus
1083 4002 1228 4056 enim
1277 4002 1549 4072 Spiritus,
1588 4013 1851 4074 quantum
1891 4003 2047 4076 501
2102 4004 2168 4058 ad

589 4108 743 4149 suam
802 4092 1233 4149 misericordiam
1273 4101 1470 4163 praesto
1505 4103 1588 4148 est
1632 4106 1822 4148 omnes
1874 4093 2166 4147 illustrare.

587 4187 758 4253 Quem
786 4185 1001 4255 quidem
1050 4185 1151 4241 sibi
1180 4185 1430 4250 attrahit,
1461 4184 1708 4256 quisquis
1757 4199 1857 4255 per
1920 4184 2081 4240 ﬁdem
2114 4195 2170 4240 et

589 4272 835 4326 intimam
878 4271 1222 4328 dilectionem
1269 4280 1325 4327 et
1360 4281 1587 4329 caeteras
1626 4273 1856 4328 virtutes
1893 4271 2165 4339 incedens,

589 4363 892 4437 ingressum
950 4366 1145 4421 anima:
1188 4380 1300 4422 sua:
1347 4381 1444 4436 per
1479 4366 1611 4421 vitia
1660 4364 1739 4420 illi
1783 4379 1890 4419 non
1942 4363 2164 4419 claudit.

587 4452 724 4518 Quia
763 4456 914 4523 ponit
947 4456 1143 4509 attraxi
1172 4456 1452 4525 spiritum,
1499 4470 1530 4509 a
1561 4454 1917 4510 similitudine
1964 4454 2166 4509 dictum

586 4549 1039 4603 estextestuautis
1067 4567 1078 4602 :
1128 4550 1244 4617 qui,
1276 4549 1321 4603 si
1357 4550 1409 4603 in
1452 4564 1633 4604 aerem
1672 4548 2078 4603 clementiorem
2112 4558 2165 4603 et
2195 4563 2246 4623 ι)
2271 4551 2444 4620 aspice
2474 4550 2527 4603 in
2554 4565 2658 4614 me,
2683 4546 2870 4603 ethoc
2916 4546 3076 4601 modo
3102 4544 3320 4616 quidem
3354 4544 3534 4613 aspice
3574 4557 3589 4595 :

588 4651 807 4689 suavem
837 4638 1136 4705 devenerit,
1164 4656 1226 4695 os
1254 4641 1460 4711 aperit;
1487 4651 1543 4695 et
1568 4640 1744 4711 ipsmu
1770 4655 1980 4705 aerem,
2013 4651 2071 4695 ut
2101 4641 2170 4696 ab

562 4743 653 4789 eo
687 4728 1059 4800 refrigeretur,
1099 4734 1201 4787 sibi
1233 4734 1481 4788 attrahit.
1526 4733 1604 4789 lta
1645 4732 1817 4787 lldelis
1839 4733 2091 4804 quisque,
2122 4733 2167 4789 si

590 4821 802 4876 fervore
823 4825 1223 4893 suggestiouum
1248 4825 1553 4882 illicitarum
1570 4836 1854 4891 exmstuct,
1869 4841 1933 4882 os
1951 4826 2166 4892 animae,

590 4916 728 4969 sicut
756 4914 959 4969 dictum
987 4926 1091 4979 est,
1136 4919 1447 4986 aperiendo,
1494 4919 1757 4989 Spiritum
1792 4927 2039 4976 sanctum
2066 4918 2166 4973 sibi

587 5005 863 5061 attrahere
898 5007 1078 5061 debet.

662 5099 800 5165 Quia
830 5106 1008 5154 autem
1042 5100 1171 5154 dicit
1194 5116 1250 5154 os
1282 5114 1476 5156 annua:
1522 5102 1728 5173 aperui,
1757 5101 1889 5157 nihil
1922 5102 2041 5171 plus
2086 5113 2169 5157 est

587 5206 749 5260 quam
801 5190 1036 5245 animam
1075 5192 1142 5246 ad
1187 5190 1551 5259 recipiendum
1605 5192 1865 5259 Spiritum
1918 5199 2164 5245 sanctum

587 5281 924 5350 ltl'il‘pﬂraVi;
958 5282 1052 5338 sed
1107 5296 1136 5337 a
1167 5280 1523 5336 similitudine
1559 5283 1908 5337 exaestuantis
1942 5281 2164 5344 dicitur,

586 5370 701 5439 qui,
726 5386 823 5427 ceu
847 5371 960 5442 jam
989 5372 1189 5427 dictum
1241 5381 1346 5438 est,
1385 5386 1447 5427 os
1476 5370 1542 5425 ad
1580 5385 1759 5425 acrem
1786 5373 2163 5429 attrahendum

585 5460 782 5531 aperit.
808 5459 912 5515 Per
938 5461 1042 5516 hoc
1063 5470 1243 5517 autem
1273 5461 1539 5532 Spiritum
1584 5469 1834 5515 sanctum
1890 5462 2165 5516 attrahere

556 5614 557 5619 η
587 5554 783 5621 merui,
809 5555 933 5625 quia
962 5555 1215 5609 mandata
1239 5564 1352 5619 tua,
1379 5554 1431 5609 id
1451 5562 1535 5610 est
1561 5568 1713 5608 nova:
1742 5551 1874 5622 legis
1909 5568 2029 5623 qua:
2077 5553 2166 5606 de-

587 5647 884 5702 siderabam
914 5646 1209 5717 complere,
1235 5664 1342 5704 non
1373 5663 1435 5704 ea
1466 5645 1656 5717 repuli,
1687 5646 1826 5701 sicut
1873 5643 2043 5700 Judzei
2087 5644 2165 5698 in-

590 5738 812 5793 creduli.
845 5738 1030 5795 Nullus
1060 5738 1260 5809 quippe
1287 5737 1548 5807 Spiritum
1583 5749 1828 5793 sanctum
1857 5736 1957 5792 sibi
1992 5746 2165 5804 potest

591 5830 885 5885 attrahere.
929 5833 1031 5885 nisi
1075 5831 1340 5885 desideret
1393 5838 1445 5881 et
1504 5829 1859 5889 amplectatur
1894 5839 2161 5896 prmecpta

2268 3273 2503 3342 jnstitia,
2536 3271 2680 3327 nulla
2703 3272 2797 3327 Dei
2824 3270 3073 3325 mandata
3100 3286 3262 3341 opere
3288 3271 3569 3341 complere.
3587 3268 3684 3322 Alia
3701 3278 3794 3318 rem

2275 3365 2556 3434 iujustitia,
2590 3380 2713 3418 cum
2761 3379 2888 3433 pars
2913 3379 3100 3419 eorum
3152 3364 3480 3433 completur,
3512 3377 3624 3432 pars
3670 3356 3796 3426 negli-

2274 3466 2466 3528 genter
2492 3455 2785 3511 omittitnr.
2810 3453 2881 3509 Ut
2910 3463 3092 3509 autem
3119 3471 3332 3524 gressus
3370 3454 3473 3507 mei
3524 3451 3793 3519 dirigantur.

2274 3548 2417 3602 nulla
2450 3546 2711 3616 injustitia
2762 3544 2893 3598 mihi
2919 3544 3250 3606 dominetur;
3296 3543 3493 3596 redime
3526 3556 3630 3602 me,
3657 3537 3701 3591 id
3737 3542 3798 3585 est

2272 3640 2447 3710 pretio
2480 3637 2669 3692 mortis
2708 3635 2923 3691 Domini
2969 3632 3095 3689 Jesu
3149 3633 3321 3687 libera
3355 3649 3442 3686 me
3491 3649 3521 3683 a
3573 3624 3795 3681 calumniis

2272 3726 2884 3794 hominumJuda’orum
2906 3724 3274 3793 scilicet,quis
3298 3723 3583 3793 implicitcr
3606 3715 3799 3772 homines

2272 3829 2415 3885 sunt,
2439 3817 2699 3873 animales
2727 3832 2834 3871 non
2866 3813 3137 3885 spiritales
3153 3814 3329 3881 .Quod
3349 3823 3433 3868 est
3457 3800 3798 3866 dicerezludari

2272 3912 2519 3968 homines
2538 3908 2802 3965 animales
2831 3916 2887 3962 et
2910 3905 3172 3961 increduli
3199 3919 3285 3959 me
3332 3902 3725 3959 calumniantur,
3761 3893 3800 3945 id

2271 4012 2356 4057 est
2381 4001 2510 4055 mihi
2577 4000 2953 4063 adversantur,
3001 3998 3199 4052 bonum
3264 3996 3595 4050 intellectum
3623 3998 3803 4053 etopus

2272 4107 2449 4148 meum
2465 4089 2830 4147 convertenda
2863 4088 2915 4141 in
2944 4087 3144 4141 malum
3188 4104 3202 4141 :
3235 4102 3265 4139 a
3297 4100 3532 4154 quorum
3563 4075 3803 4137 calumniis

2271 4202 2358 4242 me
2384 4186 2551 4240 libera
2580 4225 2595 4249 ,
2625 4198 2691 4239 ne
2718 4198 2815 4252 per
2840 4197 2934 4236 eas
2974 4181 3245 4236 deliciam.
3294 4179 3366 4233 Et
3410 4179 3697 4245 redemptus
3714 4183 3803 4221 m-

2271 4277 2467 4331 todiam
2492 4274 2744 4328 mandata
2765 4282 2960 4338 tua,ea
2978 4286 3143 4341 opere
3155 4270 3512 4340 complenda;
3545 4279 3655 4336 qua!
3679 4260 3805 4315 alii“

2272 4383 2377 4421 non
2400 4364 2752 4434 complerem.
2781 4363 3115 4418 Determinat
3138 4369 3319 4415 autem
3354 4357 3618 4428 quemodo
3644 4360 3740 4406 oret
3765 4350 3803 4398 iu

2269 4470 2328 4510 εθ
2355 4454 2544 4525 θερὶοἰ,
2570 4468 2694 4509 cum
2725 4452 2975 4523 superius
3001 4452 3206 4506 dixerit
3231 4468 3246 4504 :
3272 4451 3465 4520 Aspice
3483 4450 3535 4502 in
3559 4460 3647 4500 me.
3676 4436 3803 4496 Oravi

3634 4534 3803 4588 Facient

2272 4641 2521 4696 videlicet
2542 4651 2687 4694 tuam
2708 4640 2950 4695 illumina
2972 4655 3129 4708 super
3151 4655 3357 4693 servum
3384 4649 3552 4699 tuum,
3579 4632 3627 4687 id
3652 4636 3721 4682 est
3754 4623 3803 4675 il-

2270 4729 2677 4785 luminationem
2698 4730 2855 4785 faciei
2883 4737 3137 4798 tuteponc
3160 4729 3213 4781 in
3238 4727 3508 4796 superiori
3534 4731 3673 4794 parte
3692 4713 3804 4770 serti

2271 4823 2372 4885 tui,
2402 4821 2505 4875 mei
2536 4820 2767 4884 scilicet,
2794 4820 2846 4875 id
2871 4828 2956 4874 est
2984 4821 3037 4873 in
3070 4819 3272 4873 anima.
3313 4817 3471 4885 Quod
3500 4824 3579 4870 est
3613 4812 3801 4866 dicere:

2271 4912 2346 4966 Da
2371 4910 2502 4965 mihi
2528 4909 2975 4964 illuminatiouem
3030 4908 3152 4962 Filii
3209 4908 3305 4973 tui,
3356 4917 3419 4961 ut
3451 4920 3537 4961 me
3578 4905 3626 4956 in
3655 4911 3804 4953 autut-1

2270 5003 2535 5058 illumtnet
2567 5000 2840 5055 intellectu
2872 5016 2887 5064 ;
2919 5000 3011 5069 qui
3039 5000 3205 5055 iacies
3232 5009 3320 5054 tua
3348 5000 3570 5059 dicitur,
3603 5008 3663 5048 eo
3692 4985 3807 5058 ιιιιικι

2269 5110 2366 5165 per
2385 5110 2507 5149 eum
2534 5095 2799 5150 visibilem
2832 5093 3032 5148 factum
3082 5093 3148 5148 ab
3178 5093 3434 5146 omnibus
3475 5082 3803 5159 cognosceris.

2268 5202 2389 5241 cum
2414 5185 2698 5241 invisibilis
2722 5188 2815 5252 sis,
2841 5185 2983 5239 sicut
3031 5199 3128 5252 per
3154 5183 3347 5238 faciem
3402 5190 3546 5236 totus
3571 5181 3717 5233 homo
3734 5185 3807 5220 ru-

2268 5278 2562 5347 guoscitur.
2612 5277 2679 5330 Et
2726 5293 2821 5348 per
2878 5275 3325 5328 illuminatiouem
3371 5273 3529 5327 faciei
3575 5280 3668 5323 tum
3706 5263 3808 5315 dore

2268 5383 2349 5421 me
2390 5366 2795 5436 justiﬁcatioues
2849 5364 3063 5430 tuas,id
3108 5371 3193 5417 est
3239 5364 3386 5433 justa
3441 5364 3689 5431 przecepta
3736 5358 3806 5399 tua

2267 5461 2395 5513 doce
2426 5475 2528 5523 me,
2555 5457 2715 5527 502
2740 5465 2795 5511 et
2818 5456 3115 5511 secundum
3144 5454 3426 5510 scientiam
3457 5462 3513 5507 et
3549 5443 3808 5504 secundum

2267 5555 2662 5627 operationem.
2702 5554 2795 5609 Vel
2816 5555 2943 5609 doce
2975 5571 3056 5609 me
3073 5550 3486 5623 justiﬁcationes
3539 5557 3656 5599 esse
3692 5549 3806 5627 litat.

2268 5626 2318 5700 id
2348 5656 2431 5701 est
2462 5647 2565 5700 hoc
2593 5645 2737 5716 quod
2774 5646 2897 5713 quis
2944 5644 3279 5715 justittcatur
3308 5641 3359 5695 in
3405 5644 3683 5710 prmceptts
3707 5626 3807 5682 tuis.

2268 5752 2331 5790 ex
2367 5745 2417 5791 te
2447 5752 2551 5792 non
2576 5752 2639 5790 ex
2674 5754 2733 5792 se
2753 5730 3108 5804 justilieatur.
3162 5732 3259 5790 Vel
3283 5736 3357 5789 sic
3383 5747 3573 5787 versus
3594 5730 3688 5783 iste
3705 5735 3808 5775 con-

2271 5831 2510 5883 tinuatur
2598 5839 2653 5882 ut
2682 5831 2948 5884 sententia
2996 5844 3103 5883 non
3137 5836 3368 5883 mutetur
3407 5842 3418 5878 :
3459 5823 3526 5878 L‘t
3554 5820 3806 5877 redimat:
