  <div class='ocr_page' id='page_1' title='image "/cluster/home/n/w/nwhite01/storage/ocr_20150623/152/hvd.32044015473804/656.png"; bbox 0 0 3978 6328; ppageno 0'>
   <div class='ocr_carea' id='block_1_1' title="bbox 140 396 274 452">
    <p class='ocr_par' dir='ltr' id='par_1_1' title="bbox 140 396 274 452">
     <span class='ocr_line' id='line_1_1' title="bbox 140 396 274 452; baseline -0.007 0"><span class='ocrx_word' id='word_1_1' title='bbox 140 396 274 452; x_wconf 69' lang='grc'><strong>1301</strong></span> 
     </span>
    </p>
   </div>
   <div class='ocr_carea' id='block_1_2' title="bbox 1121 392 2527 453">
    <p class='ocr_par' dir='ltr' id='par_1_2' title="bbox 1121 392 2527 453">
     <span class='ocr_line' id='line_1_2' title="bbox 1121 392 2527 453; baseline 0.001 -5"><span class='ocrx_word' id='word_1_2' title='bbox 1121 392 1475 450; x_wconf 73' lang='lat' dir='ltr'><strong>EXPOSITIO</strong></span> <span class='ocrx_word' id='word_1_3' title='bbox 1506 394 1568 447; x_wconf 77' lang='lat' dir='ltr'>IN</span> <span class='ocrx_word' id='word_1_4' title='bbox 1610 394 1942 450; x_wconf 67' lang='lat' dir='ltr'><strong>PSALIIOS.</strong></span> <span class='ocrx_word' id='word_1_5' title='bbox 1977 429 2043 439; x_wconf 87' lang='lat'><strong>-—</strong></span> <span class='ocrx_word' id='word_1_6' title='bbox 2079 397 2271 453; x_wconf 79' lang='lat' dir='ltr'><strong>PS.\l..</strong></span> <span class='ocrx_word' id='word_1_7' title='bbox 2304 398 2527 453; x_wconf 66' lang='lat' dir='ltr'>CXVIII.</span> 
     </span>
    </p>
   </div>
   <div class='ocr_carea' id='block_1_3' title="bbox 3255 404 3393 462">
    <p class='ocr_par' dir='ltr' id='par_1_3' title="bbox 3255 404 3393 462">
     <span class='ocr_line' id='line_1_3' title="bbox 3255 404 3393 462; baseline -0.014 -3"><span class='ocrx_word' id='word_1_8' title='bbox 3255 404 3393 462; x_wconf 64' lang='lat' dir='ltr'><strong>l5t‘d</strong></span> 
     </span>
    </p>
   </div>
   <div class='ocr_carea' id='block_1_4' title="bbox 135 509 3396 582">
    <p class='ocr_par' dir='ltr' id='par_1_4' title="bbox 135 509 3396 582">
     <span class='ocr_line' id='line_1_4' title="bbox 135 509 3396 582; baseline 0.002 -14"><span class='ocrx_word' id='word_1_9' title='bbox 135 512 703 569; x_wconf 80' lang='lat' dir='ltr'><strong>calunmiisltomiuum</strong></span> <span class='ocrx_word' id='word_1_10' title='bbox 728 552 739 573; x_wconf 93' lang='lat'><strong>,</strong></span> <span class='ocrx_word' id='word_1_11' title='bbox 773 511 958 580; x_wconf 75' lang='lat' dir='ltr'><strong>facient</strong></span> <span class='ocrx_word' id='word_1_12' title='bbox 990 519 1134 562; x_wconf 87' lang='lat' dir='ltr'><strong>tuam</strong></span> <span class='ocrx_word' id='word_1_13' title='bbox 1178 511 1444 574; x_wconf 85' lang='lat' dir='ltr'><strong>illumina,</strong></span> <span class='ocrx_word' id='word_1_14' title='bbox 1476 519 1582 565; x_wconf 90' lang='lat' dir='ltr'><strong>etc.</strong></span> <span class='ocrx_word' id='word_1_15' title='bbox 1619 510 1713 565; x_wconf 87' lang='lat' dir='ltr'><strong>Vel</strong></span> <span class='ocrx_word' id='word_1_16' title='bbox 1749 512 1795 566; x_wconf 80' lang='grc' dir='ltr'><strong>Α</strong></span> <span class='ocrx_word' id='word_1_17' title='bbox 1825 509 1915 565; x_wconf 89' lang='lat' dir='ltr'><strong>Vel</strong></span> <span class='ocrx_word' id='word_1_18' title='bbox 1950 511 2068 567; x_wconf 87' lang='lat' dir='ltr'><strong>ideo</strong></span> <span class='ocrx_word' id='word_1_19' title='bbox 2097 515 2235 581; x_wconf 88' lang='lat' dir='ltr'><strong>quod</strong></span> <span class='ocrx_word' id='word_1_20' title='bbox 2265 530 2389 568; x_wconf 87' lang='lat' dir='ltr'><strong>vera</strong></span> <span class='ocrx_word' id='word_1_21' title='bbox 2444 514 2513 569; x_wconf 92' lang='lat' dir='ltr'><strong>sit</strong></span> <span class='ocrx_word' id='word_1_22' title='bbox 2546 513 2598 566; x_wconf 88' lang='lat' dir='ltr'><strong>in</strong></span> <span class='ocrx_word' id='word_1_23' title='bbox 2650 514 2999 582; x_wconf 83' lang='lat' dir='ltr'><strong>promissione</strong></span> <span class='ocrx_word' id='word_1_24' title='bbox 3046 517 3396 577; x_wconf 90' lang='lat' dir='ltr'><strong>beatitudinis</strong></span> 
     </span>
    </p>
   </div>
   <div class='ocr_carea' id='block_1_5' title="bbox 136 600 1719 671">
    <p class='ocr_par' dir='ltr' id='par_1_5' title="bbox 136 600 1719 671">
     <span class='ocr_line' id='line_1_5' title="bbox 136 600 1719 671; baseline -0.003 -12"><span class='ocrx_word' id='word_1_25' title='bbox 136 606 222 659; x_wconf 85' lang='lat' dir='ltr'><strong>sic</strong></span> <span class='ocrx_word' id='word_1_26' title='bbox 260 603 651 658; x_wconf 83' lang='lat' dir='ltr'><strong>continuatur:</strong></span> <span class='ocrx_word' id='word_1_27' title='bbox 683 600 867 663; x_wconf 85' lang='lat' dir='ltr'><strong>Oravi,</strong></span> <span class='ocrx_word' id='word_1_28' title='bbox 926 601 1116 670; x_wconf 72' lang='lat' dir='ltr'><strong>aspice,</strong></span> <span class='ocrx_word' id='word_1_29' title='bbox 1148 617 1246 655; x_wconf 88' lang='lat' dir='ltr'><strong>oro</strong></span> <span class='ocrx_word' id='word_1_30' title='bbox 1283 617 1495 671; x_wconf 86' lang='lat' dir='ltr'><strong>quoque</strong></span> <span class='ocrx_word' id='word_1_31' title='bbox 1534 602 1719 670; x_wconf 77' lang='lat' dir='ltr'><strong>facient</strong></span> 
     </span>
    </p>
   </div>
   <div class='ocr_carea' id='block_1_6' title="bbox 134 692 1722 762">
    <p class='ocr_par' dir='ltr' id='par_1_6' title="bbox 134 692 1722 762">
     <span class='ocr_line' id='line_1_6' title="bbox 134 692 1722 762; baseline -0.003 -13"><span class='ocrx_word' id='word_1_32' title='bbox 134 708 290 749; x_wconf 72' lang='lat' dir='ltr'><strong>trram</strong></span> <span class='ocrx_word' id='word_1_33' title='bbox 322 694 587 755; x_wconf 69' lang='lat' dir='ltr'><strong>illumina,</strong></span> <span class='ocrx_word' id='word_1_34' title='bbox 626 703 731 747; x_wconf 90' lang='lat' dir='ltr'><strong>etc.</strong></span> <span class='ocrx_word' id='word_1_35' title='bbox 759 692 835 748; x_wconf 83' lang='lat' dir='ltr'><strong>Ne</strong></span> <span class='ocrx_word' id='word_1_36' title='bbox 865 708 992 745; x_wconf 89' lang='lat' dir='ltr'><strong>vero</strong></span> <span class='ocrx_word' id='word_1_37' title='bbox 1017 693 1291 747; x_wconf 89' lang='lat' dir='ltr'><strong>videretur</strong></span> <span class='ocrx_word' id='word_1_38' title='bbox 1346 709 1446 762; x_wconf 86' lang='lat' dir='ltr'><strong>pro</strong></span> <span class='ocrx_word' id='word_1_39' title='bbox 1484 703 1722 747; x_wconf 86' lang='lat' dir='ltr'><strong>contem-</strong></span> 
     </span>
    </p>
   </div>
   <div class='ocr_carea' id='block_1_7' title="bbox 134 783 1722 856">
    <p class='ocr_par' dir='ltr' id='par_1_7' title="bbox 134 783 1722 856">
     <span class='ocr_line' id='line_1_7' title="bbox 134 783 1722 856; baseline 0.001 -21"><span class='ocrx_word' id='word_1_40' title='bbox 134 800 236 855; x_wconf 78' lang='lat' dir='ltr'><strong>ptu</strong></span> <span class='ocrx_word' id='word_1_41' title='bbox 269 796 327 840; x_wconf 91' lang='lat' dir='ltr'><strong>et</strong></span> <span class='ocrx_word' id='word_1_42' title='bbox 365 785 717 856; x_wconf 79' lang='lat' dir='ltr'><strong>depressione</strong></span> <span class='ocrx_word' id='word_1_43' title='bbox 755 783 1064 839; x_wconf 71' lang='lat' dir='ltr'><strong>Judzeorum</strong></span> <span class='ocrx_word' id='word_1_44' title='bbox 1108 794 1164 837; x_wconf 91' lang='lat' dir='ltr'><strong>et</strong></span> <span class='ocrx_word' id='word_1_45' title='bbox 1208 799 1304 854; x_wconf 88' lang='lat' dir='ltr'><strong>pro</strong></span> <span class='ocrx_word' id='word_1_46' title='bbox 1350 784 1431 838; x_wconf 90' lang='lat' dir='ltr'><strong>sui</strong></span> <span class='ocrx_word' id='word_1_47' title='bbox 1486 783 1722 838; x_wconf 76' lang='lat' dir='ltr'><strong>elatione</strong></span> 
     </span>
    </p>
   </div>
   <div class='ocr_carea' id='block_1_8' title="bbox 136 876 1723 946">
    <p class='ocr_par' dir='ltr' id='par_1_8' title="bbox 136 876 1723 946">
     <span class='ocr_line' id='line_1_8' title="bbox 136 876 1723 946; baseline -0.002 -14"><span class='ocrx_word' id='word_1_48' title='bbox 136 878 430 946; x_wconf 87' lang='lat' dir='ltr'><strong>superiora</strong></span> <span class='ocrx_word' id='word_1_49' title='bbox 479 877 701 942; x_wconf 78' lang='lat' dir='ltr'><strong>dixisse,</strong></span> <span class='ocrx_word' id='word_1_50' title='bbox 751 876 985 930; x_wconf 79' lang='lat' dir='ltr'><strong>ostendit</strong></span> <span class='ocrx_word' id='word_1_51' title='bbox 1020 890 1077 930; x_wconf 90' lang='lat' dir='ltr'><strong>se</strong></span> <span class='ocrx_word' id='word_1_52' title='bbox 1128 876 1193 929; x_wconf 87' lang='lat' dir='ltr'><strong>de</strong></span> <span class='ocrx_word' id='word_1_53' title='bbox 1243 876 1483 944; x_wconf 87' lang='lat' dir='ltr'><strong>ipsorum</strong></span> <span class='ocrx_word' id='word_1_54' title='bbox 1536 890 1723 930; x_wconf 83' lang='lat' dir='ltr'><strong>errore</strong></span> 
     </span>
    </p>
   </div>
   <div class='ocr_carea' id='block_1_9' title="bbox 137 965 1720 1035">
    <p class='ocr_par' dir='ltr' id='par_1_9' title="bbox 137 965 1720 1035">
     <span class='ocr_line' id='line_1_9' title="bbox 137 965 1720 1035; baseline 0.001 -17"><span class='ocrx_word' id='word_1_55' title='bbox 137 968 298 1022; x_wconf 77' lang='lat' dir='ltr'><strong>valde</strong></span> <span class='ocrx_word' id='word_1_56' title='bbox 348 966 726 1031; x_wconf 90' lang='lat' dir='ltr'><strong>condoluisse,</strong></span> <span class='ocrx_word' id='word_1_57' title='bbox 772 966 851 1021; x_wconf 91' lang='lat' dir='ltr'><strong>sic</strong></span> <span class='ocrx_word' id='word_1_58' title='bbox 889 985 902 1019; x_wconf 86' lang='lat'><strong>:</strong></span> <span class='ocrx_word' id='word_1_59' title='bbox 934 965 1045 1020; x_wconf 90' lang='lat' dir='ltr'><strong>lloc</strong></span> <span class='ocrx_word' id='word_1_60' title='bbox 1099 966 1243 1035; x_wconf 85' lang='lat' dir='ltr'><strong>quod</strong></span> <span class='ocrx_word' id='word_1_61' title='bbox 1302 966 1434 1030; x_wconf 76' lang='lat' dir='ltr'><strong>dixi,</strong></span> <span class='ocrx_word' id='word_1_62' title='bbox 1475 966 1720 1028; x_wconf 84' lang='lat' dir='ltr'><strong>Domine,</strong></span> 
     </span>
    </p>
   </div>
   <div class='ocr_carea' id='block_1_10' title="bbox 134 1053 1718 1117">
    <p class='ocr_par' dir='ltr' id='par_1_10' title="bbox 134 1053 1718 1117">
     <span class='ocr_line' id='line_1_10' title="bbox 134 1053 1718 1117; baseline -0.003 -10"><span class='ocrx_word' id='word_1_63' title='bbox 134 1056 324 1108; x_wconf 84' lang='lat' dir='ltr'><strong>anima</strong></span> <span class='ocrx_word' id='word_1_64' title='bbox 368 1071 482 1108; x_wconf 83' lang='lat' dir='ltr'><strong>mea</strong></span> <span class='ocrx_word' id='word_1_65' title='bbox 505 1063 739 1107; x_wconf 87' lang='lat' dir='ltr'><strong>scrutata</strong></span> <span class='ocrx_word' id='word_1_66' title='bbox 786 1063 860 1106; x_wconf 88' lang='lat' dir='ltr'><strong>est</strong></span> <span class='ocrx_word' id='word_1_67' title='bbox 886 1053 1184 1106; x_wconf 80' lang='lat' dir='ltr'><strong>testimonia</strong></span> <span class='ocrx_word' id='word_1_68' title='bbox 1219 1062 1343 1117; x_wconf 88' lang='lat' dir='ltr'><strong>tua,</strong></span> <span class='ocrx_word' id='word_1_69' title='bbox 1384 1061 1438 1106; x_wconf 93' lang='lat' dir='ltr'><strong>et</strong></span> <span class='ocrx_word' id='word_1_70' title='bbox 1468 1068 1525 1104; x_wconf 90' lang='lat' dir='ltr'><strong>os</strong></span> <span class='ocrx_word' id='word_1_71' title='bbox 1552 1067 1718 1104; x_wconf 85' lang='lat' dir='ltr'><strong>meum</strong></span> 
     </span>
    </p>
   </div>
   <div class='ocr_carea' id='block_1_11' title="bbox 137 1139 1721 1213">
    <p class='ocr_par' dir='ltr' id='par_1_11' title="bbox 137 1139 1721 1213">
     <span class='ocr_line' id='line_1_11' title="bbox 137 1139 1721 1213; baseline -0.002 -17"><span class='ocrx_word' id='word_1_72' title='bbox 137 1144 364 1211; x_wconf 73' lang='lat' dir='ltr'><strong>aperui,</strong></span> <span class='ocrx_word' id='word_1_73' title='bbox 389 1144 533 1213; x_wconf 85' lang='lat' dir='ltr'><strong>quod</strong></span> <span class='ocrx_word' id='word_1_74' title='bbox 573 1141 742 1198; x_wconf 67' lang='lat' dir='ltr'><strong>Judaai</strong></span> <span class='ocrx_word' id='word_1_75' title='bbox 799 1158 905 1195; x_wconf 90' lang='lat' dir='ltr'><strong>non</strong></span> <span class='ocrx_word' id='word_1_76' title='bbox 965 1139 1233 1205; x_wconf 72' lang='lat' dir='ltr'><strong>fecerunt,</strong></span> <span class='ocrx_word' id='word_1_77' title='bbox 1276 1150 1331 1196; x_wconf 89' lang='lat' dir='ltr'><strong>et</strong></span> <span class='ocrx_word' id='word_1_78' title='bbox 1378 1141 1520 1211; x_wconf 91' lang='lat' dir='ltr'><strong>quod</strong></span> <span class='ocrx_word' id='word_1_79' title='bbox 1571 1141 1721 1194; x_wconf 89' lang='lat' dir='ltr'><strong>oravi</strong></span> 
     </span>
    </p>
   </div>
   <div class='ocr_carea' id='block_1_12' title="bbox 135 1232 1721 1297">
    <p class='ocr_par' dir='ltr' id='par_1_12' title="bbox 135 1232 1721 1297">
     <span class='ocr_line' id='line_1_12' title="bbox 135 1232 1721 1297; baseline -0.002 -10"><span class='ocrx_word' id='word_1_80' title='bbox 135 1235 482 1289; x_wconf 77' lang='lat' dir='ltr'><strong>redimemea</strong></span> <span class='ocrx_word' id='word_1_81' title='bbox 511 1234 792 1288; x_wconf 81' lang='lat' dir='ltr'><strong>calumniis</strong></span> <span class='ocrx_word' id='word_1_82' title='bbox 820 1232 1153 1297; x_wconf 69' lang='lat' dir='ltr'><strong>Judmorum,</strong></span> <span class='ocrx_word' id='word_1_83' title='bbox 1180 1248 1285 1287; x_wconf 90' lang='lat' dir='ltr'><strong>non</strong></span> <span class='ocrx_word' id='word_1_84' title='bbox 1301 1233 1412 1286; x_wconf 79' lang='lat' dir='ltr'><strong>dixi</strong></span> <span class='ocrx_word' id='word_1_85' title='bbox 1442 1232 1509 1285; x_wconf 91' lang='lat' dir='ltr'><strong>ad</strong></span> <span class='ocrx_word' id='word_1_86' title='bbox 1534 1247 1721 1286; x_wconf 90' lang='lat' dir='ltr'><strong>eorum</strong></span> 
     </span>
    </p>
   </div>
   <div class='ocr_carea' id='block_1_13' title="bbox 136 1326 1724 1393">
    <p class='ocr_par' dir='ltr' id='par_1_13' title="bbox 136 1326 1724 1393">
     <span class='ocr_line' id='line_1_13' title="bbox 136 1326 1724 1393; baseline -0.001 -13"><span class='ocrx_word' id='word_1_87' title='bbox 136 1326 581 1393; x_wconf 64' lang='lat' dir='ltr'><strong>«inpressionem,</strong></span> <span class='ocrx_word' id='word_1_88' title='bbox 618 1334 674 1381; x_wconf 92' lang='lat' dir='ltr'><strong>et</strong></span> <span class='ocrx_word' id='word_1_89' title='bbox 706 1342 811 1381; x_wconf 82' lang='lat' dir='ltr'><strong>met</strong></span> <span class='ocrx_word' id='word_1_90' title='bbox 860 1326 1150 1381; x_wconf 91' lang='lat' dir='ltr'><strong>elationem</strong></span> <span class='ocrx_word' id='word_1_91' title='bbox 1181 1344 1194 1379; x_wconf 91' lang='lat'><strong>:</strong></span> <span class='ocrx_word' id='word_1_92' title='bbox 1234 1339 1356 1379; x_wconf 91' lang='lat' dir='ltr'><strong>cum</strong></span> <span class='ocrx_word' id='word_1_93' title='bbox 1392 1340 1582 1381; x_wconf 90' lang='lat' dir='ltr'><strong>eorum</strong></span> <span class='ocrx_word' id='word_1_94' title='bbox 1632 1340 1724 1379; x_wconf 91' lang='lat' dir='ltr'><strong>cr-</strong></span> 
     </span>
    </p>
   </div>
   <div class='ocr_carea' id='block_1_14' title="bbox 136 1417 1727 1486">
    <p class='ocr_par' dir='ltr' id='par_1_14' title="bbox 136 1417 1727 1486">
     <span class='ocr_line' id='line_1_14' title="bbox 136 1417 1727 1486; baseline 0.001 -15"><span class='ocrx_word' id='word_1_95' title='bbox 136 1418 251 1471; x_wconf 81' lang='lat' dir='ltr'><strong>rori</strong></span> <span class='ocrx_word' id='word_1_96' title='bbox 286 1417 429 1472; x_wconf 74' lang='lat' dir='ltr'><strong>adeo</strong></span> <span class='ocrx_word' id='word_1_97' title='bbox 458 1433 771 1486; x_wconf 89' lang='lat' dir='ltr'><strong>compassus</strong></span> <span class='ocrx_word' id='word_1_98' title='bbox 794 1419 918 1483; x_wconf 90' lang='lat' dir='ltr'><strong>sim,</strong></span> <span class='ocrx_word' id='word_1_99' title='bbox 943 1417 1085 1486; x_wconf 90' lang='lat' dir='ltr'><strong>quod</strong></span> <span class='ocrx_word' id='word_1_100' title='bbox 1126 1417 1265 1471; x_wconf 87' lang='lat' dir='ltr'><strong>oculi</strong></span> <span class='ocrx_word' id='word_1_101' title='bbox 1294 1418 1395 1471; x_wconf 85' lang='lat' dir='ltr'><strong>mei</strong></span> <span class='ocrx_word' id='word_1_102' title='bbox 1424 1417 1727 1472; x_wconf 75' lang='lat' dir='ltr'><strong>exteriores</strong></span> 
     </span>
    </p>
   </div>
   <div class='ocr_carea' id='block_1_15' title="bbox 131 1510 1724 1580">
    <p class='ocr_par' dir='ltr' id='par_1_15' title="bbox 131 1510 1724 1580">
     <span class='ocr_line' id='line_1_15' title="bbox 131 1510 1724 1580; baseline -0.002 -17"><span class='ocrx_word' id='word_1_103' title='bbox 131 1512 503 1574; x_wconf 74' lang='lat' dir='ltr'><strong>deduxerunt,</strong></span> <span class='ocrx_word' id='word_1_104' title='bbox 534 1511 585 1565; x_wconf 88' lang='lat' dir='ltr'><strong>id</strong></span> <span class='ocrx_word' id='word_1_105' title='bbox 622 1522 705 1565; x_wconf 86' lang='lat' dir='ltr'><strong>est</strong></span> <span class='ocrx_word' id='word_1_106' title='bbox 736 1510 881 1565; x_wconf 88' lang='lat' dir='ltr'><strong>foras</strong></span> <span class='ocrx_word' id='word_1_107' title='bbox 935 1510 1195 1565; x_wconf 79' lang='lat' dir='ltr'><strong>miserunt</strong></span> <span class='ocrx_word' id='word_1_108' title='bbox 1224 1510 1395 1564; x_wconf 73' lang='lat' dir='ltr'><strong>exitus</strong></span> <span class='ocrx_word' id='word_1_109' title='bbox 1446 1524 1724 1580; x_wconf 86' lang='lat' dir='ltr'><strong>aquarum,</strong></span> 
     </span>
    </p>
   </div>
   <div class='ocr_carea' id='block_1_16' title="bbox 134 1600 1730 1671">
    <p class='ocr_par' dir='ltr' id='par_1_16' title="bbox 134 1600 1730 1671">
     <span class='ocr_line' id='line_1_16' title="bbox 134 1600 1730 1671; baseline -0.002 -16"><span class='ocrx_word' id='word_1_110' title='bbox 134 1605 192 1655; x_wconf 84' lang='lat' dir='ltr'><strong>id</strong></span> <span class='ocrx_word' id='word_1_111' title='bbox 219 1613 603 1671; x_wconf 42' lang='lat' dir='ltr'><strong>est&#39;magnam</strong></span> <span class='ocrx_word' id='word_1_112' title='bbox 660 1603 870 1671; x_wconf 88' lang='lat' dir='ltr'><strong>copiam</strong></span> <span class='ocrx_word' id='word_1_113' title='bbox 913 1601 1295 1671; x_wconf 75' lang='lat' dir='ltr'><strong>larrymarum.</strong></span> <span class='ocrx_word' id='word_1_114' title='bbox 1341 1600 1495 1667; x_wconf 83' lang='lat' dir='ltr'><strong>Quod</strong></span> <span class='ocrx_word' id='word_1_115' title='bbox 1541 1600 1730 1654; x_wconf 84' lang='lat' dir='ltr'><strong>estdi-</strong></span> 
     </span>
    </p>
   </div>
   <div class='ocr_carea' id='block_1_17' title="bbox 140 1686 1730 1761">
    <p class='ocr_par' dir='ltr' id='par_1_17' title="bbox 140 1686 1730 1761">
     <span class='ocr_line' id='line_1_17' title="bbox 140 1686 1730 1761; baseline -0.004 -16"><span class='ocrx_word' id='word_1_116' title='bbox 140 1707 280 1746; x_wconf 82' lang='lat' dir='ltr'><strong>cere</strong></span> <span class='ocrx_word' id='word_1_117' title='bbox 308 1709 323 1746; x_wconf 92' lang='lat'><strong>:</strong></span> <span class='ocrx_word' id='word_1_118' title='bbox 350 1690 520 1745; x_wconf 78' lang='lat' dir='ltr'><strong>Valde</strong></span> <span class='ocrx_word' id='word_1_119' title='bbox 542 1690 661 1746; x_wconf 64' lang='lat' dir='ltr'><strong>ﬂexi</strong></span> <span class='ocrx_word' id='word_1_120' title='bbox 691 1692 901 1761; x_wconf 85' lang='lat' dir='ltr'><strong>procis,</strong></span> <span class='ocrx_word' id='word_1_121' title='bbox 925 1691 1045 1760; x_wconf 82' lang='lat' dir='ltr'><strong>quia</strong></span> <span class='ocrx_word' id='word_1_122' title='bbox 1075 1707 1175 1744; x_wconf 89' lang='lat' dir='ltr'><strong>non</strong></span> <span class='ocrx_word' id='word_1_123' title='bbox 1190 1688 1546 1743; x_wconf 84' lang='lat' dir='ltr'><strong>custodierunt</strong></span> <span class='ocrx_word' id='word_1_124' title='bbox 1568 1686 1730 1757; x_wconf 84' lang='lat' dir='ltr'><strong>legem</strong></span> 
     </span>
    </p>
   </div>
   <div class='ocr_carea' id='block_1_18' title="bbox 132 1779 1729 1852">
    <p class='ocr_par' dir='ltr' id='par_1_18' title="bbox 132 1779 1729 1852">
     <span class='ocr_line' id='line_1_18' title="bbox 132 1779 1729 1852; baseline -0.001 -17"><span class='ocrx_word' id='word_1_125' title='bbox 132 1796 317 1847; x_wconf 74' lang='lat' dir='ltr'><strong>tuoin,</strong></span> <span class='ocrx_word' id='word_1_126' title='bbox 373 1783 603 1838; x_wconf 88' lang='lat' dir='ltr'><strong>nolendo</strong></span> <span class='ocrx_word' id='word_1_127' title='bbox 639 1797 758 1837; x_wconf 90' lang='lat' dir='ltr'><strong>eam</strong></span> <span class='ocrx_word' id='word_1_128' title='bbox 796 1782 1097 1852; x_wconf 84' lang='lat' dir='ltr'><strong>intelligere</strong></span> <span class='ocrx_word' id='word_1_129' title='bbox 1145 1781 1485 1851; x_wconf 84' lang='lat' dir='ltr'><strong>spiritaliter.</strong></span> <span class='ocrx_word' id='word_1_130' title='bbox 1541 1779 1729 1834; x_wconf 77' lang='lat' dir='ltr'><strong>Exitus</strong></span> 
     </span>
    </p>
   </div>
   <div class='ocr_carea' id='block_1_19' title="bbox 1824 605 3401 672">
    <p class='ocr_par' dir='ltr' id='par_1_19' title="bbox 1824 605 3401 672">
     <span class='ocr_line' id='line_1_19' title="bbox 1824 605 3401 672; baseline 0.003 -11"><span class='ocrx_word' id='word_1_131' title='bbox 1824 616 2056 662; x_wconf 71' lang='lat' dir='ltr'><strong>mterute.</strong></span> <span class='ocrx_word' id='word_1_132' title='bbox 2100 606 2190 661; x_wconf 77' lang='lat' dir='ltr'><strong>Vel</strong></span> <span class='ocrx_word' id='word_1_133' title='bbox 2245 607 2362 661; x_wconf 87' lang='lat' dir='ltr'><strong>sic:</strong></span> <span class='ocrx_word' id='word_1_134' title='bbox 2396 605 2664 659; x_wconf 81' lang='lat' dir='ltr'><strong>Mandasti</strong></span> <span class='ocrx_word' id='word_1_135' title='bbox 2718 607 2842 659; x_wconf 89' lang='lat' dir='ltr'><strong>mihi</strong></span> <span class='ocrx_word' id='word_1_136' title='bbox 2877 608 3049 672; x_wconf 86' lang='lat' dir='ltr'><strong>nimis,</strong></span> <span class='ocrx_word' id='word_1_137' title='bbox 3080 612 3131 665; x_wconf 91' lang='lat' dir='ltr'><strong>id</strong></span> <span class='ocrx_word' id='word_1_138' title='bbox 3160 622 3241 667; x_wconf 83' lang='lat' dir='ltr'><strong>est</strong></span> <span class='ocrx_word' id='word_1_139' title='bbox 3280 616 3401 667; x_wconf 83' lang='lat' dir='ltr'><strong>solo</strong></span> 
     </span>
    </p>
   </div>
   <div class='ocr_carea' id='block_1_20' title="bbox 1826 697 3395 765">
    <p class='ocr_par' dir='ltr' id='par_1_20' title="bbox 1826 697 3395 765">
     <span class='ocr_line' id='line_1_20' title="bbox 1826 697 3395 765; baseline 0.003 -13"><span class='ocrx_word' id='word_1_140' title='bbox 1826 699 2077 753; x_wconf 88' lang='lat' dir='ltr'><strong>mandato</strong></span> <span class='ocrx_word' id='word_1_141' title='bbox 2096 698 2388 753; x_wconf 80' lang='lat' dir='ltr'><strong>voluntatis</strong></span> <span class='ocrx_word' id='word_1_142' title='bbox 2414 707 2517 751; x_wconf 59' lang='lat' dir='ltr'><strong>tuae</strong></span> <span class='ocrx_word' id='word_1_143' title='bbox 2540 697 2732 751; x_wconf 90' lang='lat' dir='ltr'><strong>dedisti</strong></span> <span class='ocrx_word' id='word_1_144' title='bbox 2760 697 2889 751; x_wconf 92' lang='lat' dir='ltr'><strong>mihi</strong></span> <span class='ocrx_word' id='word_1_145' title='bbox 2917 700 3090 765; x_wconf 87' lang='lat' dir='ltr'><strong>valde,</strong></span> <span class='ocrx_word' id='word_1_146' title='bbox 3117 714 3170 757; x_wconf 88' lang='lat' dir='ltr'><strong>et</strong></span> <span class='ocrx_word' id='word_1_147' title='bbox 3200 719 3395 757; x_wconf 59' lang='lat' dir='ltr'><strong>secuno</strong></span> 
     </span>
    </p>
   </div>
   <div class='ocr_carea' id='block_1_21' title="bbox 1826 786 3398 855">
    <p class='ocr_par' dir='ltr' id='par_1_21' title="bbox 1826 786 3398 855">
     <span class='ocr_line' id='line_1_21' title="bbox 1826 786 3398 855; baseline 0.003 -14"><span class='ocrx_word' id='word_1_148' title='bbox 1826 787 1949 841; x_wconf 89' lang='lat' dir='ltr'><strong>dum</strong></span> <span class='ocrx_word' id='word_1_149' title='bbox 1979 786 2302 841; x_wconf 89' lang='lat' dir='ltr'><strong>intellectum</strong></span> <span class='ocrx_word' id='word_1_150' title='bbox 2318 795 2371 841; x_wconf 92' lang='lat' dir='ltr'><strong>ct</strong></span> <span class='ocrx_word' id='word_1_151' title='bbox 2393 786 2685 840; x_wconf 88' lang='lat' dir='ltr'><strong>secundmn</strong></span> <span class='ocrx_word' id='word_1_152' title='bbox 2699 787 3087 855; x_wconf 87' lang='lat' dir='ltr'><strong>operationem,</strong></span> <span class='ocrx_word' id='word_1_153' title='bbox 3116 793 3398 845; x_wconf 79' lang='lat' dir='ltr'><strong>veritatem</strong></span> 
     </span>
    </p>
   </div>
   <div class='ocr_carea' id='block_1_22' title="bbox 1828 876 3401 947">
    <p class='ocr_par' dir='ltr' id='par_1_22' title="bbox 1828 876 3401 947">
     <span class='ocr_line' id='line_1_22' title="bbox 1828 876 3401 947; baseline 0.003 -17"><span class='ocrx_word' id='word_1_154' title='bbox 1828 887 1997 941; x_wconf 87' lang='lat' dir='ltr'><strong>tuam,</strong></span> <span class='ocrx_word' id='word_1_155' title='bbox 2014 878 2062 931; x_wconf 87' lang='lat' dir='ltr'><strong>id</strong></span> <span class='ocrx_word' id='word_1_156' title='bbox 2082 887 2163 931; x_wconf 91' lang='lat' dir='ltr'><strong>est</strong></span> <span class='ocrx_word' id='word_1_157' title='bbox 2181 877 2347 947; x_wconf 86' lang='lat' dir='ltr'><strong>legem</strong></span> <span class='ocrx_word' id='word_1_158' title='bbox 2362 893 2574 931; x_wconf 88' lang='lat' dir='ltr'><strong>novam.</strong></span> <span class='ocrx_word' id='word_1_159' title='bbox 2595 876 2745 943; x_wconf 89' lang='lat' dir='ltr'><strong>Quod</strong></span> <span class='ocrx_word' id='word_1_160' title='bbox 2756 886 2840 931; x_wconf 87' lang='lat' dir='ltr'><strong>est</strong></span> <span class='ocrx_word' id='word_1_161' title='bbox 2858 878 3039 934; x_wconf 89' lang='lat' dir='ltr'><strong>dicere</strong></span> <span class='ocrx_word' id='word_1_162' title='bbox 3066 896 3079 932; x_wconf 89' lang='lat'><strong>:</strong></span> <span class='ocrx_word' id='word_1_163' title='bbox 3108 880 3301 936; x_wconf 86' lang='lat' dir='ltr'><strong>Fecisti</strong></span> <span class='ocrx_word' id='word_1_164' title='bbox 3317 900 3401 935; x_wconf 83' lang='lat' dir='ltr'><strong>me</strong></span> 
     </span>
    </p>
   </div>
   <div class='ocr_carea' id='block_1_23' title="bbox 1826 966 3399 1041">
    <p class='ocr_par' dir='ltr' id='par_1_23' title="bbox 1826 966 3399 1041">
     <span class='ocr_line' id='line_1_23' title="bbox 1826 966 3399 1041; baseline 0.002 -19"><span class='ocrx_word' id='word_1_165' title='bbox 1826 968 1981 1022; x_wconf 82' lang='lat' dir='ltr'><strong>valde</strong></span> <span class='ocrx_word' id='word_1_166' title='bbox 2001 967 2358 1037; x_wconf 86' lang='lat' dir='ltr'><strong>iutelligercct</strong></span> <span class='ocrx_word' id='word_1_167' title='bbox 2385 966 2655 1037; x_wconf 86' lang='lat' dir='ltr'><strong>complere</strong></span> <span class='ocrx_word' id='word_1_168' title='bbox 2690 968 3026 1022; x_wconf 81' lang='lat' dir='ltr'><strong>verissimam</strong></span> <span class='ocrx_word' id='word_1_169' title='bbox 3054 970 3224 1041; x_wconf 87' lang='lat' dir='ltr'><strong>legem</strong></span> <span class='ocrx_word' id='word_1_170' title='bbox 3254 980 3399 1025; x_wconf 89' lang='lat' dir='ltr'><strong>tuam</strong></span> 
     </span>
    </p>
   </div>
   <div class='ocr_carea' id='block_1_24' title="bbox 1828 1044 3405 1131">
    <p class='ocr_par' dir='ltr' id='par_1_24' title="bbox 1828 1044 3405 1131">
     <span class='ocr_line' id='line_1_24' title="bbox 1828 1044 3405 1131; baseline -0.001 -15"><span class='ocrx_word' id='word_1_171' title='bbox 1828 1044 2043 1116; x_wconf 63' lang='lat' dir='ltr'><strong>nov-tm.</strong></span> <span class='ocrx_word' id='word_1_172' title='bbox 2061 1059 2162 1115; x_wconf 88' lang='lat' dir='ltr'><strong>Per</strong></span> <span class='ocrx_word' id='word_1_173' title='bbox 2178 1060 2278 1115; x_wconf 92' lang='lat' dir='ltr'><strong>hoc</strong></span> <span class='ocrx_word' id='word_1_174' title='bbox 2295 1059 2628 1129; x_wconf 89' lang='lat' dir='ltr'><strong>autemquod</strong></span> <span class='ocrx_word' id='word_1_175' title='bbox 2648 1058 2774 1113; x_wconf 88' lang='lat' dir='ltr'><strong>mihi</strong></span> <span class='ocrx_word' id='word_1_176' title='bbox 2790 1060 3052 1115; x_wconf 80' lang='lat' dir='ltr'><strong>mandasti</strong></span> <span class='ocrx_word' id='word_1_177' title='bbox 3058 1061 3321 1131; x_wconf 86' lang='lat' dir='ltr'><strong>justitiam</strong></span> <span class='ocrx_word' id='word_1_178' title='bbox 3353 1074 3405 1115; x_wconf 83' lang='lat' dir='ltr'><strong>et</strong></span> 
     </span>
    </p>
   </div>
   <div class='ocr_carea' id='block_1_25' title="bbox 1826 1149 3407 1222">
    <p class='ocr_par' dir='ltr' id='par_1_25' title="bbox 1826 1149 3407 1222">
     <span class='ocr_line' id='line_1_25' title="bbox 1826 1149 3407 1222; baseline 0.003 -19"><span class='ocrx_word' id='word_1_179' title='bbox 1826 1151 2114 1217; x_wconf 83' lang='lat' dir='ltr'><strong>veritatem,</strong></span> <span class='ocrx_word' id='word_1_180' title='bbox 2159 1149 2317 1222; x_wconf 79' lang='lat'><strong>503</strong></span> <span class='ocrx_word' id='word_1_181' title='bbox 2340 1160 2560 1220; x_wconf 88' lang='lat' dir='ltr'><strong>apparet</strong></span> <span class='ocrx_word' id='word_1_182' title='bbox 2598 1150 2723 1220; x_wconf 90' lang='lat' dir='ltr'><strong>quia</strong></span> <span class='ocrx_word' id='word_1_183' title='bbox 2756 1151 2933 1220; x_wconf 86' lang='lat' dir='ltr'><strong>justus</strong></span> <span class='ocrx_word' id='word_1_184' title='bbox 2978 1168 3054 1217; x_wconf 88' lang='lat' dir='ltr'><strong>es,</strong></span> <span class='ocrx_word' id='word_1_185' title='bbox 3085 1153 3321 1220; x_wconf 82' lang='lat' dir='ltr'><strong>Domine,</strong></span> <span class='ocrx_word' id='word_1_186' title='bbox 3352 1156 3407 1210; x_wconf 89' lang='lat' dir='ltr'><strong>in</strong></span> 
     </span>
    </p>
   </div>
   <div class='ocr_carea' id='block_1_26' title="bbox 1829 1242 3405 1312">
    <p class='ocr_par' dir='ltr' id='par_1_26' title="bbox 1829 1242 3405 1312">
     <span class='ocr_line' id='line_1_26' title="bbox 1829 1242 3405 1312; baseline -0.001 -16"><span class='ocrx_word' id='word_1_187' title='bbox 1829 1251 2019 1296; x_wconf 88' lang='lat' dir='ltr'><strong>natura</strong></span> <span class='ocrx_word' id='word_1_188' title='bbox 2043 1254 2098 1297; x_wconf 89' lang='lat' dir='ltr'><strong>et</strong></span> <span class='ocrx_word' id='word_1_189' title='bbox 2136 1258 2239 1297; x_wconf 92' lang='lat' dir='ltr'><strong>non</strong></span> <span class='ocrx_word' id='word_1_190' title='bbox 2269 1242 2440 1298; x_wconf 90' lang='lat' dir='ltr'><strong>solum</strong></span> <span class='ocrx_word' id='word_1_191' title='bbox 2464 1242 2644 1312; x_wconf 85' lang='lat' dir='ltr'><strong>justus</strong></span> <span class='ocrx_word' id='word_1_192' title='bbox 2681 1242 2732 1296; x_wconf 89' lang='lat' dir='ltr'><strong>in</strong></span> <span class='ocrx_word' id='word_1_193' title='bbox 2770 1251 2959 1296; x_wconf 90' lang='lat' dir='ltr'><strong>natura</strong></span> <span class='ocrx_word' id='word_1_194' title='bbox 3012 1245 3103 1297; x_wconf 86' lang='lat' dir='ltr'><strong>sed</strong></span> <span class='ocrx_word' id='word_1_195' title='bbox 3134 1255 3181 1297; x_wconf 89' lang='lat' dir='ltr'><strong>et</strong></span> <span class='ocrx_word' id='word_1_196' title='bbox 3210 1258 3405 1297; x_wconf 82' lang='lat' dir='ltr'><strong>rectum</strong></span> 
     </span>
    </p>
   </div>
   <div class='ocr_carea' id='block_1_27' title="bbox 1828 1333 3405 1404">
    <p class='ocr_par' dir='ltr' id='par_1_27' title="bbox 1828 1333 3405 1404">
     <span class='ocr_line' id='line_1_27' title="bbox 1828 1333 3405 1404; baseline -0.002 -15"><span class='ocrx_word' id='word_1_197' title='bbox 1828 1343 1912 1389; x_wconf 89' lang='lat' dir='ltr'><strong>est</strong></span> <span class='ocrx_word' id='word_1_198' title='bbox 1932 1334 2198 1404; x_wconf 87' lang='lat' dir='ltr'><strong>judicium</strong></span> <span class='ocrx_word' id='word_1_199' title='bbox 2240 1344 2388 1387; x_wconf 86' lang='lat' dir='ltr'><strong>tuum</strong></span> <span class='ocrx_word' id='word_1_200' title='bbox 2419 1374 2434 1399; x_wconf 95' lang='lat'><strong>,</strong></span> <span class='ocrx_word' id='word_1_201' title='bbox 2468 1333 2517 1387; x_wconf 90' lang='lat' dir='ltr'><strong>id</strong></span> <span class='ocrx_word' id='word_1_202' title='bbox 2548 1341 2634 1387; x_wconf 92' lang='lat' dir='ltr'><strong>est</strong></span> <span class='ocrx_word' id='word_1_203' title='bbox 2682 1342 2888 1390; x_wconf 88' lang='lat' dir='ltr'><strong>rectum</strong></span> <span class='ocrx_word' id='word_1_204' title='bbox 2926 1344 3009 1389; x_wconf 73' lang='grc' dir='ltr'><strong>ρει</strong></span> <span class='ocrx_word' id='word_1_205' title='bbox 3042 1334 3405 1403; x_wconf 86' lang='lat' dir='ltr'><strong>quidquidju-</strong></span> 
     </span>
    </p>
   </div>
   <div class='ocr_carea' id='block_1_28' title="bbox 1830 1425 3412 1496">
    <p class='ocr_par' dir='ltr' id='par_1_28' title="bbox 1830 1425 3412 1496">
     <span class='ocr_line' id='line_1_28' title="bbox 1830 1425 3412 1496; baseline 0.001 -17"><span class='ocrx_word' id='word_1_206' title='bbox 1830 1425 1980 1479; x_wconf 82' lang='lat' dir='ltr'><strong>dicas</strong></span> <span class='ocrx_word' id='word_1_207' title='bbox 2008 1425 2140 1481; x_wconf 89' lang='lat' dir='ltr'><strong>dare</strong></span> <span class='ocrx_word' id='word_1_208' title='bbox 2168 1436 2224 1480; x_wconf 92' lang='lat' dir='ltr'><strong>et</strong></span> <span class='ocrx_word' id='word_1_209' title='bbox 2252 1426 2517 1495; x_wconf 86' lang='lat' dir='ltr'><strong>disponis.</strong></span> <span class='ocrx_word' id='word_1_210' title='bbox 2555 1425 2845 1491; x_wconf 75' lang='lat' dir='ltr'><strong>Mandasti,</strong></span> <span class='ocrx_word' id='word_1_211' title='bbox 2892 1426 3132 1496; x_wconf 90' lang='lat' dir='ltr'><strong>inquam,</strong></span> <span class='ocrx_word' id='word_1_212' title='bbox 3165 1426 3295 1479; x_wconf 87' lang='lat' dir='ltr'><strong>mihi</strong></span> <span class='ocrx_word' id='word_1_213' title='bbox 3323 1442 3412 1480; x_wconf 80' lang='lat' dir='ltr'><strong>ve-</strong></span> 
     </span>
    </p>
   </div>
   <div class='ocr_carea' id='block_1_29' title="bbox 1831 1515 3409 1587">
    <p class='ocr_par' dir='ltr' id='par_1_29' title="bbox 1831 1515 3409 1587">
     <span class='ocr_line' id='line_1_29' title="bbox 1831 1515 3409 1587; baseline -0.002 -17"><span class='ocrx_word' id='word_1_214' title='bbox 1831 1532 1945 1570; x_wconf 83' lang='lat' dir='ltr'><strong>ram</strong></span> <span class='ocrx_word' id='word_1_215' title='bbox 1975 1516 2143 1587; x_wconf 80' lang='lat' dir='ltr'><strong>legem</strong></span> <span class='ocrx_word' id='word_1_216' title='bbox 2178 1524 2327 1570; x_wconf 90' lang='lat' dir='ltr'><strong>tuam</strong></span> <span class='ocrx_word' id='word_1_217' title='bbox 2384 1517 2448 1569; x_wconf 91' lang='lat' dir='ltr'><strong>ad</strong></span> <span class='ocrx_word' id='word_1_218' title='bbox 2507 1515 2914 1585; x_wconf 87' lang='lat' dir='ltr'><strong>intelligendum</strong></span> <span class='ocrx_word' id='word_1_219' title='bbox 2968 1528 3021 1570; x_wconf 87' lang='lat' dir='ltr'><strong>et</strong></span> <span class='ocrx_word' id='word_1_220' title='bbox 3050 1530 3210 1585; x_wconf 90' lang='lat' dir='ltr'><strong>opere</strong></span> <span class='ocrx_word' id='word_1_221' title='bbox 3263 1532 3409 1569; x_wconf 79' lang='lat' dir='ltr'><strong>cuni-</strong></span> 
     </span>
    </p>
   </div>
   <div class='ocr_carea' id='block_1_30' title="bbox 1833 1607 3406 1679">
    <p class='ocr_par' dir='ltr' id='par_1_30' title="bbox 1833 1607 3406 1679">
     <span class='ocr_line' id='line_1_30' title="bbox 1833 1607 3406 1679; baseline -0.002 -18"><span class='ocrx_word' id='word_1_222' title='bbox 1833 1609 2105 1679; x_wconf 86' lang='lat' dir='ltr'><strong>piendum.</strong></span> <span class='ocrx_word' id='word_1_223' title='bbox 2134 1609 2262 1664; x_wconf 89' lang='lat' dir='ltr'><strong>Inde</strong></span> <span class='ocrx_word' id='word_1_224' title='bbox 2284 1624 2413 1663; x_wconf 89' lang='lat' dir='ltr'><strong>vero</strong></span> <span class='ocrx_word' id='word_1_225' title='bbox 2454 1607 2797 1678; x_wconf 84' lang='lat' dir='ltr'><strong>comprobari</strong></span> <span class='ocrx_word' id='word_1_226' title='bbox 2855 1615 3032 1678; x_wconf 90' lang='lat' dir='ltr'><strong>potest</strong></span> <span class='ocrx_word' id='word_1_227' title='bbox 3082 1623 3167 1660; x_wconf 86' lang='lat' dir='ltr'><strong>me</strong></span> <span class='ocrx_word' id='word_1_228' title='bbox 3217 1622 3406 1661; x_wconf 84' lang='lat' dir='ltr'><strong>novam</strong></span> 
     </span>
    </p>
   </div>
   <div class='ocr_carea' id='block_1_31' title="bbox 1835 1696 3410 1771">
    <p class='ocr_par' dir='ltr' id='par_1_31' title="bbox 1835 1696 3410 1771">
     <span class='ocr_line' id='line_1_31' title="bbox 1835 1696 3410 1771; baseline -0.003 -17"><span class='ocrx_word' id='word_1_229' title='bbox 1835 1702 2006 1771; x_wconf 75' lang='lat' dir='ltr'><strong>legem</strong></span> <span class='ocrx_word' id='word_1_230' title='bbox 2033 1701 2184 1755; x_wconf 86' lang='lat' dir='ltr'><strong>valde</strong></span> <span class='ocrx_word' id='word_1_231' title='bbox 2209 1700 2483 1771; x_wconf 86' lang='lat' dir='ltr'><strong>complere</strong></span> <span class='ocrx_word' id='word_1_232' title='bbox 2510 1699 2655 1768; x_wconf 83' lang='lat' dir='ltr'><strong>quia,</strong></span> <span class='ocrx_word' id='word_1_233' title='bbox 2689 1714 2810 1755; x_wconf 83' lang='lat' dir='ltr'><strong>eum</strong></span> <span class='ocrx_word' id='word_1_234' title='bbox 2831 1698 2944 1769; x_wconf 91' lang='lat' dir='ltr'><strong>ipsa</strong></span> <span class='ocrx_word' id='word_1_235' title='bbox 2962 1696 3146 1767; x_wconf 84' lang='lat' dir='ltr'><strong>jubcat</strong></span> <span class='ocrx_word' id='word_1_236' title='bbox 3166 1697 3410 1752; x_wconf 83' lang='lat' dir='ltr'><strong>inimicus</strong></span> 
     </span>
    </p>
   </div>
   <div class='ocr_carea' id='block_1_32' title="bbox 1833 1787 3409 1863">
    <p class='ocr_par' dir='ltr' id='par_1_32' title="bbox 1833 1787 3409 1863">
     <span class='ocr_line' id='line_1_32' title="bbox 1833 1787 3409 1863; baseline -0.005 -18"><span class='ocrx_word' id='word_1_237' title='bbox 1833 1793 2079 1863; x_wconf 52' lang='lat' dir='ltr'><strong>diligare,</strong></span> <span class='ocrx_word' id='word_1_238' title='bbox 2110 1807 2207 1863; x_wconf 84' lang='lat' dir='ltr'><strong>ego</strong></span> <span class='ocrx_word' id='word_1_239' title='bbox 2230 1792 2283 1846; x_wconf 91' lang='lat' dir='ltr'><strong>in</strong></span> <span class='ocrx_word' id='word_1_240' title='bbox 2309 1800 2516 1847; x_wconf 90' lang='lat' dir='ltr'><strong>tantum</strong></span> <span class='ocrx_word' id='word_1_241' title='bbox 2549 1790 2714 1860; x_wconf 79' lang='lat' dir='ltr'><strong>diligo</strong></span> <span class='ocrx_word' id='word_1_242' title='bbox 2735 1803 2850 1854; x_wconf 91' lang='lat' dir='ltr'><strong>eos,</strong></span> <span class='ocrx_word' id='word_1_243' title='bbox 2876 1788 3015 1858; x_wconf 92' lang='lat' dir='ltr'><strong>quod</strong></span> <span class='ocrx_word' id='word_1_244' title='bbox 3049 1787 3187 1841; x_wconf 80' lang='lat' dir='ltr'><strong>zelus</strong></span> <span class='ocrx_word' id='word_1_245' title='bbox 3242 1804 3409 1849; x_wconf 68' lang='lat' dir='ltr'><strong>meus,</strong></span> 
     </span>
    </p>
   </div>
   <div class='ocr_carea' id='block_1_33' title="bbox 134 1851 1738 1952">
    <p class='ocr_par' dir='ltr' id='par_1_33' title="bbox 134 1851 1731 1943">
     <span class='ocr_line' id='line_1_33' title="bbox 134 1851 1731 1943; baseline -0.001 -18"><span class='ocrx_word' id='word_1_246' title='bbox 134 1889 409 1942; x_wconf 78' lang='lat' dir='ltr'><strong>aquarum</strong></span> <span class='ocrx_word' id='word_1_247' title='bbox 443 1874 661 1943; x_wconf 89' lang='lat' dir='ltr'><strong>ponitur</strong></span> <span class='ocrx_word' id='word_1_248' title='bbox 688 1888 786 1942; x_wconf 92' lang='lat' dir='ltr'><strong>pro</strong></span> <span class='ocrx_word' id='word_1_249' title='bbox 828 1851 989 1941; x_wconf 74' lang='lat' dir='ltr'><strong>capia</strong></span> <span class='ocrx_word' id='word_1_250' title='bbox 1037 1872 1427 1943; x_wconf 80' lang='lat' dir='ltr'><strong>lacrymarum,</strong></span> <span class='ocrx_word' id='word_1_251' title='bbox 1479 1885 1544 1925; x_wconf 89' lang='lat' dir='ltr'><strong>eo</strong></span> <span class='ocrx_word' id='word_1_252' title='bbox 1588 1870 1731 1939; x_wconf 90' lang='lat' dir='ltr'><strong>quod</strong></span> 
     </span>
    </p>
   </div>
   <div class='ocr_carea' id='block_1_34' title="bbox 1842 1851 3405 1952">
    <p class='ocr_par' dir='ltr' id='par_1_34' title="bbox 1842 1880 3405 1952">
     <span class='ocr_line' id='line_1_34' title="bbox 1842 1880 3405 1952; baseline -0.004 -13"><span class='ocrx_word' id='word_1_253' title='bbox 1842 1885 1991 1939; x_wconf 86' lang='lat' dir='ltr'><strong>idest</strong></span> <span class='ocrx_word' id='word_1_254' title='bbox 2029 1884 2228 1939; x_wconf 91' lang='lat' dir='ltr'><strong>nimius</strong></span> <span class='ocrx_word' id='word_1_255' title='bbox 2255 1900 2407 1939; x_wconf 91' lang='lat' dir='ltr'><strong>amor</strong></span> <span class='ocrx_word' id='word_1_256' title='bbox 2443 1899 2596 1938; x_wconf 90' lang='lat' dir='ltr'><strong>meus</strong></span> <span class='ocrx_word' id='word_1_257' title='bbox 2651 1897 2809 1952; x_wconf 84' lang='lat' dir='ltr'><strong>quem</strong></span> <span class='ocrx_word' id='word_1_258' title='bbox 2854 1880 3028 1935; x_wconf 82' lang='lat' dir='ltr'><strong>habeo</strong></span> <span class='ocrx_word' id='word_1_259' title='bbox 3083 1894 3208 1949; x_wconf 85' lang='lat' dir='ltr'><strong>erga</strong></span> <span class='ocrx_word' id='word_1_260' title='bbox 3237 1881 3405 1949; x_wconf 84' lang='lat' dir='ltr'><strong>ipsos,</strong></span> 
     </span>
    </p>
   </div>
   <div class='ocr_carea' id='block_1_35' title="bbox 134 1963 1731 2034">
    <p class='ocr_par' dir='ltr' id='par_1_35' title="bbox 134 1963 1731 2034">
     <span class='ocr_line' id='line_1_35' title="bbox 134 1963 1731 2034; baseline 0.001 -17"><span class='ocrx_word' id='word_1_261' title='bbox 134 1964 420 2019; x_wconf 80' lang='lat' dir='ltr'><strong>usualiter</strong></span> <span class='ocrx_word' id='word_1_262' title='bbox 443 1965 626 2019; x_wconf 87' lang='lat' dir='ltr'><strong>dicere</strong></span> <span class='ocrx_word' id='word_1_263' title='bbox 664 1964 905 2019; x_wconf 83' lang='lat' dir='ltr'><strong>solemus</strong></span> <span class='ocrx_word' id='word_1_264' title='bbox 946 1966 1115 2018; x_wconf 77' lang='lat' dir='ltr'><strong>exitus</strong></span> <span class='ocrx_word' id='word_1_265' title='bbox 1157 1981 1414 2033; x_wconf 85' lang='lat' dir='ltr'><strong>aquarum</strong></span> <span class='ocrx_word' id='word_1_266' title='bbox 1463 1963 1551 2018; x_wconf 93' lang='lat' dir='ltr'><strong>ubi</strong></span> <span class='ocrx_word' id='word_1_267' title='bbox 1580 1979 1731 2034; x_wconf 68' lang='lat' dir='ltr'><strong>aqum</strong></span> 
     </span>
    </p>
   </div>
   <div class='ocr_carea' id='block_1_36' title="bbox 134 2055 1305 2126">
    <p class='ocr_par' dir='ltr' id='par_1_36' title="bbox 134 2055 1305 2126">
     <span class='ocr_line' id='line_1_36' title="bbox 134 2055 1305 2126; baseline -0.001 -15"><span class='ocrx_word' id='word_1_268' title='bbox 134 2060 301 2126; x_wconf 78' lang='lat' dir='ltr'><strong>large</strong></span> <span class='ocrx_word' id='word_1_269' title='bbox 333 2058 402 2113; x_wconf 87' lang='lat' dir='ltr'><strong>de</strong></span> <span class='ocrx_word' id='word_1_270' title='bbox 422 2055 660 2113; x_wconf 88' lang='lat' dir='ltr'><strong>fontibus</strong></span> <span class='ocrx_word' id='word_1_271' title='bbox 685 2068 947 2113; x_wconf 80' lang='lat' dir='ltr'><strong>exeuntes</strong></span> <span class='ocrx_word' id='word_1_272' title='bbox 978 2058 1305 2112; x_wconf 87' lang='lat' dir='ltr'><strong>redundant.</strong></span> 
     </span>
    </p>
   </div>
   <div class='ocr_carea' id='block_1_37' title="bbox 166 2188 1730 2262">
    <p class='ocr_par' dir='ltr' id='par_1_37' title="bbox 166 2188 1730 2262">
     <span class='ocr_line' id='line_1_37' title="bbox 166 2188 1730 2262; baseline -0.002 -15"><span class='ocrx_word' id='word_1_273' title='bbox 166 2256 169 2257; x_wconf 20' lang='grc' dir='ltr'><em>ν</em></span> <span class='ocrx_word' id='word_1_274' title='bbox 217 2192 375 2247; x_wconf 69' lang='lat' dir='ltr'><strong>Sans</strong></span> <span class='ocrx_word' id='word_1_275' title='bbox 398 2191 609 2262; x_wconf 82' lang='lat' dir='ltr'><strong>justitia</strong></span> <span class='ocrx_word' id='word_1_276' title='bbox 629 2192 744 2247; x_wconf 87' lang='lat' dir='ltr'><strong>sive</strong></span> <span class='ocrx_word' id='word_1_277' title='bbox 764 2192 1053 2247; x_wconf 82' lang='lat' dir='ltr'><strong>consolatio</strong></span> <span class='ocrx_word' id='word_1_278' title='bbox 1105 2191 1515 2261; x_wconf 86' lang='lat' dir='ltr'><strong>interpretatur.</strong></span> <span class='ocrx_word' id='word_1_279' title='bbox 1566 2188 1730 2245; x_wconf 75' lang='lat' dir='ltr'><strong>Cotl-</strong></span> 
     </span>
    </p>
   </div>
   <div class='ocr_carea' id='block_1_38' title="bbox 135 2279 1729 2352">
    <p class='ocr_par' dir='ltr' id='par_1_38' title="bbox 135 2279 1729 2352">
     <span class='ocr_line' id='line_1_38' title="bbox 135 2279 1729 2352; baseline -0.003 -15"><span class='ocrx_word' id='word_1_280' title='bbox 135 2290 406 2352; x_wconf 87' lang='lat' dir='ltr'><strong>petenter</strong></span> <span class='ocrx_word' id='word_1_281' title='bbox 429 2280 591 2350; x_wconf 77' lang='lat' dir='ltr'><strong>igitur</strong></span> <span class='ocrx_word' id='word_1_282' title='bbox 612 2281 771 2351; x_wconf 85' lang='lat' dir='ltr'><strong>lmjus</strong></span> <span class='ocrx_word' id='word_1_283' title='bbox 800 2280 1055 2336; x_wconf 69' lang='lat' dir='ltr'><strong>clausula:</strong></span> <span class='ocrx_word' id='word_1_284' title='bbox 1076 2295 1330 2335; x_wconf 80' lang='lat' dir='ltr'><strong>versuum</strong></span> <span class='ocrx_word' id='word_1_285' title='bbox 1385 2290 1469 2335; x_wconf 89' lang='lat' dir='ltr'><strong>est</strong></span> <span class='ocrx_word' id='word_1_286' title='bbox 1493 2279 1729 2345; x_wconf 79' lang='lat' dir='ltr'><strong>initium,</strong></span> 
     </span>
    </p>
   </div>
   <div class='ocr_carea' id='block_1_39' title="bbox 135 2372 1733 2447">
    <p class='ocr_par' dir='ltr' id='par_1_39' title="bbox 135 2372 1733 2447">
     <span class='ocr_line' id='line_1_39' title="bbox 135 2372 1733 2447; baseline -0.001 -19"><span class='ocrx_word' id='word_1_287' title='bbox 135 2377 337 2447; x_wconf 83' lang='lat' dir='ltr'><strong>inqua</strong></span> <span class='ocrx_word' id='word_1_288' title='bbox 376 2373 560 2431; x_wconf 83' lang='lat' dir='ltr'><strong>ﬁdeles</strong></span> <span class='ocrx_word' id='word_1_289' title='bbox 588 2376 754 2430; x_wconf 89' lang='lat' dir='ltr'><strong>Deum</strong></span> <span class='ocrx_word' id='word_1_290' title='bbox 779 2374 987 2444; x_wconf 82' lang='lat' dir='ltr'><strong>justum</strong></span> <span class='ocrx_word' id='word_1_291' title='bbox 1014 2388 1136 2429; x_wconf 87' lang='lat' dir='ltr'><strong>esse</strong></span> <span class='ocrx_word' id='word_1_292' title='bbox 1160 2373 1473 2441; x_wconf 84' lang='lat' dir='ltr'><strong>ostendunt,</strong></span> <span class='ocrx_word' id='word_1_293' title='bbox 1499 2388 1622 2430; x_wconf 89' lang='lat' dir='ltr'><strong>cum</strong></span> <span class='ocrx_word' id='word_1_294' title='bbox 1654 2372 1733 2427; x_wconf 90' lang='lat' dir='ltr'><strong>eis</strong></span> 
     </span>
    </p>
   </div>
   <div class='ocr_carea' id='block_1_40' title="bbox 130 2463 1734 2535">
    <p class='ocr_par' dir='ltr' id='par_1_40' title="bbox 130 2463 1734 2535">
     <span class='ocr_line' id='line_1_40' title="bbox 130 2463 1734 2535; baseline -0.001 -16"><span class='ocrx_word' id='word_1_295' title='bbox 130 2467 596 2535; x_wconf 82' lang='lat' dir='ltr'><strong>justitiamsuam</strong></span> <span class='ocrx_word' id='word_1_296' title='bbox 619 2466 850 2531; x_wconf 85' lang='lat' dir='ltr'><strong>dederit,</strong></span> <span class='ocrx_word' id='word_1_297' title='bbox 903 2466 1112 2522; x_wconf 88' lang='lat' dir='ltr'><strong>scilicet</strong></span> <span class='ocrx_word' id='word_1_298' title='bbox 1170 2465 1481 2521; x_wconf 86' lang='lat' dir='ltr'><strong>testimonia</strong></span> <span class='ocrx_word' id='word_1_299' title='bbox 1532 2463 1734 2519; x_wconf 88' lang='lat' dir='ltr'><strong>veteris</strong></span> 
     </span>
    </p>
   </div>
   <div class='ocr_carea' id='block_1_41' title="bbox 136 2554 1735 2630">
    <p class='ocr_par' dir='ltr' id='par_1_41' title="bbox 136 2554 1735 2630">
     <span class='ocr_line' id='line_1_41' title="bbox 136 2554 1735 2630; baseline -0.003 -17"><span class='ocrx_word' id='word_1_300' title='bbox 136 2563 286 2629; x_wconf 70' lang='lat' dir='ltr'><strong>legis</strong></span> <span class='ocrx_word' id='word_1_301' title='bbox 309 2602 325 2627; x_wconf 95' lang='lat'><strong>,</strong></span> <span class='ocrx_word' id='word_1_302' title='bbox 348 2576 471 2630; x_wconf 66' lang='lat' dir='ltr'><strong>quas</strong></span> <span class='ocrx_word' id='word_1_303' title='bbox 493 2574 659 2615; x_wconf 86' lang='lat' dir='ltr'><strong>causa</strong></span> <span class='ocrx_word' id='word_1_304' title='bbox 682 2568 766 2615; x_wconf 90' lang='lat' dir='ltr'><strong>est</strong></span> <span class='ocrx_word' id='word_1_305' title='bbox 790 2558 871 2615; x_wconf 83' lang='lat' dir='ltr'><strong>eis</strong></span> <span class='ocrx_word' id='word_1_306' title='bbox 888 2556 1314 2628; x_wconf 84' lang='lat' dir='ltr'><strong>jnstiﬁcationis.</strong></span> <span class='ocrx_word' id='word_1_307' title='bbox 1335 2556 1409 2611; x_wconf 87' lang='lat' dir='ltr'><strong>De</strong></span> <span class='ocrx_word' id='word_1_308' title='bbox 1432 2570 1537 2626; x_wconf 91' lang='lat' dir='ltr'><strong>qua</strong></span> <span class='ocrx_word' id='word_1_309' title='bbox 1561 2554 1735 2624; x_wconf 85' lang='lat' dir='ltr'><strong>adipi-</strong></span> 
     </span>
    </p>
   </div>
   <div class='ocr_carea' id='block_1_42' title="bbox 137 2647 1738 2721">
    <p class='ocr_par' dir='ltr' id='par_1_42' title="bbox 137 2647 1738 2721">
     <span class='ocr_line' id='line_1_42' title="bbox 137 2647 1738 2721; baseline -0.002 -14"><span class='ocrx_word' id='word_1_310' title='bbox 137 2651 354 2707; x_wconf 81' lang='lat' dir='ltr'><strong>scenda</strong></span> <span class='ocrx_word' id='word_1_311' title='bbox 370 2651 423 2705; x_wconf 93' lang='lat' dir='ltr'><strong>in</strong></span> <span class='ocrx_word' id='word_1_312' title='bbox 449 2651 710 2721; x_wconf 86' lang='lat' dir='ltr'><strong>superiori</strong></span> <span class='ocrx_word' id='word_1_313' title='bbox 737 2650 922 2706; x_wconf 86' lang='lat' dir='ltr'><strong>clausa</strong></span> <span class='ocrx_word' id='word_1_314' title='bbox 945 2657 1261 2704; x_wconf 90' lang='lat' dir='ltr'><strong>oraverunt.</strong></span> <span class='ocrx_word' id='word_1_315' title='bbox 1278 2647 1586 2704; x_wconf 87' lang='lat' dir='ltr'><strong>Ostendunt</strong></span> <span class='ocrx_word' id='word_1_316' title='bbox 1602 2663 1738 2718; x_wconf 84' lang='lat' dir='ltr'><strong>quo-</strong></span> 
     </span>
    </p>
   </div>
   <div class='ocr_carea' id='block_1_43' title="bbox 138 2742 1734 2814">
    <p class='ocr_par' dir='ltr' id='par_1_43' title="bbox 138 2742 1734 2814">
     <span class='ocr_line' id='line_1_43' title="bbox 138 2742 1734 2814; baseline -0.001 -16"><span class='ocrx_word' id='word_1_317' title='bbox 138 2759 256 2813; x_wconf 87' lang='lat' dir='ltr'><strong>quc</strong></span> <span class='ocrx_word' id='word_1_318' title='bbox 275 2743 359 2799; x_wconf 89' lang='lat' dir='ltr'><strong>eis</strong></span> <span class='ocrx_word' id='word_1_319' title='bbox 388 2744 567 2798; x_wconf 89' lang='lat' dir='ltr'><strong>datam</strong></span> <span class='ocrx_word' id='word_1_320' title='bbox 588 2758 781 2798; x_wconf 84' lang='lat' dir='ltr'><strong>novam</strong></span> <span class='ocrx_word' id='word_1_321' title='bbox 813 2743 1008 2814; x_wconf 86' lang='lat' dir='ltr'><strong>legem,</strong></span> <span class='ocrx_word' id='word_1_322' title='bbox 1027 2757 1189 2814; x_wconf 90' lang='lat' dir='ltr'><strong>quam</strong></span> <span class='ocrx_word' id='word_1_323' title='bbox 1214 2742 1379 2798; x_wconf 90' lang='lat' dir='ltr'><strong>nimis</strong></span> <span class='ocrx_word' id='word_1_324' title='bbox 1402 2742 1734 2809; x_wconf 87' lang='lat' dir='ltr'><strong>custodiunt,</strong></span> 
     </span>
    </p>
   </div>
   <div class='ocr_carea' id='block_1_44' title="bbox 143 2834 1731 2905">
    <p class='ocr_par' dir='ltr' id='par_1_44' title="bbox 143 2834 1731 2905">
     <span class='ocr_line' id='line_1_44' title="bbox 143 2834 1731 2905; baseline -0.001 -14"><span class='ocrx_word' id='word_1_325' title='bbox 143 2838 295 2892; x_wconf 81' lang='lat' dir='ltr'><strong>adeo</strong></span> <span class='ocrx_word' id='word_1_326' title='bbox 318 2846 380 2891; x_wconf 90' lang='lat' dir='ltr'><strong>ut</strong></span> <span class='ocrx_word' id='word_1_327' title='bbox 402 2837 566 2892; x_wconf 86' lang='lat' dir='ltr'><strong>etiam</strong></span> <span class='ocrx_word' id='word_1_328' title='bbox 591 2836 840 2891; x_wconf 90' lang='lat' dir='ltr'><strong>inimicos</strong></span> <span class='ocrx_word' id='word_1_329' title='bbox 866 2834 1114 2905; x_wconf 82' lang='lat' dir='ltr'><strong>diligant,</strong></span> <span class='ocrx_word' id='word_1_330' title='bbox 1137 2848 1239 2905; x_wconf 88' lang='lat' dir='ltr'><strong>pro</strong></span> <span class='ocrx_word' id='word_1_331' title='bbox 1267 2847 1498 2903; x_wconf 91' lang='lat' dir='ltr'><strong>quorum</strong></span> <span class='ocrx_word' id='word_1_332' title='bbox 1525 2846 1731 2897; x_wconf 88' lang='lat' dir='ltr'><strong>errore,</strong></span> 
     </span>
    </p>
   </div>
   <div class='ocr_carea' id='block_1_45' title="bbox 141 2924 1737 2995">
    <p class='ocr_par' dir='ltr' id='par_1_45' title="bbox 141 2924 1737 2995">
     <span class='ocr_line' id='line_1_45' title="bbox 141 2924 1737 2995; baseline -0.001 -13"><span class='ocrx_word' id='word_1_333' title='bbox 141 2928 345 2983; x_wconf 87' lang='lat' dir='ltr'><strong>dolore</strong></span> <span class='ocrx_word' id='word_1_334' title='bbox 369 2928 674 2983; x_wconf 89' lang='lat' dir='ltr'><strong>tabescunt.</strong></span> <span class='ocrx_word' id='word_1_335' title='bbox 699 2926 895 2982; x_wconf 90' lang='lat' dir='ltr'><strong>Dicunt</strong></span> <span class='ocrx_word' id='word_1_336' title='bbox 916 2926 1079 2981; x_wconf 90' lang='lat' dir='ltr'><strong>etiam</strong></span> <span class='ocrx_word' id='word_1_337' title='bbox 1099 2927 1242 2995; x_wconf 87' lang='lat' dir='ltr'><strong>quod</strong></span> <span class='ocrx_word' id='word_1_338' title='bbox 1266 2924 1391 2981; x_wconf 87' lang='lat' dir='ltr'><strong>licet</strong></span> <span class='ocrx_word' id='word_1_339' title='bbox 1416 2924 1486 2980; x_wconf 86' lang='lat' dir='ltr'><strong>ab</strong></span> <span class='ocrx_word' id='word_1_340' title='bbox 1504 2924 1737 2980; x_wconf 87' lang='lat' dir='ltr'><strong>inimicis</strong></span> 
     </span>
    </p>
   </div>
   <div class='ocr_carea' id='block_1_46' title="bbox 138 3012 1735 3087">
    <p class='ocr_par' dir='ltr' id='par_1_46' title="bbox 138 3012 1735 3087">
     <span class='ocr_line' id='line_1_46' title="bbox 138 3012 1735 3087; baseline 0.001 -20"><span class='ocrx_word' id='word_1_341' title='bbox 138 3017 451 3087; x_wconf 67' lang='lat' dir='ltr'><strong>contempti</strong></span> <span class='ocrx_word' id='word_1_342' title='bbox 495 3018 606 3072; x_wconf 89' lang='lat' dir='ltr'><strong>sint</strong></span> <span class='ocrx_word' id='word_1_343' title='bbox 646 3026 697 3072; x_wconf 90' lang='lat' dir='ltr'><strong>ct</strong></span> <span class='ocrx_word' id='word_1_344' title='bbox 740 3016 1114 3072; x_wconf 76' lang='lat' dir='ltr'><strong>tribulationes</strong></span> <span class='ocrx_word' id='word_1_345' title='bbox 1174 3024 1231 3070; x_wconf 88' lang='lat' dir='ltr'><strong>et</strong></span> <span class='ocrx_word' id='word_1_346' title='bbox 1268 3013 1550 3085; x_wconf 77' lang='lat' dir='ltr'><strong>angustias</strong></span> <span class='ocrx_word' id='word_1_347' title='bbox 1590 3012 1735 3086; x_wconf 88' lang='lat' dir='ltr'><strong>passi</strong></span> 
     </span>
    </p>
   </div>
   <div class='ocr_carea' id='block_1_47' title="bbox 140 3103 1738 3177">
    <p class='ocr_par' dir='ltr' id='par_1_47' title="bbox 140 3103 1738 3177">
     <span class='ocr_line' id='line_1_47' title="bbox 140 3103 1738 3177; baseline -0.004 -13"><span class='ocrx_word' id='word_1_348' title='bbox 140 3112 284 3173; x_wconf 89' lang='lat' dir='ltr'><strong>sint,</strong></span> <span class='ocrx_word' id='word_1_349' title='bbox 303 3119 484 3163; x_wconf 88' lang='lat' dir='ltr'><strong>tamen</strong></span> <span class='ocrx_word' id='word_1_350' title='bbox 497 3123 603 3163; x_wconf 91' lang='lat' dir='ltr'><strong>non</strong></span> <span class='ocrx_word' id='word_1_351' title='bbox 618 3108 737 3164; x_wconf 87' lang='lat' dir='ltr'><strong>ideo</strong></span> <span class='ocrx_word' id='word_1_352' title='bbox 752 3122 944 3163; x_wconf 89' lang='lat' dir='ltr'><strong>novam</strong></span> <span class='ocrx_word' id='word_1_353' title='bbox 960 3120 1133 3177; x_wconf 89' lang='lat' dir='ltr'><strong>neque</strong></span> <span class='ocrx_word' id='word_1_354' title='bbox 1149 3114 1386 3162; x_wconf 81' lang='lat' dir='ltr'><strong>veterem</strong></span> <span class='ocrx_word' id='word_1_355' title='bbox 1400 3119 1569 3176; x_wconf 71' lang='lat' dir='ltr'><strong>regem</strong></span> <span class='ocrx_word' id='word_1_356' title='bbox 1586 3103 1738 3160; x_wconf 83' lang='lat' dir='ltr'><strong>obliti</strong></span> 
     </span>
    </p>
   </div>
   <div class='ocr_carea' id='block_1_48' title="bbox 139 3197 1739 3271">
    <p class='ocr_par' dir='ltr' id='par_1_48' title="bbox 139 3197 1739 3271">
     <span class='ocr_line' id='line_1_48' title="bbox 139 3197 1739 3271; baseline -0.004 -13"><span class='ocrx_word' id='word_1_357' title='bbox 139 3211 302 3267; x_wconf 83' lang='lat' dir='ltr'><strong>sunt,</strong></span> <span class='ocrx_word' id='word_1_358' title='bbox 316 3202 445 3271; x_wconf 82' lang='lat' dir='ltr'><strong>quia</strong></span> <span class='ocrx_word' id='word_1_359' title='bbox 460 3201 587 3270; x_wconf 64' lang='lat' dir='ltr'><strong>ipsa:</strong></span> <span class='ocrx_word' id='word_1_360' title='bbox 597 3211 723 3257; x_wconf 89' lang='lat' dir='ltr'><strong>sunt</strong></span> <span class='ocrx_word' id='word_1_361' title='bbox 736 3200 946 3270; x_wconf 87' lang='lat' dir='ltr'><strong>justitia</strong></span> <span class='ocrx_word' id='word_1_362' title='bbox 960 3209 1017 3256; x_wconf 86' lang='lat' dir='ltr'><strong>et</strong></span> <span class='ocrx_word' id='word_1_363' title='bbox 1034 3200 1239 3254; x_wconf 88' lang='lat' dir='ltr'><strong>veritas</strong></span> <span class='ocrx_word' id='word_1_364' title='bbox 1249 3207 1305 3254; x_wconf 91' lang='lat' dir='ltr'><strong>et</strong></span> <span class='ocrx_word' id='word_1_365' title='bbox 1321 3197 1739 3269; x_wconf 63' lang='lat' dir='ltr'><strong>aequitas,dedu-</strong></span> 
     </span>
    </p>
   </div>
   <div class='ocr_carea' id='block_1_49' title="bbox 140 3287 1745 3363">
    <p class='ocr_par' dir='ltr' id='par_1_49' title="bbox 140 3287 1745 3363">
     <span class='ocr_line' id='line_1_49' title="bbox 140 3287 1745 3363; baseline -0.006 -12"><span class='ocrx_word' id='word_1_366' title='bbox 140 3303 344 3351; x_wconf 82' lang='lat' dir='ltr'><strong>centes</strong></span> <span class='ocrx_word' id='word_1_367' title='bbox 364 3292 718 3363; x_wconf 88' lang='lat' dir='ltr'><strong>completores</strong></span> <span class='ocrx_word' id='word_1_368' title='bbox 732 3308 859 3348; x_wconf 92' lang='lat' dir='ltr'><strong>suos</strong></span> <span class='ocrx_word' id='word_1_369' title='bbox 885 3292 937 3347; x_wconf 91' lang='lat' dir='ltr'><strong>in</strong></span> <span class='ocrx_word' id='word_1_370' title='bbox 954 3300 1240 3347; x_wconf 63' lang='lat' dir='ltr'><strong>aeternum.</strong></span> <span class='ocrx_word' id='word_1_371' title='bbox 1258 3289 1391 3346; x_wconf 86' lang='lat' dir='ltr'><strong>Cum</strong></span> <span class='ocrx_word' id='word_1_372' title='bbox 1410 3297 1589 3344; x_wconf 90' lang='lat' dir='ltr'><strong>autem</strong></span> <span class='ocrx_word' id='word_1_373' title='bbox 1596 3287 1745 3359; x_wconf 85' lang='lat' dir='ltr'><strong>judi-</strong></span> 
     </span>
    </p>
   </div>
   <div class='ocr_carea' id='block_1_50' title="bbox 143 3364 1741 3455">
    <p class='ocr_par' dir='ltr' id='par_1_50' title="bbox 143 3364 1741 3455">
     <span class='ocr_line' id='line_1_50' title="bbox 143 3364 1741 3455; baseline -0.003 -17"><span class='ocrx_word' id='word_1_374' title='bbox 143 3393 284 3439; x_wconf 83' lang='lat' dir='ltr'><strong>cant</strong></span> <span class='ocrx_word' id='word_1_375' title='bbox 307 3383 413 3438; x_wconf 86' lang='lat' dir='ltr'><strong>sibi</strong></span> <span class='ocrx_word' id='word_1_376' title='bbox 440 3383 611 3455; x_wconf 84' lang='lat' dir='ltr'><strong>legem</strong></span> <span class='ocrx_word' id='word_1_377' title='bbox 634 3393 920 3453; x_wconf 88' lang='lat' dir='ltr'><strong>utramque</strong></span> <span class='ocrx_word' id='word_1_378' title='bbox 944 3391 999 3438; x_wconf 86' lang='lat' dir='ltr'><strong>et</strong></span> <span class='ocrx_word' id='word_1_379' title='bbox 1022 3364 1318 3438; x_wconf 86' lang='lat' dir='ltr'><strong>secundum</strong></span> <span class='ocrx_word' id='word_1_380' title='bbox 1334 3379 1662 3435; x_wconf 76' lang='lat' dir='ltr'><strong>intellectum</strong></span> <span class='ocrx_word' id='word_1_381' title='bbox 1686 3387 1741 3434; x_wconf 88' lang='lat' dir='ltr'><strong>et</strong></span> 
     </span>
    </p>
   </div>
   <div class='ocr_carea' id='block_1_51' title="bbox 144 3469 1739 3544">
    <p class='ocr_par' dir='ltr' id='par_1_51' title="bbox 144 3469 1739 3544">
     <span class='ocr_line' id='line_1_51' title="bbox 144 3469 1739 3544; baseline -0.004 -15"><span class='ocrx_word' id='word_1_382' title='bbox 144 3472 458 3529; x_wconf 76' lang='lat' dir='ltr'><strong>secundum</strong></span> <span class='ocrx_word' id='word_1_383' title='bbox 494 3474 865 3544; x_wconf 86' lang='lat' dir='ltr'><strong>operationem</strong></span> <span class='ocrx_word' id='word_1_384' title='bbox 895 3472 1079 3527; x_wconf 90' lang='lat' dir='ltr'><strong>datam</strong></span> <span class='ocrx_word' id='word_1_385' title='bbox 1112 3487 1265 3538; x_wconf 84' lang='lat' dir='ltr'><strong>esse,</strong></span> <span class='ocrx_word' id='word_1_386' title='bbox 1312 3469 1739 3526; x_wconf 82' lang='lat' dir='ltr'><strong>consolationem</strong></span> 
     </span>
    </p>
   </div>
   <div class='ocr_carea' id='block_1_52' title="bbox 146 3559 1740 3633">
    <p class='ocr_par' dir='ltr' id='par_1_52' title="bbox 146 3559 1740 3633">
     <span class='ocr_line' id='line_1_52' title="bbox 146 3559 1740 3633; baseline -0.004 -12"><span class='ocrx_word' id='word_1_387' title='bbox 146 3580 279 3621; x_wconf 76' lang='lat' dir='ltr'><strong>sese</strong></span> <span class='ocrx_word' id='word_1_388' title='bbox 316 3565 613 3620; x_wconf 83' lang='lat' dir='ltr'><strong>maximam</strong></span> <span class='ocrx_word' id='word_1_389' title='bbox 636 3565 688 3619; x_wconf 92' lang='lat' dir='ltr'><strong>in</strong></span> <span class='ocrx_word' id='word_1_390' title='bbox 713 3566 816 3621; x_wconf 88' lang='lat' dir='ltr'><strong>hoc</strong></span> <span class='ocrx_word' id='word_1_391' title='bbox 836 3564 1127 3621; x_wconf 87' lang='lat' dir='ltr'><strong>ostendunt</strong></span> <span class='ocrx_word' id='word_1_392' title='bbox 1155 3562 1378 3633; x_wconf 90' lang='lat' dir='ltr'><strong>adeptos</strong></span> <span class='ocrx_word' id='word_1_393' title='bbox 1401 3561 1588 3617; x_wconf 86' lang='lat' dir='ltr'><strong>fuisse.</strong></span> <span class='ocrx_word' id='word_1_394' title='bbox 1605 3559 1740 3615; x_wconf 78' lang='lat' dir='ltr'><strong>Mul-</strong></span> 
     </span>
    </p>
   </div>
   <div class='ocr_carea' id='block_1_53' title="bbox 148 3651 1744 3725">
    <p class='ocr_par' dir='ltr' id='par_1_53' title="bbox 148 3651 1744 3725">
     <span class='ocr_line' id='line_1_53' title="bbox 148 3651 1744 3725; baseline -0.003 -14"><span class='ocrx_word' id='word_1_395' title='bbox 148 3670 204 3711; x_wconf 92' lang='lat' dir='ltr'><strong>tu</strong></span> <span class='ocrx_word' id='word_1_396' title='bbox 214 3673 270 3712; x_wconf 84' lang='grc' dir='ltr'><strong>ιη</strong></span> <span class='ocrx_word' id='word_1_397' title='bbox 290 3657 444 3714; x_wconf 71' lang='lat' dir='ltr'><strong>estita</strong></span> <span class='ocrx_word' id='word_1_398' title='bbox 459 3665 542 3713; x_wconf 88' lang='lat' dir='ltr'><strong>est</strong></span> <span class='ocrx_word' id='word_1_399' title='bbox 556 3658 609 3711; x_wconf 92' lang='lat' dir='ltr'><strong>in</strong></span> <span class='ocrx_word' id='word_1_400' title='bbox 623 3657 959 3713; x_wconf 88' lang='lat' dir='ltr'><strong>conscientia</strong></span> <span class='ocrx_word' id='word_1_401' title='bbox 983 3654 1295 3712; x_wconf 89' lang='lat' dir='ltr'><strong>consolatus</strong></span> <span class='ocrx_word' id='word_1_402' title='bbox 1315 3654 1407 3725; x_wconf 86' lang='lat' dir='ltr'><strong>qui</strong></span> <span class='ocrx_word' id='word_1_403' title='bbox 1421 3654 1546 3709; x_wconf 91' lang='lat' dir='ltr'><strong>boni</strong></span> <span class='ocrx_word' id='word_1_404' title='bbox 1585 3651 1744 3707; x_wconf 86' lang='lat' dir='ltr'><strong>intel-</strong></span> 
     </span>
    </p>
   </div>
   <div class='ocr_carea' id='block_1_54' title="bbox 147 3743 1742 3817">
    <p class='ocr_par' dir='ltr' id='par_1_54' title="bbox 147 3743 1742 3817">
     <span class='ocr_line' id='line_1_54' title="bbox 147 3743 1742 3817; baseline -0.002 -17"><span class='ocrx_word' id='word_1_405' title='bbox 147 3747 333 3804; x_wconf 85' lang='lat' dir='ltr'><strong>lectus</strong></span> <span class='ocrx_word' id='word_1_406' title='bbox 353 3756 411 3802; x_wconf 86' lang='lat' dir='ltr'><strong>et</strong></span> <span class='ocrx_word' id='word_1_407' title='bbox 434 3747 587 3803; x_wconf 73' lang='lat' dir='ltr'><strong>bona:</strong></span> <span class='ocrx_word' id='word_1_408' title='bbox 600 3747 1024 3817; x_wconf 87' lang='lat' dir='ltr'><strong>operationisest</strong></span> <span class='ocrx_word' id='word_1_409' title='bbox 1043 3745 1317 3802; x_wconf 88' lang='lat' dir='ltr'><strong>conscius.</strong></span> <span class='ocrx_word' id='word_1_410' title='bbox 1343 3743 1457 3800; x_wconf 91' lang='lat' dir='ltr'><strong>lloc</strong></span> <span class='ocrx_word' id='word_1_411' title='bbox 1476 3752 1655 3799; x_wconf 90' lang='lat' dir='ltr'><strong>autem</strong></span> <span class='ocrx_word' id='word_1_412' title='bbox 1679 3758 1742 3799; x_wconf 88' lang='lat' dir='ltr'><strong>ea</strong></span> 
     </span>
    </p>
   </div>
   <div class='ocr_carea' id='block_1_55' title="bbox 148 3838 1745 3910">
    <p class='ocr_par' dir='ltr' id='par_1_55' title="bbox 148 3838 1745 3910">
     <span class='ocr_line' id='line_1_55' title="bbox 148 3838 1745 3910; baseline -0.004 -15"><span class='ocrx_word' id='word_1_413' title='bbox 148 3840 467 3896; x_wconf 85' lang='lat' dir='ltr'><strong>intentione</strong></span> <span class='ocrx_word' id='word_1_414' title='bbox 495 3838 817 3896; x_wconf 84' lang='lat' dir='ltr'><strong>referuntut</strong></span> <span class='ocrx_word' id='word_1_415' title='bbox 835 3839 1088 3910; x_wconf 80' lang='lat' dir='ltr'><strong>exemplo</strong></span> <span class='ocrx_word' id='word_1_416' title='bbox 1104 3838 1186 3894; x_wconf 91' lang='lat' dir='ltr'><strong>sui</strong></span> <span class='ocrx_word' id='word_1_417' title='bbox 1208 3838 1486 3894; x_wconf 88' lang='lat' dir='ltr'><strong>auditores</strong></span> <span class='ocrx_word' id='word_1_418' title='bbox 1515 3838 1745 3893; x_wconf 87' lang='lat' dir='ltr'><strong>invitent</strong></span> 
     </span>
    </p>
   </div>
   <div class='ocr_carea' id='block_1_56' title="bbox 136 3928 1746 4000">
    <p class='ocr_par' dir='ltr' id='par_1_56' title="bbox 136 3928 1746 4000">
     <span class='ocr_line' id='line_1_56' title="bbox 136 3928 1746 4000; baseline 0 -18"><span class='ocrx_word' id='word_1_419' title='bbox 136 3934 216 3985; x_wconf 79' lang='lat' dir='ltr'><strong>ad</strong></span> <span class='ocrx_word' id='word_1_420' title='bbox 261 3932 413 3986; x_wconf 88' lang='lat' dir='ltr'><strong>hanc</strong></span> <span class='ocrx_word' id='word_1_421' title='bbox 434 3930 678 3986; x_wconf 89' lang='lat' dir='ltr'><strong>eamdem</strong></span> <span class='ocrx_word' id='word_1_422' title='bbox 700 3930 1146 3997; x_wconf 83' lang='lat' dir='ltr'><strong>consolationem,</strong></span> <span class='ocrx_word' id='word_1_423' title='bbox 1171 3944 1269 4000; x_wconf 91' lang='lat' dir='ltr'><strong>per</strong></span> <span class='ocrx_word' id='word_1_424' title='bbox 1311 3928 1645 3984; x_wconf 87' lang='lat' dir='ltr'><strong>intellectum</strong></span> <span class='ocrx_word' id='word_1_425' title='bbox 1688 3937 1746 3983; x_wconf 90' lang='lat' dir='ltr'><strong>et</strong></span> 
     </span>
    </p>
   </div>
   <div class='ocr_carea' id='block_1_57' title="bbox 147 4020 1425 4093">
    <p class='ocr_par' dir='ltr' id='par_1_57' title="bbox 147 4020 1425 4093">
     <span class='ocr_line' id='line_1_57' title="bbox 147 4020 1425 4093; baseline -0.003 -16"><span class='ocrx_word' id='word_1_426' title='bbox 147 4021 535 4092; x_wconf 88' lang='lat' dir='ltr'><strong>operationem</strong></span> <span class='ocrx_word' id='word_1_427' title='bbox 559 4022 841 4091; x_wconf 85' lang='lat' dir='ltr'><strong>utriusque.</strong></span> <span class='ocrx_word' id='word_1_428' title='bbox 863 4021 999 4093; x_wconf 80' lang='lat' dir='ltr'><strong>legis</strong></span> <span class='ocrx_word' id='word_1_429' title='bbox 1023 4020 1425 4092; x_wconf 85' lang='lat' dir='ltr'><strong>inquirendam.</strong></span> 
     </span>
    </p>
   </div>
   <div class='ocr_carea' id='block_1_58' title="bbox 219 4149 1748 4219">
    <p class='ocr_par' dir='ltr' id='par_1_58' title="bbox 219 4149 1748 4219">
     <span class='ocr_line' id='line_1_58' title="bbox 219 4149 1748 4219; baseline -0.003 -9"><span class='ocrx_word' id='word_1_430' title='bbox 219 4154 420 4210; x_wconf 82' lang='lat' dir='ltr'><strong>Justus</strong></span> <span class='ocrx_word' id='word_1_431' title='bbox 450 4170 526 4217; x_wconf 87' lang='lat' dir='ltr'><strong>es,</strong></span> <span class='ocrx_word' id='word_1_432' title='bbox 557 4152 797 4218; x_wconf 86' lang='lat' dir='ltr'><strong>Domine,</strong></span> <span class='ocrx_word' id='word_1_433' title='bbox 849 4162 957 4209; x_wconf 92' lang='lat' dir='ltr'><strong>etc.</strong></span> <span class='ocrx_word' id='word_1_434' title='bbox 991 4151 1275 4207; x_wconf 86' lang='lat' dir='ltr'><strong>Secundus</strong></span> <span class='ocrx_word' id='word_1_435' title='bbox 1307 4149 1465 4219; x_wconf 83' lang='lat' dir='ltr'><strong>hujus</strong></span> <span class='ocrx_word' id='word_1_436' title='bbox 1496 4150 1748 4206; x_wconf 68' lang='lat' dir='ltr'><strong>clausulae</strong></span> 
     </span>
    </p>
   </div>
   <div class='ocr_carea' id='block_1_59' title="bbox 153 4240 1746 4314">
    <p class='ocr_par' dir='ltr' id='par_1_59' title="bbox 153 4240 1746 4314">
     <span class='ocr_line' id='line_1_59' title="bbox 153 4240 1746 4314; baseline 0.001 -18"><span class='ocrx_word' id='word_1_437' title='bbox 153 4260 354 4303; x_wconf 83' lang='lat' dir='ltr'><strong>versus</strong></span> <span class='ocrx_word' id='word_1_438' title='bbox 380 4245 461 4299; x_wconf 92' lang='lat' dir='ltr'><strong>sic</strong></span> <span class='ocrx_word' id='word_1_439' title='bbox 487 4245 635 4314; x_wconf 84' lang='lat' dir='ltr'><strong>prius</strong></span> <span class='ocrx_word' id='word_1_440' title='bbox 659 4243 1334 4314; x_wconf 83' lang='lat' dir='ltr'><strong>legitur,etsuperioribus</strong></span> <span class='ocrx_word' id='word_1_441' title='bbox 1358 4240 1703 4313; x_wconf 76' lang='lat' dir='ltr'><strong>coniungitur</strong></span> <span class='ocrx_word' id='word_1_442' title='bbox 1730 4256 1746 4297; x_wconf 90' lang='lat'><strong>:</strong></span> 
     </span>
    </p>
   </div>
   <div class='ocr_carea' id='block_1_60' title="bbox 153 4334 1747 4403">
    <p class='ocr_par' dir='ltr' id='par_1_60' title="bbox 153 4334 1747 4403">
     <span class='ocr_line' id='line_1_60' title="bbox 153 4334 1747 4403; baseline -0.004 -12"><span class='ocrx_word' id='word_1_443' title='bbox 153 4337 347 4401; x_wconf 77' lang='lat' dir='ltr'><strong>Orari,</strong></span> <span class='ocrx_word' id='word_1_444' title='bbox 383 4334 621 4402; x_wconf 86' lang='lat' dir='ltr'><strong>Domine,</strong></span> <span class='ocrx_word' id='word_1_445' title='bbox 652 4335 823 4400; x_wconf 85' lang='lat' dir='ltr'><strong>aspice</strong></span> <span class='ocrx_word' id='word_1_446' title='bbox 850 4336 1026 4399; x_wconf 85' lang='lat' dir='ltr'><strong>inme,</strong></span> <span class='ocrx_word' id='word_1_447' title='bbox 1060 4342 1116 4389; x_wconf 90' lang='lat' dir='ltr'><strong>et</strong></span> <span class='ocrx_word' id='word_1_448' title='bbox 1142 4349 1350 4402; x_wconf 76' lang='lat' dir='ltr'><strong>gressus</strong></span> <span class='ocrx_word' id='word_1_449' title='bbox 1391 4349 1529 4387; x_wconf 85' lang='lat' dir='ltr'><strong>meos</strong></span> <span class='ocrx_word' id='word_1_450' title='bbox 1560 4334 1747 4403; x_wconf 77' lang='lat' dir='ltr'><strong>dirige,</strong></span> 
     </span>
    </p>
   </div>
   <div class='ocr_carea' id='block_1_61' title="bbox 151 4424 1744 4494">
    <p class='ocr_par' dir='ltr' id='par_1_61' title="bbox 151 4424 1744 4494">
     <span class='ocr_line' id='line_1_61' title="bbox 151 4424 1744 4494; baseline -0.001 -12"><span class='ocrx_word' id='word_1_451' title='bbox 151 4430 394 4488; x_wconf 78' lang='lat' dir='ltr'><strong>redime.</strong></span> <span class='ocrx_word' id='word_1_452' title='bbox 420 4443 499 4481; x_wconf 83' lang='lat' dir='ltr'><strong>me</strong></span> <span class='ocrx_word' id='word_1_453' title='bbox 541 4443 573 4480; x_wconf 93' lang='lat' dir='ltr'><strong>a</strong></span> <span class='ocrx_word' id='word_1_454' title='bbox 625 4424 902 4481; x_wconf 85' lang='lat' dir='ltr'><strong>calumniis</strong></span> <span class='ocrx_word' id='word_1_455' title='bbox 930 4426 1228 4491; x_wconf 84' lang='lat' dir='ltr'><strong>hominum,</strong></span> <span class='ocrx_word' id='word_1_456' title='bbox 1282 4434 1330 4479; x_wconf 86' lang='lat' dir='ltr'><strong>et</strong></span> <span class='ocrx_word' id='word_1_457' title='bbox 1374 4425 1560 4494; x_wconf 81' lang='lat' dir='ltr'><strong>[aciem</strong></span> <span class='ocrx_word' id='word_1_458' title='bbox 1601 4436 1744 4480; x_wconf 88' lang='lat' dir='ltr'><strong>tuam</strong></span> 
     </span>
    </p>
   </div>
   <div class='ocr_carea' id='block_1_62' title="bbox 1834 1972 3408 2045">
    <p class='ocr_par' dir='ltr' id='par_1_62' title="bbox 1834 1972 3408 2045">
     <span class='ocr_line' id='line_1_62' title="bbox 1834 1972 3408 2045; baseline -0.004 -16"><span class='ocrx_word' id='word_1_459' title='bbox 1834 1975 1953 2044; x_wconf 80' lang='lat' dir='ltr'><strong>fecit</strong></span> <span class='ocrx_word' id='word_1_460' title='bbox 1981 1992 2061 2030; x_wconf 89' lang='lat' dir='ltr'><strong>me</strong></span> <span class='ocrx_word' id='word_1_461' title='bbox 2084 1976 2363 2041; x_wconf 77' lang='lat' dir='ltr'><strong>tabescere,</strong></span> <span class='ocrx_word' id='word_1_462' title='bbox 2393 1977 2443 2031; x_wconf 93' lang='lat' dir='ltr'><strong>id</strong></span> <span class='ocrx_word' id='word_1_463' title='bbox 2468 1986 2548 2031; x_wconf 88' lang='lat' dir='ltr'><strong>est</strong></span> <span class='ocrx_word' id='word_1_464' title='bbox 2581 1990 2772 2045; x_wconf 83' lang='lat' dir='ltr'><strong>magno</strong></span> <span class='ocrx_word' id='word_1_465' title='bbox 2814 1988 3015 2044; x_wconf 82' lang='lat' dir='ltr'><strong>angore</strong></span> <span class='ocrx_word' id='word_1_466' title='bbox 3073 1972 3304 2027; x_wconf 78' lang='lat' dir='ltr'><strong>deﬁcere</strong></span> <span class='ocrx_word' id='word_1_467' title='bbox 3360 1973 3408 2023; x_wconf 81' lang='lat' dir='ltr'><strong>it.</strong></span> 
     </span>
    </p>
   </div>
   <div class='ocr_carea' id='block_1_63' title="bbox 1833 2061 3409 2136">
    <p class='ocr_par' dir='ltr' id='par_1_63' title="bbox 1833 2061 3409 2136">
     <span class='ocr_line' id='line_1_63' title="bbox 1833 2061 3409 2136; baseline -0.006 -18"><span class='ocrx_word' id='word_1_468' title='bbox 1833 2065 2010 2119; x_wconf 86' lang='lat' dir='ltr'><strong>anima</strong></span> <span class='ocrx_word' id='word_1_469' title='bbox 2041 2080 2137 2135; x_wconf 83' lang='lat' dir='ltr'><strong>pro</strong></span> <span class='ocrx_word' id='word_1_470' title='bbox 2170 2064 2319 2135; x_wconf 89' lang='lat' dir='ltr'><strong>ipsis,</strong></span> <span class='ocrx_word' id='word_1_471' title='bbox 2349 2066 2471 2136; x_wconf 84' lang='lat' dir='ltr'><strong>quia</strong></span> <span class='ocrx_word' id='word_1_472' title='bbox 2525 2066 2724 2119; x_wconf 81' lang='lat' dir='ltr'><strong>inimiri</strong></span> <span class='ocrx_word' id='word_1_473' title='bbox 2762 2063 2861 2115; x_wconf 85' lang='lat' dir='ltr'><strong>mei</strong></span> <span class='ocrx_word' id='word_1_474' title='bbox 2912 2061 3079 2116; x_wconf 63' lang='lat' dir='ltr'><strong>Judaei</strong></span> <span class='ocrx_word' id='word_1_475' title='bbox 3125 2061 3268 2114; x_wconf 78' lang='lat' dir='ltr'><strong>obliti</strong></span> <span class='ocrx_word' id='word_1_476' title='bbox 3293 2071 3409 2113; x_wconf 64' lang='lat' dir='ltr'><strong>sunt</strong></span> 
     </span>
    </p>
   </div>
   <div class='ocr_carea' id='block_1_64' title="bbox 1833 2152 3408 2225">
    <p class='ocr_par' dir='ltr' id='par_1_64' title="bbox 1833 2152 3408 2225">
     <span class='ocr_line' id='line_1_64' title="bbox 1833 2152 3408 2225; baseline -0.004 -17"><span class='ocrx_word' id='word_1_477' title='bbox 1833 2155 1984 2208; x_wconf 70' lang='lat' dir='ltr'><strong>verba</strong></span> <span class='ocrx_word' id='word_1_478' title='bbox 2010 2163 2122 2207; x_wconf 88' lang='lat' dir='ltr'><strong>tua.</strong></span> <span class='ocrx_word' id='word_1_479' title='bbox 2151 2152 2265 2208; x_wconf 85' lang='lat' dir='ltr'><strong>Non</strong></span> <span class='ocrx_word' id='word_1_480' title='bbox 2283 2154 2413 2209; x_wconf 90' lang='lat' dir='ltr'><strong>dicit</strong></span> <span class='ocrx_word' id='word_1_481' title='bbox 2440 2155 2586 2209; x_wconf 87' lang='lat' dir='ltr'><strong>obliti</strong></span> <span class='ocrx_word' id='word_1_482' title='bbox 2604 2155 2820 2225; x_wconf 86' lang='lat' dir='ltr'><strong>quodca</strong></span> <span class='ocrx_word' id='word_1_483' title='bbox 2852 2155 3131 2215; x_wconf 84' lang='lat' dir='ltr'><strong>sciverint,</strong></span> <span class='ocrx_word' id='word_1_484' title='bbox 3151 2152 3244 2206; x_wconf 90' lang='lat' dir='ltr'><strong>sed</strong></span> <span class='ocrx_word' id='word_1_485' title='bbox 3270 2152 3408 2205; x_wconf 73' lang='lat' dir='ltr'><strong>idem</strong></span> 
     </span>
    </p>
   </div>
   <div class='ocr_carea' id='block_1_65' title="bbox 1833 2242 3414 2316">
    <p class='ocr_par' dir='ltr' id='par_1_65' title="bbox 1833 2242 3414 2316">
     <span class='ocr_line' id='line_1_65' title="bbox 1833 2242 3414 2316; baseline -0.004 -17"><span class='ocrx_word' id='word_1_486' title='bbox 1833 2254 1917 2299; x_wconf 89' lang='lat' dir='ltr'><strong>est</strong></span> <span class='ocrx_word' id='word_1_487' title='bbox 1956 2259 2019 2300; x_wconf 88' lang='lat' dir='ltr'><strong>ac</strong></span> <span class='ocrx_word' id='word_1_488' title='bbox 2064 2245 2110 2301; x_wconf 90' lang='lat' dir='ltr'><strong>si</strong></span> <span class='ocrx_word' id='word_1_489' title='bbox 2148 2245 2294 2301; x_wconf 89' lang='lat' dir='ltr'><strong>dicat</strong></span> <span class='ocrx_word' id='word_1_490' title='bbox 2324 2246 2678 2316; x_wconf 79' lang='lat' dir='ltr'><strong>neglexerunt</strong></span> <span class='ocrx_word' id='word_1_491' title='bbox 2703 2248 2857 2302; x_wconf 81' lang='lat' dir='ltr'><strong>verba</strong></span> <span class='ocrx_word' id='word_1_492' title='bbox 2887 2257 2994 2309; x_wconf 81' lang='lat' dir='ltr'><strong>tua,</strong></span> <span class='ocrx_word' id='word_1_493' title='bbox 3037 2242 3243 2299; x_wconf 86' lang='lat' dir='ltr'><strong>scilicet</strong></span> <span class='ocrx_word' id='word_1_494' title='bbox 3275 2258 3414 2311; x_wconf 70' lang='lat' dir='ltr'><strong>prm-</strong></span> 
     </span>
    </p>
   </div>
   <div class='ocr_carea' id='block_1_66' title="bbox 1836 2334 3414 2410">
    <p class='ocr_par' dir='ltr' id='par_1_66' title="bbox 1836 2334 3414 2410">
     <span class='ocr_line' id='line_1_66' title="bbox 1836 2334 3414 2410; baseline -0.004 -18"><span class='ocrx_word' id='word_1_495' title='bbox 1836 2345 1988 2407; x_wconf 87' lang='lat' dir='ltr'><strong>cepta</strong></span> <span class='ocrx_word' id='word_1_496' title='bbox 2016 2337 2299 2407; x_wconf 89' lang='lat' dir='ltr'><strong>utriusque</strong></span> <span class='ocrx_word' id='word_1_497' title='bbox 2332 2338 2499 2410; x_wconf 84' lang='lat' dir='ltr'><strong>legis:</strong></span> <span class='ocrx_word' id='word_1_498' title='bbox 2534 2354 2562 2393; x_wconf 91' lang='lat' dir='ltr'><strong>a</strong></span> <span class='ocrx_word' id='word_1_499' title='bbox 2592 2338 2945 2393; x_wconf 86' lang='lat' dir='ltr'><strong>similitudine</strong></span> <span class='ocrx_word' id='word_1_500' title='bbox 2983 2337 3125 2390; x_wconf 89' lang='lat' dir='ltr'><strong>illius</strong></span> <span class='ocrx_word' id='word_1_501' title='bbox 3148 2337 3238 2405; x_wconf 89' lang='lat' dir='ltr'><strong>qui</strong></span> <span class='ocrx_word' id='word_1_502' title='bbox 3288 2334 3414 2388; x_wconf 88' lang='lat' dir='ltr'><strong>illud</strong></span> 
     </span>
    </p>
   </div>
   <div class='ocr_carea' id='block_1_67' title="bbox 1838 2427 3415 2502">
    <p class='ocr_par' dir='ltr' id='par_1_67' title="bbox 1838 2427 3415 2502">
     <span class='ocr_line' id='line_1_67' title="bbox 1838 2427 3415 2502; baseline -0.005 -16"><span class='ocrx_word' id='word_1_503' title='bbox 1838 2431 2003 2486; x_wconf 88' lang='lat' dir='ltr'><strong>tradit</strong></span> <span class='ocrx_word' id='word_1_504' title='bbox 2029 2431 2287 2487; x_wconf 81' lang='lat' dir='ltr'><strong>oblivioni</strong></span> <span class='ocrx_word' id='word_1_505' title='bbox 2328 2433 2472 2502; x_wconf 90' lang='lat' dir='ltr'><strong>quod</strong></span> <span class='ocrx_word' id='word_1_506' title='bbox 2502 2431 2744 2502; x_wconf 85' lang='lat' dir='ltr'><strong>uegligit.</strong></span> <span class='ocrx_word' id='word_1_507' title='bbox 2808 2430 2939 2485; x_wconf 86' lang='lat' dir='ltr'><strong>Dico</strong></span> <span class='ocrx_word' id='word_1_508' title='bbox 2987 2428 3129 2497; x_wconf 90' lang='lat' dir='ltr'><strong>quod</strong></span> <span class='ocrx_word' id='word_1_509' title='bbox 3155 2427 3415 2480; x_wconf 74' lang='lat' dir='ltr'><strong>tabescere</strong></span> 
     </span>
    </p>
   </div>
   <div class='ocr_carea' id='block_1_68' title="bbox 1834 2517 3415 2592">
    <p class='ocr_par' dir='ltr' id='par_1_68' title="bbox 1834 2517 3415 2592">
     <span class='ocr_line' id='line_1_68' title="bbox 1834 2517 3415 2592; baseline -0.006 -17"><span class='ocrx_word' id='word_1_510' title='bbox 1834 2538 1914 2576; x_wconf 87' lang='lat' dir='ltr'><strong>me</strong></span> <span class='ocrx_word' id='word_1_511' title='bbox 1946 2521 2065 2591; x_wconf 85' lang='lat' dir='ltr'><strong>fecit</strong></span> <span class='ocrx_word' id='word_1_512' title='bbox 2096 2522 2237 2577; x_wconf 76' lang='lat' dir='ltr'><strong>zelus</strong></span> <span class='ocrx_word' id='word_1_513' title='bbox 2260 2540 2429 2588; x_wconf 88' lang='lat' dir='ltr'><strong>meus,</strong></span> <span class='ocrx_word' id='word_1_514' title='bbox 2460 2523 2581 2578; x_wconf 88' lang='lat' dir='ltr'><strong>ideo</strong></span> <span class='ocrx_word' id='word_1_515' title='bbox 2603 2523 2727 2592; x_wconf 84' lang='lat' dir='ltr'><strong>quia</strong></span> <span class='ocrx_word' id='word_1_516' title='bbox 2760 2521 2959 2574; x_wconf 88' lang='lat' dir='ltr'><strong>inimici</strong></span> <span class='ocrx_word' id='word_1_517' title='bbox 2986 2519 3084 2573; x_wconf 85' lang='lat' dir='ltr'><strong>mei</strong></span> <span class='ocrx_word' id='word_1_518' title='bbox 3120 2517 3266 2571; x_wconf 85' lang='lat' dir='ltr'><strong>obliti</strong></span> <span class='ocrx_word' id='word_1_519' title='bbox 3295 2527 3415 2569; x_wconf 63' lang='lat' dir='ltr'><strong>sunt</strong></span> 
     </span>
    </p>
   </div>
   <div class='ocr_carea' id='block_1_69' title="bbox 1837 2607 3415 2681">
    <p class='ocr_par' dir='ltr' id='par_1_69' title="bbox 1837 2607 3415 2681">
     <span class='ocr_line' id='line_1_69' title="bbox 1837 2607 3415 2681; baseline -0.003 -12"><span class='ocrx_word' id='word_1_520' title='bbox 1837 2613 1989 2669; x_wconf 86' lang='lat' dir='ltr'><strong>verba</strong></span> <span class='ocrx_word' id='word_1_521' title='bbox 2023 2625 2133 2668; x_wconf 87' lang='lat' dir='ltr'><strong>tua.</strong></span> <span class='ocrx_word' id='word_1_522' title='bbox 2158 2614 2223 2669; x_wconf 89' lang='lat' dir='ltr'><strong>Et</strong></span> <span class='ocrx_word' id='word_1_523' title='bbox 2242 2630 2368 2670; x_wconf 88' lang='lat' dir='ltr'><strong>vere</strong></span> <span class='ocrx_word' id='word_1_524' title='bbox 2401 2613 2782 2670; x_wconf 86' lang='lat' dir='ltr'><strong>tabescendum</strong></span> <span class='ocrx_word' id='word_1_525' title='bbox 2807 2623 2889 2667; x_wconf 79' lang='lat' dir='ltr'><strong>est</strong></span> <span class='ocrx_word' id='word_1_526' title='bbox 2921 2627 3017 2681; x_wconf 92' lang='lat' dir='ltr'><strong>pro</strong></span> <span class='ocrx_word' id='word_1_527' title='bbox 3044 2612 3144 2674; x_wconf 86' lang='lat' dir='ltr'><strong>eis,</strong></span> <span class='ocrx_word' id='word_1_528' title='bbox 3185 2625 3249 2664; x_wconf 91' lang='lat' dir='ltr'><strong>eo</strong></span> <span class='ocrx_word' id='word_1_529' title='bbox 3276 2607 3415 2678; x_wconf 84' lang='lat' dir='ltr'><strong>quod</strong></span> 
     </span>
    </p>
   </div>
   <div class='ocr_carea' id='block_1_70' title="bbox 1838 2701 3417 2772">
    <p class='ocr_par' dir='ltr' id='par_1_70' title="bbox 1838 2701 3417 2772">
     <span class='ocr_line' id='line_1_70' title="bbox 1838 2701 3417 2772; baseline -0.006 -16"><span class='ocrx_word' id='word_1_530' title='bbox 1838 2718 1944 2757; x_wconf 92' lang='lat' dir='ltr'><strong>non</strong></span> <span class='ocrx_word' id='word_1_531' title='bbox 1981 2701 2285 2758; x_wconf 89' lang='lat' dir='ltr'><strong>custodiant</strong></span> <span class='ocrx_word' id='word_1_532' title='bbox 2316 2712 2581 2772; x_wconf 74' lang='lat' dir='ltr'><strong>przccepta</strong></span> <span class='ocrx_word' id='word_1_533' title='bbox 2632 2712 2740 2766; x_wconf 91' lang='lat' dir='ltr'><strong>tua,</strong></span> <span class='ocrx_word' id='word_1_534' title='bbox 2789 2702 3044 2770; x_wconf 88' lang='lat' dir='ltr'><strong>quoniam</strong></span> <span class='ocrx_word' id='word_1_535' title='bbox 3089 2701 3309 2767; x_wconf 85' lang='lat' dir='ltr'><strong>ignitum</strong></span> <span class='ocrx_word' id='word_1_536' title='bbox 3335 2707 3417 2749; x_wconf 89' lang='lat' dir='ltr'><strong>cst</strong></span> 
     </span>
    </p>
   </div>
   <div class='ocr_carea' id='block_1_71' title="bbox 1838 2792 3417 2865">
    <p class='ocr_par' dir='ltr' id='par_1_71' title="bbox 1838 2792 3417 2865">
     <span class='ocr_line' id='line_1_71' title="bbox 1838 2792 3417 2865; baseline -0.007 -17"><span class='ocrx_word' id='word_1_537' title='bbox 1838 2794 2100 2865; x_wconf 86' lang='lat' dir='ltr'><strong>eloquium</strong></span> <span class='ocrx_word' id='word_1_538' title='bbox 2124 2805 2269 2848; x_wconf 87' lang='lat' dir='ltr'><strong>tuum</strong></span> <span class='ocrx_word' id='word_1_539' title='bbox 2295 2796 2633 2860; x_wconf 76' lang='lat' dir='ltr'><strong>vehementer,</strong></span> <span class='ocrx_word' id='word_1_540' title='bbox 2682 2792 2733 2847; x_wconf 91' lang='lat' dir='ltr'><strong>id</strong></span> <span class='ocrx_word' id='word_1_541' title='bbox 2764 2800 2847 2845; x_wconf 89' lang='lat' dir='ltr'><strong>est</strong></span> <span class='ocrx_word' id='word_1_542' title='bbox 2894 2798 3222 2861; x_wconf 70' lang='lat' dir='ltr'><strong>prmceptum</strong></span> <span class='ocrx_word' id='word_1_543' title='bbox 3267 2796 3417 2840; x_wconf 89' lang='lat' dir='ltr'><strong>tnmn</strong></span> 
     </span>
    </p>
   </div>
   <div class='ocr_carea' id='block_1_72' title="bbox 1841 2876 3423 2956">
    <p class='ocr_par' dir='ltr' id='par_1_72' title="bbox 1841 2876 3423 2956">
     <span class='ocr_line' id='line_1_72' title="bbox 1841 2876 3423 2956; baseline -0.007 -17"><span class='ocrx_word' id='word_1_544' title='bbox 1841 2884 2054 2956; x_wconf 87' lang='lat' dir='ltr'><strong>igneum</strong></span> <span class='ocrx_word' id='word_1_545' title='bbox 2085 2893 2192 2948; x_wconf 89' lang='lat' dir='ltr'><strong>est,</strong></span> <span class='ocrx_word' id='word_1_546' title='bbox 2241 2899 2569 2939; x_wconf 84' lang='lat' dir='ltr'><strong>eunsumens</strong></span> <span class='ocrx_word' id='word_1_547' title='bbox 2613 2883 2820 2937; x_wconf 86' lang='lat' dir='ltr'><strong>scilicet</strong></span> <span class='ocrx_word' id='word_1_548' title='bbox 2858 2880 3015 2934; x_wconf 85' lang='lat' dir='ltr'><strong>valde</strong></span> <span class='ocrx_word' id='word_1_549' title='bbox 3068 2879 3122 2933; x_wconf 92' lang='lat' dir='ltr'><strong>in</strong></span> <span class='ocrx_word' id='word_1_550' title='bbox 3175 2876 3423 2931; x_wconf 78' lang='lat' dir='ltr'><strong>fidelibus</strong></span> 
     </span>
    </p>
   </div>
   <div class='ocr_carea' id='block_1_73' title="bbox 1840 2966 3421 3044">
    <p class='ocr_par' dir='ltr' id='par_1_73' title="bbox 1840 2966 3421 3044">
     <span class='ocr_line' id='line_1_73' title="bbox 1840 2966 3421 3044; baseline -0.007 -16"><span class='ocrx_word' id='word_1_551' title='bbox 1840 2973 2215 3044; x_wconf 85' lang='lat' dir='ltr'><strong>peccaminum</strong></span> <span class='ocrx_word' id='word_1_552' title='bbox 2266 2975 2475 3039; x_wconf 87' lang='lat' dir='ltr'><strong>sordes,</strong></span> <span class='ocrx_word' id='word_1_553' title='bbox 2513 2981 2566 3027; x_wconf 91' lang='lat' dir='ltr'><strong>et</strong></span> <span class='ocrx_word' id='word_1_554' title='bbox 2613 2971 2920 3025; x_wconf 88' lang='lat' dir='ltr'><strong>illuminaus</strong></span> <span class='ocrx_word' id='word_1_555' title='bbox 2961 2969 3014 3022; x_wconf 92' lang='lat' dir='ltr'><strong>in</strong></span> <span class='ocrx_word' id='word_1_556' title='bbox 3045 2966 3338 3030; x_wconf 87' lang='lat' dir='ltr'><strong>intellectu,</strong></span> <span class='ocrx_word' id='word_1_557' title='bbox 3366 2976 3421 3018; x_wconf 85' lang='lat' dir='ltr'><strong>et</strong></span> 
     </span>
    </p>
   </div>
   <div class='ocr_carea' id='block_1_74' title="bbox 1844 3057 3414 3121">
    <p class='ocr_par' dir='ltr' id='par_1_74' title="bbox 1844 3057 3414 3121">
     <span class='ocr_line' id='line_1_74' title="bbox 1844 3057 3414 3121; baseline -0.01 -1"><span class='ocrx_word' id='word_1_558' title='bbox 1844 3066 2047 3121; x_wconf 82' lang='lat' dir='ltr'><strong>faciens</strong></span> <span class='ocrx_word' id='word_1_559' title='bbox 2078 3080 2170 3121; x_wconf 89' lang='lat' dir='ltr'><strong>eos</strong></span> <span class='ocrx_word' id='word_1_560' title='bbox 2194 3066 2417 3120; x_wconf 89' lang='lat' dir='ltr'><strong>interius</strong></span> <span class='ocrx_word' id='word_1_561' title='bbox 2462 3064 2726 3120; x_wconf 84' lang='lat' dir='ltr'><strong>charitalc</strong></span> <span class='ocrx_word' id='word_1_562' title='bbox 2770 3061 3039 3115; x_wconf 72' lang='lat' dir='ltr'><strong>ferventes</strong></span> <span class='ocrx_word' id='word_1_563' title='bbox 3084 3059 3148 3112; x_wconf 90' lang='lat' dir='ltr'><strong>ad</strong></span> <span class='ocrx_word' id='word_1_564' title='bbox 3199 3057 3414 3109; x_wconf 87' lang='lat' dir='ltr'><strong>modum</strong></span> 
     </span>
    </p>
   </div>
   <div class='ocr_carea' id='block_1_75' title="bbox 1767 3149 3414 3251">
    <p class='ocr_par' dir='ltr' id='par_1_75' title="bbox 1767 3149 3414 3251">
     <span class='ocr_line' id='line_1_75' title="bbox 1767 3149 3414 3251; baseline -0.009 -39"><span class='ocrx_word' id='word_1_565' title='bbox 1767 3189 1812 3251; x_wconf 62' lang='grc' dir='ltr'><strong><em>ε</em></strong></span> <span class='ocrx_word' id='word_1_566' title='bbox 1843 3156 1982 3227; x_wconf 86' lang='lat' dir='ltr'><strong>ignis</strong></span> <span class='ocrx_word' id='word_1_567' title='bbox 2009 3157 2097 3225; x_wconf 90' lang='lat' dir='ltr'><strong>qui</strong></span> <span class='ocrx_word' id='word_1_568' title='bbox 2127 3156 2417 3218; x_wconf 87' lang='lat' dir='ltr'><strong>consumit,</strong></span> <span class='ocrx_word' id='word_1_569' title='bbox 2462 3164 2515 3209; x_wconf 90' lang='lat' dir='ltr'><strong>ct</strong></span> <span class='ocrx_word' id='word_1_570' title='bbox 2567 3154 2855 3218; x_wconf 88' lang='lat' dir='ltr'><strong>illuminat,</strong></span> <span class='ocrx_word' id='word_1_571' title='bbox 2886 3161 2940 3205; x_wconf 89' lang='lat' dir='ltr'><strong>ct</strong></span> <span class='ocrx_word' id='word_1_572' title='bbox 2984 3150 3173 3205; x_wconf 79' lang='lat' dir='ltr'><strong>fervet.</strong></span> <span class='ocrx_word' id='word_1_573' title='bbox 3205 3149 3269 3202; x_wconf 86' lang='lat' dir='ltr'><strong>Et</strong></span> <span class='ocrx_word' id='word_1_574' title='bbox 3294 3164 3414 3203; x_wconf 87' lang='lat' dir='ltr'><strong>cum</strong></span> 
     </span>
    </p>
   </div>
   <div class='ocr_carea' id='block_1_76' title="bbox 1842 3241 3423 3319">
    <p class='ocr_par' dir='ltr' id='par_1_76' title="bbox 1842 3241 3423 3319">
     <span class='ocr_line' id='line_1_76' title="bbox 1842 3241 3423 3319; baseline -0.008 -12"><span class='ocrx_word' id='word_1_575' title='bbox 1842 3252 1978 3307; x_wconf 89' lang='lat' dir='ltr'><strong>adeo</strong></span> <span class='ocrx_word' id='word_1_576' title='bbox 2006 3250 2137 3305; x_wconf 90' lang='lat' dir='ltr'><strong>utile</strong></span> <span class='ocrx_word' id='word_1_577' title='bbox 2170 3251 2240 3306; x_wconf 91' lang='lat' dir='ltr'><strong>sit</strong></span> <span class='ocrx_word' id='word_1_578' title='bbox 2268 3249 2540 3319; x_wconf 88' lang='lat' dir='ltr'><strong>eloquium</strong></span> <span class='ocrx_word' id='word_1_579' title='bbox 2591 3244 2763 3311; x_wconf 77' lang='lat' dir='ltr'><strong>tunm,‘</strong></span> <span class='ocrx_word' id='word_1_580' title='bbox 2789 3245 2943 3300; x_wconf 82' lang='lat' dir='ltr'><strong>valde</strong></span> <span class='ocrx_word' id='word_1_581' title='bbox 2993 3245 3310 3299; x_wconf 89' lang='lat' dir='ltr'><strong>damnosum</strong></span> <span class='ocrx_word' id='word_1_582' title='bbox 3340 3241 3423 3295; x_wconf 88' lang='lat' dir='ltr'><strong>eis</strong></span> 
     </span>
    </p>
   </div>
   <div class='ocr_carea' id='block_1_77' title="bbox 1843 3334 3417 3408">
    <p class='ocr_par' dir='ltr' id='par_1_77' title="bbox 1843 3334 3417 3408">
     <span class='ocr_line' id='line_1_77' title="bbox 1843 3334 3417 3408; baseline -0.008 -10"><span class='ocrx_word' id='word_1_583' title='bbox 1843 3350 1927 3399; x_wconf 89' lang='lat' dir='ltr'><strong>est</strong></span> <span class='ocrx_word' id='word_1_584' title='bbox 1953 3355 2069 3397; x_wconf 86' lang='lat' dir='ltr'><strong>rem</strong></span> <span class='ocrx_word' id='word_1_585' title='bbox 2109 3343 2179 3396; x_wconf 90' lang='lat' dir='ltr'><strong>ita</strong></span> <span class='ocrx_word' id='word_1_586' title='bbox 2212 3340 2395 3395; x_wconf 90' lang='lat' dir='ltr'><strong>utilem</strong></span> <span class='ocrx_word' id='word_1_587' title='bbox 2419 3340 2668 3394; x_wconf 88' lang='lat' dir='ltr'><strong>amittere</strong></span> <span class='ocrx_word' id='word_1_588' title='bbox 2693 3354 2756 3394; x_wconf 76' lang='lat' dir='ltr'><strong>cx</strong></span> <span class='ocrx_word' id='word_1_589' title='bbox 2787 3336 3130 3408; x_wconf 76' lang='lat' dir='ltr'><strong>negligentia.</strong></span> <span class='ocrx_word' id='word_1_590' title='bbox 3162 3334 3417 3406; x_wconf 85' lang='lat' dir='ltr'><strong>Ignitum,</strong></span> 
     </span>
    </p>
   </div>
   <div class='ocr_carea' id='block_1_78' title="bbox 1846 3428 3423 3502">
    <p class='ocr_par' dir='ltr' id='par_1_78' title="bbox 1846 3428 3423 3502">
     <span class='ocr_line' id='line_1_78' title="bbox 1846 3428 3423 3502; baseline -0.004 -15"><span class='ocrx_word' id='word_1_591' title='bbox 1846 3432 2088 3502; x_wconf 88' lang='lat' dir='ltr'><strong>inquam,</strong></span> <span class='ocrx_word' id='word_1_592' title='bbox 2126 3430 2387 3501; x_wconf 85' lang='lat' dir='ltr'><strong>eloquium</strong></span> <span class='ocrx_word' id='word_1_593' title='bbox 2417 3440 2561 3483; x_wconf 86' lang='lat' dir='ltr'><strong>tuum</strong></span> <span class='ocrx_word' id='word_1_594' title='bbox 2592 3429 2732 3499; x_wconf 91' lang='lat' dir='ltr'><strong>quod</strong></span> <span class='ocrx_word' id='word_1_595' title='bbox 2779 3428 2845 3483; x_wconf 90' lang='lat' dir='ltr'><strong>ab</strong></span> <span class='ocrx_word' id='word_1_596' title='bbox 2873 3428 3106 3483; x_wconf 89' lang='lat' dir='ltr'><strong>inimicis</strong></span> <span class='ocrx_word' id='word_1_597' title='bbox 3134 3428 3423 3499; x_wconf 77' lang='lat' dir='ltr'><strong>negligitur</strong></span> 
     </span>
    </p>
   </div>
   <div class='ocr_carea' id='block_1_79' title="bbox 1845 3518 3424 3593">
    <p class='ocr_par' dir='ltr' id='par_1_79' title="bbox 1845 3518 3424 3593">
     <span class='ocr_line' id='line_1_79' title="bbox 1845 3518 3424 3593; baseline -0.005 -15"><span class='ocrx_word' id='word_1_598' title='bbox 1845 3530 2047 3578; x_wconf 90' lang='lat' dir='ltr'><strong>etcum</strong></span> <span class='ocrx_word' id='word_1_599' title='bbox 2080 3520 2307 3593; x_wconf 81' lang='lat' dir='ltr'><strong>ignitum</strong></span> <span class='ocrx_word' id='word_1_600' title='bbox 2338 3521 2407 3577; x_wconf 91' lang='lat' dir='ltr'><strong>sit</strong></span> <span class='ocrx_word' id='word_1_601' title='bbox 2436 3537 2612 3575; x_wconf 81' lang='lat' dir='ltr'><strong>servus</strong></span> <span class='ocrx_word' id='word_1_602' title='bbox 2644 3529 2765 3573; x_wconf 88' lang='lat' dir='ltr'><strong>tuus</strong></span> <span class='ocrx_word' id='word_1_603' title='bbox 2795 3518 2976 3573; x_wconf 72' lang='lat' dir='ltr'><strong>dilexit</strong></span> <span class='ocrx_word' id='word_1_604' title='bbox 3002 3518 3157 3583; x_wconf 84' lang='lat' dir='ltr'><strong>illud,</strong></span> <span class='ocrx_word' id='word_1_605' title='bbox 3198 3533 3297 3587; x_wconf 85' lang='lat' dir='ltr'><strong>ego</strong></span> <span class='ocrx_word' id='word_1_606' title='bbox 3342 3520 3424 3571; x_wconf 84' lang='lat' dir='ltr'><strong>vi-</strong></span> 
     </span>
    </p>
   </div>
   <div class='ocr_carea' id='block_1_80' title="bbox 1847 3608 3427 3683">
    <p class='ocr_par' dir='ltr' id='par_1_80' title="bbox 1847 3608 3427 3683">
     <span class='ocr_line' id='line_1_80' title="bbox 1847 3608 3427 3683; baseline -0.004 -15"><span class='ocrx_word' id='word_1_607' title='bbox 1847 3612 2043 3669; x_wconf 88' lang='lat' dir='ltr'><strong>delicet</strong></span> <span class='ocrx_word' id='word_1_608' title='bbox 2099 3612 2191 3683; x_wconf 92' lang='lat' dir='ltr'><strong>qui</strong></span> <span class='ocrx_word' id='word_1_609' title='bbox 2250 3628 2365 3668; x_wconf 92' lang='lat' dir='ltr'><strong>sum</strong></span> <span class='ocrx_word' id='word_1_610' title='bbox 2418 3611 2564 3665; x_wconf 91' lang='lat' dir='ltr'><strong>omni</strong></span> <span class='ocrx_word' id='word_1_611' title='bbox 2627 3610 2787 3665; x_wconf 82' lang='lat' dir='ltr'><strong>modo</strong></span> <span class='ocrx_word' id='word_1_612' title='bbox 2838 3609 2933 3663; x_wconf 91' lang='lat' dir='ltr'><strong>tibi</strong></span> <span class='ocrx_word' id='word_1_613' title='bbox 3002 3608 3263 3663; x_wconf 80' lang='lat' dir='ltr'><strong>obcdicns</strong></span> <span class='ocrx_word' id='word_1_614' title='bbox 3297 3609 3427 3663; x_wconf 90' lang='lat' dir='ltr'><strong>etin</strong></span> 
     </span>
    </p>
   </div>
   <div class='ocr_carea' id='block_1_81' title="bbox 1848 3700 3425 3770">
    <p class='ocr_par' dir='ltr' id='par_1_81' title="bbox 1848 3700 3425 3770">
     <span class='ocr_line' id='line_1_81' title="bbox 1848 3700 3425 3770; baseline -0.004 -11"><span class='ocrx_word' id='word_1_615' title='bbox 1848 3705 1993 3761; x_wconf 91' lang='lat' dir='ltr'><strong>nullo</strong></span> <span class='ocrx_word' id='word_1_616' title='bbox 2030 3703 2323 3760; x_wconf 34' lang='lat' dir='ltr'><strong>resultans.</strong></span> <span class='ocrx_word' id='word_1_617' title='bbox 2370 3702 2473 3757; x_wconf 85' lang='lat' dir='ltr'><strong>Per</strong></span> <span class='ocrx_word' id='word_1_618' title='bbox 2521 3703 2623 3758; x_wconf 87' lang='lat' dir='ltr'><strong>hoc</strong></span> <span class='ocrx_word' id='word_1_619' title='bbox 2680 3711 2858 3755; x_wconf 83' lang='lat' dir='ltr'><strong>autem</strong></span> <span class='ocrx_word' id='word_1_620' title='bbox 2908 3700 3051 3770; x_wconf 91' lang='lat' dir='ltr'><strong>quod</strong></span> <span class='ocrx_word' id='word_1_621' title='bbox 3089 3700 3215 3755; x_wconf 87' lang='lat' dir='ltr'><strong>illud</strong></span> <span class='ocrx_word' id='word_1_622' title='bbox 3242 3700 3425 3763; x_wconf 73' lang='lat' dir='ltr'><strong>dilexi,</strong></span> 
     </span>
    </p>
   </div>
   <div class='ocr_carea' id='block_1_82' title="bbox 1848 3789 3425 3859">
    <p class='ocr_par' dir='ltr' id='par_1_82' title="bbox 1848 3789 3425 3859">
     <span class='ocr_line' id='line_1_82' title="bbox 1848 3789 3425 3859; baseline -0.004 -10"><span class='ocrx_word' id='word_1_623' title='bbox 1848 3795 2026 3849; x_wconf 90' lang='lat' dir='ltr'><strong>factus</strong></span> <span class='ocrx_word' id='word_1_624' title='bbox 2053 3809 2171 3849; x_wconf 88' lang='lat' dir='ltr'><strong>sum</strong></span> <span class='ocrx_word' id='word_1_625' title='bbox 2197 3792 2633 3858; x_wconf 82' lang='lat' dir='ltr'><strong>adolescentulus,</strong></span> <span class='ocrx_word' id='word_1_626' title='bbox 2685 3792 2735 3846; x_wconf 79' lang='lat' dir='ltr'><strong>id</strong></span> <span class='ocrx_word' id='word_1_627' title='bbox 2760 3799 2845 3846; x_wconf 82' lang='lat' dir='ltr'><strong>ct</strong></span> <span class='ocrx_word' id='word_1_628' title='bbox 2872 3791 3025 3846; x_wconf 84' lang='lat' dir='ltr'><strong>valde</strong></span> <span class='ocrx_word' id='word_1_629' title='bbox 3071 3789 3307 3859; x_wconf 88' lang='lat' dir='ltr'><strong>juvenis,</strong></span> <span class='ocrx_word' id='word_1_630' title='bbox 3343 3790 3425 3844; x_wconf 87' lang='lat' dir='ltr'><strong>vi-</strong></span> 
     </span>
    </p>
   </div>
   <div class='ocr_carea' id='block_1_83' title="bbox 1828 3884 3428 3954">
    <p class='ocr_par' dir='ltr' id='par_1_83' title="bbox 1828 3884 3428 3954">
     <span class='ocr_line' id='line_1_83' title="bbox 1828 3884 3428 3954; baseline -0.003 -13"><span class='ocrx_word' id='word_1_631' title='bbox 1828 3886 2043 3943; x_wconf 87' lang='lat' dir='ltr'><strong>delicet</strong></span> <span class='ocrx_word' id='word_1_632' title='bbox 2068 3885 2360 3942; x_wconf 78' lang='lat' dir='ltr'><strong>conformis</strong></span> <span class='ocrx_word' id='word_1_633' title='bbox 2386 3900 2523 3940; x_wconf 87' lang='lat' dir='ltr'><strong>novo</strong></span> <span class='ocrx_word' id='word_1_634' title='bbox 2551 3884 2753 3939; x_wconf 82' lang='lat' dir='ltr'><strong>hom&#39;ni</strong></span> <span class='ocrx_word' id='word_1_635' title='bbox 2785 3884 3022 3951; x_wconf 81' lang='lat' dir='ltr'><strong>Christo,</strong></span> <span class='ocrx_word' id='word_1_636' title='bbox 3056 3898 3151 3954; x_wconf 89' lang='lat' dir='ltr'><strong>per</strong></span> <span class='ocrx_word' id='word_1_637' title='bbox 3181 3884 3428 3954; x_wconf 87' lang='lat' dir='ltr'><strong>virtutes,</strong></span> 
     </span>
    </p>
   </div>
   <div class='ocr_carea' id='block_1_84' title="bbox 1848 3974 3140 4049">
    <p class='ocr_par' dir='ltr' id='par_1_84' title="bbox 1848 3974 3140 4049">
     <span class='ocr_line' id='line_1_84' title="bbox 1848 3974 3140 4049; baseline -0.002 -19"><span class='ocrx_word' id='word_1_638' title='bbox 1848 3978 1941 4049; x_wconf 89' lang='lat' dir='ltr'><strong>qui</strong></span> <span class='ocrx_word' id='word_1_639' title='bbox 1972 3985 2133 4033; x_wconf 89' lang='lat' dir='ltr'><strong>antea</strong></span> <span class='ocrx_word' id='word_1_640' title='bbox 2164 3974 2458 4032; x_wconf 84' lang='lat' dir='ltr'><strong>conformis</strong></span> <span class='ocrx_word' id='word_1_641' title='bbox 2483 3991 2635 4032; x_wconf 91' lang='lat' dir='ltr'><strong>eram</strong></span> <span class='ocrx_word' id='word_1_642' title='bbox 2665 3975 2836 4031; x_wconf 90' lang='lat' dir='ltr'><strong>veteri</strong></span> <span class='ocrx_word' id='word_1_643' title='bbox 2865 3990 2962 4045; x_wconf 90' lang='lat' dir='ltr'><strong>per</strong></span> <span class='ocrx_word' id='word_1_644' title='bbox 2992 3975 3140 4029; x_wconf 90' lang='lat' dir='ltr'><strong>vitia.</strong></span> 
     </span>
    </p>
   </div>
   <div class='ocr_carea' id='block_1_85' title="bbox 1920 4062 3433 4137">
    <p class='ocr_par' dir='ltr' id='par_1_85' title="bbox 1920 4062 3433 4137">
     <span class='ocr_line' id='line_1_85' title="bbox 1920 4062 3433 4137; baseline -0.005 -14"><span class='ocrx_word' id='word_1_645' title='bbox 1920 4066 2369 4132; x_wconf 77' lang='lat' dir='ltr'><strong>Adolescentnlus,</strong></span> <span class='ocrx_word' id='word_1_646' title='bbox 2388 4066 2631 4137; x_wconf 86' lang='lat' dir='ltr'><strong>inquam,</strong></span> <span class='ocrx_word' id='word_1_647' title='bbox 2656 4082 2770 4120; x_wconf 89' lang='lat' dir='ltr'><strong>sum</strong></span> <span class='ocrx_word' id='word_1_648' title='bbox 2799 4082 2889 4135; x_wconf 83' lang='lat' dir='ltr'><strong>ego</strong></span> <span class='ocrx_word' id='word_1_649' title='bbox 2912 4076 2958 4118; x_wconf 87' lang='lat' dir='ltr'><strong>et</strong></span> <span class='ocrx_word' id='word_1_650' title='bbox 2989 4062 3433 4117; x_wconf 81' lang='lat' dir='ltr'><strong>licetadolesccn-</strong></span> 
     </span>
    </p>
   </div>
   <div class='ocr_carea' id='block_1_86' title="bbox 1851 4154 3439 4229">
    <p class='ocr_par' dir='ltr' id='par_1_86' title="bbox 1851 4154 3439 4229">
     <span class='ocr_line' id='line_1_86' title="bbox 1851 4154 3439 4229; baseline -0.005 -14"><span class='ocrx_word' id='word_1_651' title='bbox 1851 4160 2013 4223; x_wconf 80' lang='lat' dir='ltr'><strong>tulas,</strong></span> <span class='ocrx_word' id='word_1_652' title='bbox 2057 4169 2235 4213; x_wconf 86' lang='lat' dir='ltr'><strong>tamen</strong></span> <span class='ocrx_word' id='word_1_653' title='bbox 2260 4158 2401 4229; x_wconf 85' lang='lat' dir='ltr'><strong>quod</strong></span> <span class='ocrx_word' id='word_1_654' title='bbox 2434 4159 2657 4214; x_wconf 89' lang='lat' dir='ltr'><strong>minimc</strong></span> <span class='ocrx_word' id='word_1_655' title='bbox 2708 4158 2921 4211; x_wconf 86' lang='lat' dir='ltr'><strong>videtur</strong></span> <span class='ocrx_word' id='word_1_656' title='bbox 2959 4154 3160 4219; x_wconf 89' lang='lat' dir='ltr'><strong>dicere,</strong></span> <span class='ocrx_word' id='word_1_657' title='bbox 3209 4169 3327 4208; x_wconf 85' lang='lat' dir='ltr'><strong>smn</strong></span> <span class='ocrx_word' id='word_1_658' title='bbox 3360 4155 3439 4207; x_wconf 84' lang='lat' dir='ltr'><strong>ab</strong></span> 
     </span>
    </p>
   </div>
   <div class='ocr_carea' id='block_1_87' title="bbox 1851 4246 3427 4320">
    <p class='ocr_par' dir='ltr' id='par_1_87' title="bbox 1851 4246 3427 4320">
     <span class='ocr_line' id='line_1_87' title="bbox 1851 4246 3427 4320; baseline -0.006 -13"><span class='ocrx_word' id='word_1_659' title='bbox 1851 4253 2086 4307; x_wconf 90' lang='lat' dir='ltr'><strong>inimicis</strong></span> <span class='ocrx_word' id='word_1_660' title='bbox 2110 4250 2310 4305; x_wconf 65' lang='lat' dir='ltr'><strong>Iudaeis</strong></span> <span class='ocrx_word' id='word_1_661' title='bbox 2339 4260 2681 4320; x_wconf 81' lang='lat' dir='ltr'><strong>contemptus,</strong></span> <span class='ocrx_word' id='word_1_662' title='bbox 2715 4263 2780 4302; x_wconf 90' lang='lat' dir='ltr'><strong>eo</strong></span> <span class='ocrx_word' id='word_1_663' title='bbox 2820 4247 2961 4316; x_wconf 91' lang='lat' dir='ltr'><strong>quod</strong></span> <span class='ocrx_word' id='word_1_664' title='bbox 2994 4246 3162 4317; x_wconf 85' lang='lat' dir='ltr'><strong>legem</strong></span> <span class='ocrx_word' id='word_1_665' title='bbox 3190 4255 3427 4300; x_wconf 89' lang='lat' dir='ltr'><strong>veterem</strong></span> 
     </span>
    </p>
   </div>
   <div class='ocr_carea' id='block_1_88' title="bbox 1852 4336 3432 4411">
    <p class='ocr_par' dir='ltr' id='par_1_88' title="bbox 1852 4336 3432 4411">
     <span class='ocr_line' id='line_1_88' title="bbox 1852 4336 3432 4411; baseline -0.005 -14"><span class='ocrx_word' id='word_1_666' title='bbox 1852 4342 2170 4411; x_wconf 76' lang='lat' dir='ltr'><strong>spiritaliter</strong></span> <span class='ocrx_word' id='word_1_667' title='bbox 2199 4340 2518 4410; x_wconf 77' lang='lat' dir='ltr'><strong>intelligam,</strong></span> <span class='ocrx_word' id='word_1_668' title='bbox 2572 4348 2625 4395; x_wconf 89' lang='lat' dir='ltr'><strong>et</strong></span> <span class='ocrx_word' id='word_1_669' title='bbox 2654 4338 2795 4408; x_wconf 90' lang='lat' dir='ltr'><strong>quod</strong></span> <span class='ocrx_word' id='word_1_670' title='bbox 2828 4337 2998 4407; x_wconf 85' lang='lat' dir='ltr'><strong>legem</strong></span> <span class='ocrx_word' id='word_1_671' title='bbox 3038 4351 3231 4390; x_wconf 90' lang='lat' dir='ltr'><strong>novam</strong></span> <span class='ocrx_word' id='word_1_672' title='bbox 3260 4336 3432 4391; x_wconf 85' lang='lat' dir='ltr'><strong>susci-</strong></span> 
     </span>
    </p>
   </div>
   <div class='ocr_carea' id='block_1_89' title="bbox 1852 4416 3431 4503">
    <p class='ocr_par' dir='ltr' id='par_1_89' title="bbox 1852 4416 3431 4503">
     <span class='ocr_line' id='line_1_89' title="bbox 1852 4416 3431 4503; baseline -0.005 -17"><span class='ocrx_word' id='word_1_673' title='bbox 1852 4435 2017 4503; x_wconf 89' lang='lat' dir='ltr'><strong>piam.</strong></span> <span class='ocrx_word' id='word_1_674' title='bbox 2052 4432 2113 4485; x_wconf 79' lang='lat' dir='ltr'><strong>Et</strong></span> <span class='ocrx_word' id='word_1_675' title='bbox 2136 4432 2261 4486; x_wconf 84' lang='lat' dir='ltr'><strong>licet</strong></span> <span class='ocrx_word' id='word_1_676' title='bbox 2288 4432 2390 4486; x_wconf 90' lang='lat' dir='ltr'><strong>sim</strong></span> <span class='ocrx_word' id='word_1_677' title='bbox 2429 4447 2490 4486; x_wconf 90' lang='lat' dir='ltr'><strong>ea</strong></span> <span class='ocrx_word' id='word_1_678' title='bbox 2538 4429 2822 4494; x_wconf 78' lang='lat' dir='ltr'><strong>occasione</strong></span> <span class='ocrx_word' id='word_1_679' title='bbox 2852 4416 3192 4495; x_wconf 78' lang='lat' dir='ltr'><strong>contemptus,</strong></span> <span class='ocrx_word' id='word_1_680' title='bbox 3225 4442 3327 4480; x_wconf 86' lang='lat' dir='ltr'><strong>non</strong></span> <span class='ocrx_word' id='word_1_681' title='bbox 3353 4435 3431 4479; x_wconf 86' lang='lat' dir='ltr'><strong>ta-</strong></span> 
     </span>
    </p>
   </div>
   <div class='ocr_carea' id='block_1_90' title="bbox 154 4516 3432 4591">
    <p class='ocr_par' dir='ltr' id='par_1_90' title="bbox 154 4516 3432 4591">
     <span class='ocr_line' id='line_1_90' title="bbox 154 4516 3432 4591; baseline -0 -19"><span class='ocrx_word' id='word_1_682' title='bbox 154 4522 414 4574; x_wconf 80' lang='lat' dir='ltr'><strong>itlumina</strong></span> <span class='ocrx_word' id='word_1_683' title='bbox 446 4535 602 4589; x_wconf 88' lang='lat' dir='ltr'><strong>super</strong></span> <span class='ocrx_word' id='word_1_684' title='bbox 623 4536 825 4573; x_wconf 79' lang='lat' dir='ltr'><strong>servum</strong></span> <span class='ocrx_word' id='word_1_685' title='bbox 857 4529 1027 4585; x_wconf 84' lang='lat' dir='ltr'><strong>tuum,</strong></span> <span class='ocrx_word' id='word_1_686' title='bbox 1058 4528 1108 4573; x_wconf 88' lang='lat' dir='ltr'><strong>et</strong></span> <span class='ocrx_word' id='word_1_687' title='bbox 1141 4533 1268 4574; x_wconf 89' lang='lat' dir='ltr'><strong>cccc</strong></span> <span class='ocrx_word' id='word_1_688' title='bbox 1295 4518 1579 4589; x_wconf 88' lang='lat' dir='ltr'><strong>impetravi</strong></span> <span class='ocrx_word' id='word_1_689' title='bbox 1604 4520 1746 4589; x_wconf 92' lang='lat' dir='ltr'><strong>quod</strong></span> <span class='ocrx_word' id='word_1_690' title='bbox 1781 4532 1825 4588; x_wconf 80' lang='grc' dir='ltr'><strong>ι)</strong></span> <span class='ocrx_word' id='word_1_691' title='bbox 1853 4539 1974 4578; x_wconf 90' lang='lat' dir='ltr'><strong>men</strong></span> <span class='ocrx_word' id='word_1_692' title='bbox 2001 4521 2121 4576; x_wconf 87' lang='lat' dir='ltr'><strong>ideo</strong></span> <span class='ocrx_word' id='word_1_693' title='bbox 2142 4538 2257 4577; x_wconf 88' lang='lat' dir='ltr'><strong>sum</strong></span> <span class='ocrx_word' id='word_1_694' title='bbox 2286 4523 2476 4576; x_wconf 87' lang='lat' dir='ltr'><strong>oblitus</strong></span> <span class='ocrx_word' id='word_1_695' title='bbox 2511 4520 2917 4591; x_wconf 78' lang='lat' dir='ltr'><strong>justiﬁcationcs</strong></span> <span class='ocrx_word' id='word_1_696' title='bbox 2946 4527 3084 4581; x_wconf 87' lang='lat' dir='ltr'><strong>tuas,</strong></span> <span class='ocrx_word' id='word_1_697' title='bbox 3109 4518 3160 4573; x_wconf 90' lang='lat' dir='ltr'><strong>id</strong></span> <span class='ocrx_word' id='word_1_698' title='bbox 3181 4527 3264 4573; x_wconf 90' lang='lat' dir='ltr'><strong>est</strong></span> <span class='ocrx_word' id='word_1_699' title='bbox 3286 4516 3432 4587; x_wconf 84' lang='lat' dir='ltr'><strong>justa</strong></span> 
     </span>
    </p>
   </div>
   <div class='ocr_carea' id='block_1_91' title="bbox 151 4610 1746 4679">
    <p class='ocr_par' dir='ltr' id='par_1_91' title="bbox 151 4610 1746 4679">
     <span class='ocr_line' id='line_1_91' title="bbox 151 4610 1746 4679; baseline 0 -14"><span class='ocrx_word' id='word_1_700' title='bbox 151 4612 342 4667; x_wconf 85' lang='lat' dir='ltr'><strong>oravi.</strong></span> <span class='ocrx_word' id='word_1_701' title='bbox 385 4611 521 4666; x_wconf 83' lang='lat' dir='ltr'><strong>Nam</strong></span> <span class='ocrx_word' id='word_1_702' title='bbox 549 4621 605 4665; x_wconf 92' lang='lat' dir='ltr'><strong>tu</strong></span> <span class='ocrx_word' id='word_1_703' title='bbox 624 4610 887 4666; x_wconf 85' lang='lat' dir='ltr'><strong>mandasti</strong></span> <span class='ocrx_word' id='word_1_704' title='bbox 909 4610 1176 4679; x_wconf 82' lang='lat' dir='ltr'><strong>justitiam</strong></span> <span class='ocrx_word' id='word_1_705' title='bbox 1199 4611 1492 4663; x_wconf 88' lang='lat' dir='ltr'><strong>testimonia</strong></span> <span class='ocrx_word' id='word_1_706' title='bbox 1528 4620 1642 4677; x_wconf 85' lang='lat' dir='ltr'><strong>tua,</strong></span> <span class='ocrx_word' id='word_1_707' title='bbox 1693 4611 1746 4665; x_wconf 92' lang='lat' dir='ltr'><strong>id</strong></span> 
     </span>
    </p>
   </div>
   <div class='ocr_carea' id='block_1_92' title="bbox 151 4697 1744 4769">
    <p class='ocr_par' dir='ltr' id='par_1_92' title="bbox 151 4697 1744 4769">
     <span class='ocr_line' id='line_1_92' title="bbox 151 4697 1744 4769; baseline -0.002 -11"><span class='ocrx_word' id='word_1_708' title='bbox 151 4714 238 4758; x_wconf 74' lang='grc' dir='ltr'><strong>εςι</strong></span> <span class='ocrx_word' id='word_1_709' title='bbox 261 4703 388 4759; x_wconf 89' lang='lat' dir='ltr'><strong>solo</strong></span> <span class='ocrx_word' id='word_1_710' title='bbox 403 4702 655 4755; x_wconf 87' lang='lat' dir='ltr'><strong>mandato</strong></span> <span class='ocrx_word' id='word_1_711' title='bbox 670 4701 963 4755; x_wconf 71' lang='lat' dir='ltr'><strong>voluntatis</strong></span> <span class='ocrx_word' id='word_1_712' title='bbox 977 4710 1079 4754; x_wconf 64' lang='lat' dir='ltr'><strong>tuze</strong></span> <span class='ocrx_word' id='word_1_713' title='bbox 1097 4697 1288 4754; x_wconf 91' lang='lat' dir='ltr'><strong>dedisti</strong></span> <span class='ocrx_word' id='word_1_714' title='bbox 1302 4698 1573 4769; x_wconf 87' lang='lat' dir='ltr'><strong>justitiam</strong></span> <span class='ocrx_word' id='word_1_715' title='bbox 1591 4701 1744 4766; x_wconf 89' lang='lat' dir='ltr'><strong>mihi,</strong></span> 
     </span>
    </p>
   </div>
   <div class='ocr_carea' id='block_1_93' title="bbox 154 4789 1750 4853">
    <p class='ocr_par' dir='ltr' id='par_1_93' title="bbox 154 4789 1750 4853">
     <span class='ocr_line' id='line_1_93' title="bbox 154 4789 1750 4853; baseline -0.003 -3"><span class='ocrx_word' id='word_1_716' title='bbox 154 4795 377 4850; x_wconf 84' lang='lat' dir='ltr'><strong>scilicet</strong></span> <span class='ocrx_word' id='word_1_717' title='bbox 408 4791 711 4848; x_wconf 89' lang='lat' dir='ltr'><strong>testimonia</strong></span> <span class='ocrx_word' id='word_1_718' title='bbox 736 4800 847 4853; x_wconf 92' lang='lat' dir='ltr'><strong>tua,</strong></span> <span class='ocrx_word' id='word_1_719' title='bbox 866 4789 1218 4845; x_wconf 74' lang='lat' dir='ltr'><strong>idestdedisti</strong></span> <span class='ocrx_word' id='word_1_720' title='bbox 1234 4789 1363 4845; x_wconf 90' lang='lat' dir='ltr'><strong>mihi</strong></span> <span class='ocrx_word' id='word_1_721' title='bbox 1378 4790 1491 4844; x_wconf 54' lang='lat' dir='ltr'><strong>salo</strong></span> <span class='ocrx_word' id='word_1_722' title='bbox 1509 4791 1644 4846; x_wconf 85' lang='lat' dir='ltr'><strong>velle</strong></span> <span class='ocrx_word' id='word_1_723' title='bbox 1659 4799 1750 4845; x_wconf 86' lang='lat' dir='ltr'><strong>tuo</strong></span> 
     </span>
    </p>
   </div>
   <div class='ocr_carea' id='block_1_94' title="bbox 156 4881 1751 4958">
    <p class='ocr_par' dir='ltr' id='par_1_94' title="bbox 156 4881 1751 4958">
     <span class='ocr_line' id='line_1_94' title="bbox 156 4881 1751 4958; baseline -0.004 -15"><span class='ocrx_word' id='word_1_724' title='bbox 156 4893 440 4958; x_wconf 72' lang='lat' dir='ltr'><strong>prmcepta</strong></span> <span class='ocrx_word' id='word_1_725' title='bbox 456 4893 543 4939; x_wconf 91' lang='lat' dir='ltr'><strong>tua</strong></span> <span class='ocrx_word' id='word_1_726' title='bbox 569 4883 766 4938; x_wconf 85' lang='lat' dir='ltr'><strong>veteris</strong></span> <span class='ocrx_word' id='word_1_727' title='bbox 787 4882 940 4953; x_wconf 59' lang='lat' dir='ltr'><strong>Iz-gis,</strong></span> <span class='ocrx_word' id='word_1_728' title='bbox 956 4891 1009 4937; x_wconf 90' lang='lat' dir='ltr'><strong>et</strong></span> <span class='ocrx_word' id='word_1_729' title='bbox 1028 4882 1324 4937; x_wconf 88' lang='lat' dir='ltr'><strong>secundum</strong></span> <span class='ocrx_word' id='word_1_730' title='bbox 1341 4881 1667 4935; x_wconf 72' lang='lat' dir='ltr'><strong>intellectum</strong></span> <span class='ocrx_word' id='word_1_731' title='bbox 1696 4891 1751 4937; x_wconf 85' lang='lat' dir='ltr'><strong>et</strong></span> 
     </span>
    </p>
   </div>
   <div class='ocr_carea' id='block_1_95' title="bbox 158 4973 1753 5043">
    <p class='ocr_par' dir='ltr' id='par_1_95' title="bbox 158 4973 1753 5043">
     <span class='ocr_line' id='line_1_95' title="bbox 158 4973 1753 5043; baseline -0.005 -8"><span class='ocrx_word' id='word_1_732' title='bbox 158 4978 474 5034; x_wconf 87' lang='lat' dir='ltr'><strong>secundum</strong></span> <span class='ocrx_word' id='word_1_733' title='bbox 502 4974 903 5043; x_wconf 86' lang='lat' dir='ltr'><strong>operationem;</strong></span> <span class='ocrx_word' id='word_1_734' title='bbox 929 4988 1050 5043; x_wconf 74' lang='lat' dir='ltr'><strong>qua)</strong></span> <span class='ocrx_word' id='word_1_735' title='bbox 1073 4987 1169 5041; x_wconf 92' lang='lat' dir='ltr'><strong>per</strong></span> <span class='ocrx_word' id='word_1_736' title='bbox 1182 4973 1483 5041; x_wconf 87' lang='lat' dir='ltr'><strong>emphasim</strong></span> <span class='ocrx_word' id='word_1_737' title='bbox 1500 4973 1753 5027; x_wconf 90' lang='lat' dir='ltr'><strong>dicuntur</strong></span> 
     </span>
    </p>
   </div>
   <div class='ocr_carea' id='block_1_96' title="bbox 152 5060 1757 5137">
    <p class='ocr_par' dir='ltr' id='par_1_96' title="bbox 152 5060 1757 5137">
     <span class='ocr_line' id='line_1_96' title="bbox 152 5060 1757 5137; baseline -0.002 -18"><span class='ocrx_word' id='word_1_738' title='bbox 152 5065 403 5137; x_wconf 72' lang='lat' dir='ltr'><strong>iustitia,</strong></span> <span class='ocrx_word' id='word_1_739' title='bbox 433 5062 803 5133; x_wconf 84' lang='lat' dir='ltr'><strong>eoquodjusta</strong></span> <span class='ocrx_word' id='word_1_740' title='bbox 819 5062 979 5117; x_wconf 90' lang='lat' dir='ltr'><strong>nimis</strong></span> <span class='ocrx_word' id='word_1_741' title='bbox 990 5070 1113 5116; x_wconf 87' lang='lat' dir='ltr'><strong>sunt</strong></span> <span class='ocrx_word' id='word_1_742' title='bbox 1132 5070 1184 5116; x_wconf 92' lang='lat' dir='ltr'><strong>et</strong></span> <span class='ocrx_word' id='word_1_743' title='bbox 1199 5062 1443 5115; x_wconf 80' lang='lat' dir='ltr'><strong>homines</strong></span> <span class='ocrx_word' id='word_1_744' title='bbox 1452 5060 1757 5131; x_wconf 64' lang='lat' dir='ltr'><strong>iustiﬁcam-</strong></span> 
     </span>
    </p>
   </div>
   <div class='ocr_carea' id='block_1_97' title="bbox 158 5149 1756 5220">
    <p class='ocr_par' dir='ltr' id='par_1_97' title="bbox 158 5149 1756 5220">
     <span class='ocr_line' id='line_1_97' title="bbox 158 5149 1756 5220; baseline -0.004 -9"><span class='ocrx_word' id='word_1_745' title='bbox 158 5166 180 5211; x_wconf 89' lang='lat' dir='ltr'><strong>t</strong></span> <span class='ocrx_word' id='word_1_746' title='bbox 203 5174 232 5211; x_wconf 87' lang='lat' dir='ltr'><strong>a</strong></span> <span class='ocrx_word' id='word_1_747' title='bbox 246 5197 260 5209; x_wconf 93' lang='lat'><strong>.</strong></span> <span class='ocrx_word' id='word_1_748' title='bbox 277 5153 417 5209; x_wconf 87' lang='lat' dir='ltr'><strong>Cum</strong></span> <span class='ocrx_word' id='word_1_749' title='bbox 430 5152 851 5217; x_wconf 73' lang='lat' dir='ltr'><strong>dicitmandasti,</strong></span> <span class='ocrx_word' id='word_1_750' title='bbox 874 5165 1119 5220; x_wconf 84' lang='lat' dir='ltr'><strong>magnam</strong></span> <span class='ocrx_word' id='word_1_751' title='bbox 1132 5165 1251 5205; x_wconf 87' lang='lat' dir='ltr'><strong>esse</strong></span> <span class='ocrx_word' id='word_1_752' title='bbox 1267 5149 1357 5204; x_wconf 90' lang='lat' dir='ltr'><strong>Dei</strong></span> <span class='ocrx_word' id='word_1_753' title='bbox 1373 5150 1666 5219; x_wconf 88' lang='lat' dir='ltr'><strong>potentiam</strong></span> <span class='ocrx_word' id='word_1_754' title='bbox 1682 5149 1756 5204; x_wconf 88' lang='lat' dir='ltr'><strong>in-</strong></span> 
     </span>
    </p>
   </div>
   <div class='ocr_carea' id='block_1_98' title="bbox 163 5242 1755 5314">
    <p class='ocr_par' dir='ltr' id='par_1_98' title="bbox 163 5242 1755 5314">
     <span class='ocr_line' id='line_1_98' title="bbox 163 5242 1755 5314; baseline -0.003 -13"><span class='ocrx_word' id='word_1_755' title='bbox 163 5249 310 5309; x_wconf 89' lang='lat' dir='ltr'><strong>nuit,</strong></span> <span class='ocrx_word' id='word_1_756' title='bbox 335 5245 431 5314; x_wconf 90' lang='lat' dir='ltr'><strong>qui</strong></span> <span class='ocrx_word' id='word_1_757' title='bbox 454 5243 570 5299; x_wconf 92' lang='lat' dir='ltr'><strong>solo</strong></span> <span class='ocrx_word' id='word_1_758' title='bbox 600 5244 854 5298; x_wconf 85' lang='lat' dir='ltr'><strong>man-lato</strong></span> <span class='ocrx_word' id='word_1_759' title='bbox 875 5242 1165 5297; x_wconf 89' lang='lat' dir='ltr'><strong>voluntatis</strong></span> <span class='ocrx_word' id='word_1_760' title='bbox 1189 5258 1301 5297; x_wconf 72' lang='lat' dir='ltr'><strong>sua:</strong></span> <span class='ocrx_word' id='word_1_761' title='bbox 1326 5242 1418 5296; x_wconf 88' lang='lat' dir='ltr'><strong>dat</strong></span> <span class='ocrx_word' id='word_1_762' title='bbox 1465 5252 1755 5311; x_wconf 54' lang='lat' dir='ltr'><strong>praecepto</strong></span> 
     </span>
    </p>
   </div>
   <div class='ocr_carea' id='block_1_99' title="bbox 163 5334 1753 5406">
    <p class='ocr_par' dir='ltr' id='par_1_99' title="bbox 163 5334 1753 5406">
     <span class='ocr_line' id='line_1_99' title="bbox 163 5334 1753 5406; baseline -0.001 -14"><span class='ocrx_word' id='word_1_763' title='bbox 163 5354 295 5394; x_wconf 88' lang='lat' dir='ltr'><strong>rum</strong></span> <span class='ocrx_word' id='word_1_764' title='bbox 325 5352 547 5392; x_wconf 89' lang='lat' dir='ltr'><strong>suorum</strong></span> <span class='ocrx_word' id='word_1_765' title='bbox 579 5335 911 5391; x_wconf 89' lang='lat' dir='ltr'><strong>intellectum</strong></span> <span class='ocrx_word' id='word_1_766' title='bbox 941 5345 997 5390; x_wconf 91' lang='lat' dir='ltr'><strong>et</strong></span> <span class='ocrx_word' id='word_1_767' title='bbox 1016 5337 1407 5406; x_wconf 80' lang='lat' dir='ltr'><strong>Operationcm.</strong></span> <span class='ocrx_word' id='word_1_768' title='bbox 1446 5334 1717 5391; x_wconf 75' lang='lat' dir='ltr'><strong>Mandasti</strong></span> <span class='ocrx_word' id='word_1_769' title='bbox 1738 5376 1753 5402; x_wconf 89' lang='lat'><strong>,</strong></span> 
     </span>
    </p>
   </div>
   <div class='ocr_carea' id='block_1_100' title="bbox 162 5430 1755 5502">
    <p class='ocr_par' dir='ltr' id='par_1_100' title="bbox 162 5430 1755 5502">
     <span class='ocr_line' id='line_1_100' title="bbox 162 5430 1755 5502; baseline 0.001 -17"><span class='ocrx_word' id='word_1_770' title='bbox 162 5435 424 5502; x_wconf 79' lang='lat' dir='ltr'><strong>inquam,</strong></span> <span class='ocrx_word' id='word_1_771' title='bbox 466 5430 761 5484; x_wconf 85' lang='lat' dir='ltr'><strong>testimonia</strong></span> <span class='ocrx_word' id='word_1_772' title='bbox 786 5441 876 5484; x_wconf 86' lang='lat' dir='ltr'><strong>tua</strong></span> <span class='ocrx_word' id='word_1_773' title='bbox 906 5438 1114 5485; x_wconf 86' lang='lat' dir='ltr'><strong>vetera.</strong></span> <span class='ocrx_word' id='word_1_774' title='bbox 1164 5430 1232 5485; x_wconf 85' lang='lat' dir='ltr'><strong>Et</strong></span> <span class='ocrx_word' id='word_1_775' title='bbox 1272 5432 1436 5485; x_wconf 84' lang='lat' dir='ltr'><strong>etiam</strong></span> <span class='ocrx_word' id='word_1_776' title='bbox 1488 5446 1612 5485; x_wconf 90' lang='lat' dir='ltr'><strong>man</strong></span> <span class='ocrx_word' id='word_1_777' title='bbox 1630 5431 1755 5486; x_wconf 81' lang='lat' dir='ltr'><strong>’asti</strong></span> 
     </span>
    </p>
   </div>
   <div class='ocr_carea' id='block_1_101' title="bbox 166 5521 1755 5589">
    <p class='ocr_par' dir='ltr' id='par_1_101' title="bbox 166 5521 1755 5589">
     <span class='ocr_line' id='line_1_101' title="bbox 166 5521 1755 5589; baseline 0 -12"><span class='ocrx_word' id='word_1_778' title='bbox 166 5521 608 5579; x_wconf 73' lang='lat' dir='ltr'><strong>tnihi‘veritatem</strong></span> <span class='ocrx_word' id='word_1_779' title='bbox 631 5532 772 5576; x_wconf 86' lang='lat' dir='ltr'><strong>tuam</strong></span> <span class='ocrx_word' id='word_1_780' title='bbox 807 5523 981 5589; x_wconf 85' lang='lat' dir='ltr'><strong>nimis,</strong></span> <span class='ocrx_word' id='word_1_781' title='bbox 1007 5522 1058 5577; x_wconf 91' lang='lat' dir='ltr'><strong>id</strong></span> <span class='ocrx_word' id='word_1_782' title='bbox 1087 5533 1169 5578; x_wconf 88' lang='lat' dir='ltr'><strong>est</strong></span> <span class='ocrx_word' id='word_1_783' title='bbox 1216 5523 1437 5577; x_wconf 81' lang='lat' dir='ltr'><strong>nimiam</strong></span> <span class='ocrx_word' id='word_1_784' title='bbox 1487 5525 1755 5579; x_wconf 71' lang='lat' dir='ltr'><strong>ceritatem</strong></span> 
     </span>
    </p>
   </div>
   <div class='ocr_carea' id='block_1_102' title="bbox 165 5611 1757 5685">
    <p class='ocr_par' dir='ltr' id='par_1_102' title="bbox 165 5611 1757 5685">
     <span class='ocr_line' id='line_1_102' title="bbox 165 5611 1757 5685; baseline 0 -20"><span class='ocrx_word' id='word_1_785' title='bbox 165 5624 348 5678; x_wconf 87' lang='lat' dir='ltr'><strong>tuam,</strong></span> <span class='ocrx_word' id='word_1_786' title='bbox 368 5611 578 5667; x_wconf 87' lang='lat' dir='ltr'><strong>scilicet</strong></span> <span class='ocrx_word' id='word_1_787' title='bbox 605 5626 796 5666; x_wconf 85' lang='lat' dir='ltr'><strong>novam</strong></span> <span class='ocrx_word' id='word_1_788' title='bbox 827 5614 1023 5685; x_wconf 73' lang='lat' dir='ltr'><strong>legem,</strong></span> <span class='ocrx_word' id='word_1_789' title='bbox 1062 5627 1180 5682; x_wconf 67' lang='lat' dir='ltr'><strong>qum</strong></span> <span class='ocrx_word' id='word_1_790' title='bbox 1208 5628 1304 5681; x_wconf 89' lang='lat' dir='ltr'><strong>per</strong></span> <span class='ocrx_word' id='word_1_791' title='bbox 1333 5612 1634 5683; x_wconf 85' lang='lat' dir='ltr'><strong>emphasim</strong></span> <span class='ocrx_word' id='word_1_792' title='bbox 1679 5613 1757 5667; x_wconf 91' lang='lat' dir='ltr'><strong>di-</strong></span> 
     </span>
    </p>
   </div>
   <div class='ocr_carea' id='block_1_103' title="bbox 166 5704 1757 5774">
    <p class='ocr_par' dir='ltr' id='par_1_103' title="bbox 166 5704 1757 5774">
     <span class='ocr_line' id='line_1_103' title="bbox 166 5704 1757 5774; baseline -0.003 -13"><span class='ocrx_word' id='word_1_793' title='bbox 166 5708 319 5761; x_wconf 90' lang='lat' dir='ltr'><strong>citur</strong></span> <span class='ocrx_word' id='word_1_794' title='bbox 337 5704 505 5760; x_wconf 88' lang='lat' dir='ltr'><strong>nimia</strong></span> <span class='ocrx_word' id='word_1_795' title='bbox 536 5704 761 5767; x_wconf 88' lang='lat' dir='ltr'><strong>veritas,</strong></span> <span class='ocrx_word' id='word_1_796' title='bbox 800 5722 866 5759; x_wconf 90' lang='lat' dir='ltr'><strong>eo</strong></span> <span class='ocrx_word' id='word_1_797' title='bbox 918 5707 1059 5774; x_wconf 90' lang='lat' dir='ltr'><strong>quod</strong></span> <span class='ocrx_word' id='word_1_798' title='bbox 1112 5705 1264 5759; x_wconf 87' lang='lat' dir='ltr'><strong>valde</strong></span> <span class='ocrx_word' id='word_1_799' title='bbox 1295 5720 1419 5757; x_wconf 85' lang='lat' dir='ltr'><strong>vera</strong></span> <span class='ocrx_word' id='word_1_800' title='bbox 1463 5705 1555 5770; x_wconf 85' lang='lat' dir='ltr'><strong>sit,</strong></span> <span class='ocrx_word' id='word_1_801' title='bbox 1585 5705 1635 5758; x_wconf 91' lang='lat' dir='ltr'><strong>id</strong></span> <span class='ocrx_word' id='word_1_802' title='bbox 1676 5714 1757 5759; x_wconf 72' lang='lat' dir='ltr'><strong>est</strong></span> 
     </span>
    </p>
   </div>
   <div class='ocr_carea' id='block_1_104' title="bbox 166 5795 1753 5868">
    <p class='ocr_par' dir='ltr' id='par_1_104' title="bbox 166 5795 1753 5868">
     <span class='ocr_line' id='line_1_104' title="bbox 166 5795 1753 5868; baseline 0.001 -19"><span class='ocrx_word' id='word_1_803' title='bbox 166 5796 339 5867; x_wconf 71' lang='lat' dir='ltr'><strong>iusta,</strong></span> <span class='ocrx_word' id='word_1_804' title='bbox 366 5795 500 5853; x_wconf 90' lang='lat' dir='ltr'><strong>nihil</strong></span> <span class='ocrx_word' id='word_1_805' title='bbox 528 5796 845 5867; x_wconf 77' lang='lat' dir='ltr'><strong>praecipiens</strong></span> <span class='ocrx_word' id='word_1_806' title='bbox 876 5797 1134 5868; x_wconf 86' lang='lat' dir='ltr'><strong>nisiquol</strong></span> <span class='ocrx_word' id='word_1_807' title='bbox 1171 5798 1437 5853; x_wconf 85' lang='lat' dir='ltr'><strong>verumsit</strong></span> <span class='ocrx_word' id='word_1_808' title='bbox 1462 5806 1509 5851; x_wconf 89' lang='lat' dir='ltr'><strong>et</strong></span> <span class='ocrx_word' id='word_1_809' title='bbox 1530 5796 1753 5865; x_wconf 84' lang='lat' dir='ltr'><strong>justum.</strong></span> 
     </span>
    </p>
   </div>
   <div class='ocr_carea' id='block_1_105' title="bbox 1850 4606 3433 4683">
    <p class='ocr_par' dir='ltr' id='par_1_105' title="bbox 1850 4606 3433 4683">
     <span class='ocr_line' id='line_1_105' title="bbox 1850 4606 3433 4683; baseline -0.003 -17"><span class='ocrx_word' id='word_1_810' title='bbox 1850 4623 2118 4683; x_wconf 76' lang='lat' dir='ltr'><strong>prmecpta</strong></span> <span class='ocrx_word' id='word_1_811' title='bbox 2154 4613 2436 4681; x_wconf 89' lang='lat' dir='ltr'><strong>utriusque</strong></span> <span class='ocrx_word' id='word_1_812' title='bbox 2462 4612 2594 4681; x_wconf 85' lang='lat' dir='ltr'><strong>legis</strong></span> <span class='ocrx_word' id='word_1_813' title='bbox 2626 4626 2639 4661; x_wconf 92' lang='lat'>:</span> <span class='ocrx_word' id='word_1_814' title='bbox 2683 4620 2737 4665; x_wconf 91' lang='lat' dir='ltr'><strong>et</strong></span> <span class='ocrx_word' id='word_1_815' title='bbox 2770 4606 2972 4661; x_wconf 84' lang='lat' dir='ltr'><strong>ideirco</strong></span> <span class='ocrx_word' id='word_1_816' title='bbox 2994 4623 3098 4662; x_wconf 87' lang='lat' dir='ltr'><strong>non</strong></span> <span class='ocrx_word' id='word_1_817' title='bbox 3130 4624 3249 4664; x_wconf 92' lang='lat' dir='ltr'><strong>sum</strong></span> <span class='ocrx_word' id='word_1_818' title='bbox 3299 4608 3433 4663; x_wconf 86' lang='lat' dir='ltr'><strong>obli-</strong></span> 
     </span>
    </p>
   </div>
   <div class='ocr_carea' id='block_1_106' title="bbox 1853 4699 3432 4774">
    <p class='ocr_par' dir='ltr' id='par_1_106' title="bbox 1853 4699 3432 4774">
     <span class='ocr_line' id='line_1_106' title="bbox 1853 4699 3432 4774; baseline -0.004 -16"><span class='ocrx_word' id='word_1_819' title='bbox 1853 4712 1939 4759; x_wconf 91' lang='lat' dir='ltr'><strong>tus</strong></span> <span class='ocrx_word' id='word_1_820' title='bbox 1979 4704 2425 4774; x_wconf 82' lang='lat' dir='ltr'><strong>vetcrcmlegem,</strong></span> <span class='ocrx_word' id='word_1_821' title='bbox 2456 4703 2579 4771; x_wconf 88' lang='lat' dir='ltr'><strong>quia</strong></span> <span class='ocrx_word' id='word_1_822' title='bbox 2602 4701 2811 4771; x_wconf 82' lang='lat' dir='ltr'><strong>jastitia</strong></span> <span class='ocrx_word' id='word_1_823' title='bbox 2838 4713 2952 4767; x_wconf 82' lang='lat' dir='ltr'><strong>tua,</strong></span> <span class='ocrx_word' id='word_1_824' title='bbox 2983 4701 3035 4755; x_wconf 91' lang='lat' dir='ltr'><strong>id</strong></span> <span class='ocrx_word' id='word_1_825' title='bbox 3061 4708 3145 4756; x_wconf 93' lang='lat' dir='ltr'><strong>est</strong></span> <span class='ocrx_word' id='word_1_826' title='bbox 3166 4707 3320 4754; x_wconf 90' lang='lat' dir='ltr'><strong>vetus</strong></span> <span class='ocrx_word' id='word_1_827' title='bbox 3348 4699 3432 4753; x_wconf 71' lang='lat' dir='ltr'><strong>lex</strong></span> 
     </span>
    </p>
   </div>
   <div class='ocr_carea' id='block_1_107' title="bbox 1853 4793 3436 4866">
    <p class='ocr_par' dir='ltr' id='par_1_107' title="bbox 1853 4793 3436 4866">
     <span class='ocr_line' id='line_1_107' title="bbox 1853 4793 3436 4866; baseline -0.002 -20"><span class='ocrx_word' id='word_1_828' title='bbox 1853 4794 2292 4866; x_wconf 70' lang='lat' dir='ltr'><strong>qumjnstissima</strong></span> <span class='ocrx_word' id='word_1_829' title='bbox 2319 4804 2402 4850; x_wconf 89' lang='lat' dir='ltr'><strong>est</strong></span> <span class='ocrx_word' id='word_1_830' title='bbox 2426 4803 2480 4850; x_wconf 89' lang='lat' dir='ltr'><strong>et</strong></span> <span class='ocrx_word' id='word_1_831' title='bbox 2518 4810 2547 4849; x_wconf 91' lang='lat' dir='ltr'><strong>a</strong></span> <span class='ocrx_word' id='word_1_832' title='bbox 2575 4803 2628 4850; x_wconf 90' lang='lat' dir='ltr'><strong>te</strong></span> <span class='ocrx_word' id='word_1_833' title='bbox 2666 4793 2791 4849; x_wconf 84' lang='lat' dir='ltr'><strong>data</strong></span> <span class='ocrx_word' id='word_1_834' title='bbox 2814 4802 2900 4848; x_wconf 91' lang='lat' dir='ltr'><strong>cst</strong></span> <span class='ocrx_word' id='word_1_835' title='bbox 2919 4793 3133 4864; x_wconf 88' lang='lat' dir='ltr'><strong>justitia</strong></span> <span class='ocrx_word' id='word_1_836' title='bbox 3184 4794 3239 4846; x_wconf 89' lang='lat' dir='ltr'><strong>in</strong></span> <span class='ocrx_word' id='word_1_837' title='bbox 3286 4800 3436 4846; x_wconf 69' lang='grc' dir='ltr'><strong>(Μεγ-</strong></span> 
     </span>
    </p>
   </div>
   <div class='ocr_carea' id='block_1_108' title="bbox 1854 4881 3436 4955">
    <p class='ocr_par' dir='ltr' id='par_1_108' title="bbox 1854 4881 3436 4955">
     <span class='ocr_line' id='line_1_108' title="bbox 1854 4881 3436 4955; baseline -0.005 -16"><span class='ocrx_word' id='word_1_838' title='bbox 1854 4902 2003 4948; x_wconf 81' lang='lat' dir='ltr'><strong>unm,</strong></span> <span class='ocrx_word' id='word_1_839' title='bbox 2028 4884 2233 4939; x_wconf 90' lang='lat' dir='ltr'><strong>ducens</strong></span> <span class='ocrx_word' id='word_1_840' title='bbox 2258 4897 2351 4939; x_wconf 87' lang='lat' dir='ltr'><strong>eos</strong></span> <span class='ocrx_word' id='word_1_841' title='bbox 2373 4884 2462 4953; x_wconf 91' lang='lat' dir='ltr'><strong>qui</strong></span> <span class='ocrx_word' id='word_1_842' title='bbox 2492 4899 2613 4939; x_wconf 86' lang='lat' dir='ltr'><strong>eam</strong></span> <span class='ocrx_word' id='word_1_843' title='bbox 2670 4884 2988 4955; x_wconf 89' lang='lat' dir='ltr'><strong>spiritaliter</strong></span> <span class='ocrx_word' id='word_1_844' title='bbox 3028 4881 3335 4951; x_wconf 85' lang='lat' dir='ltr'><strong>intelligunt</strong></span> <span class='ocrx_word' id='word_1_845' title='bbox 3382 4888 3436 4932; x_wconf 92' lang='lat' dir='ltr'><strong>et</strong></span> 
     </span>
    </p>
   </div>
   <div class='ocr_carea' id='block_1_109' title="bbox 1852 4969 3431 5046">
    <p class='ocr_par' dir='ltr' id='par_1_109' title="bbox 1852 4969 3431 5046">
     <span class='ocr_line' id='line_1_109' title="bbox 1852 4969 3431 5046; baseline -0.008 -14"><span class='ocrx_word' id='word_1_846' title='bbox 1852 4975 2144 5046; x_wconf 88' lang='lat' dir='ltr'><strong>complent.</strong></span> <span class='ocrx_word' id='word_1_847' title='bbox 2201 4972 2269 5028; x_wconf 77' lang='lat' dir='ltr'><strong>Et</strong></span> <span class='ocrx_word' id='word_1_848' title='bbox 2325 4974 2447 5029; x_wconf 89' lang='lat' dir='ltr'><strong>ideo</strong></span> <span class='ocrx_word' id='word_1_849' title='bbox 2476 4990 2581 5028; x_wconf 82' lang='lat' dir='ltr'><strong>non</strong></span> <span class='ocrx_word' id='word_1_850' title='bbox 2622 4990 2737 5027; x_wconf 86' lang='lat' dir='ltr'><strong>sum</strong></span> <span class='ocrx_word' id='word_1_851' title='bbox 2766 4974 2957 5028; x_wconf 85' lang='lat' dir='ltr'><strong>oblitus</strong></span> <span class='ocrx_word' id='word_1_852' title='bbox 3008 4985 3202 5027; x_wconf 89' lang='lat' dir='ltr'><strong>novam</strong></span> <span class='ocrx_word' id='word_1_853' title='bbox 3238 4969 3431 5037; x_wconf 83' lang='lat' dir='ltr'><strong>legem,</strong></span> 
     </span>
    </p>
   </div>
   <div class='ocr_carea' id='block_1_110' title="bbox 1855 5063 3435 5137">
    <p class='ocr_par' dir='ltr' id='par_1_110' title="bbox 1855 5063 3435 5137">
     <span class='ocr_line' id='line_1_110' title="bbox 1855 5063 3435 5137; baseline -0.006 -16"><span class='ocrx_word' id='word_1_854' title='bbox 1855 5068 1980 5137; x_wconf 79' lang='lat' dir='ltr'><strong>quia</strong></span> <span class='ocrx_word' id='word_1_855' title='bbox 2010 5068 2093 5122; x_wconf 69' lang='lat' dir='ltr'><strong>lea:</strong></span> <span class='ocrx_word' id='word_1_856' title='bbox 2119 5077 2211 5121; x_wconf 87' lang='lat' dir='ltr'><strong>tua</strong></span> <span class='ocrx_word' id='word_1_857' title='bbox 2250 5081 2384 5122; x_wconf 89' lang='lat' dir='ltr'><strong>nova</strong></span> <span class='ocrx_word' id='word_1_858' title='bbox 2426 5075 2509 5122; x_wconf 91' lang='lat' dir='ltr'><strong>est</strong></span> <span class='ocrx_word' id='word_1_859' title='bbox 2548 5068 2759 5132; x_wconf 71' lang='lat' dir='ltr'><strong>vetitas,</strong></span> <span class='ocrx_word' id='word_1_860' title='bbox 2791 5076 2849 5121; x_wconf 92' lang='lat' dir='ltr'><strong>ut</strong></span> <span class='ocrx_word' id='word_1_861' title='bbox 2882 5068 2935 5120; x_wconf 93' lang='lat' dir='ltr'><strong>in</strong></span> <span class='ocrx_word' id='word_1_862' title='bbox 2987 5063 3223 5119; x_wconf 88' lang='lat' dir='ltr'><strong>secundo</strong></span> <span class='ocrx_word' id='word_1_863' title='bbox 3276 5074 3435 5114; x_wconf 86' lang='lat' dir='ltr'><strong>versu</strong></span> 
     </span>
    </p>
   </div>
   <div class='ocr_carea' id='block_1_111' title="bbox 1856 5149 3430 5227">
    <p class='ocr_par' dir='ltr' id='par_1_111' title="bbox 1856 5149 3430 5227">
     <span class='ocr_line' id='line_1_111' title="bbox 1856 5149 3430 5227; baseline -0.008 -14"><span class='ocrx_word' id='word_1_864' title='bbox 1856 5157 2014 5227; x_wconf 87' lang='lat' dir='ltr'><strong>hujus</strong></span> <span class='ocrx_word' id='word_1_865' title='bbox 2035 5157 2285 5213; x_wconf 66' lang='lat' dir='ltr'><strong>clausulae</strong></span> <span class='ocrx_word' id='word_1_866' title='bbox 2312 5156 2514 5212; x_wconf 90' lang='lat' dir='ltr'><strong>dictum</strong></span> <span class='ocrx_word' id='word_1_867' title='bbox 2556 5166 2659 5211; x_wconf 89' lang='lat' dir='ltr'><strong>est.</strong></span> <span class='ocrx_word' id='word_1_868' title='bbox 2695 5155 2847 5212; x_wconf 83' lang='lat' dir='ltr'><strong>Unde</strong></span> <span class='ocrx_word' id='word_1_869' title='bbox 2876 5153 3115 5223; x_wconf 83' lang='lat' dir='ltr'><strong>Baptista</strong></span> <span class='ocrx_word' id='word_1_870' title='bbox 3142 5149 3377 5203; x_wconf 83' lang='lat' dir='ltr'><strong>Joannes</strong></span> <span class='ocrx_word' id='word_1_871' title='bbox 3416 5164 3430 5199; x_wconf 70' lang='grc' dir='ltr'>ς</span> 
     </span>
    </p>
   </div>
   <div class='ocr_carea' id='block_1_112' title="bbox 1853 5238 3432 5319">
    <p class='ocr_par' dir='ltr' id='par_1_112' title="bbox 1853 5238 3432 5319">
     <span class='ocr_line' id='line_1_112' title="bbox 1853 5238 3432 5319; baseline -0.004 -19"><span class='ocrx_word' id='word_1_872' title='bbox 1853 5267 1881 5309; x_wconf 69' lang='grc' dir='ltr'><strong>,ι</strong></span> <span class='ocrx_word' id='word_1_873' title='bbox 1921 5247 2026 5302; x_wconf 74' lang='lat' dir='ltr'><strong>Lex</strong></span> <span class='ocrx_word' id='word_1_874' title='bbox 2057 5262 2154 5318; x_wconf 88' lang='lat' dir='ltr'><strong>per</strong></span> <span class='ocrx_word' id='word_1_875' title='bbox 2182 5246 2395 5319; x_wconf 80' lang='lat' dir='ltr'><strong>Moysen</strong></span> <span class='ocrx_word' id='word_1_876' title='bbox 2426 5248 2549 5302; x_wconf 89' lang='lat' dir='ltr'><strong>data</strong></span> <span class='ocrx_word' id='word_1_877' title='bbox 2584 5258 2689 5312; x_wconf 91' lang='lat' dir='ltr'><strong>est,</strong></span> <span class='ocrx_word' id='word_1_878' title='bbox 2721 5248 2888 5317; x_wconf 84' lang='lat' dir='ltr'><strong>gratia</strong></span> <span class='ocrx_word' id='word_1_879' title='bbox 2922 5252 2976 5298; x_wconf 91' lang='lat' dir='ltr'><strong>et</strong></span> <span class='ocrx_word' id='word_1_880' title='bbox 3000 5242 3200 5297; x_wconf 91' lang='lat' dir='ltr'><strong>veritas</strong></span> <span class='ocrx_word' id='word_1_881' title='bbox 3226 5256 3321 5311; x_wconf 88' lang='lat' dir='ltr'><strong>per</strong></span> <span class='ocrx_word' id='word_1_882' title='bbox 3341 5238 3432 5295; x_wconf 83' lang='lat' dir='ltr'><strong>Je-</strong></span> 
     </span>
    </p>
   </div>
   <div class='ocr_carea' id='block_1_113' title="bbox 1860 5332 3431 5408">
    <p class='ocr_par' dir='ltr' id='par_1_113' title="bbox 1860 5332 3431 5408">
     <span class='ocr_line' id='line_1_113' title="bbox 1860 5332 3431 5408; baseline -0.008 -12"><span class='ocrx_word' id='word_1_883' title='bbox 1860 5356 1978 5396; x_wconf 90' lang='lat' dir='ltr'><strong>sum</strong></span> <span class='ocrx_word' id='word_1_884' title='bbox 2004 5339 2278 5396; x_wconf 88' lang='lat' dir='ltr'><strong>Christum</strong></span> <span class='ocrx_word' id='word_1_885' title='bbox 2338 5338 2479 5394; x_wconf 87' lang='lat' dir='ltr'><strong>facta</strong></span> <span class='ocrx_word' id='word_1_886' title='bbox 2507 5349 2589 5394; x_wconf 89' lang='lat' dir='ltr'><strong>est</strong></span> <span class='ocrx_word' id='word_1_887' title='bbox 2625 5338 2803 5408; x_wconf 86' lang='lat' dir='ltr'><strong>(Joan.</strong></span> <span class='ocrx_word' id='word_1_888' title='bbox 2835 5334 3017 5407; x_wconf 83' lang='lat' dir='ltr'><strong>t,‘l7).</strong></span> <span class='ocrx_word' id='word_1_889' title='bbox 3055 5354 3073 5387; x_wconf 73' lang='grc' dir='ltr'><strong>ι</strong></span> <span class='ocrx_word' id='word_1_890' title='bbox 3117 5332 3229 5389; x_wconf 84' lang='grc' dir='ltr'><strong>Νοη</strong></span> <span class='ocrx_word' id='word_1_891' title='bbox 3262 5332 3431 5389; x_wconf 91' lang='lat' dir='ltr'><strong>solum</strong></span> 
     </span>
    </p>
   </div>
   <div class='ocr_carea' id='block_1_114' title="bbox 1859 5424 3433 5499">
    <p class='ocr_par' dir='ltr' id='par_1_114' title="bbox 1859 5424 3433 5499">
     <span class='ocr_line' id='line_1_114' title="bbox 1859 5424 3433 5499; baseline -0.007 -15"><span class='ocrx_word' id='word_1_892' title='bbox 1859 5440 2037 5484; x_wconf 84' lang='lat' dir='ltr'><strong>autem</strong></span> <span class='ocrx_word' id='word_1_893' title='bbox 2061 5438 2381 5499; x_wconf 87' lang='lat' dir='ltr'><strong>contemptus</strong></span> <span class='ocrx_word' id='word_1_894' title='bbox 2424 5442 2541 5482; x_wconf 88' lang='lat' dir='ltr'><strong>sum</strong></span> <span class='ocrx_word' id='word_1_895' title='bbox 2593 5428 2661 5481; x_wconf 89' lang='lat' dir='ltr'><strong>ab</strong></span> <span class='ocrx_word' id='word_1_896' title='bbox 2709 5424 2943 5480; x_wconf 90' lang='lat' dir='ltr'><strong>inimicis</strong></span> <span class='ocrx_word' id='word_1_897' title='bbox 2976 5465 2991 5491; x_wconf 95' lang='lat'><strong>,</strong></span> <span class='ocrx_word' id='word_1_898' title='bbox 3024 5424 3119 5479; x_wconf 88' lang='lat' dir='ltr'><strong>sed</strong></span> <span class='ocrx_word' id='word_1_899' title='bbox 3165 5427 3328 5479; x_wconf 86' lang='lat' dir='ltr'><strong>etiam</strong></span> <span class='ocrx_word' id='word_1_900' title='bbox 3380 5432 3433 5475; x_wconf 89' lang='lat' dir='ltr'><strong>ut</strong></span> 
     </span>
    </p>
   </div>
   <div class='ocr_carea' id='block_1_115' title="bbox 1861 5516 3433 5585">
    <p class='ocr_par' dir='ltr' id='par_1_115' title="bbox 1861 5516 3433 5585">
     <span class='ocr_line' id='line_1_115' title="bbox 1861 5516 3433 5585; baseline -0.008 -8"><span class='ocrx_word' id='word_1_901' title='bbox 1861 5524 2111 5577; x_wconf 88' lang='lat' dir='ltr'><strong>mandata</strong></span> <span class='ocrx_word' id='word_1_902' title='bbox 2154 5531 2241 5575; x_wconf 91' lang='lat' dir='ltr'><strong>tua</strong></span> <span class='ocrx_word' id='word_1_903' title='bbox 2273 5521 2645 5583; x_wconf 89' lang='lat' dir='ltr'><strong>ohliviscercr,</strong></span> <span class='ocrx_word' id='word_1_904' title='bbox 2702 5516 2970 5571; x_wconf 85' lang='lat' dir='ltr'><strong>tribulatio</strong></span> <span class='ocrx_word' id='word_1_905' title='bbox 3022 5517 3076 5571; x_wconf 92' lang='lat' dir='ltr'><strong>in</strong></span> <span class='ocrx_word' id='word_1_906' title='bbox 3107 5528 3334 5585; x_wconf 90' lang='lat' dir='ltr'><strong>corpore</strong></span> <span class='ocrx_word' id='word_1_907' title='bbox 3370 5528 3433 5566; x_wconf 83' lang='lat' dir='ltr'><strong>cx</strong></span> 
     </span>
    </p>
   </div>
   <div class='ocr_carea' id='block_1_116' title="bbox 1862 5604 3431 5684">
    <p class='ocr_par' dir='ltr' id='par_1_116' title="bbox 1862 5604 3431 5684">
     <span class='ocr_line' id='line_1_116' title="bbox 1862 5604 3431 5684; baseline -0.006 -19"><span class='ocrx_word' id='word_1_908' title='bbox 1862 5612 2349 5684; x_wconf 73' lang='lat' dir='ltr'><strong>pm&#39;secntiouihus,</strong></span> <span class='ocrx_word' id='word_1_909' title='bbox 2404 5607 2742 5679; x_wconf 80' lang='lat' dir='ltr'><strong>et.angus!ia</strong></span> <span class='ocrx_word' id='word_1_910' title='bbox 2790 5608 2843 5661; x_wconf 91' lang='lat' dir='ltr'><strong>in</strong></span> <span class='ocrx_word' id='word_1_911' title='bbox 2903 5607 3083 5661; x_wconf 90' lang='lat' dir='ltr'><strong>anima</strong></span> <span class='ocrx_word' id='word_1_912' title='bbox 3125 5607 3192 5660; x_wconf 88' lang='lat' dir='ltr'><strong>ab</strong></span> <span class='ocrx_word' id='word_1_913' title='bbox 3230 5604 3431 5660; x_wconf 89' lang='lat' dir='ltr'><strong>eisdem</strong></span> 
     </span>
    </p>
   </div>
   <div class='ocr_carea' id='block_1_117' title="bbox 1864 5695 3439 5766">
    <p class='ocr_par' dir='ltr' id='par_1_117' title="bbox 1864 5695 3439 5766">
     <span class='ocr_line' id='line_1_117' title="bbox 1864 5695 3439 5766; baseline -0.006 -9"><span class='ocrx_word' id='word_1_914' title='bbox 1864 5703 2100 5757; x_wconf 84' lang='lat' dir='ltr'><strong>inimicis</strong></span> <span class='ocrx_word' id='word_1_915' title='bbox 2137 5702 2294 5754; x_wconf 72' lang='lat' dir='ltr'><strong>illatte</strong></span> <span class='ocrx_word' id='word_1_916' title='bbox 2322 5702 2625 5753; x_wconf 78' lang='lat' dir='ltr'><strong>invenerunt</strong></span> <span class='ocrx_word' id='word_1_917' title='bbox 2670 5716 2767 5766; x_wconf 89' lang='lat' dir='ltr'><strong>me,</strong></span> <span class='ocrx_word' id='word_1_918' title='bbox 2833 5700 2910 5754; x_wconf 90' lang='lat' dir='ltr'><strong>sic</strong></span> <span class='ocrx_word' id='word_1_919' title='bbox 2966 5707 3024 5753; x_wconf 91' lang='lat' dir='ltr'><strong>ut</strong></span> <span class='ocrx_word' id='word_1_920' title='bbox 3062 5695 3223 5751; x_wconf 91' lang='lat' dir='ltr'><strong>nimis</strong></span> <span class='ocrx_word' id='word_1_921' title='bbox 3246 5695 3439 5766; x_wconf 71' lang='lat' dir='ltr'><strong>aﬂlige~</strong></span> 
     </span>
    </p>
   </div>
   <div class='ocr_carea' id='block_1_118' title="bbox 1867 5788 3439 5855">
    <p class='ocr_par' dir='ltr' id='par_1_118' title="bbox 1867 5788 3439 5855">
     <span class='ocr_line' id='line_1_118' title="bbox 1867 5788 3439 5855; baseline -0.004 -6"><span class='ocrx_word' id='word_1_922' title='bbox 1867 5805 2010 5851; x_wconf 74' lang='lat' dir='ltr'><strong>rent&#39;</strong></span> <span class='ocrx_word' id='word_1_923' title='bbox 2040 5803 2091 5849; x_wconf 91' lang='lat' dir='ltr'><strong>ct</strong></span> <span class='ocrx_word' id='word_1_924' title='bbox 2128 5803 2303 5847; x_wconf 82' lang='lat' dir='ltr'><strong>tamen</strong></span> <span class='ocrx_word' id='word_1_925' title='bbox 2344 5791 2610 5847; x_wconf 84' lang='lat' dir='ltr'><strong>meditatio</strong></span> <span class='ocrx_word' id='word_1_926' title='bbox 2660 5809 2770 5847; x_wconf 88' lang='lat' dir='ltr'><strong>mea</strong></span> <span class='ocrx_word' id='word_1_927' title='bbox 2811 5802 2882 5846; x_wconf 86' lang='lat' dir='ltr'><strong>est</strong></span> <span class='ocrx_word' id='word_1_928' title='bbox 2933 5789 3181 5846; x_wconf 84' lang='lat' dir='ltr'><strong>mandata</strong></span> <span class='ocrx_word' id='word_1_929' title='bbox 3230 5797 3347 5855; x_wconf 87' lang='lat' dir='ltr'><strong>tua,</strong></span> <span class='ocrx_word' id='word_1_930' title='bbox 3385 5788 3439 5843; x_wconf 87' lang='lat' dir='ltr'><strong>id</strong></span> 
     </span>
    </p>
   </div>
  </div>
