3978 6328
576 412 714 466 13οῈ

1134 400 1191 457 S.
1236 399 1579 461 BHE-N0le
1614 401 1697 455 CA
1710 400 1843 455 ll'l'll
1857 398 2172 456 USIA‘NORI

2301 401 2785 462 INSTITUTORIS
2825 364 2977 493 ore.
3019 406 3195 463 rans
3226 408 3264 464 ι.

3675 417 3775 472 13οὗ

580 524 799 580 assidue
849 519 1078 574 meditor
1106 526 1161 569 ιιι
1192 516 1491 584 intelligam
1558 525 1614 570 et
1660 516 1958 584 compleam
2018 517 2154 570 utri-
2187 522 2229 576 Α
2265 518 2475 588 Repetit
2534 533 2713 576 autem
2745 522 2887 591 quod
2933 522 3088 585 dixit,
3113 523 3355 589 clamavi,
3410 529 3635 582 ιιιτυωηι
3684 534 3776 587 sic:

576 632 747 683 usque
771 612 905 683 legis
929 610 1205 664 mandata.
1235 608 1394 661 Aliud
1413 618 1595 661 autem
1622 617 1705 661 est
1751 623 1857 660 non
1887 606 2155 679 oblivisci,

575 718 626 761 ιιι
652 705 794 760 aliud
826 701 1101 763 meditari,
1133 699 1257 753 licet
1304 714 1465 751 unum
1494 698 1828 765 intelligatur
1861 714 1929 751 cx
1963 697 2155 753 altero.

575 800 708 850 (tum
738 796 870 849 dicit
897 796 1194 847 inveneram
1247 806 1350 852 me,
1414 797 1565 842 notat
1626 803 1684 842 se
1708 797 2045 843 constantem
2106 797 2160 844 et

578 889 828 941 idoneum
859 884 1043 945 fuisse,
1074 881 1162 947 qui
1222 878 1597 932 tribulationes
1642 888 1692 932 et
1719 881 1998 949 angustias
2033 879 2160 934 viri-

578 979 702 1032 liter
735 972 1138 1031 toleraret.Non
1161 970 1304 1025 enim
1337 987 1365 1023 a
1394 970 1833 1025 tribulationibus
1864 972 2159 1038 invenitur,

576 1070 667 1138 qui
703 1070 899 1124 timore
948 1067 1204 1123 deﬁciens
1252 1067 1399 1135 ipsas
1440 1067 1551 1136 pati
1581 1065 1715 1136 fugit
1745 1082 1775 1120 a
1807 1068 2160 1125 similitudine

578 1163 767 1218 militis
799 1162 1008 1225 inertis,
1040 1160 1155 1231 qui,
1197 1174 1317 1213 eum
1366 1159 1561 1213 debeat
1600 1158 1840 1228 incipere
1892 1160 2158 1230 prmlium,

580 1256 737 1325 fugit,
773 1264 825 1310 et
854 1256 933 1309 sic
962 1254 1029 1307 ab
1066 1252 1302 1307 inimic's
1358 1268 1462 1306 non
1510 1251 1804 1307 invenitur.
1858 1252 1984 1308 Ideo
2030 1270 2160 1309 vero

573 1330 688 1417 j‘ugi
715 1365 775 1402 er
798 1347 1029 1402 meditor
1054 1346 1336 1414 utriusque
1390 1344 1523 1414 legis
1580 1344 1830 1397 mandata
1862 1345 1984 1413 quia
2013 1346 2159 1399 testi-

577 1440 755 1494 nom‘a
812 1450 903 1494 tua
948 1440 1230 1508 utriusque
1278 1438 1440 1507 legis,
1491 1437 1747 1490 ducentia
1804 1440 2164 1509 eompletores

578 1551 706 1589 suos
729 1536 783 1591 in
817 1550 1092 1601 retentum,
1127 1539 1344 1605 a’quitas
1367 1548 1511 1607 sunt,
1536 1557 1634 1610 per
1654 1540 1977 1611 emphasim,
2006 1539 2056 1594 id
2081 1547 2163 1594 est

577 1628 891 1698 aequissima
930 1638 1076 1692 sunt,
1104 1630 1178 1684 nil
1220 1632 1587 1701 prmeipientia
1632 1635 1735 1689 nisi
1768 1634 1909 1706 quml
1949 1649 2161 1702 a‘qnum

577 1728 681 1774 est.
716 1717 830 1776 Hoc
853 1729 1033 1775 autem
1066 1723 1208 1791 quod
1237 1723 1325 1776 hic
1356 1724 1719 1794 dicita’quilas
1750 1725 2044 1780 testimonia
2072 1735 2162 1778 tua

579 1812 667 1867 ide
690 1828 720 1864 η
749 1822 834 1869 est
855 1816 996 1882 quod
1023 1817 1275 1883 superius
1311 1817 1467 1884 dixit,
1490 1820 1703 1889 justitia
1732 1832 1843 1883 tua,
1864 1819 2077 1889 justitia
2110 1819 2162 1872 in

578 1916 831 1960 (sternam
869 1917 917 1959 et
953 1905 1038 1960 lea:
1066 1918 1156 1961 tua
1193 1910 1380 1963 reritas
1405 1928 1423 1975 ;
1452 1912 1544 1965 scd
1592 1913 1658 1965 ad
1700 1911 1842 1965 aliud
1904 1912 2160 1980 positum,

580 1999 647 2052 ad
676 1998 779 2053 hoc
810 1999 1021 2054 scilicet
1041 2000 1183 2070 quod
1209 2001 1347 2056 dixit
1370 2004 1620 2058 mandata
1645 2015 1734 2058 tua
1762 2004 2032 2057 meditatio
2050 2019 2164 2058 mea

579 2098 677 2142 est.
711 2089 987 2161 Equites,
1015 2091 1270 2163 inquam,
1313 2094 1611 2148 testimonia
1664 2105 1775 2148 tua.
1831 2094 1955 2150 [leo
2002 2094 2167 2159 igitur

580 2193 702 2241 oro,
739 2179 985 2248 Domine,
1016 2183 1187 2253 magis
1221 2194 1274 2238 et
1307 2185 1479 2255 magis
1518 2184 1569 2238 in
1624 2185 1709 2240 his
1738 2186 1806 2239 da
1848 2185 1977 2238 mihi
2009 2184 2165 2238 intel-

581 2272 771 2331 lectum
798 2271 1172 2341 spiritualem;
1202 2285 1247 2327 et
1278 2275 1354 2327 sic
1386 2277 1549 2329 vivam
1578 2276 1629 2329 in
1674 2276 2034 2346 completione
2069 2275 2166 2330 bo-

583 2378 724 2423 rmn,
754 2363 963 2418 scilicet
983 2379 1043 2417 ea
1079 2366 1379 2434 complebo,
1406 2369 1548 2426 quod
1582 2369 1711 2421 mihi
1740 2369 1845 2421 erit
1884 2368 2013 2421 vita.

655 2451 818 2526 504
875 2453 1017 2510 Corn
1064 2456 1453 2525 interpretatur
1511 2458 1775 2511 conclusio
1830 2458 1918 2511 vel
1973 2460 2164 2528 aspice.

583 2544 982 2601 Coavenienter
1004 2563 1133 2615 ergo
1180 2548 1321 2617 Capti
1379 2549 1505 2602 huic
1550 2548 1864 2602 inscribitur
1919 2549 2170 2603 clausulte

587 2636 704 2699 toti,
742 2636 793 2691 in
834 2652 938 2707 qua
974 2638 1210 2693 fidelium
1264 2656 1461 2706 massa,
1489 2656 1609 2709 quae
1633 2642 1699 2695 ab
1723 2640 1957 2694 inimicis
1989 2657 2170 2710 perse-

583 2728 855 2784 cutionem
882 2730 1107 2799 patitur,
1138 2740 1195 2784 et
1229 2740 1432 2787 tantam
1464 2742 1520 2784 nt
1553 2748 1617 2785 ex
1668 2742 1781 2785 toto
1827 2731 2079 2784 conclusa
2106 2733 2170 2785 ab

582 2822 662 2876 cis
690 2822 977 2878 videatur:
1008 2839 1037 2877 a
1092 2824 1450 2878 similitudine
1482 2823 1623 2878 illius
1674 2824 1788 2892 qui,
1826 2823 1892 2876 ab
1928 2824 2172 2877 hostibus

583 2912 873 2969 conclusus
908 2922 964 2970 et
1009 2914 1475 2979 circumvallatos,
1535 2930 1640 2968 non
1688 2924 1868 2985 potest
1912 2912 2168 2982 ell‘ugere,

585 3005 827 3059 ostendit
852 3020 911 3061 se
940 3006 1004 3059 ad
1031 3004 1318 3060 Dominum
1345 3006 1614 3060 clamasse
1636 3015 1690 3057 ut
1722 3020 1782 3059 se
1807 3004 2088 3058 exaudiret
2121 3014 2174 3058 ct

588 3096 790 3151 faceret
838 3096 1259 3165 iustificationes
1318 3097 1435 3166 ejus
1480 3098 1760 3166 requirere
1811 3107 1865 3150 et
1921 3097 2170 3150 manda‘a

2259 609 2513 679 Clamavi,
2548 613 2786 683 inquam,
2819 614 2889 666 ad
2916 624 2964 666 te
2996 614 3312 683 respiciens,
3362 618 3452 685 qni
3502 630 3638 687 potes
3660 626 3782 678 etiis

2259 704 2519 758 exaudire
2555 719 2746 758 onmes
2781 706 2940 773 digne
2965 704 3263 759 clamantes
3291 706 3359 761 ad
3389 718 3457 761 te.
3490 711 3561 763 Ac
3588 710 3626 763 si
3647 713 3780 766 dicat:

2262 793 2392 846 Cum
2437 806 2487 849 te
2527 796 2592 849 ad
2624 796 2727 850 hoc
2772 804 3047 865 potentem
3089 806 3145 851 et
3190 797 3457 852 volentem
3498 800 3783 868 inspicerem,

2261 888 2398 941 bona
2432 890 2757 944 confidentia
2795 890 2867 944 ad
2916 901 2965 945 te
2992 891 3234 957 clamaui,
3262 893 3450 948 dicens
3477 914 3489 947 :
3522 893 3705 949 Sulcum
3728 916 3789 951 me

2261 981 2367 1049 fac,
2398 981 2643 1047 Domine,
2673 983 2741 1037 ab
2768 983 3025 1048 inimicis,
3056 999 3131 1039 ne
3170 985 3250 1040 eis
3287 985 3589 1041 conformer
3610 1005 3623 1052 ;
3648 999 3694 1041 et
3730 991 3790 1044 sic

2260 1075 2462 1129 salvum
2494 1093 2574 1131 me
2607 1077 2716 1146 fac,
2750 1087 2805 1131 ut
2844 1080 3135 1133 custodiam
3190 1082 3444 1135 "laudata
3479 1092 3583 1147 tua,
3610 1100 3723 1136 nova
3750 1096 3791 1138 et

2262 1176 2466 1222 vetera.
2491 1167 2569 1221 Ae
2594 1168 2637 1223 si
2660 1169 2800 1223 dicat
2835 1186 2849 1221 :
2892 1168 3100 1226 Inimici
3144 1172 3247 1226 mei
3301 1188 3389 1225 me
3441 1172 3683 1228 devocare
3724 1174 3787 1227 in~

2265 1257 2490 1311 tendunt
2516 1273 2544 1311 a
2569 1260 2813 1314 custodia
2865 1261 3243 1316 mandatorum
3284 1252 3521 1325 tuorum,
3546 1265 3629 1317 sed
3663 1273 3707 1317 tu
3728 1283 3793 1319 me

2266 1346 2350 1401 fac
2378 1361 2437 1400 ea
2463 1348 2761 1415 custodire,
2800 1349 2851 1403 id
2890 1360 2973 1404 est
3001 1366 3166 1420 opere
3197 1352 3496 1424 complere,
3523 1370 3631 1423 qua:
3653 1367 3791 1409 custo-

2263 1439 2349 1492 dia
2384 1441 2514 1493 mibi
2540 1442 2642 1494 erit
2667 1441 2832 1496 salus.
2889 1442 3180 1511 Etjnstnm
3205 1455 3288 1499 est
3337 1455 3393 1499 nt
3426 1463 3508 1501 me
3536 1448 3794 1502 salvutnia—

2264 1531 2397 1592 cias,
2427 1541 2481 1586 et
2505 1533 2763 1587 exaudias
2795 1546 3016 1603 propter
3066 1537 3180 1591 hinc
3213 1538 3408 1591 merita
3437 1554 3571 1602 inea,
3597 1541 3701 1608 quia
3720 1556 3797 1611 ego

2266 1621 2440 1676 adhuc
2467 1622 2674 1691 positus
2704 1624 2759 1676 in
2805 1626 3201 1691 immaturitate,
3259 1628 3312 1682 id
3367 1629 3524 1683 estin
3556 1629 3793 1683 humatum

2266 1720 2444 1775 celate,
2478 1712 2684 1767 scilicet
2715 1714 2765 1767 in
2789 1713 3102 1783 juventute,
3129 1732 3250 1785 qum
3265 1726 3349 1771 est
3383 1727 3512 1771 artas
3540 1718 3797 1785 immatura,

2269 1803 2483 1857 fervens
2524 1813 2579 1858 et
2608 1820 2774 1873 prona
2818 1804 2886 1859 ad
2921 1806 3102 1860 omnia
3147 1806 3273 1861 vitia
3321 1808 3495 1877 magis
3554 1824 3695 1877 quam
3736 1827 3798 1863 se-

2270 1907 2457 1951 uectus
2481 1899 2706 1967 prarveni
2751 1898 2801 1951 in
2855 1898 3011 1953 bonis
3054 1901 3329 1968 operibus,
3368 1901 3420 1955 id
3464 1912 3544 1956 est
3586 1905 3798 1957 anteveni

2266 1999 2495 2045 caeteros
2525 1990 2741 2055 ﬁdeles;
2776 1992 2871 2061 qui
2921 1991 3136 2046 tandem
3173 1993 3225 2046 in
3258 2000 3560 2060 senectute,
3590 2011 3691 2065 qnze
3718 2012 3801 2048 ma-

2271 2091 2386 2137 tura
2409 2092 2541 2136 aetas
2569 2090 2972 2150 est,cmperunt
3003 2081 3142 2136 bene
3190 2084 3430 2154 operari.
3483 2085 3560 2139 Ac
3580 2088 3619 2141 si
3640 2086 3792 2141 dicat:

2271 2174 2499 2240 Dignum
2521 2181 2605 2228 est
2632 2184 2689 2226 nt
2720 2173 2842 2227 ideo
2882 2188 2969 2228 me
2996 2174 3255 2229 exandias
3303 2185 3364 2229 et
3404 2175 3799 2236 salvumyfacias.

2269 2267 2523 2333 quoniam
2556 2282 2585 2318 ει
2622 2265 2907 2334 juventnte
2949 2266 3087 2335 εωρί
3131 2266 3269 2320 bene
3316 2268 3529 2336 operari
3573 2276 3622 2321 et
3667 2269 3803 2337 magis

2270 2366 2528 2424 Operalus
2572 2371 2690 2410 sum
2740 2370 2902 2424 quam
2958 2357 3108 2426 quia
3171 2366 3456 2412 senectute
3496 2358 3799 2427 incmpenmt.

2274 2448 2482 2501 Matura
2513 2457 2644 2501 tetas
2676 2456 2929 2500 senectus
2977 2446 3199 2510 dicitur,
3230 2462 3295 2501 eo
3333 2449 3478 2517 quod
3506 2448 3555 2501 in
3576 2458 3805 2503 senectute

2270 2558 2333 2597 ex
2362 2552 2554 2596 natura
2586 2540 2912 2595 maturiores
2950 2556 3132 2595 mores
3161 2542 3416 2595 homines
3465 2542 3691 2596 habeant.
3728 2542 3805 2595 lui-

2273 2646 2483 2688 tnatnra
2515 2646 2645 2687 vero
2672 2643 2807 2687 anas
2846 2633 3051 2686 dicitur
3088 2631 3374 2701 juventus,
3418 2648 3484 2687 eo
3535 2633 3661 2702 quod
3701 2632 3804 2697 iniu-

2272 2735 2495 2780 ventute
2516 2724 2798 2796 contingat
2823 2740 2887 2778 ex
2916 2734 3108 2778 natura
3162 2739 3345 2778 mores
3370 2724 3566 2779 habere
3602 2724 3802 2777 immatu-

2273 2819 2461 2872 riorcs.
2500 2815 2757 2883 Prceveni,
2791 2818 3034 2886 inquam,
3074 2814 3207 2870 alios
3240 2815 3291 2869 in
3321 2816 3480 2870 bonis
3520 2814 3741 2885 operibus
3766 2812 3803 2864 in

2276 2906 2666 2960 immaturitate
2693 2905 2903 2975 positus
2953 2915 3000 2958 et
3061 2914 3188 2958 tunc
3215 2906 3269 2957 in
3330 2906 3445 2975 ipsa
3490 2902 3809 2957 immaturitate

2276 2996 2497 3051 clamavi
2536 2998 2745 3051 intensa
2791 2996 3101 3057 devotione,
3164 2996 3214 3049 in
3263 3012 3374 3065 qua
3432 2997 3581 3065 pauci
3623 2996 3809 3049 clamare

2275 3090 2470 3144 solent.
2501 3088 2647 3143 Istud
2673 3090 2896 3142 clamavi
2928 3088 3344 3158 intelligendum
3375 3098 3461 3143 est
3482 3088 3636 3141 fuisse
3664 3087 3707 3138 in
3730 3084 3809 3137 alia

500 3186 503 3189 ’
586 3188 882 3253 custodire,
906 3188 1153 3243 addendo
1181 3190 1374 3242 merita
1428 3198 1483 3244 et
1540 3187 1942 3251 necessitatem,
2001 3203 2171 3256 quare
2202 3210 2241 3265 ρ
2281 3193 2521 3251 tempore
2538 3196 2699 3250 quam
2729 3180 2871 3232 aliud
2918 3179 3138 3233 clamavi
3169 3182 3314 3248 quod
3380 3181 3609 3248 positum
3654 3176 3730 3229 fuit
3769 3178 3808 3226 in

587 3295 620 3349 ιι
647 3279 731 3333 to:l
762 3281 942 3335 oravit
975 3281 1312 3348 impetraret.
1340 3279 1491 3347 Quod
1547 3295 1607 3335 ea
1649 3280 1952 3334 intentione
2006 3280 2172 3333 refert

592 3382 651 3423 nt
682 3371 962 3426 auditores
990 3372 1242 3433 instruat,
1299 3379 1567 3440 quatenus
1604 3370 1648 3423 si
1690 3369 1985 3438 aliquando
2016 3369 2171 3423 simi—

593 3459 697 3514 letn
725 3461 1128 3516 conclusionem
1170 3461 1315 3529 passi
1372 3460 1593 3523 iuerint,
1621 3460 1684 3512 ad
1710 3459 1994 3513 Dominum
2024 3460 2176 3513 sitni-

592 3551 992 3617 literclatnent,
1021 3567 1088 3606 ne
1117 3552 1185 3606 ab
1243 3552 1375 3623 ipsis
1425 3560 1765 3621 separentur.
1817 3550 1968 3619 Quod
2017 3551 2174 3620 plane

510 3710 513 3713 _
593 3642 855 3705 innuitur,
912 3658 974 3697 ex
1020 3644 1068 3698 vi
1136 3645 1294 3713 huius
1347 3643 1857 3713 interpretationis,
1917 3658 2039 3712 qme
2093 3652 2176 3696 est

592 3731 785 3798 ηιιςιίεε,
815 3747 878 3785 ac
905 3733 948 3786 si
978 3744 1226 3802 patenter
1257 3735 1403 3788 dicat
1435 3752 1449 3788 :
1475 3733 1609 3788 Cum
1640 3750 1739 3804 ego
1758 3750 1864 3798 me,
1900 3734 1969 3787 ab
2000 3734 2174 3788 hosti-

593 3827 693 3879 bns
715 3827 1051 3890 conclusum,
1083 3829 1309 3883 referam
1333 3830 1397 3883 ad
1433 3830 1715 3884 Domimnn
1749 3830 2038 3893 clamasse.
2073 3832 2175 3887 hoc

594 3920 661 3974 al
696 3921 770 3975 tui
798 3920 1208 3999 instructionem
1264 3922 1426 3986 facio,
1483 3926 1716 3983 auditor.
1774 3926 2082 3996 quicunque
2117 3940 2176 3979 es

593 4015 663 4069 ab
696 4014 928 4069 inimicis
958 4013 1376 4069 conclttdemlus.
1405 4015 1537 4070 Cum
1587 4032 1717 4085 ergo
1769 4019 1850 4072 sic
1889 4017 2177 4071 conclusus

594 4116 775 4176 perte
808 4106 1120 4178 nequiveris
1171 4104 1431 4176 effugere,
1482 4108 1665 4178 aspice
1712 4109 1777 4160 ad
1826 4108 1916 4161 Dei
1966 4107 2182 4161 miseri-

596 4184 957 4262 cordiam,ct
1014 4198 1207 4260 clama,
1245 4207 1299 4251 et
1348 4198 1427 4253 sic
1476 4198 1710 4252 evades:
1766 4212 1794 4250 a
1829 4196 2179 4250 similitudine

596 4305 627 4342 c
664 4288 822 4358 ptivi,
845 4288 934 4358 qui
967 4288 1034 4342 ab
1065 4288 1311 4343 hostibus
1337 4288 1648 4351 conclusus,
1703 4288 1850 4343 cives
1874 4302 2001 4341 suos
2031 4288 2178 4357 aspi-

520 4424 525 4429 .
596 4382 691 4446 cit,
718 4380 800 4436 vel
831 4381 1116 4435 Dominum
1150 4397 1330 4448 suum,
1374 4391 1426 4436 et
1460 4382 1523 4434 ad
1574 4396 1669 4436 eos
1710 4380 1935 4436 clamat.
1974 4389 2178 4434 utequ

596 4474 848 4541 eripiant.

2274 3271 2540 3341 principio
2563 3271 2776 3341 psalmi.
2808 3270 2948 3322 Istud
2977 3270 3122 3323 enim
3159 3270 3569 3341 intelligendum
3593 3279 3665 3322 est
3685 3266 3810 3319 fuisse

2278 3365 2328 3417 in
2356 3363 2673 3433 jurentute;
2723 3363 2852 3415 illud
2878 3376 3004 3413 vero
3030 3371 3318 3434 postquam
3363 3362 3646 3433 perfectior
3667 3360 3749 3413 fuit
3771 3359 3809 3409 in

2275 3456 2586 3509 sanctitate.

2348 3544 2607 3609 Prcereni,
2660 3545 2921 3614 inquam,
2957 3545 3094 3597 alios
3138 3543 3277 3596 bene
3321 3540 3594 3612 operando
3631 3548 3680 3593 et
3728 3538 3813 3590 iens

2276 3642 2329 3693 in
2375 3637 2525 3692 verba
2580 3647 2691 3698 tua,
2752 3637 2802 3689 id
2833 3644 2915 3689 est
2962 3636 3013 3688 in
3071 3642 3336 3702 przeccpta
3381 3642 3516 3694 tua;
3564 3633 3686 3684 bene
3714 3640 3812 3693 apro

2279 3733 2446 3787 ramlo
2493 3729 2891 3801 supersum-avi,
2968 3728 3019 3780 id
3069 3735 3153 3780 est
3213 3725 3387 3794 magis
3455 3734 3509 3778 et
3578 3721 3723 3790 magis
3765 3718 3814 3767 de

2278 3826 2364 3880 die
2424 3826 2477 3879 in
2539 3824 2679 3879 diem
2730 3822 2941 3893 speravi
3004 3818 3553 3878 remunerationem,
3620 3808 3816 3864 addendo

2278 3932 2425 3989 spem
2483 3915 2617 3985 spei.
2669 3913 2784 3968 Non
2834 3912 3007 3969 solum
3066 3917 3243 3962 autem
3293 3906 3436 3959 alios
3500 3900 3702 3973 precarii
3748 3897 3814 3993 Ile:

2280 4027 2346 4063 ne
2379 4006 2652 4075 operando
2680 4005 2735 4058 in
2765 4002 3171 4067 immaturitate,
3220 3999 3313 4051 sed
3340 3998 3510 4050 etiam
3563 3991 3686 4046 oculi
3737 3991 3813 4037 met

2282 4099 2586 4162 interiores,
2637 4096 2688 4149 id
2719 4103 2804 4149 est
2828 4092 3142 4147 alfectioncs
3203 4106 3334 4144 mea:
3392 4090 3458 4142 azl
3493 4096 3540 4140 te
3574 4079 3815 4151 respicien-

2284 4201 2362 4245 tes
2390 4200 2442 4244 et
2471 4190 2689 4244 directa:
2726 4188 2777 4241 in
2802 4185 3058 4246 diluculo,
3088 4184 3139 4238 id
3179 4192 3261 4238 est
3312 4182 3367 4235 in
3409 4194 3613 4235 snnnuo
3668 4184 3810 4229 unum.

2283 4282 2440 4352 505
2469 4292 2520 4334 ut
2547 4281 2828 4333 meditarer
2852 4278 3058 4347 eloquia
3087 4285 3201 4336 tua,
3226 4274 3276 4326 id
3300 4284 3383 4327 est
3435 4275 3682 4341 praecepta
3730 4273 3813 4319 ιηιι.

2281 4379 2636 4441 prcerenerunt
2671 4366 2987 4421 all‘ectiones
3025 4365 3281 4418 aliorum.
3322 4362 3479 4429 Quod
3516 4367 3597 4413 est
3638 4352 3815 4406 dicere:

2286 4461 2530 4517 l’rzeveni
2561 4461 2697 4514 alios
2726 4460 2780 4514 in
2811 4458 3161 4513 meditatione
3183 4465 3573 4525 prmccplnrum
3629 4459 3818 4501 tuorum.

672 4539 907 4618 Clamari
935 4565 986 4618 in
1012 4574 1117 4618 toto
1146 4565 1322 4628 corde,
1353 4572 1460 4617 etc.
1490 4560 1642 4630 Quod
1684 4565 1758 4617 ila
1806 4562 2183 4632 superioribus
2217 4554 2259 4608 Ι)
2288 4553 2589 4625 incipiendo
2631 4566 2887 4608 asummo
2920 4564 3101 4612 mane.
3131 4562 3253 4602 Cum
3279 4545 3465 4600 (τενῑθτί
3512 4539 3725 4595 “imm”

600 4654 906 4723 a‘laptatur.
951 4655 1069 4709 Dixi
1104 4655 1354 4722 superius
1405 4656 1548 4725 quod
1605 4654 1732 4709 licet
1757 4654 1952 4707 fuerim
1983 4655 2049 4707 ab
2081 4652 2188 4707 ini-

599 4746 754 4802 micis
779 4756 1117 4815 contempfus.
1142 4747 1749 4816 tamen.juatiﬁcatioues
1802 4756 1918 4798 tuas
1945 4761 2046 4798 non
2072 4762 2187 4799 sunt

599 4837 832 4900 oblitus;
858 4844 907 4888 et
939 4835 1061 4889 licet
1087 4838 1359 4891 tribulatio
1393 4848 1439 4890 cl
1468 4839 1710 4905 angustia
1748 4838 2053 4891 invenerint
2086 4854 2187 4899 me,

602 4939 781 4984 tamen
816 4925 1111 4980 testimonia
1146 4937 1257 4990 tua,
1289 4929 1559 4982 meditatio
1583 4944 1697 4982 utea
1744 4938 1841 4983 eit.
1875 4927 1985 4982 lluc
2007 4937 2186 4980 autem

603 5019 727 5073 inde
758 5016 988 5087 contigit
1029 5018 1171 5084 quod
1199 5034 1300 5069 non
1331 5033 1445 5069 sum
1468 5018 1681 5078 oblitus,
1705 5026 1760 5071 et
1795 5033 1914 5070 sum
1964 5017 2191 5070 medita-

603 5122 712 5176 tus,
741 5110 893 5179 quia,
926 5123 1052 5164 cum
1081 5106 1150 5160 ab
1181 5106 1351 5161 inimii
1372 5108 1416 5162 is
1459 5123 1630 5163 essem
1679 5110 1967 5165 conclusus
1996 5119 2049 5161 et
2085 5108 2190 5162 cir-

603 5201 907 5265 cumdatus,
930 5198 1174 5263 clamavi,
1215 5196 1266 5250 id
1297 5206 1379 5250 est
1410 5193 1647 5251 clamore
1677 5198 1891 5253 intonso
1936 5198 2046 5267 egi,
2084 5212 2187 5251 non

604 5290 828 5347 remisse
864 5302 951 5343 me
1005 5289 1190 5343 tribui.
1242 5288 1309 5343 Et
1356 5302 1461 5341 non
1509 5287 1627 5340 dico
1657 5303 1744 5341 me
1800 5289 2042 5343 exterius
2081 5286 2192 5339 cla-

604 5398 803 5447 masse,
834 5382 978 5454 quod
1010 5395 1262 5451 magnum
1289 5394 1394 5432 non
1431 5387 1606 5440 esset;
1630 5377 1723 5432 sed
1748 5376 1969 5431 clamwi
2000 5378 2134 5431 in.to
2161 5392 2189 5429 ο

603 5474 781 5539 corde,
824 5473 875 5527 id
907 5479 991 5527 est
1016 5468 1244 5524 clamavi
1278 5468 1510 5523 interius
1546 5474 1654 5520 tota
1679 5466 1856 5519 cortis
1880 5464 2187 5529 atl‘ectione,

605 5568 792 5622 dicens
826 5582 839 5618 :
869 5561 1082 5617 Exaudi
1111 5576 1212 5626 me,
1258 5560 1501 5624 Domine,
1565 5560 1632 5614 de
1694 5558 1794 5613 hoc
1824 5567 1879 5611 ut
1927 5558 2187 5627 requiram

598 5656 1008 5727 justiﬁcationes
1030 5663 1170 5717 titus,
1197 5650 1249 5705 id
1277 5660 1361 5706 est
1393 5650 1706 5720 frequenter
1733 5663 1970 5718 quaeram
1998 5655 2190 5702 secun-

609 5749 733 5801 dum
763 5744 1059 5815 appetitum
1097 5742 1249 5794 bona:
1287 5740 1584 5794 voluntatis
1608 5748 1661 5792 et
1707 5738 2009 5791 intellectus
2033 5737 2191 5806 ιιικιι-

611 5841 893 5896 ﬁcatianes
916 5848 1056 5906 tuas,
1084 5837 1133 5890 id
1163 5844 1243 5890 est
1268 5835 1411 5906 justa
1438 5844 1703 5906 prter-cpta
1730 5834 1858 5905 legis
1889 5832 2185 5902 utriusque.

2292 4622 2437 4702 leant
2464 4657 2519 4701 et
2554 4642 2971 4715 qniescere.\'e|
3004 4642 3082 4696 sic
3115 4659 3129 4695 :
3171 4638 3324 4693 Oculi
3358 4637 3480 4699 mei,
3527 4634 3574 4686 id
3601 4638 3677 4683 est
3715 4622 3817 4676 allv-

2288 4739 2500 4793 ctiones
2530 4752 2663 4791 meae
2686 4735 2985 4789 existentes
3016 4734 3069 4786 in
3095 4730 3356 4793 diluculo,
3405 4729 3457 4783 id
3482 4734 3561 4781 est
3609 4724 3655 4776 in
3690 4717 3818 4771 niam

2292 4830 2539 4885 claritate
2564 4828 2849 4899 virtutum,
2869 4833 3223 4896 prwveneruat
3253 4822 3408 4882 alios,
3441 4820 3505 4873 ad
3537 4828 3583 4870 te
3617 4813 3812 4899 dircctt‘.

2294 4935 2343 4976 ut
2359 4924 2641 4976 meditarer
2668 4919 2870 4989 eloquia
2898 4928 3009 4970 tua.
3027 4914 3179 4982 Quod
3202 4924 3288 4968 cst
3312 4912 3493 4966 dicere
3517 4926 3530 4961 :
3559 4907 3609 4961 ln
3630 4897 3820 4957 diluculo

2288 5015 2549 5077 virtutum
2590 5012 2817 5081 positus,
2846 5009 3111 5063 intensior
3138 5004 3261 5059 aliis
3294 5002 3369 5056 fui
3414 5002 3466 5055 in
3520 4991 3819 5081 meditatione

2292 5104 2626 5175 cloquiornm
2682 5111 2919 5157 tnorutn.
2972 5096 3237 5165 Quoniam
3284 5109 3411 5165 ergo
3447 5079 3819 5177 primani:th-

2294 5174 2427 5250 ataui
2465 5234 2480 5259 ,
2527 5210 2698 5248 vocem
2753 5206 2922 5247 rneam
2966 5187 3093 5242 audi
3135 5184 3419 5240 secundum
3460 5172 3818 5232 misericordt‘tm

2300 5300 2442 5340 mam
2471 5328 2486 5351 ,
2552 5285 2792 5350 Domine,
2853 5281 2902 5335 id
2933 5289 3016 5335 est
3044 5278 3167 5332 audi
3206 5291 3315 5343 me,
3340 5285 3395 5328 ιιι
3426 5274 3519 5328 des
3568 5265 3692 5338 quod
3726 5272 3815 5315 orn.

2293 5379 2501 5432 scilicet
2551 5386 2610 5430 ut
2672 5391 2757 5430 me
2812 5372 3053 5426 vivitices
3116 5370 3171 5423 in
3242 5362 3511 5421 mandatis
3566 5357 3660 5412 tuis
3712 5366 3725 5403 ε
3778 5354 3818 5397 ει

2294 5469 2397 5522 hoc
2440 5467 2526 5521 fac
2579 5465 2880 5543 secundum
2925 5468 3233 5531 respectum
3288 5448 3657 5513 misericordia:
3708 5453 3813 5543 ιιξίυν

2294 5573 2349 5614 rt
2374 5576 2480 5613 non
2519 5540 2816 5613 secundum
2843 5555 3012 5609 solam
3047 5550 3511 5612 miscricordiam;
3561 5540 3648 5596 scd
3689 5540 3814 5588 ("iam

2297 5650 2504 5718 riri/ica
2542 5665 2621 5702 me
2654 5648 2704 5701 in
2732 5646 2932 5699 eisdem
2961 5642 3226 5697 mandatis
3266 5649 3404 5694 utea
3444 5634 3639 5705 jngitcr
3680 5629 3815 5718 casto:

2296 5742 2462 5803 diam,
2495 5749 2546 5792 ct
2583 5739 2682 5791 hoc
2731 5736 3013 5788 secundant
3052 5732 3258 5800 justum
3284 5728 3543 5799 judicium
3593 5732 3741 5776 tum".
3780 5705 3815 5757 ⁸¹

2304 5840 2385 5885 est
2426 5826 2717 5884 secundum
2772 5804 2913 5895 quod
2949 5822 3155 5893 jnstitia
3198 5831 3284 5875 tua
3318 5818 3504 5888 exigit,
3540 5821 3591 5866 nt
3646 5820 3716 5861 me
3745 5807 3816 5868 tW
