3978 6328
202 362 338 421 1505

1182 352 1544 409 Ειιιιοειτιο
1574 353 1639 407 ΙΝ
1665 352 2003 409 PSAIMOS.
2031 385 2099 395 —
2129 354 2324 410 PSAL.
2352 353 2579 409 CXVI".

3314 363 3453 433 {306

202 473 411 531 meritis
434 466 876 537 meisjustiliccs.
921 464 1153 521 Necesse
1181 477 1263 519 cst
1295 475 1552 520 autentut
1583 479 1770 518 vocent
1802 469 1847 522 Α
1880 470 2049 529 tttur,
2072 479 2193 533 qua:
2217 465 2419 519 dicitur
2453 475 2607 533 caput
2630 504 2644 527 ,
2686 450 2811 522 Sive
2862 472 3121 539 primatus
3169 475 3450 545 virtut-nn,

201 577 376 621 meam
401 560 608 621 audias,
633 568 689 612 et
710 567 769 611 ιιι
819 574 904 611 tne
937 557 1196 621 vivilices,
1250 556 1374 625 quia
1416 566 1776 626 persequentes

200 673 279 711 me
300 652 843 723 appropinquavertmt
875 650 1044 718 magis
1065 659 1119 703 et
1144 650 1316 719 magis
1357 650 1623 719 iniquitati
1673 648 1777 702 sci-

203 746 325 800 lcet
349 758 471 797 cum
494 742 646 810 prius
683 740 817 794 satis
841 740 1010 808 iniqui
1045 740 1263 803 fuerint,
1299 741 1575 809 peccando
1607 740 1778 810 magis

201 844 553 894 accesserunt
581 835 647 888 ad
669 834 1032 902 iniquitatem,
1063 834 1113 887 id
1161 845 1242 886 est
1274 835 1446 903 n'tag‘s
1493 835 1617 887 facti
1653 843 1779 888 sunt

204 928 396 998 iniqui,
420 929 655 981 nitentes
677 941 763 979 me
784 923 1148 987 conformare,
1179 941 1208 978 a
1233 925 1586 979 similitudine
1633 925 1780 979 illius

199 1020 287 1090 qui
322 1018 580 1074 recedens
605 1032 634 1070 a
663 1017 804 1081 luce,
829 1018 881 1070 in
908 1031 1158 1087 cryptam
1191 1016 1535 1072 tenebrosam
1569 1018 1776 1082 tendit;

199 1118 408 1177 quanto
434 1122 564 1162 vero
586 1108 761 1177 magis
790 1106 857 1159 ad
886 1107 1141 1163 tenebras
1170 1108 1403 1173 accedit,
1438 1116 1587 1161 tanto
1611 1110 1782 1180 magis

199 1199 542 1253 obscuratur.
576 1197 1156 1267 Appropinquarerunt,
1187 1198 1406 1266 inquam
1434 1240 1449 1263 ,
1490 1199 1780 1267 iniquitati,

200 1306 231 1343 a
264 1288 379 1357 lege
403 1295 580 1340 autem
614 1297 706 1340 tua
732 1285 882 1355 longe
909 1287 1038 1355 facti
1068 1297 1209 1341 sunt.
1240 1287 1392 1353 Quod
1422 1297 1506 1341 est
1550 1289 1730 1342 dicere
1763 1306 1777 1342 :

201 1380 421 1448 Quanto
453 1380 623 1449 magis
672 1379 940 1442 iniquitati
984 1379 1574 1448 appropinquaverunt,
1633 1390 1783 1435 tanto

200 1469 433 1539 amplius
458 1483 554 1538 per
575 1467 881 1538 iniquitatis
893 1482 1194 1534 accessum,
1212 1482 1241 1521 a
1266 1468 1382 1538 lege
1401 1469 1779 1523 mandatorum

202 1573 417 1618 tuorum
447 1564 599 1634 longe
622 1562 746 1617 facti
780 1572 924 1618 sunt.
960 1562 1040 1618 Ne
1065 1564 1229 1633 igitur
1254 1573 1309 1617 et
1335 1579 1419 1617 me
1442 1562 1647 1617 faciant
1682 1562 1784 1616 ini-

200 1654 391 1721 quitati
406 1654 858 1723 appmpinqnare,
886 1662 942 1708 et
957 1669 987 1707 a
1014 1654 1133 1724 lege
1155 1662 1244 1708 tua
1274 1654 1543 1721 clongari,
1561 1667 1784 1708 necesse

201 1752 282 1800 est
307 1752 368 1797 ιιι
406 1759 593 1798 vocem
624 1759 797 1799 meam
828 1744 1038 1811 audias,
1064 1753 1120 1799 et
1163 1760 1248 1799 me
1308 1746 1360 1798 in
1389 1745 1683 1798 virtutibus
1730 1751 1785 1796 et

1879 566 2221 618 (veterarutn,
2262 557 2481 625 eoquod
2515 556 2729 611 initium
2775 571 2856 614 est
2903 573 2958 617 et
2997 565 3191 633 prima,
3239 584 3359 636 qua:
3385 582 3454 625 ex

1878 648 2131 704 onmihus
2159 650 2451 704 virtutibus
2475 650 2729 715 habetur,
2750 655 3077 720 etquoniam
3101 657 3218 725 ipsa
3253 675 3283 723 a
3324 661 3455 714 lide-

1880 738 2020 792 libus
2045 738 2224 792 habita
2252 747 2441 803 custos
2470 749 2554 796 est
2586 741 2825 794 omnium
2854 742 3132 810 virtutum,
3178 763 3301 803 cum
3337 750 3457 805 sine

1883 829 1993 899 ipsa
2022 846 2214 886 otunes
2251 831 2480 886 virtutes
2513 832 2717 885 debilcs
2734 832 2843 888 sint
2880 843 2935 890 et
2962 834 3195 902 inutiles,
3254 841 3396 894 sicut
3424 860 3454 895 a

1882 921 2059 989 capite
2080 922 2221 990 quod
2254 922 2551 992 principale
2578 933 2663 977 est
2717 925 2771 978 in
2810 934 2925 978 toto
2963 942 3194 996 corpore
3215 968 3230 993 ,
3275 934 3457 986 omnia

1882 1021 2076 1065 caetera
2111 1011 2350 1067 membra
2380 1023 2656 1082 reguntur.
2690 1014 2808 1080 Quo
2830 1015 3031 1083 ablato,
3061 1027 3234 1072 totum
3265 1033 3461 1087 corpus

1885 1101 2072 1155 inutile
2108 1112 2193 1155 cst
2239 1112 2293 1157 et
2330 1105 2486 1173 quasi
2521 1114 2765 1173 truncus
2790 1111 3060 1163 exanime.
3110 1110 3261 1166 Unde
3298 1114 3460 1165 etiam

1882 1194 2083 1249 dicitur
2115 1194 2298 1265 regina
2329 1197 2610 1263 virtutum,
2643 1199 2782 1252 sicut
2808 1202 3059 1268 superbia
3087 1201 3273 1269 regina
3304 1203 3462 1256 vitio-

1887 1303 2024 1341 rum.
2070 1286 2216 1343 Nihil
2262 1298 2443 1343 autem
2495 1289 2882 1359 impeditquod
2933 1290 3126 1345 beatus
3169 1292 3466 1364 Gregorius

1884 1380 2079 1435 asserit
2101 1380 2424 1447 charitatem
2468 1396 2589 1435 esse
2621 1382 2858 1436 radicem
2895 1383 3135 1437 omnium
3185 1384 3465 1451 virtuunu.

1888 1473 2097 1531 Dicitur
2122 1472 2266 1528 enim
2291 1472 2848 1537 humilitasvirtutum
2879 1482 3043 1543 caput
3089 1483 3146 1528 et
3179 1476 3467 1544 primatus.

1884 1581 1950 1620 eo
1978 1566 2118 1636 qttod
2147 1565 2318 1634 prima
2342 1565 2526 1619 habita
2554 1576 2739 1620 custos
2799 1576 2884 1623 est
2922 1574 3246 1620 cteterarnm
3294 1568 3469 1621 virtu-

1888 1666 2022 1711 tutn.
2081 1657 2336 1712 Charitas
2378 1668 2562 1712 autem
2594 1656 2795 1712 dicitur
2827 1657 3000 1722 radix,
3042 1672 3107 1711 eo
3145 1658 3286 1725 quod
3326 1657 3466 1709 inca

1887 1762 2077 1802 omnes
2098 1747 2216 1802 sitre
2253 1746 2362 1801 sint
2388 1748 2635 1809 virtutes,
2673 1756 2745 1811 et,
2790 1762 2852 1801 ea
2888 1747 3090 1810 habita.
3130 1746 3274 1800 nulla
3308 1747 3471 1801 deha-

200 1835 443 1893 custodia
488 1835 865 1890 mandatorum
921 1845 1134 1890 tuorum
1182 1836 1446 1892 viviﬁces.
1496 1835 1573 1890 Ea
1654 1851 1785 1892 vero
1818 1807 1859 1864 η
1890 1842 2099 1895 heatur.
2133 1840 2310 1895 Minus
2345 1849 2527 1895 autem
2578 1842 2689 1896 Deo
2722 1840 2969 1895 odiosum
3019 1849 3105 1895 est
3158 1838 3326 1893 solam
3368 1838 3469 1890 hu-

202 1927 527 1981 contidentia
571 1942 671 1981 oro
723 1936 890 1982 utme
940 1927 1200 1992 viviﬁces,
1256 1928 1385 1996 quia
1442 1944 1599 1997 prope
1622 1938 1785 1992 astu,

205 2018 463 2084 Domine,
518 2017 567 2072 id
628 2026 712 2072 est
783 2026 1006 2087 paratus
1056 2033 1117 2073 es
1175 2018 1466 2074 subvenire
1534 2018 1788 2072 omnibus

202 2109 570 2162 clamantibus
609 2109 673 2162 ad
708 2117 785 2173 te,
816 2118 864 2161 ct
921 2109 1041 2162 ideo
1091 2108 1256 2163 etiam
1286 2107 1412 2177 quia
1456 2124 1637 2161 omnes
1689 2108 1785 2161 ria:

204 2212 321 2265 tum,
348 2201 401 2254 id
428 2209 512 2255 cst
547 2201 727 2253 omnia
749 2200 952 2269 judicia
978 2208 1089 2265 tua,
1114 2215 1210 2269 per
1238 2215 1358 2269 quae
1390 2200 1621 2263 incedis,
1657 2209 1787 2254 sunt

204 2294 409 2353 reritas,
444 2292 496 2345 id
524 2300 746 2346 cstvera
777 2304 900 2345 sunt
922 2292 1161 2361 etjnsta.
1187 2292 1339 2358 Quod
1355 2302 1439 2346 est
1464 2306 1528 2347 ac
1551 2294 1595 2345 si
1614 2292 1785 2347 dicat:

205 2383 332 2437 Cum
372 2382 587 2435 videam
618 2391 683 2436 .te
736 2397 801 2436 ex
853 2383 1224 2438 misericordia
1273 2383 1506 2436 naturali
1538 2392 1788 2451 paratum

204 2490 320 2527 esse
341 2475 411 2527 ad
445 2473 882 2543 subveniendum
906 2475 1159 2529 omnibus
1180 2474 1247 2528 ad
1306 2483 1359 2528 te
1406 2472 1788 2536 clamantibus,

205 2575 412 2619 etcum
466 2565 636 2619 sciam
696 2574 748 2620 te
791 2565 1212 2638 uibiljndicare,
1242 2566 1343 2619 nisi
1394 2567 1538 2635 quod
1590 2566 1789 2633 iustum

205 2666 316 2718 est,
354 2656 572 2709 conlido
594 2657 736 2725 quod
762 2658 907 2727 justo
932 2658 1140 2728 judicio
1167 2668 1257 2711 tuo
1286 2658 1439 2722 mihi,
1469 2659 1536 2713 ad
1573 2667 1625 2712 te
1674 2658 1791 2712 cla-

208 2749 373 2803 tnanti
405 2758 462 2802 et
495 2748 634 2802 bona
666 2750 771 2803 vita
810 2765 927 2804 mea
968 2750 1226 2804 auxilium
1261 2759 1409 2803 tuum
1438 2750 1789 2819 promerenti,

207 2844 576 2898 auxiliahcris.
602 2842 906 2897 Not:ququ
962 2844 1104 2912 quod
1159 2844 1248 2897 hie
1295 2844 1424 2897 dicit
1464 2859 1653 2897 oumcs
1680 2843 1794 2897 vias

214 2934 431 2987 Domini
460 2949 581 2987 esse
611 2935 919 2999 veritatem,
972 2950 1097 2988 cum
1134 2935 1274 2987 idem
1305 2933 1430 2987 alibi
1456 2935 1639 2987 dicat:
1669 2931 1791 2985 0m-

211 3042 299 3079 ttcs
326 3028 432 3079 viae
463 3026 671 3079 Domini
700 3037 827 3080 sunt
854 3026 1226 3080 misericordia
1251 3036 1304 3079 et
1356 3027 1557 3081 veritas
1610 3025 1789 3091 (Psal.

1889 1932 2170 1985 militatem
2195 1946 2357 2000 quam
2380 1947 2571 1986 omnes
2599 1932 2828 1987 virtutes
2851 1946 2974 1985 cum
3005 1931 3258 2000 superbia
3296 1929 3470 1984 habe-

1894 2040 1973 2077 re.
2008 2023 2164 2079 Unde
2192 2024 2530 2094 Augustinus
2561 2043 2573 2077 :
2604 2045 2622 2076 ι
2645 2024 2770 2080 Sola
2799 2024 3050 2095 superbia
3076 2024 3129 2078 in
3146 2022 3474 2079 rectisl'actis

1889 2113 2129 2167 cavenda
2159 2123 2263 2168 est.
2291 2134 2310 2166 ι
2332 2114 2407 2171 De
2438 2112 2598 2180 hujus
2624 2124 2804 2169 autem
2836 2114 3161 2169 humilitatis
3182 2114 3445 2168 observan
3463 2140 3475 2152 -

1894 2206 1963 2260 tia
1997 2222 2096 2260 nos
2125 2206 2179 2261 in
2213 2205 2507 2278 Evangelio
2540 2207 2802 2263 Dominus
2829 2207 3046 2263 instruit
3068 2250 3083 2275 ,
3134 2222 3257 2262 cum
3287 2206 3415 2260 dicit
3456 2221 3472 2257 ;

1895 2317 1913 2351 ι
1965 2298 2167 2353 Discite
2219 2315 2247 2352 a
2299 2314 2384 2353 me
2421 2300 2548 2368 quia
2589 2301 2737 2354 mitis
2769 2315 2886 2353 sum
2945 2308 3000 2353 et
3055 2299 3276 2354 humilis
3313 2296 3477 2352 corde

1892 2386 2107 2456 (Matth.
2132 2404 2207 2454 XI,
2237 2388 2350 2455 29).
2397 2408 2416 2441 ι
2456 2389 2521 2443 Et
2546 2390 2687 2442 idem
2716 2389 2865 2442 alibi.
2898 2408 2916 2440 ι
2952 2387 3139 2445 Estote
3181 2389 3477 2457 prudentes

1892 2479 2033 2533 sicut
2073 2488 2360 2547 serpentes
2382 2478 2598 2548 (Matth.
2630 2495 2685 2543 ιι,
2714 2480 2827 2548 16).
2865 2499 2882 2530 ι
2912 2480 2991 2533 Ae
3021 2479 3066 2532 si
3113 2487 3362 2547 patenter
3397 2478 3479 2530 di-

1895 2578 2020 2624 cat:
2055 2566 2207 2622 Sicut
2239 2582 2487 2638 serpens,
2515 2569 2604 2637 qui
2633 2578 2714 2623 cst
2739 2567 2938 2622 animal
2974 2578 3237 2635 astutum,
3268 2581 3481 2635 semper

1893 2668 2056 2726 caput
2086 2659 2279 2723 munit,
2305 2675 2370 2714 ne
2395 2659 2446 2712 in
2470 2674 2535 2713 eo
2563 2660 2900 2727 percutiatur
2936 2667 2983 2713 et
3007 2667 3223 2727 pereat,
3250 2658 3330 2711 sic.
3357 2667 3479 2713 ettu

1894 2751 2205 2818 quicunque
2238 2761 2466 2805 mortem
2496 2759 2757 2805 :clernam
2788 2751 2941 2818 cupis
2974 2751 3227 2816 evadere,
3262 2750 3480 2804 Immiti-

1899 2852 2064 2896 tatem
2092 2853 2239 2896 tttam
2280 2858 2566 2908 conserva,
2598 2844 2721 2911 quia
2749 2853 2911 2912 caput
2940 2853 3021 2896 est
3049 2854 3098 2895 ct
3127 2853 3315 2897 custos
3369 2844 3481 2896 vir-

1898 2943 2076 2987 tutum
2106 2944 2446 2986 czcterarum.
2472 2935 2547 2988 De
2597 2934 2903 3002 hujusmodi
2957 2934 3159 3001 capite,
3215 2933 3266 2986 id
3296 2941 3381 2986 cst
3412 2933 3483 2986 de

1900 3027 2209 3082 humilitate
2268 3027 2318 3079 in
2362 3026 2465 3080 hac
2504 3026 2744 3079 clausula
2787 3025 2987 3094 agitur.
3038 3023 3172 3076 Nam
3222 3024 3480 3092 quoniam

210 3133 355 3183 xxiv,
391 3119 511 3184 10).
573 3116 665 3172 lla:
696 3133 826 3172 vcro
884 3119 1171 3173 sententia:
1219 3119 1349 3173 nihil
1402 3120 1787 3182 adversantur;
1821 3149 1863 3208 ρ
1903 3120 2141 3173 tidclium
2166 3118 2414 3173 collectio
2436 3118 2687 3185 superius
2711 3118 2904 3171 merita
2936 3132 3031 3170 sua
3078 3117 3434 3184 prmteuderat
3461 3150 3493 3178 ,ρ

210 3227 326 3264 rum
356 3226 528 3265 omne
584 3212 727 3280 quod
776 3227 869 3281 per
927 3212 1359 3266 misericordiam
1396 3222 1675 3280 operatur,
1723 3212 1793 3265 sit

210 3305 370 3357 etiam
412 3304 621 3367 veritas,
669 3304 719 3356 id
751 3316 832 3358 est
862 3304 1091 3374 justitia.
1129 3303 1342 3359 Justum
1392 3304 1537 3358 enim
1595 3314 1679 3358 est
1736 3313 1794 3358 ιιι

210 3394 670 3449 ctttnmiscricors
700 3396 771 3449 sit
820 3397 871 3449 in
897 3406 1113 3462 natura,
1164 3396 1594 3451 misericordiam
1641 3411 1791 3451 suam

213 3486 523 3539 raise-renutu
579 3495 850 3540 exerceat.
910 3486 999 3541 Vel
1026 3472 1105 3541 sic
1142 3501 1330 3540 versus
1382 3486 1482 3540 iste
1536 3486 1730 3555 legitur
1779 3504 1791 3539 :

214 3578 338 3633 Dico
357 3579 509 3646 quod
536 3580 1080 3648 appropinquaverunt
1103 3587 1465 3649 persequentes
1499 3595 1579 3632 me
1606 3578 1796 3647 iniqui.

213 3672 321 3724 tati.
358 3670 520 3726 Unde
572 3680 752 3725 tamen
808 3669 1207 3725 inexcusabiles
1242 3678 1390 3735 sunt,
1415 3677 1471 3724 et
1503 3679 1579 3733 tu,
1630 3668 1794 3733 Deus,

214 3766 243 3820 i:
266 3765 619 3827 accttsabilis,
651 3765 775 3834 quia
800 3781 958 3833 prope
985 3780 1038 3817 es
1071 3774 1149 3827 tu,
1185 3763 1428 3828 Domine,
1473 3763 1523 3817 id
1566 3772 1652 3817 est
1702 3778 1797 3833 pa—

216 3869 365 3911 ratus
402 3872 462 3910 es
485 3871 548 3910 ex
582 3854 951 3908 misericordia
991 3853 1225 3908 naturali
1270 3868 1364 3908 eos
1420 3852 1698 3907 viviﬁcare
1745 3853 1796 3905 in

214 3950 540 4014 virtutibus,
573 3949 616 4001 si
644 3947 839 4001 vellent
868 3948 932 4001 ad
966 3956 1018 4000 te
1041 3945 1309 3999 converti.
1343 3944 1410 3998 Et
1444 3952 1496 3997 tn
1549 3958 1673 3997 cum
1723 3944 1799 3998 sis

215 4044 293 4098 cis
320 4056 516 4113 prope,
540 4051 594 4095 et
628 4041 725 4109 ipsi
757 4041 929 4094 nolint
953 4040 1045 4093 tibi
1080 4055 1175 4109 per
1205 4038 1579 4107 pmnitentiam
1606 4052 1800 4107 appro-

218 4134 502 4202 pinquare,
528 4147 703 4183 omnes
737 4131 830 4184 vim
855 4140 979 4190 tum,
1018 4130 1068 4183 id
1114 4139 1196 4183 est
1247 4128 1427 4181 omnia
1452 4128 1653 4197 judicia
1686 4137 1796 4193 tua,

217 4242 334 4295 qua-
364 4226 417 4278 in
452 4223 531 4277 eis
551 4236 794 4287 exerces,
818 4230 944 4275 sunt
971 4222 1183 4282 raritas.
1221 4219 1270 4273 id
1317 4228 1402 4273 est
1424 4218 1637 4286 justitia
1673 4235 1687 4282 ;
1714 4216 1801 4285 ju-

218 4332 357 4371 s‘tnn
387 4315 592 4385 quippe
614 4322 697 4368 est
730 4314 871 4382 quod
916 4314 1002 4368 hic
1038 4320 1400 4375 excmcentur,
1427 4323 1479 4365 et
1527 4310 1580 4364 in
1614 4309 1798 4363 futuro

219 4409 333 4461 sine
368 4408 478 4460 line
507 4406 818 4475 puniantur.
851 4405 973 4459 Ideo
1003 4405 1168 4458 etiam
1203 4419 1302 4457 oro
1357 4410 1416 4456 ut
1446 4418 1531 4456 me
1563 4401 1802 4454 viviﬁccs

1897 3216 2082 3268 dicens
2113 3229 2127 3265 :
2154 3211 2374 3269 clamavi
2398 3212 2453 3265 in
2482 3223 2588 3265 toto
2615 3211 2790 3273 corde,
2828 3221 2875 3263 et
2905 3209 3132 3278 praeveni
3167 3208 3219 3260 in
3234 3208 3472 3260 immatu-

1899 3308 2191 3367 ritate.etc.
2248 3303 2324 3358 Nc
2364 3304 2641 3357 videretur
2693 3302 2809 3357 haec
2846 3316 2910 3356 ex
2946 3299 3212 3361 iactantia
3252 3298 3473 3360 dixisse,

1901 3398 2260 3453 humilitatem
2282 3411 2342 3451 se
2370 3396 2641 3450 haberein
2676 3396 2779 3449 hac
2805 3392 3047 3449 clausula
3105 3390 3479 3452 demonstrat;

1899 3492 2054 3560 cujus
2081 3491 2253 3560 gratia
2284 3488 2455 3541 Deum
2479 3497 2618 3549 orat,
2652 3494 2710 3539 ttt
2745 3500 2863 3539 cam
2896 3483 2965 3536 ab
2990 3482 3226 3536 inimicis
3261 3479 3479 3549 eripiat,

1896 3598 1969 3637 ne
1998 3581 2211 3637 scilicet
2233 3581 2317 3635 eis
2342 3580 2733 3633 conformetur.
2785 3575 2863 3630 Ne
2894 3590 3024 3629 vero
3066 3574 3343 3628 videretur
3381 3572 3488 3625 hoc

1898 3686 2059 3728 orare
2087 3681 2145 3725 ιιι
2177 3672 2257 3727 sic
2292 3672 2361 3726 ab
2384 3669 2774 3737 eiscripiatur,
2807 3682 2876 3720 ne
2898 3681 3024 3719 ettm
3051 3671 3482 3735 persequantur;

1899 3765 2147 3821 concedit
2168 3772 2229 3817 ut
2262 3764 2390 3832 ipsae
2422 3763 2829 3831 persecutioncs
2848 3759 2896 3813 ei
2955 3757 3301 3824 contingant,
3352 3769 3491 3824 qua»

1902 3872 2019 3910 rum
2043 3855 2332 3909 occasione
2353 3864 2475 3907 orat
2510 3868 2539 3905 a
2571 3851 2865 3909 tormentis
2896 3850 2950 3903 in
2986 3848 3170 3902 futuro
3203 3848 3390 3900 redimi
3431 3853 3487 3897 et

1892 3946 2188 4001 'viviﬁcari.
2255 3945 2506 4001 Ostendit
2585 3960 2800 4015 quoque
2865 3941 3068 4010 justam
3138 3951 3484 4011 peccatorum

1892 4039 2325 4103 damnationem,
2360 4038 2482 4107 quia
2505 4036 2929 4105 jnstilieationcs
2959 4034 3048 4086 Dci
3084 4048 3187 4085 non
3242 4030 3486 4099 exquisi-

1902 4142 2083 4198 crunt,
2116 4141 2171 4187 et
2197 4132 2397 4185 multas
2419 4145 2541 4185 esse
2570 4127 2982 4184 misericordias
3010 4122 3242 4185 Domini,
3291 4120 3487 4189 quiltus

1903 4233 2024 4279 Orat
2043 4223 2327 4288 vivificari,
2364 4220 2612 4274 addendo
2638 4232 2851 4287 quoque
2871 4215 3061 4267 merita
3123 4212 3322 4281 quibus
3372 4211 3474 4264 hoc

1904 4316 2131 4383 adipisci
2157 4315 2375 4368 debeat.
2419 4313 2530 4366 Iloc
2558 4320 2739 4364 autem
2770 4318 2940 4363 totunt
2971 4322 3034 4360 ea
3067 4305 3365 4359 intentione
3402 4303 3483 4356 fa-

1906 4410 1981 4461 cit
2013 4418 2069 4460 ut
2092 4407 2369 4460 auditores
2401 4404 2466 4457 ad
2499 4402 2820 4456 humilitatis
2842 4399 3247 4453 observantiam
3273 4395 3489 4462 invitet,

221 4498 272 4552 in
305 4498 599 4552 virtutibus
628 4508 683 4552 et
718 4498 769 4551 itt
798 4497 1066 4551 mandatis
1089 4496 1215 4558 tuis,
1242 4495 1497 4565 quoniam
1529 4494 1699 4555 initio,
1751 4493 1801 4545 id
1837 4489 1881 4547 D
1908 4498 2062 4567 cujus
2106 4497 2279 4566 gratia
2325 4493 2603 4565 postulent
2642 4507 2670 4545 a
2717 4492 2829 4545 Deo
2869 4489 2936 4543 ab
2964 4486 3205 4541 inimicis
3256 4486 3391 4555 eripi
3434 4494 3493 4539 et

220 4604 300 4644 est
333 4606 431 4661 per
460 4589 669 4643 initium
701 4591 918 4657 cognovi
948 4589 1012 4641 de
1048 4587 1357 4641 testimoniis
1383 4584 1594 4650 tuis,.id
1633 4592 1715 4638 est
1737 4584 1804 4638 de

212 4684 507 4755 pm'ceptis
540 4683 665 4748 tuis,
690 4684 815 4751 quia
867 4682 1101 4750 fundasti
1135 4697 1218 4741 ea,
1255 4681 1305 4733 id
1326 4688 1405 4733 cst
1433 4677 1664 4731 ﬁrmiter
1693 4686 1806 4729 sta-

221 4778 367 4830 tuisti
388 4792 453 4830 ea
484 4776 534 4829 in
560 4775 808 4828 ﬁdelibus
834 4776 937 4828 tuis
969 4775 1023 4827 in
1048 4784 1324 4835 mternum,
1356 4772 1406 4825 id
1432 4782 1516 4826 est
1538 4781 1597 4825 ιιι
1629 4786 1724 4825 eos
1752 4772 1804 4825 in

220 4877 483 4923 aeternum
528 4867 747 4920 ducant.
784 4868 936 4931 Quod
960 4864 1043 4919 εει
1071 4865 1253 4918 dicere
1286 4881 1299 4917 :
1329 4863 1463 4919 Cum
1516 4864 1807 4919 considero
1890 4900 1891 4903 η

223 4959 286 5009 a.l
319 4958 556 5021 initium,
590 4957 639 5008 id
671 4964 751 5010 est
782 4958 848 5008 ad
864 4956 1031 5009 Adam
1058 4957 1144 5009 cui
1173 4957 1365 5010 dedisti
1393 4964 1664 5025 prrecepta
1694 4963 1802 5018 tua,

223 5064 250 5101 s
270 5048 316 5101 ‘tl
342 5064 448 5102 non
478 5048 698 5101 fuerunt
726 5048 778 5101 in
809 5063 876 5101 eo
907 5048 1149 5114 fundata,
1182 5056 1240 5101 ut
1274 5047 1327 5100 in
1353 5048 1435 5101 eis
1491 5062 1808 5117 persevera-

225 5149 328 5204 ret,
362 5139 594 5208 ideoque
614 5140 794 5193 amisit
821 5141 1178 5193 aeternitatem
1204 5157 1218 5192 :
1251 5140 1465 5208 cognovi
1490 5138 1809 5193 econtrario

226 5244 289 5283 ex
320 5230 761 5285 consideratione
809 5230 970 5301 hujus
1008 5230 1172 5295 initii,
1205 5230 1330 5300 quia
1377 5230 1429 5282 in
1475 5228 1810 5298 quibuscun-

225 5335 331 5386 que
357 5328 624 5389 prtcccpta
685 5329 771 5373 tua
832 5319 1087 5388 fundasti,
1119 5327 1177 5372 ut
1232 5319 1284 5371 in
1316 5320 1396 5372 eis
1439 5326 1807 5386 perseverent,

229 5409 328 5476 ipsi
360 5425 455 5479 per
474 5426 664 5466 eorum
689 5410 1092 5465 observantiam
1118 5410 1169 5464 in
1199 5418 1463 5464 mternum
1513 5408 1806 5463 ducentur.

229 5497 457 5569 Ideoque
491 5515 590 5555 oro
617 5512 675 5553 ut
721 5515 805 5555 me
828 5500 1069 5554 viviliccs
1102 5498 1387 5555 fundando
1408 5514 1470 5554 ea
1501 5498 1555 5553 in
1599 5513 1686 5553 me
1708 5537 1723 5563 ,
1751 5507 1808 5552 ut

231 5589 307 5643 sic
333 5591 500 5646 ducar
527 5592 579 5646 in
609 5602 888 5646 aeternum.

300 5681 466 5755 506
487 5684 595 5739 RES
618 5694 795 5754 caput,
827 5684 943 5739 sive
975 5684 1235 5753 primatus
1265 5684 1672 5751 interpretatur.
1710 5682 1812 5736 Per

232 5786 395 5845 caput
449 5787 625 5833 autem
692 5779 807 5833 sive
870 5777 1218 5846 primatum.
1294 5774 1575 5831 humilitas
1639 5775 1808 5831 deno-

1909 4587 2203 4652 vivilicari;
2240 4587 2318 4640 sic
2345 4595 2522 4638 tamen
2552 4583 2729 4636 nthoc
2760 4581 2900 4635 idem
2920 4593 3014 4648 per
3046 4578 3138 4632 Dei
3165 4576 3488 4631 misericor-

1910 4681 2052 4734 diam
2087 4677 2314 4749 adipisci
2370 4682 2711 4742 exspectent,
2755 4681 2813 4726 et
2854 4672 2920 4724 ad
2953 4670 3053 4724 hoc
3081 4668 3496 4737 adipiscendum

1910 4773 2118 4829 meritis
2157 4772 2411 4824 virtutum
2448 4775 2505 4822 et
2535 4768 2798 4820 bonorum
2829 4778 3052 4834 cperunt
3077 4761 3377 4817 intendant.

1993 4863 2120 4917 Vide
2181 4861 2553 4922 humilitatem,
2599 4868 2707 4911 ctc.
2760 4855 2912 4923 Quod
2964 4854 3043 4909 sic
3090 4853 3437 4908 contiuua'nr
3477 4868 3495 4905 :

1890 4954 2029 5009 Dixi
2064 4954 2313 5022 superius
2342 4967 2355 5003 :
2409 4949 2593 5002 Vocem
2618 4965 2788 5002 meam
2813 4947 2964 5010 audi,
2993 4953 3054 4999 ut
3078 4959 3162 4998 mc.
3195 4943 3264 4997 ab
3315 4942 3497 4995 inimi-

1886 5048 1990 5102 -cis
2010 5046 2210 5115 eripias
2232 5054 2288 5099 et
2319 5043 2579 5097 viviliccs.
2616 5040 2683 5095 Ut
2714 5050 2893 5096 autem
2943 5036 3085 5107 quod
3132 5034 3281 5090 oravi
3328 5035 3497 5103 impe-

1913 5148 2068 5199 trem,
2097 5148 2303 5204 quarso,
2345 5132 2596 5196 Domine,
2651 5132 2767 5185 ride
2804 5127 3158 5183 humilitatem
3204 5140 3395 5186 meam,
3444 5125 3494 5176 id

1912 5236 1994 5280 est
2019 5226 2139 5280 vide
2163 5239 2322 5294 quam
2347 5222 2567 5277 humilis
2590 5221 2713 5284 sim,
2746 5227 2803 5273 et
2835 5232 2999 5287 quam
3039 5216 3279 5269 devotus
3316 5213 3410 5268 tibi
3444 5215 3496 5266 in

1912 5310 2181 5366 munibus.
2198 5309 2315 5365 Non
2343 5310 2465 5365 dico
2484 5309 2598 5363 vide
2641 5306 2783 5375 quod
2831 5305 2936 5358 hoc
2977 5315 3082 5356 non
3139 5299 3347 5377 videas],
3407 5317 3497 5368 qut

1913 5404 2092 5459 omnia
2123 5404 2277 5461 vides
2296 5445 2312 5469 ,
2343 5404 2439 5458 sed
2468 5402 2583 5457 vide
2604 5400 2681 5454 sic
2703 5439 2718 5464 ,
2760 5407 2928 5467 utper
2945 5410 3065 5449 eam
3088 5393 3220 5449 mihi
3252 5391 3502 5449 cooferas

1916 5496 2060 5565 quod
2089 5495 2261 5550 oravi.
2295 5493 2448 5559 Vide,
2480 5491 2723 5561 inquam,
2755 5499 2800 5544 et
2827 5496 3051 5559 propter
3092 5498 3211 5542 eam
3248 5484 3387 5553 eripe
3423 5501 3504 5537 me

1916 5588 1985 5641 ab
2015 5585 2277 5650 inimicis,
2309 5598 2375 5638 ne
2397 5581 2530 5637 mihi
2558 5582 2613 5636 in
2639 5578 2818 5633 anima
2848 5576 3200 5649 pnevaleant.
3254 5573 3504 5628 Ostendit

1917 5688 2099 5734 autem
2134 5676 2495 5732 humilitatem
2517 5688 2691 5739 suam,
2718 5687 2842 5727 cum
2856 5670 2936 5727 sic
2964 5670 3117 5725 addit
3141 5687 3156 5721 :
3186 5669 3303 5724 Dixi
3332 5687 3344 5721 :
3375 5666 3501 5720 l’ide

1918 5768 2506 5839 Itttntilitatem,scilicct
2527 5767 2665 5823 hanc
2690 5763 3073 5829 humilitatem,
3091 5763 3231 5834 quod
3259 5779 3357 5816 non
3384 5774 3503 5814 sum
