3978 6328
502 316 639 373 ΙὍῚ

1068 308 1122 365 S.
1159 305 1503 363 DRUNONIS
1526 304 2096 374 -CARTIIUSIANOIU

2209 305 2712 378 .INSTITUTORIS
2741 306 2891 363 OPI‘.
2938 306 3116 362 PARS
3132 306 3182 373 Vl.

3607 309 3625 362 Ι
3636 309 3723 364 308

497 432 692 485 oblitus
720 427 880 496 legem
909 432 1081 489 tamn,
1102 424 1160 477 id
1183 431 1268 476 est
1294 422 1692 476 institutionem
1725 419 2076 484 humilitatis;
2108 423 2154 479 Α
2185 427 2329 472 tores
2362 434 2390 471 a
2421 419 2655 487 peccatis
2688 428 2922 481 rerocet,
2956 428 3008 472 et
3046 419 3111 471 ad
3144 418 3502 473 humilitatem
3541 419 3724 473 invitet.

500 540 622 593 ιιιιςιι
651 520 788 575 mihi
815 527 901 575 est
942 517 1031 572 lex
1068 526 1125 569 et
1177 530 1430 571 mensura
1471 514 1706 575 vivendi,
1758 528 1918 582 quam
1948 512 2079 567 mihi

499 613 720 678 dedisti,
746 611 931 665 dicens
969 627 985 662 :
1031 626 1057 659 ιη
1096 605 1311 673 Quanto
1352 605 1523 670 major
1552 620 1635 670 es,
1683 604 1903 659 humilia
1936 613 1988 660 te
2027 604 2081 657 in

503 702 757 758 munitus
783 700 974 771 (Eccli.
1004 715 1086 762 ut,
1114 697 1273 769 20)».
1303 699 1364 753 Et
1389 697 1517 753 alibi
1548 713 1562 749 :
1594 696 1722 763 «Qui
1746 711 1806 750 se
1827 695 2083 750 .humiliat

505 795 841 851 esaltabitur
891 791 1163 854 (Lucan,
1201 789 1603 856 ll;xvin,ll).
1651 808 1667 841 ι
1703 787 1873 854 Quam
1914 788 2080 859 etiam

504 885 639 940 mihi
660 883 911 953 exemplo
935 881 1191 946 tribuisti,
1217 895 1365 945 cum,
1408 879 1673 934 Dominus
1710 888 1763 933 et
1805 877 2081 948 Magister,

504 976 671 1046 pedes
702 973 1090 1043 discipulorum
1131 970 1146 1024 l
1184 970 1306 1026 visti
1357 978 1412 1024 et
1445 986 1566 1024 cum
1627 984 1724 1038 pro
1751 968 1927 1023 salute
1964 984 2082 1022 mea

506 1066 738 1138 ﬂagella,
768 1076 945 1137 sputa,
973 1064 1238 1129 convicia,
1261 1078 1477 1119 crucem
1503 1070 1559 1117 et
1580 1075 1806 1117 mor‘e'n
1863 1060 1932 1115 ad
1962 1060 2085 1113 ulti-

507 1176 654 1213 mum
714 1156 1040 1215 sustinuisti.
1087 1154 1354 1222 Quoniam
1404 1154 1822 1209 indcterminate
1869 1152 2086 1207 dixerat

503 1252 666 1321 eripe,
717 1265 785 1305 ne
827 1248 1104 1302 videretur
1160 1246 1238 1301 sic
1263 1261 1423 1301 orare
1473 1247 1825 1315 erepticnein,
1858 1253 1913 1298 ut
1966 1243 2086 1299 nul-

509 1342 614 1396 lam
652 1347 929 1410 pateretur
985 1338 1054 1392 ab
1104 1336 1344 1392 inimicis
1392 1335 1795 1390 tribulationem
1832 1374 1848 1401 ,
1904 1344 1959 1390 et
2005 1334 2085 1389 sic

499 1431 613 1500 jam
649 1431 719 1485 ab
749 1427 1420 1494 humilitatedissentiret,
1470 1426 1913 1489 additzludica,
1975 1436 2082 1480 etc.

507 1520 663 1587 Quod
686 1520 765 1576 sic
788 1519 1038 1591 jungitur
1079 1535 1093 1571 :
1138 1518 1289 1572 Licet
1327 1516 1597 1570 oraveritn
1658 1518 1798 1585 cripe
1823 1556 1840 1581 ,
1907 1525 2085 1570 tamen

507 1628 614 1669 ιιοί
681 1612 752 1667 ita
827 1626 928 1666 oro
971 1610 1108 1681 eripi
1173 1619 1232 1665 ιιι
1288 1610 1423 1664 nihil
1495 1608 1859 1663 tribulationis
1913 1608 2088 1677 patiar

510 1705 564 1758 in
601 1717 869 1772 corpore;
911 1702 1006 1757 sed
1067 1717 1164 1756 oro
1204 1711 1259 1756 et
1318 1700 1556 1755 concedo
1586 1700 1774 1768 judicu
1819 1698 2083 1768 judicium

2184 507 2262 562 Ne
2300 525 2430 563 vero
2459 518 2679 579 propter
2707 526 2894 564 eorum
2939 511 3342 565 damnationem
3384 508 3573 577 justam
3610 511 3730 566 Dens

2164 601 2575 655 imniiscricors
2598 601 2892 667 videretur,
2923 610 3168 656 rcinovct
3204 601 3329 664 hoc,
3362 603 3440 656 sic
3468 602 3733 668 :Quanivis

2182 691 2332 760 longe
2374 693 2439 746 sit
2485 709 2516 746 α
2561 680 2918 761 ρει-ταιονίὺῆ
2969 694 3154 756 salus,
3207 694 3574 747 misericordia:
3625 706 3731 757 tiur,

2182 780 2426 844 Domine,
2465 782 2666 845 multm,
2707 782 2758 835 id
2794 793 2876 837 est
2924 783 3186 838 beneﬁcia
3233 784 3611 839 misericordia
3647 795 3736 841 tute

2183 874 2350 928 multa
2394 884 2543 936 sunt,
2577 890 2697 942 qiue
2735 874 2787 929 in
2825 875 3080 930 omnibus
3118 876 3389 930 creaturis
3436 877 3540 929 tuis
3577 876 3736 929 inulti.

2184 952 2428 1018 formilcr
2473 965 2741 1035 operaris.
2794 964 2922 1020 Plus
2973 981 3103 1021 vero
3148 967 3308 1019 datur
3352 965 3589 1035 intelligi,
3632 983 3737 1022 euut

2183 1053 2598 1110 intieterminalc
2635 1056 2767 1111 dicit
2806 1057 3179 1111 misericordia:
3224 1069 3335 1112 tua:
3378 1058 3572 1123 multm,
3601 1074 3739 1128 quant

2184 1143 2229 1197 si
2267 1143 2383 1211 rjns
2425 1143 2858 1199 misericordiam
2899 1160 2996 1216 per
3030 1154 3217 1215 partes
3260 1144 3567 1200 denotaret.
3619 1146 3739 1200 l.lcm

2185 1233 2329 1289 valet
2356 1249 2420 1288 ac
2458 1235 2501 1287 si
2536 1235 2782 1290 diceret:
2809 1234 2911 1303 Tu,
2937 1235 3193 1301 Domine,
3232 1234 3465 1289 multum
3497 1247 3548 1290 et
3585 1236 3741 1290 inclia-

2184 1323 2367 1378 biliter
2398 1325 2704 1379 misericors
2730 1341 2810 1379 es.
3214 1329 3221 1337 ‘

2260 1432 2451 1501 Longe,
2507 1434 2747 1500 inquam,
2788 1434 2893 1487 erit
2929 1452 2961 1487 a
2997 1435 3359 1504 peccatoribus
3411 1433 3583 1496 salus,
3620 1449 3646 1485 a
3673 1450 3743 1487 me

2186 1536 2315 1575 vero
2341 1539 2444 1575 non
2473 1523 2544 1575 sit
2567 1523 2717 1591 longe
2743 1523 2925 1587 salus;
2962 1525 3055 1577 sed
3089 1523 3291 1591 viriﬁca
3318 1540 3401 1577 me
3433 1523 3538 1575 vita
3567 1533 3742 1576 :eterua

2188 1610 2475 1665 secundum
2510 1611 2773 1680 judicium
2805 1622 2976 1676 tuum,
3005 1612 3054 1665 id
3083 1622 3167 1666 est
3192 1613 3493 1666 secundum
3522 1613 3652 1681 quod
3671 1612 3746 1678 ju~

2172 1712 2333 1757 istum
2359 1701 2622 1770 judicium
2660 1710 2809 1755 tuum
2840 1702 3069 1771 expetit.
3101 1702 3250 1769 Quod
3286 1712 3376 1757 est
3402 1703 3579 1757 dicere
3600 1718 3613 1754 :
3634 1702 3747 1756 Cum

509 1812 678 1849 meum
702 1837 717 1860 ,
770 1795 822 1849 id
873 1803 955 1847 est
988 1794 1167 1862 judira
1208 1809 1292 1845 me
1330 1793 1438 1861 pai
1510 1791 1885 1845 trilinlationes
1924 1789 2082 1859 507
2122 1773 2161 1826 Β
2194 1803 2246 1846 ιιι
2280 1790 2459 1860 justus
2495 1790 2656 1859 jndcx
2685 1794 2779 1855 sis,
2807 1795 3011 1863 viri/ica
3041 1811 3142 1858 me,
3177 1810 3303 1848 cuni
3342 1795 3551 1864 justum
3592 1797 3655 1846 sit
3680 1813 3750 1849 tne

510 1887 618 1946 hic,
670 1886 810 1949 quol
853 1884 1116 1951 judicium
1163 1883 1235 1938 sit
1279 1898 1476 1943 meum,
1528 1882 1579 1934 i.l
1635 1891 1722 1935 est
1766 1880 1894 1934 inihi
1959 1880 2087 1933 utile

508 1988 577 2033 et
626 1978 1006 2044 salutil'ecum,
1060 1988 1106 2030 et
1151 1993 1246 2047 per
1291 1977 1393 2031 hic
1446 1975 1710 2044 judicium
1780 1973 2088 2027 tribulatio-

512 2082 638 2121 num
690 2068 1061 2137 temperabunt
1112 2068 1306 2120 redime
1346 2082 1425 2119 me
1494 2066 1546 2119 in
1596 2066 1778 2119 futuro
1839 2080 1870 2131 a
1929 2078 2087 2134 ptena

515 2156 690 2223 ignis;
730 2173 833 2226 qua
871 2166 993 2226 post
1026 2166 1256 2211 mortem
1292 2157 1535 2212 salvandi
1573 2152 1964 2227 purgabantur,
1998 2156 2089 2225 qui

516 2247 608 2301 hic
635 2262 732 2317 per
765 2248 1088 2318 temporales
1120 2248 1493 2303 tribulatioues
1531 2247 1738 2318 purgati
1771 2263 1876 2301 non
1908 2256 2089 2302 erunt.

516 2337 671 2392 Unde
691 2338 1013 2406 Apostolus:
1043 2338 1130 2391 «Si
1153 2337 1307 2407 cujus
1331 2352 1467 2406 opus
1491 2338 1686 2391 arserit
1710 2337 2001 2391 detriment
2042 2353 2093 2391 ni

518 2428 779 2496 patietur,
811 2428 924 2495 ipse
952 2443 1079 2480 vero
1119 2427 1299 2482 salvus
1323 2428 1447 2489 erit,
1479 2428 1559 2481 sic
1594 2437 1770 2481 tamen
1812 2428 1961 2495 quasi
2001 2443 2098 2497 per

519 2521 693 2584 ignem
725 2517 776 2584 (I
800 2517 923 2572 Cor.
965 2534 1050 2577 ιιι.
1076 2518 1186 2584 15).
1223 2539 1241 2571 ι
1298 2519 1363 2572 Ει
1394 2520 1655 2589 propheta
1701 2535 1715 2573 :
1763 2520 2095 2589 Rliompbtea

518 2607 658 2662 i'znis
689 2610 862 2676 posita
907 2617 994 2663 «st
1018 2608 1087 2663 ad
1115 2610 1436 2664 vestibulum
1483 2611 1720 2679 paradisi
1769 2611 1904 2681 (Im.
1952 2628 2096 2673 LXVI,

518 2695 628 2767 13).
680 2697 732 2751 In
774 2698 967 2754 Genesi
1011 2714 1227 2771 quoque
1272 2700 1465 2768 legitur
1504 2702 1629 2770 quia
1668 2712 1788 2771 post
1826 2703 2099 2772 expulsio-

517 2803 638 2840 nein
674 2788 802 2843 Atla:
836 2791 902 2843 de
932 2791 1185 2859 paradiso
1214 2791 1392 2860 posuit
1424 2793 1679 2865 Dominus
1702 2792 2015 2859 Clierubim,
2045 2803 2101 2849 et

522 2879 834 2934 ﬂammeum
862 2881 1096 2951 gladium
1127 2890 1293 2952 atque
1325 2884 1660 2949 versatilem,
1695 2886 1762 2940 ad
1790 2887 2101 2942 custodien-

518 2970 645 3049 dnm
683 2969 964 3024 intuitum
996 2972 1230 3040 paradisi
1260 2971 1412 3039 (Gen.
1438 2990 1521 3037 ιιι,
1542 2974 1656 3045 24).
1687 2975 1941 3043 Congrue
1976 2991 2102 3030 vero

517 3062 867 3131 p-irgatorius
906 3062 1047 3131 ignis
1082 3063 1172 3118 ille
1208 3079 1303 3135 per
1335 3081 1497 3134 quem
1540 3068 1781 3129 salvandi
1822 3068 2100 3124 transituri

517 3162 666 3216 sunt,
706 3153 915 3223 gladius
945 3154 1144 3211 dicitur
1177 3166 1234 3211 et
1271 3157 1560 3213 versatilis.
1584 3158 1831 3225 Gladius,
1874 3161 2001 3231 quia
2048 3162 2100 3214 in

519 3245 818 3313 purgandis
840 3259 1032 3301 omnes
1064 3249 1437 3317 peccaminum
1464 3251 1653 3305 sordes
1686 3252 2006 3320 amputabit,
2034 3252 2102 3307 ad

518 3333 924 3389 similitudinem
988 3335 1149 3405 gladii
1212 3340 1565 3407 amputantis.
1628 3341 1929 3405 \‘ersatilis,
1976 3342 2100 3412 quia

518 3437 549 3475 c
573 3440 641 3477 tm
673 3422 953 3479 celeritate
978 3440 1079 3495 per
1115 3442 1240 3481 eum
1278 3428 1468 3484 ﬁdeles
1504 3430 1727 3499 perfecti
1769 3431 2097 3495 transibunt,

522 3518 581 3562 ιιι
608 3513 676 3565 ab
704 3528 770 3566 eo
801 3529 906 3569 non
937 3513 1221 3581 lzedantur,
1264 3534 1295 3571 a
1329 3518 1681 3575 similitudine
1718 3520 1879 3591 gladii
1922 3537 2103 3577 vers:-

522 3601 658 3664 tilis,
688 3604 757 3657 ad
780 3620 940 3673 quem
967 3606 1012 3660 si
1038 3606 1237 3677 aliquis
1265 3608 1524 3680 odendal,
1558 3622 1615 3667 et
1640 3628 1866 3668 acumen
1893 3612 2009 3681 ejus
2034 3630 2101 3668 ex

520 3705 589 3745 eo
613 3699 876 3759 vertatur,
917 3710 1035 3749 non
1074 3696 1308 3753 lteditur.
1355 3700 1563 3757 Dicitur
1599 3703 1764 3759 etiam
1808 3704 2100 3771 versatilis,

521 3790 789 3849 quantum
827 3784 895 3838 ad
928 3784 1076 3853 ipsos
1103 3788 1193 3858 qui
1225 3790 1298 3845 ibi
1343 3794 1738 3865 purgabuntur.
1780 3795 1930 3851 Licet
1955 3811 2021 3851 en
2049 3812 2101 3850 in

466 3910 467 3913 η
524 3874 784 3943 purgandi
825 3875 895 3930 ibi
927 3877 1220 3944 patiantur,
1255 3890 1434 3937 tamen
1477 3885 1529 3938 in
1565 3896 1828 3941 aeternum
1868 3905 1973 3943 non
2011 3904 2105 3957 pa-

525 3967 750 4031 tientur,
781 3960 874 4020 sed
915 3968 1026 4023 cito
1063 3970 1314 4034 evadent,
1344 3988 1373 4025 a
1400 3973 1755 4031 similitudine
1789 3978 1950 4048 gladii
1986 3995 2104 4034 ver-
2178 3994 2183 3999 ‘

523 4056 717 4113 sutilis.
754 4059 820 4112 ad
848 4075 1007 4127 quem
1041 4060 1086 4115 si
1123 4059 1321 4130 aliquis
1358 4062 1681 4129 oll‘cudatur,
1712 4074 1768 4120 et
1797 4067 2104 4136 aliquantu-

522 4144 536 4195 l
563 4162 633 4197 ιιιι
669 4145 912 4212 ltedatur,
944 4158 1122 4205 tamen
1155 4150 1201 4205 si
1232 4159 1480 4207 vertatur
1505 4154 1684 4210 minus
1710 4154 1920 4211 laulitur
1941 4174 2101 4229 quam

526 4251 571 4289 SI
607 4253 712 4291 llOll
741 4251 1062 4296 verteretur.

606 4326 816 4383 (lidii'ue
841 4348 940 4394 me,
973 4332 1217 4402 inquam,
1245 4344 1297 4389 et
1326 4350 1431 4390 non
1459 4338 1632 4393 solum
1661 4340 1788 4405 hoc,
1818 4341 1913 4396 sed
1940 4343 2102 4397 etiam

527 4418 732 4484 cici/ica
763 4437 866 4485 me,
891 4431 1094 4478 adorna
1119 4424 1249 4493 vita,
1282 4435 1336 4481 et
1364 4426 1466 4483 ltoc
1496 4428 1580 4483 fac
1608 4442 1816 4500 propter
1835 4432 2098 4503 eloquium

524 4520 696 4575 luunt,
734 4513 787 4568 id
814 4526 898 4570 est
936 4528 1159 4590 propter
1184 4532 1512 4592 pratceptum
1551 4532 1724 4585 tuum.
1753 4540 1781 4577 a
1813 4540 1896 4580 me
1921 4536 2105 4581 custo-

524 4602 718 4669 ditum,
756 4607 834 4661 vel
877 4622 1098 4679 propter
1135 4614 1408 4683 eloquium
1455 4625 1626 4683 tuum,
1675 4615 1727 4669 id
1772 4626 1853 4671 est
1887 4627 2107 4687 propter

528 4697 853 4761 promissum
894 4708 1062 4756 tuum.
1112 4702 1413 4762 Premisisti
1451 4708 1620 4776 enim,
1647 4707 1838 4764 dicens
1864 4726 1878 4763 :
1906 4727 1925 4760 ι
1957 4710 2107 4765 Beati

502 4784 619 4853 ⁴ιιιιί
687 4791 1116 4855 persecutionem
1184 4798 1461 4865 patiuntur
1528 4808 1752 4869 propter
1804 4798 2106 4867 justitiam,

529 4879 785 4944 quoniam
833 4879 1073 4950 ipsorum
1114 4896 1200 4940 est
1237 4903 1463 4958 regnum
1508 4891 1772 4946 coriorum
1813 4891 2027 4962 (Matth.
2053 4908 2106 4955 v,

529 4965 642 5025 l0).
671 4986 692 5022 ι
730 4969 858 5027 Dico
880 4971 1084 5041 vivi/ica
1108 4991 1208 5039 me,
1237 4979 1379 5045 quod
1408 4996 1533 5035 vere
1564 4981 1746 5037 facies.
1778 4980 1901 5035 lltec
1928 4991 2111 5036 autem

527 5058 673 5114 salus
710 5061 1105 5120 viviﬁcatinnis
1147 5065 1297 5137 longe
1343 5071 1446 5124 crit
1473 5089 1505 5124 α
1534 5073 1889 5140 peccatoribus
1928 5074 2111 5129 crimi-

529 5151 733 5206 nalitcr
769 5157 1143 5222 peccantibus,
1180 5169 1233 5214 et
1267 5160 1481 5215 merito.
1531 5162 1672 5227 Quia
1703 5164 2110 5234 justiﬁcationcs

538 5250 658 5295 tuas
707 5242 797 5297 hic
839 5260 940 5298 non
975 5249 1358 5318 aquis-ierunt,
1391 5250 1441 5306 id
1470 5261 1557 5306 est
1594 5253 1781 5308 intima
1826 5255 2111 5311 ali'cctTone

524 5347 637 5385 non
673 5335 1001 5404 quaesierunt
1040 5342 1419 5399 tribulationes
1459 5344 1784 5415 temporales
1815 5347 1949 5416 pati,
1993 5363 2112 5416 qua:

527 5433 655 5478 sunt
687 5424 1105 5494 justiﬁcationes
1140 5450 1238 5504 per
1264 5452 1401 5506 quas
1432 5436 1618 5513 ﬁdeles
1649 5446 1771 5492 tuos
1800 5438 1888 5493 hic
1913 5454 2111 5508 purgas

496 5524 586 5569 -ct
617 5516 904 5586 justiﬁcas.
949 5522 1102 5588 Quod
1144 5535 1231 5580 est
1271 5528 1455 5583 dicere
1484 5547 1497 5583 :
1529 5528 1652 5584 Ideo
1688 5528 1743 5584 in
1784 5528 1965 5583 futuro
2005 5545 2109 5582 non

530 5606 907 5673 salvalmntur,
946 5627 1017 5680 qu
1042 5612 1204 5666 iniam
1254 5615 1343 5669 hic
1378 5632 1471 5685 per
1516 5616 2112 5686 tribulationcsjustiﬁ-

538 5699 651 5750 cari
704 5702 1095 5757 rcl’ntaverunt.
1136 5704 1247 5762 lloc
1275 5716 1455 5763 autem
1488 5708 1607 5766 ideo
1639 5709 1793 5777 dicit,
1826 5717 1884 5764 ut
1915 5723 2111 5779 pecca-

2129 3113 2171 3169 (Ζ

2192 1882 2450 1935 virilicari
2510 1882 2573 1935 Et
2599 1897 2726 1936 ecce
2756 1883 2901 1951 quod
2936 1883 3141 1952 justum
3168 1885 3259 1946 sit,
3296 1893 3356 1937 ut
3388 1900 3472 1937 me
3506 1884 3736 1935 vivitices.

2194 1971 2350 2027 Multi
2396 1972 2538 2025 enim
2570 1980 2699 2025 sunt
2743 1975 2830 2043 qui
2868 1985 3251 2043 persequuntur
3292 1990 3400 2038 me,
3447 1958 3664 2044 lngainlo
3698 1975 3751 2027 de

2192 2063 2412 2117 civitate
2450 2064 2500 2116 in
2532 2064 2811 2118 civitatem
2851 2075 3071 2133 propter
3102 2074 3174 2125 te,
3203 2074 3250 2118 et
3282 2065 3536 2117 tribulam
3570 2083 3641 2117 me
3667 2066 3749 2117 tri-

2195 2154 2563 2208 bulationibus
2600 2155 2940 2225 incorpore,
2976 2164 3030 2207 ιιι
3074 2170 3160 2208 me
3203 2165 3403 2224 cogant
3450 2172 3477 2207 a
3517 2156 3752 2207 mandatis

2198 2243 2302 2295 luis
2328 2243 2630 2310 declinare;
2670 2253 2725 2298 et
2770 2254 2949 2298 tamen
2993 2261 3094 2298 nou
3136 2244 3424 2311 declinari,
3466 2244 3514 2297 id
3555 2253 3631 2297 cst
3665 2260 3751 2294 non

2197 2335 2418 2389 discessi
2463 2354 2494 2387 (ι
2535 2336 2848 2388 testimoniis
2888 2336 3015 2399 tuis,
3066 2336 3118 2388 id
3159 2346 3243 2389 est
3291 2351 3321 2387 a
3368 2335 3751 2388 niandatislnis.

2200 2426 2265 2479 Et
2302 2426 2421 2479 ideo
2450 2441 2666 2496 quoque
2697 2441 2782 2479 me
2821 2426 2987 2480 debes
3026 2426 3329 2490 viviﬁcare,
3363 2427 3611 2495 quoniam
3641 2425 3754 2475 adeo

2200 2517 2470 2585 perfectis
2495 2533 2611 2571 sum
2644 2516 2786 2584 quod
2822 2516 2926 2568 vidi
2949 2516 3376 2583 pru'twricmites,
3411 2515 3462 2569 id
3496 2525 3577 2569 cst
3613 2513 3755 2583 negl?-

2204 2618 2394 2678 genter
2437 2616 2823 2677 praetereuntes
2863 2606 3112 2658 mandata
3154 2614 3269 2669 tua,
3314 2616 3363 2659 et
3404 2605 3568 2658 nimio
3600 2604 3757 2656 dolore

2204 2714 2301 2769 pro
2332 2699 2461 2767 ipsis
2491 2698 2812 2752 tabescebat"
2846 2697 2896 2750 in
2930 2698 3134 2769 anima,
3155 2697 3279 2766 quia
3307 2714 3413 2750 non
3437 2696 3756 2750 custodierunt

2201 2793 2410 2861 eloquio
2440 2802 2555 2853 tuo,
2593 2791 2643 2843 id
2674 2800 2757 2844 est
2787 2791 3036 2843 mandata
3086 2799 3196 2842 tua.
3249 2790 3408 2856 Quod
3455 2800 3536 2844 est
3575 2790 3754 2843 dit-ens:

2205 2884 2326 2936 Ideo
2351 2898 2435 2937 me
2459 2882 2625 2937 deth
2654 2881 2927 2934 viviﬁeare
2956 2881 3079 2948 quia
3119 2882 3344 2934 lalcsco
3375 2881 3444 2933 de
3473 2894 3645 2933 errore
3672 2876 3756 2928 ini-

2208 2977 2470 3029 micorum
2518 2987 2802 3038 meorum,
2851 2974 3104 3027 mandata
3154 2982 3240 3026 tua
3294 2970 3755 3040 prmvaricautinm.

2210 3066 2333 3135 ipsi,
2370 3066 2615 3134 inquam,
2647 3064 2899 3117 mandata
2948 3072 3036 3117 tua
3079 3079 3183 3117 non
3232 3062 3638 3125 custodierunt;
3676 3072 3758 3125 ego

2204 3167 2385 3213 autem
2412 3167 2467 3211 et
2494 3156 2758 3211 custodivi
2787 3165 2839 3209 et
2864 3155 3051 3209 dilexi.
3082 3156 3145 3209 Et
3170 3156 3273 3210 hoc
3303 3155 3443 3221 vide,
3474 3163 3528 3207 tu
3553 3152 3758 3213 Domine,

2205 3248 2258 3304 id
2282 3256 2368 3302 est
2393 3247 2523 3302 milii
2553 3246 2706 3301 testis
2748 3255 2887 3310 esto,
2920 3245 3085 3316 508
3123 3246 3379 3314 quoniam
3417 3244 3655 3318 mandata
3684 3252 3758 3292 tua

2203 3339 2385 3395 dilexi.
2415 3340 2568 3403 Vide,
2595 3338 2837 3408 inquam,
2877 3352 2982 3391 non
3012 3338 3154 3407 quod
3189 3339 3290 3391 hoc
3320 3354 3434 3391 non
3465 3336 3660 3396 videas,
3683 3332 3758 3384 sed

2204 3431 2325 3486 ride
2369 3439 2428 3484 ut
2472 3440 2689 3501 prepter
2734 3430 2835 3485 hoc
2882 3444 2968 3484 me
3011 3430 3269 3484 viviﬁces.
3352 3429 3422 3483 Et
3467 3444 3567 3481 nou
3612 3425 3757 3480 solum

2203 3531 2424 3591 propter
2466 3521 2581 3576 haec
2623 3536 2738 3579 mea
2782 3520 2971 3575 merita
3013 3536 3110 3574 oro
3149 3530 3207 3573 ut
3245 3536 3331 3574 me
3378 3520 3631 3580 virilices,
3680 3514 3755 3565 scil

2203 3613 2369 3667 etiam
2394 3612 2601 3678 vivi/ica
2630 3629 2712 3666 me
2740 3612 2793 3665 in
2821 3612 3182 3666 misericordia
3207 3622 3323 3674 tua,
3353 3612 3409 3667 id
3429 3622 3513 3666 est
3536 3610 3586 3663 iit
3612 3604 3758 3661 consi-

2203 3703 2487 3757 deratione
2524 3698 2907 3757 misericordia:
2938 3712 3059 3756 tuae.

2278 3811 2472 3877 Dilexi,
2504 3812 2744 3881 inquam,
2780 3814 3030 3865 mandatu
3062 3822 3173 3865 tua.
3205 3811 3267 3865 Et
3302 3812 3427 3866 ideo
3449 3810 3625 3871 dilexi,
3654 3807 3756 3877 quia

2205 3904 2418 3967 reritus,
2450 3903 2501 3957 id
2525 3911 2607 3956 est
2628 3901 2837 3970 justitia
2868 3913 2923 3957 et
2950 3904 3204 3957 honestas
3231 3911 3315 3957 est
3339 3903 3646 3973 principium
3671 3913 3761 3951 m-

2206 3994 2389 4049 borum
2417 4005 2649 4056 tuorum,
2684 3994 2733 4048 id
2762 4003 2846 4049 est
2875 3994 3187 4064 principalis
3215 4010 3382 4049 causa
3415 3994 3758 4048 mandatorqu

2206 4095 2444 4137 tuorum.
2492 4083 2646 4149 Quod
2679 4092 2763 4137 est
2790 4084 2971 4139 dicere
3001 4101 3014 4137 :
3045 4084 3166 4139 Ideo
3191 4100 3255 4138 ea
3286 4084 3451 4138 dilexi
3483 4084 3602 4153 quia
3630 4082 3760 4135 νίιιιυ

2204 4172 2346 4241 quod
2379 4170 2688 4240 principalis
2714 4186 2874 4226 causa
2910 4173 3286 4226 mandatorum
3330 4172 3590 4242 ipsorum,
3616 4181 3760 4237 quare

2207 4278 2268 4316 ea
2310 4259 2559 4316 ﬁdelibus
2587 4263 2810 4329 dedisti,
2852 4273 2937 4318 cst
2976 4265 3077 4319 hoc
3116 4265 3258 4334 quod
3299 4265 3526 4318 honesta
3572 4270 3683 4315 sunt
3716 4268 3759 4310 et

2201 4351 2369 4421 justa,
2419 4361 2473 4407 et
2514 4354 2799 4407 honestum
2849 4364 2904 4409 et
2948 4355 3153 4425 justum
3197 4356 3296 4408 fuit
3340 4365 3403 4410 ut
3449 4370 3512 4409 ea
3544 4352 3760 4407 ﬁdelibus

2140 4453 2181 4507 ι)
2210 4443 2317 4497 tuis
2361 4444 2692 4514 injungcres.
2740 4445 2817 4499 Ac
2862 4446 2905 4499 si
2955 4446 3136 4501 dicat:
3169 4447 3305 4500 Srint
3352 4462 3533 4500 causa:
3584 4442 3756 4499 ιιιιιιιςιτ.

2207 4520 2405 4600 quibus
2428 4547 2494 4586 ea
2530 4532 2829 4601 injunxisti,
2859 4534 2962 4589 hoc
2987 4534 3196 4589 scilicet
3223 4535 3366 4602 quod
3400 4535 3450 4587 in
3481 4548 3538 4589 se
3564 4533 3756 4585 honesta

2208 4630 2337 4676 sunt
2367 4630 2423 4676 et
2451 4622 2625 4692 jnsta,
2662 4631 2717 4676 et
2743 4623 3092 4677 exsecutione
3119 4623 3307 4693 digna,
3335 4639 3443 4677 una
3487 4636 3639 4677 causa
3668 4627 3754 4672 est.

2208 4712 2348 4780 Quid
2387 4713 2532 4767 enim
2569 4713 2849 4769 honestius
2887 4723 2970 4769 est
3011 4724 3066 4770 et
3096 4713 3297 4780 justius
3320 4731 3487 4785 quam
3531 4714 3679 4767 Deum
3702 4723 3755 4761 ex

2211 4809 2324 4854 toto
2352 4801 2522 4857 corde
2556 4802 2801 4873 diligere,
2830 4811 3062 4867 castum,
3091 4804 3374 4866 humilem,
3400 4812 3457 4859 et
3488 4801 3756 4858 modestum

2210 4907 2353 4956 esse,
2391 4901 2447 4948 et
2487 4903 2713 4948 cunctas
2756 4894 2982 4948 virtutes
3028 4894 3270 4949 habere?
3315 4894 3431 4948 Alia
3464 4907 3588 4948 vero
3618 4902 3755 4944 cau-a

2210 4992 2296 5036 est
2321 4996 2420 5053 pro
2444 4997 2550 5049 qua
2581 4997 2642 5037 ea
2675 4983 2892 5048 dedisti,
2923 4992 2980 5036 ut
3003 4999 3103 5051 per
3129 4999 3317 5038 eorum
3354 4981 3755 5039 observationem

2211 5071 2487 5126 beatitudo
2516 5080 2741 5140 paretur
2774 5084 2997 5127 aeterna.
3034 5072 3147 5128 lloc
3168 5089 3298 5129 vero
3315 5075 3455 5143 quod
3486 5075 3688 5127 honesta
3712 5075 3755 5118 ct

2206 5162 2348 5233 justa
2381 5171 2508 5215 sunt
2538 5162 2590 5215 in
2623 5178 2683 5216 se
2715 5161 2837 5216 ideo
2876 5162 3188 5232 principalis
3226 5178 3390 5218 causa
3418 5162 3622 5221 dicitur.
3650 5155 3752 5226 quia

2215 5253 2484 5322 imprimis
2506 5253 2887 5308 consideratur
2913 5269 2981 5307 an
3004 5252 3209 5321 justum
3240 5264 3295 5309 et
3321 5255 3597 5309 honestum
3636 5249 3682 5301 iu
3705 5259 3753 5298 se

2212 5344 2287 5398 sit
2312 5343 2460 5412 quod
2488 5344 2628 5398 Deus
2657 5344 2932 5412 prtcccpit.
2968 5343 3262 5413 Postquam
3292 5342 3630 5412 verojustum
3655 5348 3754 5390 esse

2213 5446 2362 5507 patet
2388 5448 2441 5491 et
2467 5438 2782 5501 honestum;
2810 5452 2932 5504 quae
2966 5437 3087 5491 inde
3116 5436 3325 5490 utilitas
3353 5443 3616 5504 sequetur,
3648 5440 3752 5483 tunc

2213 5531 2429 5585 demum
2481 5531 2793 5600 inquiritur.
2850 5530 2973 5583 llzcc
3017 5541 3199 5584 autem
3249 5526 3557 5599 principalis
3593 5532 3751 5576 eorum

2213 5638 2397 5686 causa,
2445 5622 2653 5675 scilicet
2704 5623 2917 5685 rei-itas,
2958 5621 3009 5675 id
3044 5630 3128 5676 est
3173 5620 3432 5675 honestas
3474 5626 3527 5673 et
3568 5608 3747 5684 inslilit1

2215 5727 2426 5777 eorum,
2458 5710 2677 5769 lecitnt
2710 5710 2987 5780 diligerem
3022 5708 3273 5763 mandata
3306 5722 3507 5764 eorum.
3556 5702 3615 5759 Ει
3651 5699 3751 5751 ideo
