1989 3164
108 159 119 186 l
124 159 176 187 309

566 155 747 185 EXFOSITIO
765 156 797 184 ΙΝ
818 154 986 184 ΡΞΑΙΔΙΟδ.
1004 171 1038 176 -
1054 155 1150 183 PSAL.
1165 155 1279 183 CXVIII.

1667 156 1736 185 13ἰο

106 217 196 244 adhuc
209 214 289 242 dilexi
301 215 426 241 ntandata
440 219 485 241 ttta
497 221 506 241 :
518 214 580 248 quia
591 214 695 249 judicia
706 206 818 250 justitin
832 217 895 245 tute,
910 215 933 243 Λ
955 210 1014 239 cum
1029 218 1136 240 tuorntn
1157 212 1308 248 diligerem.
1330 212 1386 240 lloc
1400 213 1480 240 etiam
1500 215 1611 250 contigit
1625 223 1658 244 ex
1673 224 1734 250 pcr-

107 263 133 289 i-I
149 266 193 289 est
205 265 279 294 justa
294 260 420 286 mandata
438 264 494 291 tua,
511 267 570 293 qua:
587 263 613 286 ιιι
632 256 761 294 coinpleri
780 257 895 292 iudicas,

106 310 168 333 sunt
185 304 311 332 ducentia
328 305 356 331 in
372 309 497 331 wternum
515 303 692 339 completores
709 310 782 330 suos.
795 303 831 331 Ut
846 303 898 338 igi-

106 357 150 379 tnr
161 355 191 379 et
204 357 248 378 me
260 351 359 378 ducant
381 350 408 376 in
428 354 565 382 teternum,
587 349 668 376 dilexi
682 357 713 377 ca
728 349 767 377 sic
780 354 809 376 ut
823 356 898 377 com-

106 395 221 431 plerem.
547 404 549 407 ν

141 440 198 468 Sea
212 447 291 475 super
315 438 411 466 vulnus
424 438 630 474 interpretatur.
648 437 724 471 Quod
736 445 801 466 vero
819 445 900 473 super

106 486 207 513 vnlnus
223 484 375 512 sanamlum
389 484 508 519 ponitur,
522 488 564 511 est
576 484 618 511 vel
632 484 764 519 malagma
779 484 899 519 aliquod,

106 531 149 559 vel
165 531 356 566 emplastrum,
369 530 411 557 vel
425 530 553 565 quaslibet
567 529 619 556 alia
630 529 773 557 medicina.
785 529 837 557 Per
847 529 900 557 Sen

106 585 174 613 ergo
190 584 273 612 super
287 577 384 604 vulnus
402 576 606 611 interpretatum
616 596 623 608 ,
647 583 707 611 qute
722 575 785 603 huic
800 575 900 602 inscri-

105 623 183 651 bitur
204 622 342 654 clausulae,
365 622 487 649 iutmitur
509 621 579 656 qttod
604 621 697 649 ﬁdeles
722 621 767 649 hic
790 625 901 656 agentes

107 668 259 696 ostendunt
281 667 497 702 persecutiones,
522 674 591 701 quas
612 674 661 701 pro
682 667 735 694 Deo
749 666 899 701 patittntur,

107 720 171 741 esse
182 720 265 747 super
278 712 385 745 vulnus,
399 712 426 739 id
438 716 480 739 est
492 719 554 739 esse
565 712 726 739 medicinam
737 719 790 746 qua
802 719 901 739 sanan-

109 764 155 786 tur
169 759 280 786 vulncra
300 763 486 793 peccatorum,
498 757 622 794 qumjam
634 758 661 784 in
673 758 713 785 eis
727 758 794 785 adeo
807 762 900 784 sanata

108 807 175 831 sunt
189 807 218 830 ut
231 803 399 837 iniquitatem
413 802 475 829 odio
488 803 615 835 ltabeant,
627 807 655 830 et
669 810 730 829 eain
743 802 902 829 abomincn-

110 856 172 882 tur,
192 854 220 877 et
232 849 357 876 laetentur
370 856 451 884 sttper
464 848 570 883 eloquia
580 848 687 875 Dontini
703 852 731 875 et
745 848 829 884 legem
842 847 900 881 ejus

950 260 1134 287 secutionibus
1146 260 1223 293 meis,
1236 260 1306 294 quod
1321 267 1371 294 ego
1382 260 1410 286 in
1423 261 1606 290 dievirtulum
1622 263 1733 297 positus.

950 306 975 333 id
988 311 1030 333 est
1046 307 1071 333 in
1086 306 1210 334 claritate
1228 307 1356 334 virtutum
1369 307 1424 333 dixi
1444 307 1491 333 tibi
1505 308 1621 341 laudem,
1640 315 1666 336 et
1688 317 1735 337 ore

949 357 975 380 et
988 352 1073 381 corde
1089 357 1118 380 et
1138 360 1221 387 opere
1242 353 1346 387 septies,
1367 353 1392 379 id
1412 357 1453 380 cst
1478 360 1527 387 per
1548 358 1630 381 totam
1651 356 1735 382 vitam

950 408 1048 433 meam,
1063 408 1123 435 quas
1145 408 1194 435 per
1208 400 1391 435 septenarium
1409 405 1551 427 numerum
1568 400 1735 437 intelligitur,

950 453 983 473 eo
998 445 1069 480 quod
1083 453 1132 480 per
1145 446 1321 480 dics'septem
1336 445 1469 472 volvatur.
1489 444 1535 471 νει
1548 445 1605 472 dixi
1619 446 1665 472 tibi
1678 446 1737 472 Ιιηι-

949 492 1008 520 dem
1027 492 1133 527 septies,
1159 492 1184 519 id
1199 496 1241 519 est
1262 492 1288 519 in
1300 496 1402 526 septem
1423 491 1501 518 donis
1514 491 1635 526 Spiritus
1651 492 1737 518 sam-ti

950 546 1011 574 qua:
1032 539 1098 566 mihi
1117 538 1224 566 dedisti.
1240 538 1277 565 Ex
1300 538 1352 571 hoc
1370 543 1460 564 autem
1484 538 1556 572 quod
1582 537 1625 565 hic
1638 538 1738 564 dieitttr

950 584 1043 619 septies
1054 584 1082 611 in
1095 583 1139 611 die
1152 583 1257 611 laudem
1272 583 1328 610 dixi
1345 582 1402 613 tibi.
1419 589 1484 609 usus
1504 582 1555 609 iste
1570 582 1596 608 in
1616 582 1737 609 Ecclesia

955 630 1077 661 inolevit,
1095 633 1125 656 ιιι
1140 629 1240 664 septies
1253 628 1280 656 in
1292 628 1334 655 die
1347 627 1406 655 latts
1416 627 1474 655 Deo
1486 634 1501 653 a
1513 626 1618 653 clericis
1637 626 1738 653 refcra-

952 681 1006 709 tur,
1022 677 1049 703 in
1068 675 1205 703 Matutinis
1216 674 1329 705 scilicet,
1346 672 1414 700 etin
1431 671 1535 703 Printa,
1548 676 1575 698 et
1591 671 1617 698 in
1632 671 1739 702 Tertia,

951 727 977 749 et
993 722 1019 748 io
1041 722 1134 753 Sexta,
1149 725 1177 748 et
1193 720 1221 748 itt
1239 720 1324 751 Nona,
1339 723 1367 745 ct
1380 718 1409 744 in
1424 717 1562 752 Vesperis,
1576 722 1602 744 et
1617 716 1643 743 itt
1658 716 1739 743 Com-

952 767 1076 802 pletorio.
1092 766 1120 795 Si
1137 773 1201 793 vero
1212 764 1349 792 Matutinus
1364 768 1444 790 nocte
1459 763 1591 791 dicantur.
1605 760 1671 788 nihil
1689 760 1736 786 im-

951 812 1035 847 pedit,
1054 811 1115 846 qttia
1136 811 1193 838 dies
1215 814 1242 837 et
1265 817 1316 836 nox
1340 809 1375 835 alt
1397 807 1576 835 aritlnneticis
1594 805 1740 840 aliquando

953 862 1037 884 totuut
1055 856 1134 884 simul
1149 857 1205 883 dies
1218 859 1341 882 vocatur.
1358 853 1429 885 Dixi,
1443 853 1563 887 inquam,
1576 851 1622 878 tibi
1634 850 1738 877 laudent

108 895 224 930 diligant
236 914 244 926 ,
261 899 288 922 et
306 893 406 929 septies
420 894 447 920 in
465 894 518 925 die,
533 893 638 921 tandem
660 893 684 920 ei
702 893 805 925 dicant,
818 897 846 920 et
858 900 902 935 sa-

958 906 1083 929 contuens
1096 909 1173 935 super
1190 900 1292 935 judicia
1303 899 1416 934 justitia:
1432 885 1495 930 tute,
1511 897 1537 924 id
1553 901 1594 924 est
1611 896 1737 923 conside-

111 940 205 967 lntare
219 938 276 973 ejus
289 943 456 973 exspectent.
473 938 528 966 lloc
542 943 632 965 autem
646 945 677 966 ea
694 938 846 965 intentione
858 938 901 965 di-

110 988 178 1012 cttnt
193 989 223 1011 ut
237 984 277 1012 sic
293 984 429 1011 auditores
442 983 475 1011 ad
490 983 631 1019 patiendas
644 983 848 1019 persecutiottes
861 983 903 1010 itt-

109 1030 209 1057 vitent.

148 1074 288 1109 Principes
303 1074 432 1109 persecuti
446 1077 507 1101 sunt
523 1081 575 1106 me,
589 1078 642 1101 etc.
663 1073 740 1107 Quod
765 1073 800 1101 ita
822 1080 904 1108 supc-

112 1119 236 1146 rioribus
253 1118 405 1153 copulatur.
425 1117 485 1145 Dixi
510 1118 645 1153 superius,
668 1118 738 1152 quod
751 1117 827 1144 multi
841 1121 905 1145 sttnt

109 1165 157 1199 qui
170 1170 363 1199 persequuntur
381 1173 437 1197 me;
457 1169 484 1192 et
507 1165 542 1191 ita
563 1170 626 1192 est:
646 1163 780 1198 Principes
803 1164 903 1191 terreni

109 1210 242 1244 persecuti
252 1215 312 1236 sunt
324 1218 364 1236 me
375 1211 467 1244 gratis,
481 1209 585 1237 scilicet
600 1216 642 1236 me
657 1216 710 1236 non
722 1213 904 1243 promercale,

109 1255 187 1283 mlio
202 1262 263 1282 meo
277 1260 352 1282 reatu
368 1255 438 1281 illatn
462 1254 680 1290 persecutionem
700 1254 842 1289 exigente;
863 1261 905 1280 rc-

110 1309 159 1336 ges
177 1301 283 1328 scilicet
301 1304 327 1328 et
345 1301 427 1328 duces
448 1305 475 1327 ct
497 1300 588 1328 czeteri
613 1300 765 1335 principes,
784 1300 906 1328 volentes

111 1355 155 1375 me
173 1348 319 1375 formidine
332 1355 474 1382 pennarum
499 1354 596 1382 cogere
611 1347 644 1373 ad
660 1346 805 1374 deiectum.
831 1346 863 1373 Et
877 1351 907 1373 ut

109 1401 209 1421 eorum
223 1393 426 1428 persecutiones
443 1401 495 1420 tton
512 1392 697 1424 formidat-em,
712 1396 740 1418 et
755 1392 795 1419 sic
808 1391 907 1419 delice-

111 1448 183 1469 rt-tn,
204 1438 354 1473 formidavit
378 1446 423 1465 cor
444 1445 530 1465 meum
548 1441 666 1465 aeternas
683 1443 788 1471 pwnas,
804 1441 832 1464 et
851 1437 908 1464 haec

111 1486 231 1513 formido
243 1484 357 1519 contigit
376 1493 391 1511 tt
406 1484 490 1511 verbis
506 1484 569 1511 tuis.
586 1483 681 1510 Dixisti
695 1490 822 1518 namque,
839 1482 905 1510 deli-

111 1533 219 1559 rietttcs
242 1530 269 1557 itt
285 1535 419 1558 aeternum
444 1537 505 1557 esse
528 1518 712 1562 damnandosﬁ
742 1529 819 1564 juxta
842 1528 906 1555 illud

110 1575 255 1611 Evangelii
269 1584 277 1603 :
292 1585 302 1601 t
316 1574 367 1609 Qui
392 1580 466 1602 amat
491 1575 608 1602 animam
626 1582 715 1607 sttam,
728 1575 823 1610 perdet
845 1582 905 1601 eam

111 1622 212 1655 (Joan.
234 1629 283 1653 xn,
307 1621 370 1655 2|).
395 1630 404 1646 ι
435 1620 497 1648 Hau:
522 1620 606 1655 igitur
630 1620 747 1647 formido
771 1625 907 1655 perpetua:

112 1666 302 1694 ttantnatimtis
318 1666 489 1693 formidinem
511 1666 616 1700 expulit
636 1665 793 1700 temporalis
813 1673 907 1701 perse-

111 1712 244 1740 cutionis.
260 1711 299 1739 Ex
312 1712 355 1739 his
368 1717 457 1739 autent
471 1711 704 1747 persecutiouibns
713 1718 780 1746 quas
792 1711 907 1738 sustintti

111 1767 127 1786 a
152 1757 325 1793 principibus
351 1757 379 1785 in
399 1762 502 1784 tantum
533 1756 669 1792 perfectus
698 1764 757 1784 sum
783 1756 852 1791 quod
881 1756 907 1783 its

112 1810 245 1840 pressura
273 1803 386 1830 istarum
411 1810 464 1830 non
497 1802 681 1830 contristabor
712 1801 827 1834 amodo;
861 1801 908 1829 sed

111 1858 163 1886 ego
182 1849 242 1884 ipse
256 1849 362 1884 patiens
381 1849 491 1876 ltetubor
505 1848 629 1876 Iirmatns
646 1852 675 1875 et
692 1848 820 1875 I’tmdatus
832 1855 910 1882 super

112 1897 222 1929 eloquia
237 1901 294 1928 tua,
309 1896 336 1923 id
349 1899 392 1922 est
405 1902 487 1928 super
502 1894 634 1930 ptomissa
650 1898 706 1925 tua,
719 1893 786 1920 sicut
806 1893 849 1927 qui
866 1893 909 1919 in-

113 1942 186 1970 renit
205 1941 291 1976 spolia
311 1939 407 1968 multa.
425 1939 502 1973 Quod
522 1945 563 1968 est
577 1940 668 1967 dicere
685 1947 691 1965 :
711 1938 787 1966 Sicut
807 1938 851 1965 ille
863 1937 909 1973 qui

113 1988 219 2016 multas
241 1987 352 2015 exuvias
375 1987 508 2022 pretiosas
530 1986 643 2019 invenit,
667 1985 775 2012 laetatur
791 1984 825 2012 de
846 1984 911 2019 ipsis

112 2034 221 2070 spoliis,
237 2033 274 2060 ita
289 2040 341 2068 ego
353 2032 482 2060 fundatus
495 2039 576 2066 super
589 2032 719 2065 proutissa
736 2030 910 2057 heatitulinis

112 2083 237 2112 teternte,
252 2077 363 2105 lattabor
375 2077 409 2105 de
420 2084 466 2112 spe
479 2077 563 2112 ipsius
577 2075 762 2104 beatitudinis.
774 2074 910 2103 Promissa

113 2124 218 2160 quippe
239 2128 300 2156 tua,
323 2123 529 2150 fundamentum
553 2128 616 2149 sunt
640 2121 706 2149 mihi
732 2120 848 2153 Iustitia;
868 2120 911 2147 vel

113 2171 157 2198 sic
168 2178 177 2198 :
191 2169 230 2197 Ex
242 2168 474 2205 persecutionibus
481 2169 619 2203 continget
632 2167 704 2202 quod
717 2174 767 2202 ego
775 2166 856 2202 509
867 2167 911 2193 hic

114 2216 248 2244 fundatus
268 2223 346 2251 super
366 2214 471 2249 eloquia
493 2219 552 2244 tua,
574 2213 599 2240 id
619 2217 662 2240 est
681 2220 763 2246 super
778 2216 909 2246 pra-cepta

115 2268 176 2294 tua,
205 2267 268 2295 quae
291 2246 419 2288 custodio
438 2259 549 2294 jugitcr,
576 2258 689 2286 [ωιαὸον
714 2258 740 2284 in
763 2257 855 2284 futuro
879 2257 912 2283 de
927 2246 950 2274 ί)

113 2312 219 2334 interna
246 2305 412 2332 beatitudine
439 2304 546 2331 tandem
579 2302 750 2336 invenienda,
769 2302 841 2330 sicut
865 2301 909 2329 ille

115 2353 227 2381 laetatur
237 2352 283 2387 qui
297 2351 392 2378 inuenit
406 2350 492 2384 spolia
505 2349 599 2377 multa.

152 2398 281 2432 Coagrue
294 2396 413 2431 quidem,
428 2395 567 2422 beatitudo
578 2399 681 2421 atterna
696 2393 790 2429 spoliis
802 2400 911 2428 compa-

118 2449 207 2472 ratur.
223 2443 312 2477 Spolia
327 2442 399 2469 enim
417 2441 527 2476 proprie
541 2441 670 2468 dicttntttr
689 2440 794 2467 exuvias
808 2447 870 2474 qua:
883 2439 909 2465 vi

118 2489 292 2517 auferuntur.
305 2487 344 2514 Ita
362 2494 427 2514 vero
442 2486 581 2514 beatitudo
594 2490 696 2513 aeterna
711 2485 787 2519 qttasi
802 2484 827 2511 vi
845 2491 913 2518 qna-

117 2537 184 2563 dam
199 2534 367 2569 acquiritur;
380 2532 528 2568 jejunando
542 2532 655 2562 scilicet,
667 2530 813 2566 vigilando,
826 2535 852 2557 et
866 2529 913 2556 a-I-

117 2587 200 2608 versa
216 2578 331 2614 plurima
346 2577 483 2613 patiendo.
508 2576 583 2605 Unde
596 2577 623 2604 in
637 2576 783 2611 Evangelio
796 2584 803 2603 :
832 2578 848 2601 t'
862 2575 914 2603 lle-

119 2633 204 2661 gnum
215 2623 346 2652 caelorum
360 2623 414 2650 vim
429 2623 541 2658 patitur.
557 2627 585 2650 et
599 2622 709 2649 violenti
724 2621 829 2655 rapiunt
850 2621 914 2648 illud

120 2671 232 2707 (Matth.
255 2678 294 2703 xt,
317 2670 374 2709 l2).
394 2679 403 2695 ι
428 2669 486 2697 Hoc
507 2669 588 2697 etiant
611 2676 642 2696 ex
682 2667 915 2703 persecutionibus

120 2717 238 2752 contigit
260 2716 332 2751 quod
357 2716 521 2751 iniquitatem
540 2716 602 2742 odio
626 2714 716 2747 habui,
734 2719 761 2742 et
782 2715 913 2741 intantttm

121 2764 187 2791 odio
200 2762 283 2790 habui
297 2762 368 2797 quod
383 2770 444 2789 eatn
463 2762 629 2788 abominatus
649 2769 717 2792 sum,
740 2760 765 2787 id
783 2765 823 2787 est
843 2760 913 2786 illam

122 2812 282 2836 exsecratus
292 2815 352 2835 sum
361 2815 369 2840 ;
382 2807 464 2842 legem
477 2811 565 2834 autent
576 2811 648 2833 tuam
660 2805 752 2836 dilexi,
765 2805 791 2832 id
799 2810 841 2832 cst
851 2813 916 2832 cou-

125 2854 184 2890 tigit
199 2861 233 2882 ex
251 2853 316 2890 ipsis
338 2853 582 2889 persccutionibus,
601 2856 630 2880 ut
654 2852 739 2887 legem
763 2856 913 2888 pracepto-

920 1567 942 1597 ε

953 955 1015 974 rans
1030 946 1103 981 justa
1112 946 1213 981 judicia
1229 950 1282 974 tua.
1297 945 1402 972 scilicet
1413 943 1625 979 persecutiones.
1638 949 1697 976 qum
1712 946 1738 967 tu

949 992 1056 1026 iudicas
1083 991 1174 1018 Ildeles
1196 995 1257 1018 tttns
1276 990 1330 1026 pati
1355 994 1385 1017 ιιι
1409 997 1458 1024 per
1482 996 1528 1015 cas
1546 988 1739 1022 jnstiﬁceutur.

953 1038 1028 1071 Quod
1046 1041 1088 1065 est
1101 1037 1192 1064 dicere
1208 1044 1215 1063 :
1241 1036 1278 1063 De
1292 1035 1525 1070 perstat-titionibus
1549 1034 1615 1060 meis
1635 1032 1739 1058 laudari

955 1088 990 1114 te,
1004 1082 1179 1109 considerans
1198 1080 1269 1116 quod
1293 1082 1334 1107 Istc
1356 1080 1411 1107 sint
1435 1086 1517 1106 cauSa
1540 1076 1741 1113 justilicationis

955 1128 1030 1156 ntilti.
1048 1127 1093 1155 Vel
1107 1128 1146 1155 sic
1162 1136 1170 1154 :
1189 1126 1305 1153 Laudent
1322 1126 1378 1153 dixi
1390 1125 1434 1152 tibi
1451 1133 1497 1152 ore
1509 1129 1536 1150 et
1550 1124 1629 1151 corde
1646 1122 1741 1149 funda-

955 1178 998 1200 tus
1010 1181 1087 1207 super
1094 1173 1196 1207 judicia
1206 1171 1318 1206 justititu
1329 1175 1391 1203 tua',
1405 1170 1431 1197 id
1444 1175 1484 1196 est
1498 1166 1658 1204 snperjusta
1675 1174 1743 1201 pra:-

955 1223 1032 1252 ccpta
1052 1223 1108 1249 tua,
1127 1225 1186 1252 qua:
1199 1216 1307 1250 iudicas
1325 1223 1384 1243 esse
1399 1214 1568 1250 complenda,
1582 1221 1642 1248 quae
1659 1213 1742 1239 etiam

955 1262 1097 1298 complevi.
1119 1262 1187 1295 Quia
1206 1261 1310 1288 dixerat
1336 1260 1417 1287 dilexi
1440 1259 1521 1294 legem
1545 1264 1629 1291 luant,
1654 1261 1744 1292 posset

955 1307 1038 1342 qmeri
1057 1315 1117 1342 qua:
1130 1306 1232 1334 utilitas
1243 1305 1294 1332 erit
1312 1305 1355 1332 Itis
1367 1305 1413 1339 qtti
1428 1304 1542 1339 diligunt
1554 1303 1638 1338 legem
1653 1301 1745 1328 tuam?

955 1354 995 1381 Ad
1013 1353 1086 1388 quod
1100 1353 1140 1380 sic
1157 1352 1302 1387 respondet
1317 1359 1323 1376 :
1343 1349 1403 1377 Pas:
1414 1355 1497 1377 mutta
1514 1349 1627 1377 interius
1641 1348 1693 1374 erit
1704 1348 1746 1373 di-

956 1399 1094 1434 ligentibus
1108 1398 1189 1433 legem
1204 1403 1288 1424 luant.
1301 1399 1338 1425 Ac
1353 1396 1375 1424 si
1389 1396 1497 1423 dicatur
1513 1404 1520 1421 :
1536 1394 1611 1421 Licet
1623 1393 1745 1420 exterius

957 1443 1150 1471 adversitatum
1165 1442 1373 1470 sollicitudinem
1389 1440 1550 1471 sustineant,
1568 1444 1657 1466 tamen
1678 1438 1745 1465 inte-

958 1489 1014 1516 rius
1027 1491 1069 1515 est
1081 1487 1120 1515 eis
1135 1486 1218 1514 nutlta
1237 1494 1287 1521 pax
1304 1494 1319 1513 ει
1334 1486 1417 1517 vitiis,
1433 1492 1467 1512 tte
1480 1484 1514 1511 ab
1531 1483 1631 1510 illicitis
1649 1489 1746 1517 sugge-

958 1533 1092 1561 stionibus
1107 1532 1189 1559 nimis
1198 1535 1357 1566 urgeantur.
1371 1531 1409 1559 De
1421 1537 1474 1565 qua
1489 1536 1555 1564 pace
1572 1528 1701 1555 Dominus
1717 1528 1744 1554 in

958 1578 1105 1613 Evangelio
1119 1578 1185 1605 dicit
1204 1586 1210 1604 :
1237 1586 1247 1603 ι
1270 1576 1367 1604 Pacem
1391 1583 1479 1603 meum
1501 1575 1536 1602 do
1549 1574 1636 1606 vobis,
1652 1580 1745 1607 pacettt

960 1624 1083 1659 relinquo
1097 1622 1173 1650 vobis
1190 1620 1281 1657 (Joan.
1300 1629 1356 1654 xtv,
1369 1620 1426 1656 27).
1452 1629 1462 1647 ι
1487 1618 1526 1647 Ne
1546 1626 1609 1647 vero
1626 1618 1659 1645 de
1682 1624 1747 1651 pace

959 1671 1093 1704 pxundana
1112 1670 1212 1698 dixisse
1233 1669 1382 1701 videretur,
1405 1666 1507 1695 addidit
1532 1674 1539 1693 :
1564 1674 1573 1691 t
1603 1665 1661 1693 Non
1681 1671 1748 1699 quo-

959 1718 1039 1745 modo
1054 1716 1169 1744 tnttndns
1185 1716 1241 1747 dat,
1254 1722 1304 1750 ego
1318 1713 1353 1741 do
1367 1712 1444 1741 voltis
1457 1711 1562 1748 (lbid.).
1582 1720 1592 1737 ι

995 1762 1066 1794 Patr,
1089 1762 1209 1797 inquam,
1229 1765 1270 1788 est
1291 1758 1457 1795 diligentibus
1480 1756 1560 1791 legem
1580 1760 1663 1782 tuam.
1680 1753 1747 1781 Etsi

959 1808 1132 1843 aliquatenus
1156 1814 1171 1833 a
1196 1805 1270 1833 vitiis
1281 1804 1416 1839 aliquibus
1437 1805 1638 1837 perlententur,
1659 1804 1747 1829 tamen

960 1862 1011 1881 non
1026 1860 1063 1881 est
1076 1853 1129 1880 illis
1140 1850 1307 1883 scandalum,
1323 1849 1348 1876 id
1365 1854 1404 1877 est
1421 1847 1602 1876 conturbatio.
1616 1847 1691 1880 Quod
1707 1851 1749 1873 est

960 1901 1050 1927 dicere
1064 1908 1071 1926 :
1093 1899 1150 1926 Non
1165 1902 1278 1934 possunt
1295 1904 1343 1925 eos
1364 1896 1534 1931 perturbare,
1552 1894 1591 1921 sic
1606 1898 1635 1921 ttt
1652 1902 1667 1919 a
1692 1893 1750 1928 lege

962 1944 1007 1972 D‘i
1023 1944 1204 1971 retrahautur.
1222 1942 1268 1970 Vel
1283 1950 1335 1968 non
1349 1946 1391 1969 est
1403 1941 1455 1968 illis
1469 1939 1624 1968 scandalum
1640 1939 1666 1965 itt
1683 1938 1748 1969 (ide,

962 1991 1001 2018 Vt-l
1017 1998 1070 2017 non
1084 1995 1126 2017 est
1140 1989 1193 2017 illis
1206 1990 1363 2024 scandalum
1375 1988 1402 2015 itt
1415 1987 1593 2022 prosperitate
1607 1984 1749 2015 malornttt,

960 2043 988 2066 et
1002 2039 1028 2066 in
1044 2038 1208 2065 adversitate
1223 2037 1367 2064 honorum.
1388 2035 1445 2062 lloc
1465 2033 1546 2061 etiam
1564 2032 1696 2067 contingit
1712 2039 1746 2057 ex

963 2084 1013 2112 hoc
1026 2083 1096 2118 quod
1112 2082 1246 2116 principes
1261 2080 1396 2115 persecuti
1419 2083 1481 2105 sunt
1497 2086 1554 2109 me;
1570 2077 1640 2112 quod
1654 2077 1751 2104 merito

961 2129 1098 2164 patientia!
1119 2128 1236 2161 ipsartttn
1249 2118 1466 2160 persecutionum
1481 2123 1661 2158 exspectabam
1677 2121 1750 2156 jam-

961 2174 1061 2201 dttdnm
1073 2172 1189 2199 salutare
1203 2176 1289 2202 tuum,
1304 2170 1330 2197 id
1342 2174 1383 2197 est
1397 2168 1572 2196 salvationcm
1585 2172 1657 2193 Ittatn
1671 2167 1696 2193 in
1711 2167 1751 2192 [ιι-

964 2222 1033 2244 ιιιι-ο.
1050 2216 1081 2243 lt't
1098 2220 1124 2243 ut
1136 2219 1319 2250 exspectatam
1330 2220 1521 2247 consequerer,
1533 2211 1614 2238 dilexi
1625 2209 1752 2238 mandata

963 2269 1008 2290 tua
1025 2270 1103 2289 nova.
1119 2261 1174 2288 Iloc
1188 2264 1278 2288 autem
1302 2260 1373 2286 idem
1395 2258 1501 2285 videtur
1512 2264 1572 2285 esse
1586 2257 1657 2291 quod
1672 2263 1752 2290 supc-

963 2310 1020 2336 rius
1033 2307 1112 2339 dixit,
1128 2306 1209 2341 legem
1229 2311 1303 2331 tuam
1315 2304 1407 2334 dilexi,
1422 2303 1470 2330 sed
1483 2303 1517 2329 ad
1529 2302 1602 2329 aliud
1619 2302 1664 2330 hic
1677 2309 1753 2336 repe-

964 2354 1041 2381 tittttn
1066 2357 1120 2380 cst.
1143 2352 1202 2379 Non
1224 2350 1311 2378 solum
1338 2353 1429 2376 autent
1452 2348 1534 2376 dilexi
1557 2348 1683 2375 ntandata
1707 2352 1753 2374 tua

962 2406 1043 2430 nova,
1056 2398 1104 2425 sed
1115 2397 1197 2424 etiam
1207 2395 1344 2423 custodiuit
1353 2396 1442 2421 animo
1453 2402 1510 2421 mea
1524 2393 1618 2421 intima
1630 2393 1748 2419 dilectio-

963 2451 996 2471 ne
1015 2443 1165 2470 testimonia
1187 2447 1233 2469 tua
1252 2446 1355 2468 vetera.
1377 2440 1453 2473 Quod
1477 2443 1520 2467 est
1542 2439 1644 2466 dicere.
1667 2437 1752 2464 Dilt-xi

964 2496 1031 2516 nova
1045 2493 1072 2516 et
1089 2492 1181 2515 vetera
1197 2491 1331 2522 praecepta
1346 2490 1403 2513 ttta.
1418 2485 1453 2512 Et
1466 2492 1520 2512 non
1535 2489 1672 2518 utcunque
1685 2483 1752 2511 di'c-

965 2535 1005 2562 xit
1017 2541 1049 2561 ea
1063 2533 1153 2560 attinta
1169 2539 1239 2564 mea,
1261 2531 1309 2559 scd
1327 2531 1418 2558 dilexit
1431 2538 1462 2557 ea
1477 2529 1650 2561 uehementer,
1673 2528 1699 2555 id
1713 2533 1753 2555 est

966 2579 1053 2606 valde.
1070 2578 1103 2605 Et
1125 2585 1177 2604 non
1199 2581 1303 2604 tantum
1321 2575 1413 2607 dilexi,
1430 2574 1478 2602 sed
1497 2574 1579 2601 etiam
1593 2573 1704 2606 servavi,
1730 2573 1754 2599 id

966 2631 1008 2654 est
1022 2633 1104 2660 opere
1123 2623 1255 2659 complevi
1270 2622 1395 2650 mandata
1410 2626 1456 2648 tua
1469 2628 1549 2653 nova,
1567 2626 1591 2648 et
1607 2620 1755 2648 testimonia

968 2677 1013 2709 tua
1030 2677 1119 2699 vetera
1132 2679 1140 2704 ς
1153 2671 1244 2698 ethoc
1256 2668 1327 2703 quod
1340 2675 1370 2695 ea
1384 2667 1465 2694 dilexi
1485 2671 1511 2695 et
1526 2667 1637 2698 servavi,
1653 2672 1752 2693 non't-x

969 2726 1012 2746 mc
1027 2717 1120 2749 habui,
1132 2717 1179 2744 sed
1194 2715 1255 2743 inde
1267 2715 1329 2749 quia
1345 2721 1432 2740 omnes
1450 2714 1498 2741 ria:
1513 2721 1588 2744 metr,
1602 2712 1627 2739 id
1643 2717 1683 2739 cst
1697 2719 1753 2737 mu-

946 2785 949 2789 .
968 2769 1018 2789 nes
1033 2759 1211 2795 cogitationes
1224 2762 1253 2784 et
1269 2757 1441 2791 operationes
1454 2764 1521 2783 mea:
1538 2756 1635 2790 quibus
1648 2754 1754 2783 incedo.

968 2810 1032 2833 sunt
1045 2806 1071 2832 in
1086 2809 1223 2838 conspectu
1235 2807 1291 2833 tuo.
1305 2802 1331 2828 id
1346 2806 1390 2829 cst
1402 2802 1428 2831 in
1443 2806 1587 2836 conspectu
1605 2800 1748 2830 miserit-or-

969 2852 1019 2879 dia!
1043 2856 1102 2879 tnze.
1127 2850 1203 2884 Quod
1224 2853 1265 2877 cst
1290 2848 1371 2884 510
1394 2849 1484 2877 dicere
1504 2857 1511 2876 :
1534 2847 1755 2876 Considut'ationu
