3962 6318
565 344 695 399 1511

1125 345 1183 398 S.
1224 340 1571 402 BllUNONIS
1605 326 2247 398 CARTllUSlANOliUM
2287 324 2776 383 INSTITUTORIS
2816 324 2967 382 OPP.
2994 323 3177 380 PARS
3208 324 3250 379 l.

3657 328 3771 389 13Ιί

564 455 952 514 misericordia!
983 467 1108 521 tuae,
1138 474 1330 513 onmcs
1356 458 1469 510 vias
1501 470 1649 507 meas
1678 446 2016 520 disposuisti.
2056 442 2142 499 vel
2171 449 2218 506 Α
2248 455 2437 511 quare,
2474 440 2527 495 in
2568 439 2752 496 futuro
2786 455 2916 494 vero
2958 440 3075 509 ipsa
3120 440 3198 494 rei
3231 438 3559 510 experientia
3585 443 3769 503 intrare.

562 547 645 602 sic
685 564 699 601 :
749 548 879 602 Dico
907 548 1069 602 dilexi
1094 558 1148 602 et
1185 550 1401 603 servavi.
1441 557 1494 600 et
1520 548 1586 600 de
1614 546 1715 598 hoc
1747 558 1851 596 non
1883 540 2140 606 mentior,

560 650 683 690 cum
714 644 897 691 certus
922 638 1024 692 sim
1055 640 1197 707 quod
1231 656 1407 693 omnes
1437 639 1528 690 vite
1565 650 1713 697 mete,
1740 632 1791 687 id
1826 640 1910 687 est
1933 631 2139 701 cogita-

562 724 737 781 tiones
762 735 818 782 et
850 730 1198 797 operationes
1236 730 1345 782 sint
1393 727 1447 779 in
1496 733 1772 791 conspectu
1818 734 1928 797 tuo.
1977 723 2056 777 Ac
2093 722 2139 777 si

561 817 708 873 dicat
740 837 753 874 :
784 820 919 874 Cum
961 831 1217 876 constans
1249 818 1375 873 mihi
1412 818 1483 871 sit
1524 826 1575 870 te
1618 817 1732 869 vias
1768 830 1917 871 meas
1949 826 2141 871 omnes

560 909 900 978 conspicere,
937 910 1312 965 stultissimum
1355 916 1499 962 esset
1532 906 1574 960 si
1617 906 1951 961 mendaciter
1990 906 2140 961 dice-

563 1009 678 1050 rem
707 1012 794 1053 me
820 1000 1000 1052 omnia
1025 1006 1287 1067 praecepta
1313 1005 1401 1049 tua
1429 996 1685 1051 dilexisse
1712 1006 1765 1051 et
1795 997 2135 1059 observasse.

561 1084 656 1141 Vel
684 1088 764 1141 sic
790 1106 804 1141 :
836 1087 1031 1150 θείω-ε,
1062 1088 1301 1156 inquam,
1333 1096 1389 1141 et
1413 1089 1611 1142 servari
1638 1089 1888 1143 mandata
1912 1100 1960 1143 et
1991 1090 2138 1144 testi-

559 1179 738 1232 monia
779 1188 893 1242 tua,
937 1178 1078 1247 quod
1112 1178 1235 1232 inde
1266 1180 1649 1248 comprobatur
1680 1182 1804 1249 quia
1835 1197 2011 1235 omnes
2041 1183 2137 1236 vite

559 1280 710 1327 meae,
736 1266 787 1319 id
822 1274 904 1320 est
934 1266 1292 1334 cogitationes
1314 1277 1369 1322 et
1390 1271 1735 1339 operationes
1766 1286 1898 1326 mem
1926 1281 2051 1326 sum
2082 1274 2137 1325 in

558 1367 831 1425 conspectu
859 1366 971 1418 tuo.
1011 1359 1062 1412 id
1092 1370 1176 1414 est
1218 1360 1270 1414 in
1303 1362 1708 1431 beneplaceutia
1734 1375 1843 1418 tua.
1871 1364 2023 1431 Quod
2050 1374 2136 1419 est

555 1450 737 1505 dicere
768 1468 782 1504 :
822 1450 955 1506 Cum
988 1453 1120 1507 nihil
1148 1468 1302 1523 agam
1329 1455 1415 1509 vel
1439 1457 1694 1524 cogitem,
1732 1457 1834 1511 nisi
1863 1458 2005 1527 quod
2039 1458 2132 1513 tibi

555 1542 951 1611 beneplacitum
982 1554 1089 1608 est,
1117 1546 1304 1615 procul
1335 1546 1500 1601 dubio
1526 1556 1739 1602 constat
1767 1564 1853 1604 me
1878 1550 2133 1604 tuaudata

552 1641 607 1686 et
636 1635 938 1690 testimonia
970 1644 1058 1690 tua
1113 1637 1371 1694 dilexisse
1404 1649 1460 1695 et
1481 1642 1823 1708 observasse,
1854 1642 2028 1698 adhuc
2056 1644 2137 1698 (ll--

553 1726 723 1796 ligere
751 1737 805 1783 et
829 1731 1143 1786 observare.

2243 528 2431 592 Intret,
2467 532 2705 602 inquam,
2746 531 3034 601 postulatio
3072 548 3187 585 mea
3225 545 3346 599 qua
3375 530 3495 585 talis
3528 542 3623 587 est.
3652 532 3771 604 Eripe

2243 642 2344 689 me,
2377 624 2623 689 Domine,
2654 622 2723 678 ab
2756 622 2915 691 lmjus
2942 624 3067 679 vitae
3093 624 3314 680 miseria
3346 639 3444 693 per
3468 626 3635 680 carnis
3659 643 3773 682 reso-

2242 713 2524 779 lutionem,
2554 723 2609 771 et
2639 716 2744 770 hoc
2768 713 2853 770 lac
2876 715 3162 769 secundum
3185 714 3449 784 eloquium
3471 725 3626 781 tuum,
3650 717 3692 771 id
3710 731 3773 774 est

2241 807 2537 861 secundum
2583 807 2912 877 promissum
2960 815 3134 859 tuum.
3183 806 3494 860 Promisisti
3534 808 3660 861 enim
3702 825 3774 878 per

2241 898 2564 968 prophetam
2586 897 2773 953 dicens
2799 915 2814 951 :
2844 914 2867 953 ,ι
2902 895 3108 951 Tollam
3126 898 3327 968 quippe
3352 911 3448 951 vos
3467 897 3532 952 de
3551 901 3771 968 gentibus,

2239 1000 2294 1051 et
2317 991 2658 1061 congregabo
2684 1004 2781 1046 vos
2806 989 2874 1045 de
2914 989 3095 1055 terris,
3144 998 3200 1044 et
3244 989 3502 1044 inducam
3532 989 3581 1043 iu
3611 999 3771 1046 terram

2237 1089 2477 1135 vestram
2518 1078 2733 1151 (Ezeeh.
2762 1096 2948 1147 xxxvr,
2982 1079 3097 1150 26).
3133 1099 3153 1131 ι
3204 1079 3324 1134 Dixi
3357 1094 3372 1132 :
3409 1079 3489 1133 Da
3516 1081 3630 1133 mihi
3658 1083 3773 1135 intel-

2237 1171 2426 1225 lectum
2460 1179 2851 1242 praeceptorum
2896 1181 3110 1225 tuorum
3144 1189 3161 1224 τη
3190 1179 3252 1224 ιιι
3286 1185 3351 1225 ea
3390 1185 3483 1225 me
3511 1171 3699 1226 doceas.
3727 1175 3773 1228 Et

2234 1276 2354 1314 cum
2376 1262 2616 1315 docueris
2643 1278 2723 1315 me
2732 1261 3147 1331 justiﬁcationes
3172 1270 3318 1325 tuas,
3343 1260 3394 1314 id
3418 1270 3505 1314 est
3521 1260 3652 1329 justa
3672 1277 3775 1330 prte-

2234 1362 2386 1419 cepta
2411 1350 2566 1420 511
2596 1360 2706 1415 tua,
2732 1351 2874 1405 labia
2905 1368 3019 1405 mea
3049 1352 3325 1407 exteriora
3351 1352 3649 1405 eructabunt
3668 1362 3773 1423 Itym-

2236 1458 2381 1504 num,
2426 1443 2478 1496 id
2522 1451 2603 1498 est
2649 1456 2711 1495 ex
2760 1442 2949 1496 intima
2991 1442 3281 1497 aﬁ‘ectionc
3326 1443 3516 1497 cordis
3550 1443 3776 1510 proferant

2238 1534 2330 1588 tibi
2360 1534 2592 1599 laudem,
2616 1551 2646 1587 a
2679 1534 3036 1590 similitudine
3062 1534 3228 1601 illius,
3259 1536 3352 1604 qui
3384 1551 3454 1589 ex
3485 1535 3638 1589 nimia
3664 1551 3776 1591 satu-

2236 1626 2398 1680 ritate
2418 1627 2661 1680 exterius
2685 1635 2919 1682 eructat.
2962 1626 3116 1693 Quod
3145 1636 3231 1683 est
3257 1627 3446 1683 dicere
3479 1646 3493 1681 :
3519 1627 3672 1681 Tanta
3697 1630 3777 1682 erit

2235 1713 2447 1770 allectio
2488 1716 2721 1770 interior
2763 1716 2906 1786 quod
2952 1714 3094 1770 labia
3132 1732 3238 1771 non
3268 1726 3529 1786 poterunt
3555 1717 3778 1771 abstinere

618 1816 733 1872 Tw
789 1819 1179 1890 inermem,"
1242 1824 1435 1877 "mu"
1472 1863 1487 1887 ,
1550 1824 1666 1879 sive
1729 1828 2128 1880 consummam.
2167 1816 2207 1873 η
2236 1805 2475 1857 exterius
2502 1806 2570 1859 ab
2599 1806 2820 1873 hymno.
2860 1805 2927 1859 Et
2957 1822 3063 1859 non
3103 1806 3452 1860 solmnmodo
3486 1807 3692 1859 laudabo
3722 1819 3776 1869 te,

548 1909 932 1979 Competentcr
950 1927 1080 1983 ergo
1109 1912 1221 1968 Tau
1247 1914 1492 1968 versibus
1515 1914 1725 1970 octonis
1757 1915 1915 1984 hujus
1945 1918 2136 1971 inscri-

550 2004 697 2059 bitur
735 2006 1012 2071 clausuhe,
1046 2007 1097 2060 in
1127 2006 1280 2075 cujus
1311 2007 1416 2062 ﬁne
1459 2008 1695 2063 ﬁdelium
1737 2025 1914 2064 massa
1952 2018 2137 2064 osten-

550 2095 650 2157 dit,
676 2099 817 2166 quod
845 2115 940 2168 per
964 2100 1136 2153 Adam
1162 2116 1189 2150 a
1216 2101 1386 2168 patria
1416 2103 1643 2165 erravit,
1660 2103 1949 2158 occasione
1975 2102 2133 2171 cujus

550 2189 755 2243 erroris
788 2199 929 2255 orat,
977 2203 1035 2246 ut
1083 2193 1478 2264 appropinquet
1516 2201 1573 2247 et
1622 2195 1784 2248 intret
1825 2195 2035 2249 meritis
2080 2204 2135 2248 ct.

548 2279 886 2335 orationibus
924 2285 1036 2337 suis
1062 2286 1128 2339 ad
1162 2285 1413 2354 patriam,
1446 2301 1474 2339 a
1504 2302 1607 2355 qua
1634 2302 1732 2356 per
1768 2286 1939 2340 Adam
1972 2288 2132 2340 aber-

549 2371 708 2435 ravit,
740 2382 798 2425 ut
824 2383 1002 2428 autem
1040 2377 1412 2447 appropinqttet
1441 2386 1492 2430 ct
1522 2377 1675 2431 intret
1717 2386 1839 2431 orat
1876 2378 1991 2431 dari
2025 2377 2127 2432 sibi

552 2462 881 2519 intellectum
913 2467 964 2520 in
999 2467 1480 2537 justiﬁcatiouilms
1516 2470 1752 2533 Domini,
1792 2480 1850 2524 ut
1883 2480 2131 2526 θιιιοῑιίιι

553 2554 693 2609 labia
724 2555 837 2624 ejus
871 2558 1146 2629 hymnum,
1192 2570 1245 2615 et
1291 2572 1411 2615 orat
1451 2564 1518 2615 ab
1553 2564 1652 2616 hac
1690 2563 1796 2616 vita
1842 2563 2000 2630 eripi.
2053 2562 2131 2617 Ne

502 2652 505 2653 '
550 2659 681 2699 vero
711 2648 986 2702 videretur
1010 2651 1184 2705 adhuc
1211 2667 1330 2705 csse
1364 2653 1416 2705 in
1441 2668 1626 2708 errore
1657 2654 1863 2722 peccati
1893 2653 2130 2723 origina-

548 2734 636 2799 lis,
680 2740 912 2793 ostendit
947 2743 1090 2810 quod
1133 2742 1237 2809 iam
1288 2745 1426 2798 Deus
1468 2759 1587 2797 eam
1636 2745 1688 2798 in
1734 2748 2020 2800 sanctitate
2050 2747 2129 2799 sic

546 2838 940 2889 consummavit
986 2847 1043 2889 ut
1089 2839 1339 2891 mandata
1383 2840 1472 2892 Dei
1516 2840 1759 2909 elegerit,
1789 2848 1839 2893 et
1887 2840 2127 2893 salutare

545 2922 662 2990 ejus
692 2928 1044 2996 concupierit,
1071 2939 1119 2982 et
1154 2929 1205 2982 in
1240 2930 1353 2999 lege
1384 2931 1501 2999 ejus
1523 2931 1831 2985 ineditetur.
1865 2930 1999 2986 Cum
2026 2932 2127 3000 igi-

548 3014 637 3065 tur
684 3015 732 3068 iu
787 3019 1073 3071 sanctitate
1113 3019 1229 3087 jam
1278 3030 1651 3074 consummata
1708 3021 1797 3082 sit,
1846 3031 1900 3074 et
1949 3021 2126 3075 adlmc

548 3113 724 3159 tamen
758 3107 826 3161 sit
857 3108 909 3161 iu
942 3126 1027 3173 ea,
1062 3125 1164 3163 non
1207 3112 1623 3180 errorquidem,
1656 3113 1747 3167 sed
1780 3128 1937 3182 poma
1973 3129 2125 3167 erro-

545 3196 641 3258 ris,
675 3199 977 3253 mortalitas
1016 3201 1239 3265 scilicet,
1273 3212 1324 3255 et
1352 3204 1700 3273 passibilitas,
1728 3215 1776 3259 et
1813 3208 2124 3277 peregrina-

544 3288 620 3340 tio
660 3305 687 3341 a
733 3290 929 3357 patria,
962 3302 1085 3345 orat
1119 3294 1174 3353 ut
1202 3310 1320 3348 eam
1369 3296 1736 3351 misericor.iia
1785 3297 1995 3352 Domini
2031 3315 2125 3367 per

547 3390 765 3432 manum
803 3395 955 3434 suam
995 3383 1251 3450 perducat
1288 3385 1351 3438 azl
1391 3385 1765 3453 salvationem,
1796 3387 2001 3443 scilicet
2043 3396 2119 3453 ut,

546 3468 613 3519 ad
646 3470 871 3537 patriam
905 3473 1144 3538 reducta,
1188 3475 1331 3528 vivat
1362 3477 1413 3529 in
1454 3487 1738 3539 tetcrnum,
1769 3493 1929 3548 quam
1958 3480 2119 3532 vitam

545 3558 646 3611 sibi
679 3575 743 3613 ex
787 3562 1112 3618 conﬁdentia
1158 3567 1446 3635 promittit.
1495 3566 1605 3621 lloc
1635 3577 1812 3623 autem
1847 3578 2018 3623 totum
2058 3585 2120 3624 ea

544 3648 844 3705 intentione
869 3652 1018 3719 dicit,
1067 3665 1125 3709 ut
1167 3657 1413 3727 exemplo
1445 3674 1543 3712 suo
1588 3661 1778 3714 invitet
1816 3677 1909 3716 eos
1945 3662 2033 3730 qui
2069 3663 2119 3716 in

543 3740 746 3793 erroris
774 3742 932 3810 hujus
958 3760 1111 3812 paula
1135 3746 1311 3800 adhuc
1334 3756 1477 3812 sunt,
1510 3749 1574 3803 ad
1600 3751 1828 3819 patriam
1859 3761 2118 3805 :cternatn

545 3831 840 3901 suspirare,
868 3844 922 3887 et
952 3837 1018 3888 de
1047 3835 1163 3903 ejus
1194 3840 1366 3893 reditu
1401 3856 1581 3894 orare.

540 3942 543 3945 ί
616 3924 1003 3993 Appropinquet
1043 3928 1337 3996 deprecatio
1366 3948 1500 3993 mea,
1539 3942 1644 3987 etc.
1676 3933 1830 4000 Quod
1865 3935 1935 3987 ita
1966 3949 2122 4004 supe-

542 4012 670 4065 riori
698 4013 953 4070 clausula:
979 4016 1342 4086 conjuagitur.
1376 4021 1518 4086 Dixi,
1562 4023 1803 4085 Domine,
1842 4026 1986 4092 quod
2014 4040 2123 4077 ser-

541 4105 656 4157 rari
698 4108 946 4160 mandata
990 4119 1079 4161 tua
1115 4119 1163 4163 et
1198 4114 1494 4165 testimonia
1522 4122 1654 4167 tua:
1685 4115 1754 4166 oh
1781 4130 1900 4183 qua?
1928 4116 2119 4169 merita

541 4212 639 4251 oro
667 4203 1045 4268 appropinquct
1075 4204 1367 4271 deprecatio
1396 4224 1508 4259 mea
1540 4209 1592 4259 in
1621 4217 1898 4275 conspectu
1924 4218 2033 4269 tuo,
2070 4210 2120 4263 id

543 4299 625 4339 est
652 4288 958 4356 deprecatio
986 4308 1100 4347 mea
1131 4296 1181 4346 in
1210 4309 1484 4364 conspectu
1517 4308 1605 4350 tuo
1641 4299 1845 4359 habita,
1877 4299 1927 4352 id
1958 4309 2042 4353 est
2067 4300 2119 4354 itt

546 4376 948 4445 hencp'aceutia
992 4392 1078 4435 tua
1119 4400 1202 4437 me
1244 4384 1407 4439 faciat
1455 4388 1893 4456 appropinquare
1932 4392 2123 4457 patria:

543 4468 750 4522 t'mlesti
793 4469 845 4523 iu
882 4472 981 4525 hac
1014 4474 1118 4526 vita
1151 4490 1247 4543 per
1272 4477 1806 4543 contemplationem,
1843 4489 1897 4533 et
1922 4481 2117 4533 bonam

538 4562 943 4629 Operationcm;
976 4565 1057 4619 his
1084 4568 1226 4621 enim
1260 4569 1432 4623 modis
1467 4568 1524 4623 lit
1550 4570 1600 4623 in
1632 4570 1734 4624 hac
1765 4573 1871 4625 vita
1905 4573 2114 4628 adeam

542 4647 1013 4715 appropinquatio.
1046 4651 1516 4721 Appropinqnare,
1558 4654 1803 4723 inquam,
1835 4671 1923 4710 me
1957 4656 2120 4712 faciat

542 4735 850 4802 deprecatio
881 4753 1018 4800 mea,
1047 4740 1233 4794 dicens
1262 4741 1349 4795 illa
1381 4744 1690 4811 deprecatio
1735 4762 1746 4797 :
1795 4744 1839 4801 0
1872 4747 2116 4813 Domine,

545 4827 615 4879 da
641 4827 770 4879 mihi
792 4828 1130 4891 intellectum,
1163 4832 1252 4902 qtti
1282 4834 1352 4886 sit
1378 4834 1535 4902 juxta
1566 4834 1826 4905 eloquium
1852 4849 2024 4903 tuum,
2067 4841 2119 4894 id

540 4926 625 4971 est
677 4916 825 4986 juxta
868 4931 1193 4990 przcceptum
1247 4933 1416 4979 tuum.
1465 4926 1614 4993 Quod
1647 4938 1731 4985 est
1772 4931 1954 4985 dicere
1993 4949 2004 4983 :
2042 4932 2120 4985 Da

541 5008 671 5062 mihi
709 5008 1025 5064 intellectum
1061 5022 1445 5081 przcceptormn
1476 5025 1712 5086 tuorum,
1740 5030 1798 5074 ut
1828 5021 1905 5075 sic
1935 5022 2000 5074 ad
2029 5038 2123 5089 pa-

545 5098 704 5153 triam
737 5101 1182 5172 appropinquem.
1226 5103 1338 5157 Non
1375 5106 1547 5161 solum
1580 5119 1760 5163 autem
1796 5125 1882 5164 me
1913 5110 2000 5164 hic
2044 5110 2124 5163 fa-

545 5190 651 5242 ciat
702 5192 1137 5261 appropinquare
1191 5193 1485 5261 deprecatio
1539 5214 1697 5261 mea,
1749 5200 1845 5253 sed
1902 5200 2125 5269 insuper

544 5278 699 5335 i‘ttret
750 5283 1036 5353 postulatio
1084 5302 1198 5338 mea
1253 5286 1304 5338 in
1353 5301 1626 5357 conspectu
1674 5301 1786 5344 tuo.
1843 5291 1994 5359 Quod
2043 5304 2127 5349 est

547 5370 727 5443 dicere
762 5392 773 5426 :
806 5373 1102 5427 Postulatio
1143 5390 1258 5431 mea
1300 5377 1479 5432 habita
1517 5380 1571 5434 iu
1611 5392 1886 5451 conspectu
1920 5394 2031 5450 tuo,
2072 5387 2121 5439 id

545 5471 631 5520 est
674 5463 725 5517 in
767 5464 1171 5534 bent-placentia
1214 5476 1324 5537 tua,
1357 5471 1532 5535 intret,
1580 5472 1630 5526 id
1669 5481 1752 5527 est
1786 5489 1873 5531 me
1922 5477 2125 5535 intrare

550 5555 709 5612 faciat
745 5559 798 5613 in
829 5559 1011 5613 luturo
1043 5560 1211 5630 ipsam
1241 5564 1471 5631 patriam
1500 5566 1798 5621 caelestem.
1836 5568 2003 5639 Magis
2031 5586 2127 5624 au-

550 5651 658 5698 tem
703 5657 789 5702 est
837 5646 1039 5701 intrare
1087 5667 1247 5717 quant
1293 5654 1748 5722 appropinquare.
1794 5657 1891 5713 llic
1926 5659 2128 5729 quippe

548 5743 630 5789 est
657 5751 751 5803 per
792 5739 960 5793 bonas
988 5740 1341 5809 cogitationes
1367 5751 1420 5797 ct
1445 5759 1609 5812 opera
1650 5746 1786 5802 bona
1830 5749 2122 5819 apprOpiu-

2239 1912 2447 1951 mecum
2480 1898 2689 1967 agemlo
2718 1896 2786 1951 de
2829 1907 2902 1962 te,
2947 1898 3041 1952 sed
3092 1898 3256 1969 etiam
3299 1898 3651 1965 pronuntiabit
3689 1899 3779 1953 aliis

2234 1988 2412 2059 lingua
2439 2004 2573 2049 mea.
2604 1986 2866 2055 eloquium
2888 1999 3058 2051 tuum,
3088 1989 3139 2042 id
3175 2000 3259 2044 est
3286 1998 3615 2059 pncceptutn
3642 1999 3776 2042 tuum.

2233 2081 2297 2136 Et
2334 2081 2621 2135 honestum
2652 2080 2868 2149 quidem
2890 2090 3059 2134 estea
3085 2082 3468 2150 pronuntiare,
3494 2081 3610 2149 quia
3639 2082 3781 2134 omnia

2232 2175 2481 2229 mandata
2517 2185 2611 2228 tua
2660 2182 2787 2228 sunt
2833 2184 3075 2245 a'quttas,
3125 2190 3223 2243 per
3269 2176 3597 2243 emphasim,
3642 2175 3685 2228 id
3717 2189 3781 2228 Esi

2230 2268 2539 2336 aequissima
2578 2276 2724 2321 sunt.
2762 2267 2831 2323 Et
2868 2267 2992 2338 quis
3034 2266 3199 2322 nollet
3238 2268 3556 2337 arquitatem
3594 2283 3781 2337 proauu-

2234 2360 2406 2413 dare?

2301 2451 2566 2518 Quoniam
2600 2461 2781 2507 autem
2820 2451 2871 2506 in
2902 2451 3005 2505 hac
3032 2452 3482 2520 pronuntiatione
3528 2451 3679 2504 multa
3707 2466 3780 2521 pa-

2234 2544 2336 2597 tiar
2364 2545 2431 2597 ab
2461 2544 2771 2607 inﬁdelibus
2802 2544 3048 2604 adversa.
3080 2558 3148 2597 ne
3175 2553 3303 2598 tunc
3327 2543 3605 2605 deﬁciam,
3634 2559 3781 2595 manus

2230 2647 2343 2701 tua,
2378 2637 2428 2690 id
2477 2646 2559 2692 est
2589 2637 2866 2690 exercitus
2913 2646 3036 2689 tuus
3068 2636 3363 2705 augelicus,
3401 2638 3494 2705 qui
3524 2636 3783 2690 destinatus

2228 2740 2311 2783 est
2346 2731 2411 2782 ad
2441 2730 2810 2783 auxiliandum
2845 2728 3114 2792 ﬁdelibus,
3159 2729 3253 2797 ﬁat
3293 2729 3425 2782 mihi
3453 2729 3505 2781 in
3540 2728 3779 2791 auxilium,

2229 2831 2283 2872 ut
2311 2820 2471 2874 salvet
2519 2836 2621 2882 me,
2655 2820 2704 2872 id
2739 2827 2823 2871 est
2853 2818 2923 2872 sit
2956 2818 3085 2872 mihi
3114 2834 3278 2873 causa
3312 2817 3630 2871 salvationis
3654 2816 3696 2868 in
3721 2815 3782 2867 ln-

2230 2921 2367 2975 turo,
2402 2912 2491 2981 qui
2525 2913 2569 2967 si
2608 2912 2898 2966 deﬁcerem
2948 2927 3052 2966 non
3090 2911 3358 2967 salvarcr.
3400 2910 3670 2978 Leguulur
3691 2911 3783 2975 qui-

2228 3006 2348 3061 dem
2394 3006 2566 3075 angeli
2599 3006 2932 3074 martyribus
2976 3004 3180 3065 multis,
3224 3004 3277 3057 in
3331 3004 3604 3073 passionis
3644 3015 3781 3067 agone

2229 3096 2438 3166 positis,
2472 3096 2537 3150 ad
2565 3095 2825 3148 auxilium
2856 3095 3086 3149 venisse.
3124 3094 3218 3147 Vel
3253 3094 3355 3159 sic,
3390 3110 3583 3146 manus
3621 3102 3716 3156 tua,
3742 3091 3778 3142 id

2228 3199 2311 3243 est
2338 3189 2576 3258 potentia
2618 3187 3005 3242 misericordia:
3030 3198 3132 3241 tua‘
3166 3187 3261 3255 ﬁat
3303 3187 3434 3240 mihi
3467 3186 3555 3239 hic
3583 3185 3631 3236 in
3660 3182 3779 3234 auxi-

2225 3281 2352 3335 lium
2398 3297 2464 3335 ne
2510 3280 2783 3345 deﬁciam,
2816 3291 2869 3333 nt
2902 3281 2951 3334 in
2988 3280 3169 3333 futuro
3200 3280 3365 3333 soluet
3406 3296 3487 3335 me
3517 3276 3781 3333 salvatione

2222 3382 2445 3427 :etcrna.
2480 3370 2547 3424 Et
2576 3370 2796 3440 dignum
2826 3381 2929 3433 est,
2962 3372 3083 3436 quia
3120 3372 3374 3424 mandata
3415 3382 3506 3422 tua
3538 3368 3661 3436 elegi
3684 3382 3780 3435 pro-

2223 3465 2474 3519 nuntiare
2499 3463 2650 3528 aliis;
2694 3464 2788 3517 sed
2839 3473 2895 3516 ct
2928 3464 3051 3532 quia
3082 3463 3354 3530 roncupiri
3376 3462 3617 3515 salutare
3636 3471 3776 3523 tuum,

2225 3553 2464 3615 Domine,
2502 3554 2555 3607 id
2610 3562 2694 3607 est
2741 3552 2893 3605 valde
2936 3552 3240 3607 desideravi
3274 3551 3632 3607 salvationmn
3661 3559 3777 3603 tuam

2224 3646 2484 3711 futuram,
2516 3655 2564 3699 et
2588 3646 2901 3700 utsalutarc
2933 3654 3078 3698 tuum
3120 3646 3173 3697 in
3203 3643 3389 3699 futuro
3418 3658 3689 3712 assequar,
3711 3643 3778 3695 hic

2223 3736 2308 3790 lea:
2331 3747 2423 3790 tua
2451 3737 2722 3790 meditatio
2762 3752 2876 3789 mea
2915 3747 3013 3797 est,
3064 3736 3114 3789 id
3145 3746 3227 3790 est
3260 3736 3349 3790 hic
3384 3734 3615 3788 meditor
3638 3733 3776 3801 legem

2222 3838 2612 3896 przeceptorum
2662 3839 2897 3883 tuorum.
2937 3827 3244 3893 Com-upivi,
3291 3828 3536 3895 inquam,
3579 3827 3779 3879 salutare

2222 3929 2392 3985 tuum,
2427 3922 2475 3973 id
2511 3931 2591 3976 est
2634 3923 2797 3975 vitam
2836 3933 3124 3986 :ctcrnam;
3153 3932 3205 3974 et
3241 3921 3357 3975 scio
3386 3921 3529 3990 quod
3552 3936 3661 3973 eam
3684 3927 3777 3970 tau-

2221 4011 2345 4063 dem
2389 4010 2679 4080 adipiscar.
2742 4010 2879 4067 Vivet
2937 4012 3183 4067 videlicet
3217 4013 3403 4064 anima
3445 4028 3557 4063 mea
3602 4020 3774 4063 :cterua

2222 4102 2354 4164 vita,
2391 4110 2439 4154 et
2484 4100 2716 4155 vivendo
2743 4102 2978 4156 laudabit
3021 4113 3071 4155 te
3116 4102 3236 4155 sine
3282 4101 3412 4164 ﬁne,
3440 4100 3643 4154 intcnsa
3670 4099 3775 4152 dile-

2223 4196 2424 4258 ctione,
2462 4203 2508 4247 et
2537 4193 2601 4245 ad
2628 4194 2729 4249 hoc
2761 4205 2819 4248 ut
2842 4195 3018 4248 vivam
3042 4195 3368 4263 adjurabunt
3395 4211 3477 4246 me
3492 4193 3684 4261 judicia
3702 4203 3774 4245 tua

2218 4285 2387 4354 justa,
2437 4285 2667 4351 scilicet,
2706 4301 2829 4341 cum
2871 4287 3005 4341 nihil
3033 4302 3267 4355 unquam
3314 4286 3658 4354 judicaveris,
3690 4286 3771 4337 nisi

2223 4379 2366 4448 quod
2395 4379 2603 4448 justum
2646 4388 2759 4443 est;
2791 4393 2890 4432 nec
2916 4379 2983 4433 de
3021 4395 3105 4432 me
3131 4380 3267 4432 bene
3289 4378 3587 4446 promerito
3608 4378 3775 4447 injuste

2220 4470 2509 4535 iudicabis,
2535 4470 2628 4525 sed
2658 4485 2745 4523 me
2766 4470 2913 4537 justo
2936 4469 3139 4536 judicio
3164 4470 3486 4524 viviticahis.
3521 4471 3642 4525 Cum
3667 4469 3773 4522 dicit

2224 4562 2348 4615 vivet
2382 4566 2795 4631 animm-aperte
2828 4562 3071 4632 designat
3105 4563 3249 4630 quod
3284 4572 3433 4615 totus
3467 4575 3521 4616 ct
3547 4562 3770 4616 inanima

2221 4654 2365 4709 vivet
2389 4664 2445 4709 et
2486 4655 2538 4708 in
2574 4669 2823 4723 corpore.
2855 4654 2989 4720 Quia
3022 4656 3257 4717 dixerat,
3278 4655 3377 4722 ﬁat
3409 4673 3595 4708 manus
3620 4666 3701 4707 tua
3726 4665 3771 4706 ut

2220 4746 2379 4800 salvet
2408 4763 2510 4811 me,
2541 4755 2595 4801 et
2633 4748 2762 4802 vivet
2815 4747 2994 4800 anima
3030 4764 3175 4808 mea,
3227 4757 3411 4816 posset
3449 4748 3611 4816 qua-ri
3653 4745 3772 4799 unde

2225 4838 2319 4892 tibi
2352 4853 2572 4893 necesse
2603 4848 2683 4893 cst
2732 4839 2953 4901 salvari,
3000 4849 3056 4893 et
3086 4839 3251 4892 vitam
3283 4839 3550 4907 adipisci?
3582 4838 3649 4891 Ad
3684 4837 3771 4888 hoc

2224 4948 2354 5002 ergo
2370 4935 2657 5002 respondet
2684 4934 2761 4988 sic
2798 4952 2809 4987 :
2842 4932 2965 4987 Ideo
2999 4933 3149 4986 oravi
3178 4941 3488 5002 tantopere,
3512 4941 3568 4986 ut
3590 4945 3661 4985 me
3681 4928 3771 4983 sal-

2226 5037 2319 5076 res
2348 5024 2653 5078 reducendo
2690 5024 2755 5077 ad
2810 5022 3038 5091 patriam
3067 5023 3216 5083 vitae,
3264 5024 3525 5089 quodam
3555 5038 3583 5075 a
3622 5019 3769 5088 patria

2226 5114 2312 5169 illa
2345 5115 2534 5177 erravi,
2570 5113 2622 5168 id
2652 5121 2733 5168 est
2773 5130 2870 5183 per
2914 5129 3156 5168 errorem
3189 5113 3319 5167 Adae
3364 5114 3525 5183 longe
3561 5110 3769 5171 discessi,

2225 5215 2282 5261 et
2329 5207 2561 5259 errando
2604 5206 2762 5276 perit,
2819 5204 2993 5259 factus
3042 5204 3285 5258 mortalis
3324 5214 3375 5258 et
3421 5204 3691 5273 passibilis,
3726 5210 3770 5251 ct

2229 5297 2515 5352 incidcudo
2561 5297 2704 5352 inter
2744 5298 2951 5361 hostes,
2996 5296 3251 5350 videlicet
3281 5297 3428 5349 inter
3454 5296 3699 5350 (immanes
3728 5301 3772 5343 et

2229 5389 2382 5452 vitia,
2422 5405 2542 5459 qua!
2570 5403 2655 5443 me
2676 5389 3003 5443 mortiﬁcare
3030 5388 3293 5441 nituntur.
3323 5388 3538 5451 Erraai,
3568 5388 3769 5454 inquam,

2231 5491 2286 5536 ct
2322 5481 2454 5552 perii
2496 5483 2629 5535 sicut
2663 5482 2770 5535 ovis
2810 5481 2987 5551 aliqua
3016 5498 3133 5551 qua!
3162 5481 3230 5534 ab
3266 5481 3394 5533 ovili
3434 5479 3700 5537 aberravit.
3728 5484 3773 5526 et

2235 5573 2519 5628 incidenda
2555 5573 2697 5627 inter
2727 5573 2879 5641 lupos
2912 5575 3081 5643 periit.
3111 5573 3180 5628 Ut
3216 5588 3349 5643 ergo
3378 5574 3556 5628 reduci
3581 5570 3772 5641 possim.

2235 5679 2356 5718 cum
2390 5666 2706 5730 erraverim,
2756 5681 2932 5735 qurere
2984 5681 3067 5718 me
3113 5682 3316 5718 servum
3348 5676 3517 5728 tuum,
3556 5663 3765 5721 Domine,

2238 5755 2540 5811 reducendo
2589 5757 2654 5811 ad
2709 5758 2935 5826 patriam
2984 5764 3101 5826 post
3152 5767 3404 5827 mortem,
3454 5758 3541 5829 qui
3574 5771 3672 5822 pun
3702 5768 3772 5806 Im‘
