3978 6328
208 326 341 381 iﬁlli

1127 319 1481 375 liXl’OSl'l‘lll
1523 319 1586 372 IN
1628 314 1961 372 PS.‘\l.3ll)S.
1995 313 2265 370 —-PS.\I..
2295 314 2470 372 CXlX.

3330 326 3461 387 1516

204 436 495 510 quaesivisti
531 434 831 489 reducendo
861 435 925 489 de
966 434 1284 489 inlidclitate
1312 436 1377 487 ad
1419 436 1600 496 Iidem,
1644 453 1670 485 a
1704 435 1746 485 si

1882 429 2235 482 constitutmn
2272 431 2362 482 sit.
2402 430 2613 483 Dicitur
2659 448 2843 486 autem
2876 435 3133 490 Dominus
3162 447 3351 493 octava
3373 450 3461 498 me

203 529 504 585 utilitudine
534 526 655 580 boui
690 526 925 596 pastoris
951 526 1153 583 dictum
1186 538 1268 581 est
1300 529 1388 596 qui
1415 544 1569 582 ovem
1597 528 1775 597 perdi-

205 632 310 673 tam
339 618 555 687 quaerit,
594 627 649 673 et
676 618 745 671 ad
772 619 911 671 ovile
943 619 1149 693 reducit
1182 636 1196 671 :
1232 618 1458 688 Dignum
1485 629 1569 673 cst
1599 629 1776 671 autent

204 725 259 767 ιιι
285 729 367 766 me
392 728 627 782 qumras,
666 712 788 781 quia
820 711 947 766 licet
980 710 1210 782 primum
1244 726 1339 780 per
1369 712 1539 781 Adam
1565 728 1591 762 a
1620 722 1778 764 te-er-

204 801 456 865 raverim,
516 810 693 857 tamen
736 810 1037 870 postquam
1090 800 1219 855 mihi
1259 811 1452 865 vocato
1496 803 1561 852 ad
1620 800 1776 853 tidem

200 898 454 951 mandata
504 891 926 960 tuaiujunxisti.
965 892 1218 944 mandata
1252 902 1342 945 tua
1376 908 1474 944 non
1503 908 1616 943 sum
1650 890 1778 942 0in-

199 1002 303 1054 tns,
334 996 394 1042 ut
429 988 621 1051 Adam,
644 986 736 1041 sed
756 1001 844 1051 ea,
876 995 932 1039 ut
955 985 1129 1055 potui,
1161 985 1325 1040 dilexi
1355 994 1410 1039 et
1436 1000 1601 1054 opere
1626 1001 1777 1038 com-

197 1081 356 1151 plevi.

660 1166 729 1222 1N
765 1166 1095 1223 PSALMUM
1136 1166 1321 1222 CXIX.

261 1261 762 1317 Psalmieenlesimi
814 1260 1004 1313 decimi
1048 1261 1172 1312 noni
1231 1259 1435 1312 titulus.
1498 1257 1771 1313 Cantic‘nm

188 1354 479 1422 graduum.
513 1352 662 1418 Quod
685 1352 762 1407 sic
784 1351 1074 1421 exponitur
1100 1369 1112 1404 :
1152 1352 1397 1406 Psalmus
1418 1351 1518 1406 iste
1547 1361 1773 1405 voratur

189 1445 453 1498 canticum
498 1446 779 1511 graduum,
818 1442 868 1495 id
908 1451 992 1497 est
1032 1442 1303 1508 jneundus
1337 1452 1599 1498 tractatus
1642 1459 1769 1511 gra-

188 1537 376 1599 dutnn,
425 1535 651 1597 scilicet,
684 1535 965 1589 continens
1003 1534 1055 1587 in
1090 1549 1150 1588 se
1194 1550 1356 1588 unum
1389 1549 1451 1588 ex
1491 1537 1768 1601 gradibus,

188 1642 282 1695 per
318 1641 459 1694 quos
522 1624 889 1693 unusquisque
944 1625 1112 1679 lidelis
1157 1625 1452 1679 ascendere
1491 1627 1650 1679 debet
1702 1614 1767 1681 ad

185 1718 483 1778 canticum,
523 1715 573 1768 id
606 1726 688 1768 est
715 1714 780 1768 ad
808 1715 1083 1769 etelestem
1110 1715 1554 1785 juetmdissimam
1583 1732 1763 1771 remu-

1884 519 2203 581 surrexisse,
2231 519 2355 587 quia
2397 535 2517 573 cmn
2557 522 2705 589 prius
2739 524 2789 575 iit
2832 524 2932 578 hac
2968 527 3074 580 vita
3117 529 3301 592 fuerit,
3336 548 3457 602 qua:

1884 626 1975 678 per
1997 610 2115 663 dies
2143 624 2345 680 SBplCIII
2376 611 2630 678 volvitur,
2666 614 2731 667 ad
2764 615 2900 669 hanc
2934 618 3124 672 iterum
3158 622 3322 676 vitam
3364 629 3393 679 b
3433 622 3461 668 ὲ

1885 699 2109 752 bendam
2156 716 2261 752 non
2316 712 2591 765 sun-emt,
2652 703 2743 756 sed
2791 705 2857 756 ad
2912 715 3193 773 aeternam,
3232 727 3351 779 qtue
3405 716 3471 766 ιη’

1880 801 2067 844 octava
2103 792 2289 857 pulicii
2339 793 2425 845 die
2459 794 2707 848 lidelibus
2755 796 2991 850 dabitur.
3026 797 3129 851 Seu
3162 804 3324 857 etiam
3361 821 3457 873 per

1880 881 2216 933 octonarittttt
2243 880 2859 937 idcirmTestamentum
2885 882 3090 939 Novum
3116 887 3452 959 designatur,

1880 974 2130 1041 quoniam
2166 974 2335 1041 ipstun
2387 990 2415 1026 a
2471 973 2715 1029 ﬁdelibus
2753 992 2858 1030 non
2899 979 3144 1033 contuitu
3188 989 3461 1051 tempora-

1880 1063 2029 1128 liutn,
2073 1063 2163 1116 sed
2209 1067 2453 1117 contuitu
2497 1067 2954 1122 remunerationis
2992 1082 3198 1125 octavae
3226 1072 3330 1128 diei
3361 1091 3457 1127 0..-

1866 1156 2145 1210 'servatur.

1945 1245 2076 1299 Cum
2120 1246 2284 1313 igitur
2332 1261 2428 1315 per
2483 1248 2671 1301 horum
2716 1249 2945 1303 duorunt
2982 1249 3453 1311 Testamentorum

1874 1337 2285 1407 completionem
2308 1340 2505 1407 gradus
2532 1342 2615 1393 isti
2633 1343 2719 1409 qui
2747 1341 2796 1394 in
2821 1336 2901 1395 his
2919 1344 3138 1411 psalmis
3160 1344 3454 1403 ostendun-

1878 1437 1982 1492 tur,
2017 1435 2399 1495 astendautur,
2431 1442 2797 1500 competenter
2829 1449 3055 1488 numero
3094 1437 3452 1504 quindenario

1874 1518 2240 1571 includuntur.
2291 1519 2422 1571 Nam
2462 1521 2580 1573 sine
2613 1522 2894 1590 utriusque
2923 1522 3255 1580 Testamenti
3297 1545 3450 1583 cont-

1874 1609 2126 1679 plctiouc.
2171 1611 2503 1679 impossibile
2545 1626 2629 1665 est
2671 1613 2754 1667 bis
2792 1615 3048 1680 gradibus
3096 1622 3162 1670 ad
3207 1620 3453 1675 cwlestia

1872 1711 2058 1752 saneta
2094 1716 2404 1754 sanctorum
2439 1705 2752 1756 ascendere.
2798 1702 3086 1758 Sciendum
3116 1708 3257 1775 quod
3278 1708 3334 1762 in
3364 1710 3450 1763 bis

185 1807 543 1859 iterationem.
581 1805 643 1859 Et
676 1820 778 1858 non
803 1819 866 1859 ex
901 1806 1119 1859 tristitia
1150 1807 1642 1871 debetasceudere,
1669 1809 1753 1861 sed

1871 1793 2123 1846 omnibus
2154 1795 2463 1861 quindecim
2494 1795 2713 1863 psallitis
2734 1798 2992 1864 graduum
3021 1798 3203 1854 ﬁdeles
3224 1800 3446 1869 perfecti

183 1914 304 1951 cum
335 1898 575 1959 cantico,
607 1899 765 1950 idest
792 1912 913 1951 eum
955 1897 1191 1965 jucunda
1233 1899 1526 1953 hilaritate.
1559 1900 1761 1954 Dicitur

182 2000 364 2040 autem
413 1987 650 2054 psalmus
698 1987 798 2041 iste
852 1988 1109 2040 canticum
1162 1989 1444 2057 graduum,
1486 1998 1541 2042 et
1578 1990 1759 2044 etetcri

182 2078 595 2145 quatuordccim
624 2077 714 2145 qui
746 2088 1046 2146 sequuntur
1075 2077 1215 2140 ideo,
1246 2079 1369 2147 quia
1413 2080 1465 2133 in
1496 2080 1576 2133 eis
1601 2080 1761 2148 quin-

180 2170 357 2221 decim
386 2169 582 2237 gradus
617 2169 998 2231 ostenduntur,
1036 2185 1132 2238 per
1163 2185 1301 2237 quos
1339 2171 1524 2225 litleles
1560 2174 1759 2241 quique

178 2275 299 2313 cum
323 2259 664 2328 iucunditate
688 2259 797 2326 spei
816 2271 864 2312 et
887 2260 1003 2313 fidei
1031 2271 1463 2332 ceterarumque
1497 2266 1755 2319 virtutum

180 2353 483 2405 ascendere
537 2353 728 2404 debent
781 2353 844 2405 ad
907 2353 1105 2407 Sancta
1168 2363 1477 2408 sanctorum
1523 2355 1760 2412 cmlestis

178 2441 542 2497 Hierusalem.
568 2458 689 2495 cum
722 2441 833 2509 jam
867 2444 949 2497 hic
980 2445 1086 2498 sint
1119 2462 1213 2514 per
1246 2447 1403 2499 ﬁdem
1431 2447 1481 2500 in
1518 2447 1755 2502 Ecclesia

178 2534 362 2601 positi.
397 2533 548 2598 Quod
582 2531 835 2585 nimirum
864 2534 912 2586 iit
946 2534 1143 2603 templo
1172 2533 1482 2589 Salomonis
1509 2544 1591 2589 est
1614 2552 1755 2605 prie—

176 2636 477 2695 stgnatum,
519 2624 569 2677 in
614 2639 720 2692 quo
768 2623 1078 2692 quindecim
1133 2626 1331 2695 gradus
1383 2624 1621 2688 fuerunt.
1663 2643 1757 2697 per

160 2706 309 2783 quos
332 2716 401 2767 ab
434 2712 687 2767 eueriori
730 2713 927 2782 templo
961 2713 1128 2768 semel
1159 2715 1209 2767 in
1250 2730 1391 2769 anno
1415 2715 1561 2769 solus
1583 2718 1757 2785 ponti-

176 2807 254 2860 fex
290 2808 348 2860 in
396 2805 594 2860 Sancta
626 2817 936 2860 sanctorum
973 2806 1318 2860 ascendebat.
1362 2806 1565 2860 Dicitur
1593 2808 1753 2859 etiam

171 2897 440 2948 canticum
497 2897 775 2965 graduum,
820 2894 979 2967 512
1023 2911 1087 2949 eo
1116 2895 1255 2965 quod
1285 2900 1482 2966 gradus
1522 2897 1609 2951 isti
1647 2914 1753 2950 non

171 2985 348 3038 solum
378 2985 446 3039 ad
479 2987 746 3039 canticum
777 2984 968 3040 futura:
1003 2988 1451 3041 remunerationis
1486 2999 1751 3056 spectent,

169 3079 259 3131 sed
289 3078 460 3131 etiam
489 3078 555 3130 ad
588 3087 906 3147 pnesentem
940 3079 1450 3133 rcnutnemtionem.
1486 3079 1585 3133 llic
1607 3081 1750 3134 enim

167 3168 335 3220 etiam
382 3181 510 3221 suos
536 3167 885 3220 ascendentes
926 3166 1063 3221 Dens
1104 3178 1438 3231 remunerat,
1486 3186 1611 3223 cum
1657 3186 1752 3223 eos

166 3266 396 3312 orantes
425 3257 666 3322 exaudit,
690 3266 745 3309 et
772 3257 823 3310 in
852 3258 1143 3313 virtutibus
1166 3269 1221 3313 et
1245 3259 1297 3312 in
1326 3257 1481 3313 bonis
1502 3260 1753 3329 operibus

164 3356 507 3418 augmentat.
549 3347 691 3401 Bene
730 3362 859 3403 vero
896 3348 1179 3418 pluraliter
1206 3351 1465 3419 graduum
1502 3351 1669 3420 ponit,
1696 3360 1754 3403 ut

165 3438 352 3508 plures
386 3438 573 3491 innuat
598 3453 718 3493 esse
759 3438 975 3508 gradus.
1013 3438 1137 3493 lliec
1167 3449 1344 3493 autem
1387 3455 1488 3494 vox
1528 3455 1647 3511 qua:
1670 3451 1753 3495 est

162 3531 395 3599 gradus,
426 3529 690 3600 signiﬁcat
725 3540 779 3584 et
816 3532 1018 3599 gradus
1047 3531 1167 3585 illos
1199 3546 1294 3600 per
1318 3546 1453 3600 quos
1478 3531 1537 3585 lit
1562 3547 1753 3585 ascen-

162 3637 273 3685 sus,
308 3630 366 3675 et
397 3620 513 3674 illos
536 3638 630 3689 per
659 3637 794 3691 quos
820 3622 878 3676 lit
906 3622 1223 3686 descensus,
1255 3623 1505 3691 quamvis
1530 3624 1617 3677 hic
1642 3639 1748 3677 non

161 3716 269 3768 sint
296 3714 601 3781 accipiendi
633 3713 721 3767 alii
758 3715 978 3784 gradus,
1015 3715 1116 3770 nisi
1162 3722 1259 3785 per
1288 3722 1424 3785 quos
1453 3716 1511 3769 lit
1536 3716 1603 3768 ad
1640 3730 1750 3770 cu:-

160 3804 353 3858 lestem
394 3802 723 3858 Hierusalem
749 3819 1028 3859 ascensus.

230 3894 336 3949 υ.ιί
379 3909 508 3948 vero
558 3910 654 3948 nos
696 3896 955 3950 habemus
998 3896 1282 3966 graduum,
1321 3895 1493 3952 Grmci
1551 3897 1749 3951 habent

156 3985 547 4049 enabat/imos;
574 4003 694 4055 qua:
728 4003 828 4042 vox
863 3990 1240 4043 tantummodo
1265 3987 1746 4059 signiﬁcatgradus

156 4078 512 4132 ascensorios.
550 4078 799 4149 Congrue
826 4082 1080 4135 nimirum
1108 4085 1303 4153 gradus
1333 4082 1417 4135 isti
1450 4083 1746 4149 quindena-

158 4174 238 4224 rio
302 4185 543 4223 nurnero
588 4171 931 4226 clauduntur.
969 4172 1104 4227 Cum
1149 4176 1291 4227 enim
1349 4189 1605 4228 numerus
1647 4175 1747 4229 iste

152 4271 377 4317 constet
424 4277 490 4315 ex
542 4266 850 4333 septenario
895 4276 950 4319 ct
978 4266 1280 4329 octonario,
1318 4282 1413 4335 per
1444 4266 1745 4335 quindena-

154 4357 295 4409 rium
337 4355 711 4423 quigradibus
748 4357 830 4411 his
866 4358 1141 4426 competit,
1171 4359 1326 4411 datur
1354 4358 1574 4430 intelligi
1603 4360 1743 4427 quod

151 4460 248 4513 per
279 4455 456 4499 totam
491 4445 630 4500 hanc
653 4447 845 4512 vitam,
866 4464 985 4518 qua:
1018 4462 1113 4516 per
1135 4455 1342 4518 septem
1372 4449 1486 4502 dies
1513 4448 1742 4503 volvitur

1868 1884 2209 1952 accipiuntur
2249 1884 2391 1954 loqui
2426 1899 2439 1937 :
2476 1887 2564 1953 qui
2607 1902 2728 1940 cum
2755 1890 2866 1956 jam
2906 1889 3003 1942 hos
3029 1892 3226 1960 gradus
3258 1908 3449 1946 ascen-

1866 1978 2059 2038 det-tut,
2101 1976 2166 2029 de
2221 1978 2425 2030 eisdem
2482 1979 2739 2047 gradibus
2794 1989 2985 2048 agunt;
3044 1990 3101 2035 ιιι
3144 1982 3327 2039 lideles
3351 1986 3444 2054 qui

1865 2066 2101 2118 nonduin
2156 2081 2249 2120 eos
2294 2070 2675 2132 ascenderunt,
2719 2070 2783 2123 ad
2831 2071 3227 2126 ascendentium
3266 2075 3448 2129 taliter

1862 2157 2107 2211 invitent.
2143 2157 2343 2213 llorum
2388 2172 2566 2215 autem
2602 2164 2866 2231 graduum
2909 2165 3118 2235 primus
3147 2169 3214 2221 de
3242 2182 3351 2236 quo
3384 2170 3439 2221 in

1862 2251 2113 2315 pra-senti
2143 2250 2351 2317 pSultllo
2396 2253 2597 2321 agitur,
2634 2255 2760 2307 talis
2795 2264 2897 2307 est.
2933 2254 3301 2310 l’erl‘ectorum
3329 2258 3445 2311 col-

1861 2336 2023 2389 lectio
2053 2341 2291 2392 ostendit
2328 2356 2386 2395 se
2417 2345 2482 2394 ad
2536 2344 2820 2396 Dominum
2870 2344 3155 2413 clamasse,
3195 2362 3321 2401 eum
3374 2351 3443 2402 ab

1862 2426 2132 2483 lueretieis
2171 2440 2225 2484 et
2273 2445 2303 2483 a
2355 2432 2681 2502 blasphemis
2713 2437 3063 2491 tribularetur
3103 2457 3115 2492 :
3163 2450 3219 2495 et
3252 2455 3442 2496 orasse

1862 2529 1921 2574 ut
1945 2523 2205 2575 darentur
2236 2523 2334 2577 sibi
2368 2527 2580 2593 sagitta:
2607 2527 2673 2580 ad
2696 2542 2788 2581 eos
2818 2530 3239 2595 eomincendos,
3273 2544 3323 2586 et
3358 2536 3445 2586 deo

1861 2612 2101 2666 solatorii
2147 2616 2433 2680 carbones,
2482 2618 2548 2671 ad
2598 2634 2785 2672 eorum
2820 2621 3275 2692 impugnationem
3312 2641 3434 2680 eva-

1860 2702 2111 2754 dendam.
2142 2706 2277 2769 Quia
2317 2720 2498 2759 autem
2536 2708 2668 2762 dicit
2709 2709 3001 2765 clamorem
3030 2730 3185 2767 suum
3226 2720 3451 2770 exaudi-

1861 2801 1970 2847 ttnn
2009 2811 2149 2857 esse,
2182 2812 2285 2849 non
2334 2799 2564 2865 pertinet
2604 2802 2669 2854 ad
2722 2803 2863 2857 lnmc
2911 2805 3143 2873 primunt
3194 2808 3451 2874 gradum,

1858 2884 1953 2937 sed
2002 2887 2068 2937 ad
2109 2889 2405 2940 secundum
2451 2906 2463 2941 :
2510 2892 2604 2943 sed
2654 2892 2773 2945 idco
2832 2892 2908 2946 sic
2948 2903 3202 2962 properat
3237 2912 3296 2949 se
3326 2912 3449 2950 esse

1856 2976 2207 3040 exauditum,
2251 2992 2533 3042 asserens,
2588 2989 2646 3034 ιιι
2693 2996 2788 3050 per
2824 2982 2925 3035 hoc
2962 2985 3134 3054 magis
3182 2997 3443 3041 accendat

1858 3067 2157 3132 auditores,
2193 3067 2260 3121 ad
2305 3070 2645 3125 clamandum
2688 3075 2754 3127 ad
2797 3076 3133 3140 Dominum;
3162 3091 3220 3131 ut
3258 3089 3307 3133 et
3340 3080 3441 3147 ipsi

1782 3137 1824 3196 (ἶ
1856 3159 2156 3214 clamantes
2176 3160 2430 3215 similiter
2456 3165 2699 3218 exaudiri
2727 3177 3060 3221 mereantur.

1928 3252 2009 3303 Λιι
2058 3246 2340 3305 Dominum
2373 3270 2492 3306 cum
2541 3255 2844 3321 tribularcr,
2893 3267 2999 3313 etc.
3034 3262 3114 3314 Ac
3155 3261 3199 3314 si
3246 3262 3435 3323 dicat;

1859 3340 1966 3394 Vos
1997 3341 2401 3412 ltdelcs'quique
2430 3358 2552 3399 cum
2588 3342 2971 3401 tribulabimini
3004 3367 3035 3402 a
3066 3350 3221 3405 labiis
3246 3353 3438 3423 iniquis

1856 3433 2314 3503 b'aSphetnorum,
2345 3447 2393 3489 et
2427 3454 2457 3489 a
2481 3436 2662 3506 lingua
2691 3439 2873 3492 dolosa
2909 3442 3311 3507 litereticorun't,
3346 3459 3442 3500 vos

1855 3525 1956 3577 sibi
2012 3525 2358 3581 confortnare
2415 3528 2721 3589 nitentium,
2772 3529 3006 3585 claritate
3051 3535 3118 3587 ad
3155 3534 3439 3589 Domimnn

1854 3614 2103 3683 exemplo
2141 3615 2267 3677 mei,
2305 3626 2363 3668 ut
2404 3617 2528 3672 inde
2560 3633 2653 3672 vos
2681 3619 2892 3689 eripiat.
2920 3622 3030 3692 Ego
3061 3639 3295 3694 namque
3318 3642 3437 3679 cum

1855 3703 2138 3755 tribularer
2164 3704 2385 3758 clamavi
2412 3709 2480 3759 ad
2505 3706 2785 3762 Dominum
2810 3727 2828 3764 :
2856 3721 2903 3764 et
2925 3713 3191 3767 exaudiuit
3217 3732 3296 3769 me
3324 3718 3437 3770 ela-

1854 3803 2111 3847 mantem.
2150 3795 2396 3849 Ostendit
2441 3808 2617 3851 autem
2669 3815 2766 3868 pro
2795 3817 2899 3871 qua
2944 3806 3298 3862 tribulatione
3326 3810 3442 3860 cla-

1853 3885 2033 3947 mavit,
2065 3898 2187 3938 cum
2215 3885 2294 3940 sic
2325 3888 2474 3941 addit
2506 3908 2520 3941 ;
2546 3889 2804 3959 Clamaci,
2835 3896 3076 3964 inquam,
3110 3899 3187 3951 sic
3210 3898 3433 3951 dicens:

1850 3973 2093 4039 Domine,
2117 3976 2279 4029 libera
2314 3980 2547 4031 animum
2570 3998 2759 4049 meum,
2782 3994 2888 4040 etc.
2916 3986 2993 4040 Ae
3016 3987 3059 4041 si
3082 3988 3228 4042 dicat
3259 3989 3430 4042 :Umn

1850 4075 2043 4136 potens
2094 4066 2171 4121 sis
2210 4071 2277 4122 ad
2322 4068 2683 4136 liberandum,
2734 4076 2990 4129 Domimts
3022 4076 3165 4129 enim
3206 4091 3287 4141 es,
3335 4092 3435 4131 oro

1851 4173 1956 4210 non
1989 4158 2207 4213 liberari
2234 4175 2432 4229 corpus
2460 4178 2488 4216 a
2510 4166 2854 4232 passionitnis
2876 4167 3304 4233 tribulationum,
3336 4173 3431 4223 sed

1848 4245 2012 4301 libera
2039 4250 2271 4302 animant
2306 4268 2472 4304 meum
2500 4270 2531 4305 a
2556 4254 2709 4306 labiis
2742 4256 2935 4324 iniquis
2967 4256 3431 4326 blasphemorum,

1846 4349 1895 4391 et
1923 4356 1955 4393 α
1985 4340 2165 4410 lingua
2206 4341 2392 4396 dolosa
2433 4344 2833 4412 haereticorum,
2868 4363 2934 4399 ne
2965 4349 3033 4403 ab
3063 4350 3194 4417 ipsis
3225 4352 3277 4404 in
3318 4369 3418 4405 mto

1848 4428 1952 4482 lam
1986 4439 2193 4499 partem
2212 4432 2532 4501 trajiciatur.
2553 4433 3026 4507 Ostcmlitquoque
3044 4439 3313 4507 quomodo
3334 4441 3429 4495 de-

152 4506 405 4603 'assidue,
441 4542 525 4595 his
569 4506 921 4610 gradibus'a'd
958 4506 1162 4592 οείδνω
1189 4506 1293 4591 (hei
1322 4537 1619 4606 jucundam
1663 4555 1742 4592 η..
1771 4506 1818 4564 Ι)
1847 4520 3430 4601 liberaveratseliberari,utinnuatmagnumfuissepericu-

152 4631 590 4688 munerationem
618 4631 770 4684 nobis
801 4630 1154 4683 annitendum
1180 4627 1424 4683 est.Sive
1450 4644 1543 4697 per
1568 4639 1740 4699 septe-

149 4726 375 4778 narium
426 4732 597 4777 totmn
645 4721 1056 4775 Testamentum
1117 4720 1284 4774 Vetus
1334 4720 1622 4790 accipitur,
1681 4730 1741 4773 ut

147 4824 329 4867 totum
358 4822 545 4884 aperte
576 4813 905 4881 designetur,
957 4825 1020 4865 eo
1068 4811 1208 4880 quod
1238 4810 1291 4862 in
1335 4810 1511 4863 Veteri
1559 4808 1745 4863 Testa-

146 4913 344 4957 mento
366 4902 433 4956 de
455 4901 831 4956 observatione
854 4902 957 4954 diei
982 4900 1223 4970 septima:
1254 4909 1465 4968 agatur.
1493 4897 1618 4953 Sive
1647 4915 1744 4969 per

145 4992 523 5061 Septenarium
555 4992 755 5045 ideirco
777 4991 1185 5045 Testamentum
1219 4989 1381 5044 Vetus
1402 4989 1737 5058 intelligitur,

145 5086 417 5153 quoniam
460 5084 622 5137 luerit
654 5084 795 5139 idem
835 5084 1243 5139 Testamentum
1282 5099 1311 5137 a
1345 5086 1508 5154 priori
1543 5086 1738 5154 ριηιιιιυ

146 5192 258 5230 non
292 5190 460 5230 causa
487 5164 807 5241 cwlestitnn,
853 5176 944 5230 sed
969 5190 1130 5231 causa
1162 5174 1444 5229 mandante
1467 5177 1741 5245 prosperi-

98 5275 106 5284 '
147 5264 281 5318 tatis
348 5262 711 5331 adipiscenda:
766 5264 1091 5334 completum
1139 5281 1154 5317 :
1202 5279 1322 5333 quae
1380 5279 1511 5319 sane
1556 5279 1735 5318 rerum

147 5351 554 5407 mundanarum
592 5353 948 5423 prosperitas,
979 5367 1079 5423 per
1112 5353 1477 5423 septenarium
1512 5354 1737 5408 deuota-

144 5457 268 5511 tur,
326 5460 392 5501 eo
424 5448 564 5518 quod
605 5446 876 5500 mundana
926 5447 1035 5501 vita
1082 5447 1198 5501 inec
1252 5461 1351 5515 per
1387 5447 1501 5501 dies
1532 5457 1736 5517 septem

144 5538 410 5592 volvitur.
448 5538 554 5594 Per
584 5537 926 5593 octonarium
961 5545 1142 5591 autem
1182 5534 1593 5592 Testamentum
1622 5536 1734 5591 No-

141 5643 277 5683 vum
310 5629 651 5698 exprimitur,
706 5641 772 5683 eo
816 5627 958 5699 quod
1004 5627 1143 5683 idem
1182 5624 1589 5682 Testamentum
1638 5642 1736 5697 per

147 5721 610 5774 resurrectionem
667 5718 902 5785 Domini,
936 5733 1053 5789 qua:
1100 5718 1188 5773 die
1237 5729 1427 5773 octava
1479 5716 1730 5787 contigit,

1846 4610 1954 4665 ltttn
2002 4612 2386 4679 tribulationis,
2431 4626 2483 4670 et
2518 4632 2616 4685 per
2649 4620 2749 4671 hoc
2778 4619 3009 4672 instruat
3048 4622 3223 4692 magis
3249 4623 3301 4676 in
3331 4624 3431 4677 lm-

1839 4705 2074 4776 jusmodi
2124 4706 2285 4779 513
2331 4710 2573 4779 periculo
2635 4713 2840 4781 positos
2881 4729 3059 4768 orare.
3114 4715 3168 4769 In
3232 4733 3427 4787 magno

1843 4800 2040 4868 quippe
2069 4804 2309 4870 periculo
2338 4818 2442 4856 non
2486 4805 2538 4856 in
2566 4819 2752 4873 parvo,
2786 4807 3103 4863 deliberatio
3123 4809 3235 4864 lieri
3268 4812 3424 4865 solet.

1846 4889 1960 4946 lloe
1988 4908 2118 4962 ergo
2143 4894 2221 4947 sie
2253 4894 2380 4949 dicit
2414 4913 2425 4947 :
2461 4895 2589 4950 Dico
2610 4899 2751 4965 quod
2781 4899 3032 4966 clmna'ri,
3061 4902 3247 4957 dicens
3272 4920 3285 4956 :
3319 4902 3426 4956 Do-

1843 4985 2003 5049 mine,
2036 4984 2222 5049 libcra,
2248 4995 2349 5039 etc.
2381 4986 2645 5041 C:eternm
2684 4998 3006 5059 anteaquam
3050 4992 3421 5052 clatnaverim,

1844 5076 1917 5129 ita
1948 5092 2155 5131 meeum
2192 5077 2482 5133 deliberavi
2526 5081 2793 5149 mihimet,
2850 5084 3002 5152 quasi
3050 5099 3293 5153 persona:
3332 5086 3420 5140 alii

1845 5168 2092 5237 loquens.
2136 5168 2276 5235 Quid
2306 5187 2579 5226 armorum
2606 5174 2760 5227 detur
2783 5175 2875 5228 tibi
2912 5175 2983 5229 ad
3019 5176 3251 5246 linguam
3280 5178 3423 5232 dolo-

1843 5276 1955 5315 sam
1995 5262 2372 5316 luereticorum
2404 5263 2835 5319 ‘dev-ineendatn?
2862 5267 2963 5319 Aut
2994 5267 3039 5322 si
3078 5267 3211 5322 nihil
3242 5284 3421 5323 arum-

1844 5367 1961 5405 rum
1990 5352 2148 5407 detur
2180 5354 2247 5407 ad
2274 5368 2367 5407 eos
2396 5355 2815 5425 expugnandos,
2853 5354 3046 5410 saltem
3082 5357 3209 5428 quid
3247 5358 3400 5412 muni

1842 5442 2008 5496 menti
2054 5452 2367 5511 apponatur,
2408 5445 2458 5497 id
2495 5454 2577 5498 est
2614 5444 2935 5515 adjungatur
2962 5447 3074 5509 (tibi
3121 5464 3151 5502 a
3194 5448 3305 5504 Deo
3349 5451 3418 5503 ad

1840 5531 2074 5603 linguam
2103 5533 2337 5586 dolosam
2366 5534 2694 5599 evitandum,
2723 5550 2790 5589 ne
2814 5545 2864 5591 te
2888 5537 3062 5591 valeat
3081 5539 3419 5608 expugnare?

1837 5624 2049 5679 Dictum
2070 5635 2154 5681 est
2181 5642 2209 5678 a
2240 5625 2593 5681 similitudine
2616 5628 2787 5700 clypei
2823 5630 2905 5685 vel
2935 5630 3135 5694 loriexe,
3161 5647 3282 5701 qua:
3312 5633 3414 5687 sibi

1837 5716 1997 5772 miles
2029 5718 2247 5788 apponit
2274 5726 2330 5771 nt
2357 5734 2452 5788 per
2495 5719 2606 5803 haec
2638 5739 2665 5775 a
2692 5721 2886 5789 jaculis
2932 5724 3165 5777 hostium
3208 5727 3415 5779 munia-
