3962 6318
569 369 707 423 1515

1136 360 1200 421 S.
1240 348 1585 416 BRUNONIS
1624 345 2269 410 CARTllUSl.\NORUM
2304 342 2786 400 lNSTlTUTOlllS
2810 340 2960 398 OPP.
2996 340 3174 396 PARS
3216 337 3256 394 ί.

3678 336 3785 393 1316

570 498 679 541 tur.
710 484 822 539 lloc
849 490 1029 536 autem
1074 479 1181 533 tale
1206 488 1313 541 est,
1338 492 1404 551 ac
1442 475 1486 529 si
1531 474 1608 527 sic
1645 470 1921 524 diceretur
1963 482 1976 518 :
2018 464 2148 530 Qum
2179 465 2221 520 Α
2250 461 2477 515 salutem
2497 499 2512 524 ,
2543 468 2596 512 et
2623 459 2848 529 cupiens
2877 472 2972 511 eos
3013 457 3079 509 ad
3109 469 3295 524 pacem
3329 451 3588 507 Ecclesia:
3624 453 3787 508 reduci.

567 592 724 630 arma
749 578 972 644 possent
992 586 1022 624 ιι
1060 568 1289 623 Domino
1321 565 1449 621 mihi
1487 561 1601 615 dari
1633 557 1699 611 ad
1729 556 1966 625 linguam
1998 552 2145 605 dolo-

570 683 686 720 sam
716 657 1163 737 expugnandam?
1183 658 1294 712 Aut
1322 656 1366 710 si
1392 652 1556 705 armis
1580 660 1826 709 caruere,
1849 659 1969 713 qurc
1999 652 2148 711 pote—

576 764 705 809 runt
732 734 861 808 mihi
890 750 1008 805 dari
1041 748 1388 807 munitiones,
1422 756 1489 795 ne
1525 755 1555 793 a
1590 738 1771 807 lingua
1807 734 1991 788 dolosa
2020 748 2149 788 con-

575 843 815 901 former?
838 822 1150 897 Notandum
1178 836 1300 905 quia
1331 846 1452 887 cum
1483 830 1547 883 de
1584 827 1765 895 lingua
1805 824 1989 878 dolosa
2019 820 2150 875 deli-

574 935 910 991 berationem
932 930 1113 993 faciat,
1136 935 1191 980 et
1220 925 1286 978 de
1316 921 1471 975 labiis
1500 915 1700 971 dolosis
1721 914 1965 978 minime,
1994 914 2152 965 datur

576 1026 800 1096 intelligi
835 1023 1005 1092 magis
1030 1032 1151 1073 esse
1184 1011 1547 1085 periculosum
1575 1021 1737 1079 agere
1770 1014 1962 1060 contra
2002 1001 2151 1056 dolo-

574 1094 792 1173 sitatem
821 1111 1218 1169 licerelicorum,
1241 1103 1333 1173 qui
1364 1102 1633 1156 rationem
1657 1097 1857 1152 habere
1879 1094 2150 1157 videntur,

542 1194 739 1283 lqnam
766 1214 950 1261 contra
973 1200 1150 1270 iniqua
1185 1198 1347 1251 verba
1376 1195 1541 1249 Deum
1564 1200 1752 1262 aperte
1774 1187 2153 1257 blasphemano

578 1276 733 1364 tium,
780 1294 870 1362 qui
919 1305 1019 1345 nec
1067 1289 1120 1343 in
1172 1286 1362 1341 umbra
1415 1282 1642 1338 rationis
1705 1287 1850 1335 sunt.
1909 1276 2157 1332 Ostendit

575 1396 754 1440 autem
784 1380 913 1451 quid
946 1378 1144 1450 poterit
1171 1375 1285 1431 dari
1316 1383 1410 1428 ant
1442 1369 1664 1442 apponi,
1699 1368 1777 1424 sic
1808 1384 1822 1421 :
1874 1367 2001 1422 Dico
2030 1366 2154 1437 quid

576 1479 753 1535 detur,
779 1481 870 1526 aut
897 1469 1024 1541 quid
1055 1476 1388 1537 apponatur;
1430 1463 1575 1525 lucc,
1608 1459 1816 1515 scilicet
1845 1458 2151 1512 dabuntur:

577 1568 799 1637 Sagitta:
848 1562 1068 1632 potentis
1115 1554 1577 1617 antonomastice,
1626 1549 1861 1614 Christi,
1913 1548 2153 1612 scilicet,

574 1667 772 1719 ncula’,
803 1656 854 1710 id
883 1660 966 1710 est
991 1650 1275 1709 sententiae
1301 1646 1589 1703 verborum
1620 1642 1831 1697 Domini
1862 1639 1988 1693 Jesn
2009 1638 2155 1691 omni

576 1745 1026 1816 pt‘llell‘ablllOfCS
1052 1741 1324 1804 acumine,
1352 1753 1471 1808 quin
1501 1746 1626 1791 sunt
1654 1731 1898 1788 ellicaces
1931 1731 1997 1784 ad
2029 1746 2159 1783 con-

578 1838 875 1892 vincendos
904 1834 1218 1898 haereticos,
1248 1832 1386 1885 sicut
1418 1824 1818 1894 acutweagitta’
1855 1837 1979 1877 cum
2004 1819 2159 1888 jacu-
2194 1821 2233 1876 Β

580 1929 765 1982 hintnr
794 1943 823 1981 a
854 1942 1016 1981 manu
1066 1922 1329 1993 potentis,
1375 1919 1426 1974 id
1472 1928 1556 1973 est
1604 1916 1705 1971 viri
1748 1914 1933 1978 fortis,
1974 1911 2161 1965 Valilae

581 2029 709 2073 sunt
730 2017 796 2070 ad
826 2015 1102 2070 inimicum
1133 2007 1582 2067 interﬁciendum.

656 2128 899 2200 Sugitur,
953 2127 1196 2195 inquam,
1241 2121 1466 2191 potentis
1517 2114 1728 2174 Domini
1774 2113 2065 2174 dabuntur,
2111 2118 2166 2164 et

583 2226 690 2280 hoc
736 2237 855 2275 runt
899 2217 1208 2273 carbonibus
1259 2211 1590 2267 desolatoriis
1628 2204 1981 2278 apponendis.
2011 2201 2166 2270 Quod

580 2327 669 2370 est
699 2316 879 2371 dici-re
909 2329 921 2365 :
952 2310 1043 2365 Sic
1078 2309 1286 2379 sagitta:
1339 2305 1609 2358 dalmntnr
1642 2299 1785 2370 quod
1814 2298 1977 2352 etiam
2008 2296 2165 2350 deso-

582 2406 764 2460 latorii
788 2404 1053 2458 carbones
1077 2408 1437 2468 opponentur,
1476 2393 1674 2463 quibus
1712 2400 1900 2445 contra
1925 2389 2165 2457 linguam

584 2497 833 2551 dolosam
876 2494 978 2548 sim
1006 2491 1277 2549 iniunitus.
1322 2485 1597 2541 Carboncs
1642 2479 1999 2536 desolatorins
2045 2491 2169 2546 pro-

587 2590 781 2659 phetas
808 2585 941 2645 dicit
982 2593 1038 2639 et
1080 2580 1385 2652 apostolos,
1425 2578 1516 2648 qui
1552 2590 1751 2655 omnes
1791 2575 2027 2628 haereses
2057 2571 2169 2626 suis

590 2679 931 2751 temporibus
962 2674 1187 2731 dcsolati
1216 2681 1364 2740 sunt,
1392 2671 1536 2726 sicut
1556 2666 1823 2722 carbones
1846 2666 1985 2735 ignis
2012 2666 2169 2718 deso-

586 2774 773 2827 lantur
796 2768 1050 2839 quaelibet
1072 2764 1323 2826 aaililicia,
1347 2761 1435 2815 ubi
1459 2760 1661 2815 fuerint
1682 2756 1919 2823 accensi,
1945 2756 2171 2826 ideoque

588 2864 847 2918 dicuntur
877 2856 1210 2915 desolatorii.
1242 2855 1445 2908 llorum
1485 2852 1668 2921 itaque
1706 2850 2092 2919 prophetarum
2118 2855 2173 2900 et

587 2952 958 3022 apostolorum
988 2944 1408 3003 auctoritatibus
1443 2951 1633 2997 contra
1665 2939 1951 2994 haireticos
1988 2936 2172 2991 ﬁdeles

590 3045 669 3098 illi
696 3041 1034 3103 tnuniuntur,
1058 3039 1152 3108 qui
1183 3047 1344 3091 tanta:
1364 3034 1571 3105 peritia:
1594 3047 1700 3088 non
1726 3042 1872 3096 sunt,
1901 3039 1955 3083 ut
1980 3038 2168 3084 contra

588 3149 687 3189 eos
733 3131 1032 3186 rationibus
1070 3142 1231 3199 agere
1274 3124 1558 3181 sulliciant.
1607 3121 1857 3177 Ostendit
1895 3120 2059 3175 etiam
2086 3119 2170 3173 ni-

594 3228 761 3297 iniam
782 3223 1109 3278 anxietatem
1141 3235 1251 3274 sua:
1280 3214 1673 3278 tribulationis,
1714 3213 1836 3270 sic:
1874 3212 2004 3267 Dico
2029 3211 2172 3280 quod
2199 3187 2244 3247 ε

592 3317 820 3373 clamavi
868 3316 937 3369 ad
988 3312 1304 3375 Dominum,
1352 3325 1472 3362 eum
1516 3304 1817 3371 tribularer,
1864 3312 1919 3360 et
1953 3316 2175 3358 necesse

594 3408 813 3480 quidem
844 3406 944 3460 fuit
972 3405 1227 3460 clamare.
1262 3401 1397 3456 Nam
1426 3403 1525 3454 heu
1553 3399 1703 3462 milii,
1728 3397 1780 3451 id
1808 3404 1893 3451 est
1915 3410 1993 3450 va:
2019 3394 2171 3459 mihi,

596 3501 809 3556 scilicet
838 3497 1002 3552 nimia
1038 3495 1255 3550 miseria
1283 3492 1383 3546 fuit
1415 3491 1572 3555 mihi,
1613 3489 1732 3543 ideo
1761 3488 1887 3557 quia
1915 3484 2174 3538 incolatur

598 3606 746 3644 meus
775 3588 1113 3658 prolongatus
1152 3594 1251 3651 est,
1280 3583 1441 3639 idest
1478 3579 1842 3652 peregrinatio
1872 3591 1990 3632 mea
2016 3576 2178 3631 nimis

601 3683 861 3737 diuturna
893 3678 1036 3732 facta
1061 3687 1173 3742 est;
1202 3674 1585 3747 peregrinatio,
1618 3671 1826 3726 scilicet
1851 3670 2008 3740 hujus
2034 3669 2175 3731 vitae,

601 3772 658 3827 in
686 3786 791 3840 qua
821 3770 946 3824 dum
985 3769 1180 3834 existo,
1215 3783 1245 3820 a
1285 3766 1459 3837 patria
1486 3763 1692 3819 caelesti
1732 3761 1938 3817 exsnlo.
1970 3761 2174 3816 Notan-

604 3865 733 3920 dum
758 3862 902 3932 qnod
932 3876 1040 3915 non
1068 3861 1190 3914 ideo
1213 3860 1478 3929 quzeritur
1500 3861 1565 3913 de
1592 3855 2003 3927 prolongatione
2029 3856 2180 3910 inco-

604 3954 769 4017 latus,
804 3960 864 4005 nt
902 3948 1013 4018 jam
1057 3950 1197 4003 velit-
1216 3964 1447 4017 corpore
1492 3947 1744 4013 dissolvi,
1775 3960 1898 4000 cum
1944 3946 2179 3998 nondum

578 4043 673 4101 uad
705 4039 1093 4112 petilrctionem
1124 4037 1451 4107 pervenerit,
1498 4036 1592 4090 sed
1631 4036 1752 4088 ideo
1796 4032 2051 4103 quoniam
2081 4048 2177 4084 an-

606 4132 790 4186 xiatur
818 4132 885 4185 de
913 4127 1317 4183 cohabitatione
1347 4139 1671 4194 pravorum,
1698 4122 1838 4191 quod
1869 4124 1921 4175 in
1947 4137 2180 4190 sequen-

610 4223 753 4276 tibus
775 4220 1121 4276 tnanilestum
1143 4226 1227 4272 est
1251 4216 1357 4271 sic:
1384 4215 1449 4269 Et
1475 4214 1595 4268 ideo
1617 4213 1739 4267 dico
1758 4212 1859 4266 heu
1885 4211 2010 4263 mihi
2023 4210 2043 4263 .'
2066 4224 2185 4264 esse

608 4315 666 4370 in
713 4311 1121 4384 prolongatione
1169 4307 1464 4371 incolatus,
1515 4305 1641 4376 quia
1700 4304 1754 4359 in
1804 4303 1907 4358 hoc
1951 4302 2183 4357 incolatu

609 4406 839 4461 habitari
870 4402 1225 4473 corporaliter
1243 4417 1360 4454 cum
1389 4397 1746 4453 habitantibus
1798 4395 1994 4461 Calor,
2024 4396 2076 4450 id
2105 4404 2189 4448 est

612 4500 888 4560 tenebras,
918 4495 1130 4551 scilicet
1168 4508 1291 4547 cum
1331 4488 1661 4559 blasphemis
1689 4497 1745 4543 et
1778 4487 2047 4542 hmreticis
2076 4486 2183 4555 qui

2217 4545 2264 4604 D

2249 550 2354 604 Per
2381 550 2484 604 hoc
2509 547 2783 602 auditores
2810 548 3049 609 inStruit,
3079 560 3202 599 cum
3233 543 3475 599 inimicis
3510 542 3651 612 pacis
3679 548 3790 613 paci-

2252 638 2382 692 ficos
2407 651 2529 692 esse
2557 638 2770 692 debere.
2808 634 2959 692 Unde
2998 635 3278 703 Prosper:
3328 632 3649 687 Christiana:
3700 648 3793 703 per-

2251 727 2503 785 fectionis
2551 737 2635 783 est
2685 726 2970 799 paciﬁcum
3020 740 3175 791 esse,
3219 724 3387 778 etiam
3444 737 3567 778 cum
3605 722 3793 779 inimicis

2252 822 2425 890 pacis,
2456 836 2550 889 spe
2574 820 2947 880 correctionis,
3000 833 3105 873 non
3149 829 3420 872 consensu
3462 814 3790 885 malignitatis.

2253 911 2384 967 Dico
2413 911 2555 980 quod
2584 910 2834 980 paciﬁcus
2867 908 3191 971 cxisteham,
3217 916 3268 961 et
3303 922 3425 959 eum
3462 904 3696 974 loquebar
3715 906 3793 958 illi:

2252 1012 2464 1072 pacate,
2495 1002 2569 1056 illi
2610 999 2773 1072 515.
2809 1001 3208 1069 impugnabant,
3246 998 3300 1052 id
3338 1006 3425 1052 est
3462 997 3796 1067 Oppugnaliant

2251 1110 2336 1148 me
2361 1093 2540 1148 verbis
2571 1092 2869 1157 maledicis,
2895 1099 2950 1143 et
2992 1091 3093 1144 hoc
3114 1090 3299 1159 gratis,
3328 1087 3383 1142 id
3414 1098 3496 1142 est
3521 1088 3633 1142 sine
3650 1101 3794 1153 causa,

2253 1196 2310 1241 et
2348 1184 2466 1240 sine
2500 1182 2709 1236 ratione
2745 1180 2829 1235 γει
2865 1180 3056 1251 gratis,
3090 1180 3141 1234 id
3176 1188 3261 1235 est
3290 1178 3498 1235 frustra
3525 1181 3799 1248 impotentes

2257 1292 2342 1333 inc
2365 1276 2671 1332 devincere.

2736 1386 2803 1442 IN
2842 1383 3170 1443 PSALMUM
3200 1384 3370 1441 CXX.

2329 1500 2541 1555 Titulus
2590 1498 2867 1555 centesimi
2917 1497 3182 1553 vicesimi.
3241 1496 3523 1552 Canticum
3561 1498 3799 1566 graduum,

2260 1592 2362 1648 hoc
2405 1601 2463 1645 ut
2507 1591 2757 1661 superius
2798 1589 3105 1658 exponitur.
3159 1586 3346 1641 Primo
3393 1589 3565 1655 gradu
3603 1597 3802 1648 OSlCIISO,

2261 1682 2485 1746 scilicet,
2511 1682 2614 1736 hoc
2642 1680 2784 1749 quod
2815 1680 2883 1733 ad
2911 1678 3195 1733 Dominum
3228 1677 3280 1731 in
3309 1676 3701 1730 tribulationem
3722 1676 3803 1728 ila-

2264 1771 2463 1835 mavit,
2487 1786 2652 1825 orans
2680 1769 2785 1824 sibi
2815 1769 2931 1823 dari
2961 1768 3184 1838 sagittas
3202 1774 3259 1822 et
3280 1766 3637 1821 desolatorios
3656 1784 3693 1819 α
3711 1768 3761 1821 rb
3788 1793 3809 1806 -

2263 1875 2375 1923 ncs,
2404 1860 2697 1915 secundum
2723 1858 2948 1929 gradum
2980 1858 3031 1911 in
3063 1856 3307 1926 sequenti
3350 1856 3559 1924 psalmo
3591 1860 3808 1919 ostendit,

2214 1984 2217 1987 -
2262 1952 2473 2006 scilicet
2501 1965 2561 2005 se
2607 1950 2929 2021 impetrasse
2954 1949 3098 2018 quod
3128 1948 3322 2005 oravit.
3363 1947 3567 2002 habere
3606 1950 3812 2003 videlit-er

2264 2042 2511 2095 notitiam
2542 2040 2972 2110 Scripturarum,
3001 2046 3056 2092 et
3079 2037 3465 2092 auctoritatem
3492 2038 3812 2107 apostolorum

2264 2141 2319 2187 et
2341 2131 2747 2200 prophetarum.
2788 2127 2940 2183 Unde
2969 2128 3070 2183 sibi
3096 2144 3193 2197 per
3234 2128 3527 2182 Dominum
3570 2128 3693 2183 dicit
3721 2145 3814 2183 esse

2265 2228 2552 2276 venturum
2579 2218 2857 2273 auxilium.
2889 2218 2994 2273 Per
3019 2219 3122 2274 hoc
3154 2218 3317 2289 igitur
3344 2218 3541 2272 invitat
3580 2219 3817 2274 auditoris

2267 2313 2333 2367 ad
2360 2312 2729 2377 clamandum,
2758 2320 2818 2365 nt
2855 2320 2909 2365 et
2947 2311 3044 2381 ipsi
3077 2312 3380 2366 clamantes
3420 2310 3704 2380 impetrare
3725 2328 3816 2366 nte-

2268 2414 2509 2458 reantur.
2540 2400 2672 2458 Orat
2715 2402 2878 2457 etiam
2929 2402 3184 2472 deinceps
3219 2404 3484 2457 custodiri
3521 2418 3591 2457 ne
3627 2404 3817 2458 ulterius

2268 2501 2695 2556 commoveatur,
2727 2502 2820 2545 aut
2848 2491 3102 2545 dormitet
3133 2492 3186 2545 in
3219 2492 3348 2555 lide,
3393 2502 3446 2545 et
3472 2493 3545 2547 ad
3578 2494 3818 2548 certitudi-

2270 2600 2395 2639 nem
2429 2584 2736 2640 auditorum
2762 2584 3010 2638 enuntiat
3035 2598 3157 2639 esse
3183 2583 3330 2654 quod
3356 2594 3500 2639 orat.

2339 2674 2526 2731 Levavi
2551 2676 2751 2744 oculos,
2795 2684 2901 2731 etc.
2926 2676 3007 2732 Ac
3028 2676 3074 2731 si
3097 2676 3242 2732 dicat
3264 2691 3281 2729 :
3304 2675 3468 2730 Prius
3486 2676 3557 2730 ad
3578 2675 3818 2731 Domina

2269 2766 2515 2832 clamavi,
2546 2782 2666 2820 cum
2704 2764 3006 2830 tribularer,
3036 2780 3201 2820 orans
3230 2765 3361 2820 mihi
3389 2765 3508 2820 dari
3546 2767 3754 2837 sagittas
3779 2778 3820 2821 et

2275 2859 2561 2913 carbones.
2595 2858 2660 2911 Et
2686 2857 2772 2912 his
2805 2857 2936 2911 inihi
2980 2858 3048 2912 ab
3074 2857 3471 2913 illuminatione
3505 2860 3688 2928 gratia:
3715 2861 3820 2914 diri-

2273 2965 2354 3003 ua:
2379 2948 2672 3013 concessis,
2714 2962 2837 3001 cum
2870 2948 3018 3016 prius
3058 2946 3243 3001 oculos
3290 2949 3528 3003 rationis
3572 2949 3820 3019 depressos

2275 3040 2527 3094 haberem
2561 3039 2887 3108 ignorantia,
2933 3038 3093 3093 levavi
3136 3037 3260 3094 illos
3305 3040 3491 3094 oculos
3536 3058 3674 3096 meo:
3718 3044 3824 3096 inte-

2276 3130 2448 3185 riores
2498 3130 2553 3183 in
2600 3140 2829 3193 montes,
2880 3130 3050 3184 idest
3093 3130 3242 3184 erexi
3287 3145 3384 3186 eos
3428 3135 3747 3188 attendendo
3784 3136 3823 3187 in

2277 3221 2589 3291 Scripturas
2618 3224 3002 3292 pr0phetarum
3035 3231 3089 3275 et
3107 3222 3508 3291 apostolorum,
3537 3225 3627 3294 qui
3649 3235 3825 3294 propter

2275 3314 2553 3384 dignitatis
2606 3329 2716 3369 sua:
2754 3316 3102 3372 eminentiam
3155 3326 3368 3373 montes
3405 3317 3680 3371 dicuntur.
3709 3315 3825 3369 Uade

2277 3406 2437 3459 veniet
2459 3405 2720 3459 auxilium
2750 3407 2896 3460 milii.
2923 3408 3000 3462 Ac
3031 3409 3076 3464 si
3100 3408 3245 3463 dicat
3270 3426 3283 3462 :
3308 3408 3452 3463 Vere
3482 3408 3538 3462 in
3561 3407 3827 3477 Scriptores

2276 3494 2417 3550 oculi
2450 3496 2576 3550 sunt
2604 3494 2838 3550 levandi.
2866 3496 2992 3552 lude
3024 3498 3154 3554 mihi
3182 3498 3445 3553 auxilium
3478 3500 3760 3568 continget,
3787 3508 3828 3551 ut

2280 3586 2520 3655 ipsarum
2550 3585 2874 3652 rationibus,
2905 3587 3023 3642 lldei
3061 3588 3380 3644 convincam
3419 3589 3768 3650 adversarios,
3792 3599 3831 3642 et

2279 3680 2519 3733 munitus
2570 3689 2755 3735 contra
2809 3694 2904 3734 eos
2974 3680 3229 3736 cristam.
3283 3678 3361 3734 Ne
3415 3694 3550 3735 vero
3603 3681 3832 3733 videmur

2279 3768 2538 3822 auxilium
2573 3770 2675 3823 hoc
2702 3769 3042 3823 solummodo
3075 3785 3105 3823 a
3137 3769 3412 3823 montibus
3449 3784 3597 3833 esse,
3635 3781 3833 3822 retineret

2281 3860 2382 3915 hoc
2408 3860 2489 3923 sic
2531 3876 2546 3913 :
2592 3859 2660 3913 Et
2700 3859 2802 3925 hoc
2830 3860 3088 3913 auxilium
3117 3876 3285 3913 meum
3332 3860 3479 3929 quod
3527 3875 3561 3913 a
3601 3861 3835 3914 montibus

2279 3952 2468 4016 veniet,
2491 3968 2522 4004 a
2552 3949 2779 4004 Domino
2818 3961 2996 4005 tamen
3031 3959 3134 4017 est,
3159 3950 3369 4006 scilicet
3396 3952 3479 4006 sic
3507 3952 3792 4006 ausiliabor
3812 3965 3834 4001 ι

2282 4042 2554 4096 montibus
2597 4051 2656 4094 ut
2702 4041 2963 4095 auxilium
3017 4040 3118 4094 hoc
3147 4058 3179 4093 a
3228 4039 3459 4095 Domino
3508 4042 3838 4112 principaliter

2283 4132 2579 4203 contingat.
2634 4130 2679 4184 Α
2719 4130 2966 4197 Domino,
3012 4130 3261 4200 inquapi,
3305 4131 3398 4201 qui
3447 4142 3645 4199 potens
3688 4143 3762 4187 est
3789 4130 3837 4183 ad

2285 4223 2679 4292 adiuvandum,
2717 4224 2807 4293 qui
2852 4222 2973 4291 fecit
3020 4222 3204 4276 caelum
3246 4232 3293 4275 et
3329 4232 3567 4289 terram,
3600 4224 3653 4278 id
3692 4233 3767 4279 est
3802 4233 3843 4275 et

2288 4316 2433 4387 ipsos
2479 4322 2690 4370 montes
2737 4314 2866 4369 fecit
2914 4314 3005 4384 qui
3060 4313 3280 4368 luerunt
3328 4315 3490 4380 cmli,
3524 4316 3578 4370 id
3622 4326 3843 4372 estconi-

2286 4406 2533 4475 plucntes
2578 4406 2842 4468 subditos,
2885 4416 2932 4460 et
2983 4416 3177 4459 terram
3223 4403 3369 4471 fecit,
3422 4406 3476 4461 id
3514 4416 3604 4462 est
3635 4407 3843 4462 subditos

2290 4497 2611 4567 complutos.
2645 4497 2757 4551 Hoc
2783 4509 2965 4553 autem
3004 4499 3147 4568 quod
3177 4499 3455 4570 sequitur,
3491 4499 3707 4554 scilicet
3748 4495 3843 4550 Non

614 4598 836 4644 manent
864 4588 935 4643 in,
969 4585 1208 4641 tenebris
1244 4583 1583 4653 ignorantiae.
1630 4580 1965 4636 Dcterminat
2003 4588 2172 4634 auten

2289 4589 2400 4652 det,
2428 4596 2535 4642 etc.
2557 4626 2572 4650 ,
2597 4586 2681 4641 vel
2720 4595 2900 4657 potest
2939 4588 3117 4643 oratio
3145 4603 3267 4644 esse
3299 4589 3366 4644 de
3401 4589 3590 4659 seipso
3618 4598 3676 4643 ut
3701 4589 3761 4641 ad
3783 4603 3845 4640 su

574 4724 579 4729 .
613 4696 673 4735 se
694 4679 848 4750 queri
881 4692 988 4733 non
1018 4677 1084 4731 de
1121 4674 1362 4729 incolatu
1389 4671 1665 4740 corporis,
1700 4670 1794 4725 sed
1824 4670 2039 4735 anima},
2063 4685 2186 4724 cum

613 4774 759 4828 addit
788 4773 890 4832 sic,
914 4781 968 4825 et
996 4768 1289 4824 habitando
1315 4781 1434 4820 cum
1464 4763 1821 4817 habitantibus
1861 4760 2033 4816 Cedar
2061 4777 2188 4815 cor-

613 4863 871 4937 poraliter
896 4879 908 4915 :
936 4870 1229 4929 antequam
1262 4859 1330 4911 ad
1351 4856 1635 4911 Dominum
1667 4854 1979 4917 clamarem,
2010 4854 2189 4907 animo

614 4973 730 5012 mea
764 4956 860 5025 fuit
884 4953 1078 5015 incola,
1109 4952 1161 5004 id
1189 4960 1275 5005 est
1312 4950 1595 5019 peregrina
1632 4959 1687 5002 et
1723 4948 1825 5002 hoc
1856 4945 2099 5006 multum,
2140 4946 2190 4999 id

604 5059 699 5104 cst
725 5049 875 5103 valde
899 5053 1103 5100 remota
1127 5060 1155 5097 a
1183 5042 1386 5097 cmlesti
1411 5042 1583 5110 patria
1607 5037 2034 5107 contemplcnda,
2063 5038 2189 5088 dum

614 5140 685 5193 ab
714 5137 1081 5194 habitantibus
1098 5132 1271 5189 Cedar
1291 5145 1432 5202 sznpe
1460 5131 1620 5184 fuerit
1645 5128 1958 5197 inquietata.
1992 5126 2059 5180 Et
2085 5141 2191 5179 non

617 5232 791 5287 solum
822 5230 920 5300 ipsi
963 5244 1084 5283 cum
1126 5225 1320 5295 quibus
1366 5222 1596 5277 habitavi
1639 5220 1854 5274 luerunt
1894 5217 2196 5272 habitantes

614 5324 818 5387 Cedar,
864 5320 958 5376 sed
1004 5319 1169 5373 etiam
1226 5315 1469 5370 odienlcs
1524 5326 1710 5381 pacem
1767 5310 1888 5364 ﬁdei
1919 5307 2195 5371 Ecclesia),

621 5417 854 5470 nitentes
897 5427 1016 5466 eam
1048 5408 1230 5464 multis
1269 5405 1563 5460 lncresibus
1591 5403 1939 5473 perturbare,
1977 5408 2033 5454 et
2075 5414 2193 5451 cum

620 5509 702 5562 Itis
731 5506 819 5576 qui
840 5504 1058 5558 oderunt
1089 5515 1270 5569 pacem
1301 5496 1592 5567 (haereticis
1619 5493 1844 5563 scilicet)
1871 5507 2018 5546 eram
2043 5491 2197 5545 habi—

624 5609 773 5661 tans;
799 5605 856 5649 et
898 5595 1018 5648 ideo
1044 5592 1145 5645 Iteu
1185 5591 1311 5644 mihi
1347 5589 1468 5643 fuit.
1504 5587 1634 5641 Dico
1662 5588 1804 5655 quod
1843 5602 1961 5639 cum
2002 5586 2081 5639 his
2110 5585 2199 5655 qui

625 5691 843 5745 oderunt
891 5702 1071 5755 pacem
1121 5699 1266 5738 eram
1324 5682 1608 5746 habitans,
1649 5695 1749 5750 ego
1794 5679 1914 5733 dico
1962 5679 2215 5732 existens-

627 5779 908 5849 ραι-ἐβίω,
949 5778 1001 5831 id
1045 5784 1125 5831 cst
1152 5783 1413 5844 pacatus,
1463 5773 1691 5843 diligens
1730 5771 1975 5827 vidilicct
2015 5785 2199 5827 eorum

2289 4678 2519 4732 cundam
2550 4691 2838 4746 personam
2859 4716 2874 4741 ,
2920 4692 2989 4732 ne
3026 4688 3472 4746 commoveatur;
3506 4678 3595 4733 vel
3638 4680 3705 4734 de
3739 4692 3848 4731 nno-

2290 4784 2503 4842 quoque
2528 4769 2775 4823 auditore
2801 4769 2881 4823 sic
2903 4783 2919 4823 :
2944 4769 3075 4824 Dico
3101 4770 3244 4839 quod
3262 4768 3374 4838 jam
3400 4769 3587 4825 oculos
3608 4772 3664 4823 in
3685 4779 3850 4822 montes
3926 4766 3927 4777 ‘

2292 4863 2491 4925 levavi,
2536 4869 2593 4915 et
2630 4874 2698 4914 ne
2736 4860 2964 4914 ulterius
3004 4862 3073 4915 ab
3107 4860 3213 4914 illis
3253 4860 3536 4915 montibus
3585 4860 3788 4921 devics,
3811 4867 3851 4910 et

2294 4954 2469 5022 magis
2522 4960 2578 5006 et
2630 4950 2805 5021 magis
2836 4950 3023 5006 oculos
3070 4954 3122 5006 in
3165 4961 3376 5007 montes
3426 4952 3605 5014 leves,
3651 4969 3747 5005 non
3788 4952 3851 5001 dri

2298 5046 2477 5115 pedem
2501 5055 2649 5096 tuum
2676 5042 2989 5098 interiorem
3021 5044 3074 5097 in
3104 5045 3529 5111 commotionem,
3544 5045 3599 5098 id
3624 5054 3705 5099 est
3724 5044 3851 5097 ﬁdem

2300 5151 2420 5205 qua:
2440 5144 2525 5190 est
2551 5150 2646 5205 pcs
2669 5153 2764 5207 per
2789 5151 2951 5207 quem
2977 5150 3129 5189 mens
3154 5134 3219 5187 ad
3241 5135 3525 5205 superiora
3557 5135 3742 5199 tendit,
3768 5148 3849 5185 non

2302 5227 2585 5296 permittat
2604 5226 2933 5281 commoveri
2964 5242 2995 5279 a
3040 5224 3338 5281 stabilitate
3366 5224 3789 5295 Scripturarum,
3812 5232 3851 5273 ut

2304 5318 2555 5373 concidat
2579 5318 2633 5372 in
2660 5333 2922 5374 errorem.
2963 5317 3142 5387 Neque
3168 5318 3357 5382 etiam,
3386 5318 3536 5386 quod
3566 5318 3741 5371 minus
3769 5324 3849 5372 est.

2304 5408 2577 5471 dormitet,
2609 5408 2662 5462 id
2698 5417 2783 5463 est
2829 5416 2883 5463 te
2910 5407 3205 5463 dormitare
3246 5408 3559 5477 permittat,
3598 5405 3848 5463 scilimtiii

2305 5498 2410 5553 (ide
2437 5498 2707 5562 vacillare,
2735 5506 2791 5553 et
2819 5498 2998 5568 aliquo
3019 5497 3175 5552 modo
3194 5496 3465 5562 dubitare,
3497 5498 3591 5552 ille
3614 5497 3702 5567 qui
3720 5504 3850 5548 custo-

2303 5588 2379 5642 dit
2408 5598 2485 5652 te,
2529 5601 2626 5657 per
2668 5586 3059 5642 inhabitantem
3101 5588 3331 5656 gratiam
3366 5585 3550 5651 Deus,
3603 5586 3795 5640 scilicet
3829 5598 3850 5630 ι

2306 5676 2659 5732 similitudine
2682 5676 3042 5741 dormitantis,
3066 5676 3158 5745 qui
3183 5690 3285 5731 nec
3306 5691 3375 5730 ex
3406 5685 3523 5731 toto
3544 5677 3755 5735 dormit,
3782 5686 3850 5725 nec

2308 5770 2375 5824 ex
2407 5777 2520 5825 toto
2549 5769 2756 5840 vigilat.
2791 5769 2991 5824 Eodem
3022 5780 3200 5824 autem
3230 5770 3393 5826 modo
3419 5780 3476 5826 et
3514 5771 3786 5841 sequentia
3809 5770 3852 5819 de
