3978 6328
206 340 341 395 ιῖιἹ

1130 333 1490 391 EXPOSITIO
1521 334 1585 390 IN
1619 331 1955 388 PSALMOS.
1992 364 2053 372 σ-
2096 332 2287 386 PSAL.
2323 331 2507 387 CXXI.

3337 336 3472 392 13l8

198 456 373 522 seipse
399 463 624 520 possunt
657 450 782 522 legi,
813 449 968 520 quasi
999 448 1067 502 ad
1104 450 1315 502 tertiam
1354 463 1660 517 personam.
1713 447 1785 499 Dc
1815 456 1859 507 Λ
1893 446 2013 497 Iulia
2064 444 2423 509 olTuscanlttr,
2471 452 2526 498 et
2576 445 2717 498 cutis
2752 459 2861 499 sua:
2906 446 3137 501 nitorem
3181 448 3471 512 amittunt,

200 542 448 597 auditore
474 542 690 610 quidem
744 554 1069 608 unoquoque
1104 539 1183 592 sic
1224 540 1513 607 adaptatnr
1560 548 1617 588 ut
1654 553 1781 590 scn-

200 635 363 689 tentia
408 649 516 686 non
556 641 842 687 mutetur:
891 630 1039 694 Dixi,
1088 630 1383 694 oauditor,
1432 628 1573 696 quod
1621 626 1783 679 tctmri

199 722 374 779 oculos
405 724 458 775 in
491 732 708 775 montes.
747 720 815 775 Ut
852 736 979 773 vero
1016 730 1070 773 ει
1101 730 1153 772 ιιι
1182 718 1429 773 similiter
1463 716 1639 777 leves,
1678 731 1781 767 non

197 818 277 868 det
308 816 360 868 in
387 814 783 868 commotionem
809 812 988 880 pedem
1022 822 1193 873 tuum,
1224 826 1386 879 neque
1412 807 1653 862 dormitet
1689 805 1782 875 qui

197 906 418 959 custodit
449 916 498 959 te
520 917 539 956 :
578 906 682 958 hoc
708 912 766 956 ut
808 903 859 956 in
891 902 995 955 alia
1027 901 1295 955 sententia
1342 900 1647 968 exponitur.
1703 896 1781 952 Ne

198 1010 325 1049 vero
354 994 600 1048 videatur
639 1007 707 1045 ex
751 990 1043 1046 difﬁdentia
1073 1006 1294 1056 orasse,
1333 991 1581 1044 enuntiat
1636 987 1780 1057 quod

198 1085 373 1139 oravit
423 1084 543 1139 sic:
580 1082 689 1138 Oro
747 1099 851 1136 non
901 1084 985 1136 det
1040 1082 1094 1135 in
1150 1083 1546 1136 commotionem
1598 1079 1780 1149 pedem

199 1189 368 1245 tuum,
390 1190 497 1233 etc.
529 1177 594 1232 Et
622 1193 739 1232 ecce
781 1177 832 1231 in
871 1176 1120 1246 prcesenti
1166 1176 1270 1231 erit
1306 1177 1447 1245 quod
1486 1190 1603 1229 oro.
1656 1173 1779 1230 Non

199 1268 500 1322 dormitabit
544 1283 706 1338 neque
733 1268 989 1329 dormiet,
1034 1266 1201 1319 idest
1245 1281 1351 1319 non
1403 1264 1681 1334 permittet
1729 1273 1781 1318 te

201 1361 495 1413 dormitare
522 1360 573 1414 in
601 1360 732 1423 lide,
771 1359 821 1413 id
858 1369 943 1413 est
981 1359 1265 1422 vacillare,
1308 1373 1482 1427 neque
1509 1358 1778 1420 dormire,

203 1450 251 1502 id
278 1458 363 1502 εει
405 1463 470 1502 ex
501 1458 614 1501 toto
640 1448 973 1502 commoveri
1005 1449 1056 1518 in
1088 1448 1220 1509 ﬁde,
1256 1447 1345 1501 ille
1384 1447 1474 1517 qui
1505 1461 1601 1514 per
1628 1445 1781 1498 auxi-

201 1539 328 1592 lium
373 1541 563 1608 gratia:
591 1539 813 1593 custodit
846 1554 1281 1608 uumnquemque
1314 1539 1404 1608 qui
1449 1547 1535 1592 est
1574 1535 1776 1601 Israel,

203 1644 267 1684 ne
296 1630 541 1693 deﬁciat,
567 1632 712 1685 Dens
733 1630 958 1685 scilicet.
987 1630 1113 1684 Plus
1139 1626 1394 1684 nimirum
1421 1638 1506 1685 est
1543 1627 1780 1683 dormire

199 1736 365 1790 quam
388 1719 701 1775 dormitare.
732 1720 863 1775 Dico
890 1737 992 1773 non
1021 1720 1322 1773 dormitubit
1350 1735 1511 1790 neque
1532 1720 1775 1783 dormiet,

200 1813 289 1868 sed
318 1813 436 1883 ipse
473 1811 728 1866 Dominus
753 1812 1019 1871 existens.
1054 1811 1281 1878 ideoque
1304 1821 1493 1880 potens
1514 1810 1579 1863 ad
1605 1820 1779 1867 custo-

198 1902 486 1967 diendum,
525 1901 748 1954 custodit
798 1910 848 1955 te
878 1915 999 1954 cum
1037 1899 1457 1969 perseverantia.
1496 1898 1775 1961 Dominus,

203 1992 448 2059 inquam,
471 1991 564 2062 qui
600 1999 684 2045 est
707 1991 958 2060 protectio
981 2001 1096 2056 tua,
1126 1991 1217 2059 qui
1245 2000 1297 2045 te
1320 1991 1551 2061 protegit
1578 1990 1778 2045 auxilio

199 2083 385 2153 gratia:
416 2097 487 2137 ne
514 2081 674 2136 cedas
701 2081 1090 2151 impugnatioui
1131 2081 1496 2136 inimicorum.

268 2171 547 2235 Dominus,
578 2174 815 2241 inquam,
838 2173 1077 2226 existens
1097 2189 1191 2242 per
1212 2172 1632 2243 regnumgratize
1644 2187 1775 2236 suae,

200 2277 353 2332 super
377 2279 592 2317 manum
629 2265 857 2317 dexterw
897 2272 1020 2326 tute,
1056 2263 1106 2317 id
1145 2276 1228 2318 εει
1266 2278 1428 2332 super
1483 2263 1777 2332 potentiam

199 2370 313 2421 qua:
335 2372 505 2413 causa
540 2356 647 2411 erit
676 2356 915 2411 dextera:
946 2365 1079 2407 tme:
1108 2370 1272 2422 super
1300 2354 1594 2423 potentiam
1625 2353 1773 2416 lidei,

201 2445 430 2509 scilicet,
456 2462 579 2515 qua:
603 2461 765 2501 causa
794 2443 900 2499 erit
937 2458 1218 2513 perquam
1263 2443 1329 2497 ad
1363 2444 1643 2497 dexteram
1680 2443 1773 2496 Dei

204 2532 490 2589 colloeeris
515 2552 527 2587 :
557 2551 677 2604 qua:
709 2543 797 2588 tua
829 2534 1047 2598 dicitur,
1076 2548 1141 2586 eo
1161 2534 1302 2602 quod
1336 2533 1482 2586 illam
1524 2532 1618 2586 tibi
1661 2532 1775 2585 dari

197 2627 369 2694 cupis,
399 2636 449 2681 et
484 2626 549 2680 ad
578 2625 722 2680 illam
747 2625 1123 2688 collocaheris,
1148 2625 1290 2693 quod
1314 2635 1398 2679 est
1422 2625 1633 2678 dicere:
1662 2623 1777 2691 Ipse

200 2718 379 2771 existit
423 2733 587 2787 super
628 2727 901 2787 potentem
950 2715 1111 2786 515
1157 2716 1313 2770 ﬁdem
1364 2727 1541 2780 tuam,
1597 2717 1650 2769 id
1694 2725 1776 2768 εει

202 2809 512 2862 dominatur
538 2807 659 2863 ﬁdei
693 2817 826 2873 tum,
864 2808 1000 2862 bene
1030 2821 1221 2875 regens
1249 2823 1398 2870 eant,
1433 2816 1482 2858 et
1516 2822 1769 2873 augmen-

201 2905 333 2961 tans,
360 2914 484 2967 qua:
519 2914 615 2968 per
646 2914 769 2952 eum
809 2910 1001 2967 potens
1025 2906 1107 2951 est
1148 2907 1205 2950 et
1238 2898 1449 2963 valida,
1488 2910 1583 2966 per
1612 2911 1772 2966 quam

199 2982 261 3034 ad
309 2982 594 3036 dexteram
643 2983 733 3036 Dei
787 2983 964 3037 Patris
1005 2982 1376 3036 collocaheris.
1428 3002 1446 3032 ι
1491 2982 1621 3035 Sine
1670 2980 1773 3034 ﬁde

199 3073 393 3141 quippe
437 3073 767 3142 impossibile
796 3082 881 3129 est
909 3074 1125 3143 placere
1163 3075 1269 3129 Deo
1300 3073 1483 3144 (Hebr.
1524 3089 1599 3136 xi,
1629 3073 1706 3136 6).
1748 3092 1766 3123 ι

1891 535 2122 604 ideoque
2153 538 2234 589 uri
2279 536 2551 619 dicuntur.
2596 535 2849 590 Ustorum
2884 539 3029 593 enim
3058 554 3143 593 εει
3168 539 3467 596 obiuscari.

1885 626 2038 681 Luna
2070 629 2302 697 quippe,
2331 629 2431 683 etsi
2463 645 2568 682 non
2601 626 2881 682 calel‘aciat
2908 639 2962 683 ut
2991 630 3098 695 sol,
3130 631 3251 687 talis
3283 641 3467 688 tamen

1884 733 2092 778 natura:
2126 734 2208 779 est
2231 765 2246 788 ,
2277 725 2418 794 quod
2455 724 2597 788 urit,
2626 723 2679 777 id
2712 734 2797 777 est
2834 734 3012 778 cutem
3048 727 3275 782 ol'fuscat
3304 738 3360 782 et
3388 731 3469 782 ni-

1884 828 2135 882 grescere
2162 812 2312 868 facit.
2343 812 2434 869 Sol
2460 822 2638 866 autem
2688 821 2743 867 et
2791 812 2913 865 luna
2940 811 3190 871 Christus
3234 816 3463 869 dicitur:

1883 902 1962 957 sol
1990 904 2241 973 quidem,
2270 904 2565 958 secundum
2595 902 2905 957 claritatem
2937 903 3278 971 divinitatis;
3320 906 3470 969 luna,

1883 993 2180 1048 secundum
2212 1009 2458 1059 carnem,
2480 1009 2601 1063 qua:
2632 992 2697 1047 ad
2728 994 2950 1047 modmn
2984 995 3126 1050 lunae
3156 996 3477 1051 decrescere

1882 1082 2090 1151 potuit,
2143 1097 2239 1152 per
2290 1082 2679 1137 adversitatem
2728 1092 2785 1136 et
2838 1092 3104 1149 mortem,
3138 1094 3194 1138 et
3224 1100 3473 1139 crescere

1884 1191 1981 1244 per
2004 1176 2281 1246 sospitatis
2310 1175 2755 1245 prosperitatem.
2784 1172 2899 1229 Non
2945 1176 3121 1231 solum
3153 1185 3335 1231 autem
3367 1193 3462 1229 cu-

1882 1264 2039 1316 stodit
2063 1275 2111 1317 te
2140 1263 2395 1317 Dominus
2416 1303 2430 1329 ,
2459 1281 2528 1318 ne
2564 1280 2678 1318 n-rai
2696 1263 2739 1317 is
2765 1280 2855 1332 per
2876 1264 3013 1316 diem
3034 1273 3087 1317 et
3117 1274 3317 1318 noctem
3336 1303 3353 1329 ,
3376 1264 3472 1317 sed

1880 1362 1937 1407 et
1965 1352 2218 1407 Dominus
2239 1394 2253 1415 ,
2286 1362 2345 1406 ut
2375 1352 2757 1407 universaliler
2799 1352 3008 1416 dicam,
3044 1354 3271 1405 custodit
3321 1364 3370 1405 Ie
3405 1352 3470 1403 ab

1884 1443 2027 1496 omni
2075 1443 2244 1510 malo,
2290 1443 2597 1511 bmresum,
2645 1459 2711 1496 ne
2759 1458 2912 1497 erres
2958 1442 3026 1497 de
3075 1444 3473 1497 resurrectione

1885 1541 2251 1597 mortuorum,
2288 1533 2353 1586 de
2387 1534 2713 1601 baptismate
2743 1532 3121 1601 parvulorum,
3152 1540 3207 1585 et
3255 1531 3321 1586 de
3365 1547 3473 1586 ca!-

1886 1623 2017 1677 teris
2050 1623 2363 1679 bmresibus.
2393 1624 2657 1691 Quoniam
2705 1636 2885 1677 autem
2936 1624 3354 1678 inxletcnninate
3386 1626 3468 1677 di-

1887 1724 2042 1769 xerat
2069 1716 2133 1768 ab
2164 1715 2306 1769 omni
2328 1715 2498 1780 malo,
2530 1730 2598 1771 ne
2628 1714 3023 1785 intelligeretur
3052 1714 3194 1783 quod
3226 1717 3291 1769 de
3318 1716 3466 1768 omni

1818 1798 1857 1852 Β
1891 1808 2035 1861 mulo
2083 1809 2329 1877 corporis
2378 1817 2547 1862 custo.
2573 1807 2676 1863 iret
2721 1823 2882 1872 erm,
2930 1807 3020 1860 dat
3056 1806 3357 1876 intelligere
3402 1807 3469 1858 de

1885 1917 1993 1972 quo
2022 1892 2163 1957 maio
2191 1904 2329 1955 ditat
2349 1941 2365 1968 ,
2396 1917 2516 1955 cum
2544 1902 2782 1971 optative
2813 1900 2963 1955 addit
3008 1899 3085 1954 sic
3119 1916 3133 1952 :
3163 1899 3292 1953 Dico
3319 1899 3466 1969 quot

1881 1996 2105 2048 custodit
2137 2005 2184 2048 te
2207 1995 2271 2047 ab
2303 1995 2443 2048 omni
2489 1996 2660 2060 maio,
2695 2004 2751 2047 et
2782 1993 2882 2046 hoc
2912 1991 3115 2061 jugiter
3141 1989 3304 2044 faciat
3324 2030 3337 2051 ,
3368 2006 3465 2042 cu-

1879 2086 2073 2139 stodiat
2093 2125 2108 2150 ,
2140 2085 2347 2141 scilicet
2377 2084 2663 2150 Dominus,
2710 2099 2815 2138 non
2847 2082 2969 2137 dico
2999 2096 3030 2137 ε
3051 2096 3199 2151 upus
3230 2095 3263 2135 a
3296 2079 3439 2135 tribu

1880 2174 2109 2241 latione,
2138 2175 2232 2229 sed
2258 2174 2487 2227 animum
2529 2186 2674 2227 tuam
2714 2175 2782 2227 ah
2819 2174 2967 2228 omni
3017 2187 3228 2228 errore.
3275 2172 3341 2227 Et
3383 2173 3462 2226 sie

1879 2264 2097 2332 quidem
2127 2278 2245 2318 eam
2275 2264 2570 2330 custodiat,
2598 2282 2639 2317 St
2660 2262 2808 2319 ilicet
2840 2263 3097 2317 Dominus
3126 2278 3224 2334 per
3252 2262 3459 2316 illumi-

1878 2354 2151 2409 natiouem
2193 2354 2383 2425 gratiae
2426 2354 2689 2407 custodiat
2734 2354 3011 2407 introitqu
3060 2363 3243 2417 tuum,
3283 2351 3336 2406 id
3382 2361 3465 2407 ιει

1878 2445 2039 2501 ﬁdem
2068 2454 2248 2511 tuam,
2280 2447 2335 2500 in
2362 2461 2521 2514 quam
2548 2445 2658 2515 jam
2686 2446 2921 2500 introisti
2947 2486 2962 2512 ,
3003 2445 3084 2499 vel
3116 2460 3239 2515 ιισιῖε
3263 2444 3357 2499 til-i
3382 2456 3466 2499 εει

1878 2536 2133 2592 introitus
2180 2539 2248 2591 ad
2296 2550 2459 2591 ontue
2504 2537 2728 2591 bonum.
2776 2535 2994 2590 Initium
3040 2539 3186 2591 enim
3221 2535 3407 2589 omnin
3434 2552 3467 2588 ιι

1876 2640 1907 2680 v
1935 2636 2138 2680 rtutum
2165 2634 2279 2689 est,
2304 2636 2352 2680 et
2379 2624 2638 2679 custodiat
2664 2624 2862 2678 exitum
2886 2634 3035 2678 tuum
3058 2664 3074 2688 ,
3106 2625 3157 2677 id
3185 2634 3269 2678 est
3300 2624 3463 2679 ﬁnem

1878 2723 2061 2778 tumn,
2093 2730 2161 2769 ne
2190 2715 2409 2783 quando
2439 2717 2506 2769 de
2554 2718 2656 2768 hac
2683 2714 2793 2767 vita
2826 2714 3004 2768 exibis
3026 2755 3042 2779 ,
3090 2713 3273 2783 aliquo
3306 2716 3467 2768 modo

1877 2819 1907 2856 a
1957 2806 2063 2858 ﬁde
2090 2804 2409 2857 dissentias.
2445 2804 2501 2857 lu
2554 2805 2704 2857 exitu
2753 2804 2954 2873 quippe
3004 2804 3184 2857 multa:
3231 2806 3463 2860 occultae

1874 2892 2250 2960 suggestiones
2276 2901 2331 2944 et
2365 2891 2565 2946 illicitm
2596 2906 2626 2945 a
2661 2891 2875 2945 diabolo
2902 2890 3232 2946 inferuntur.
3272 2892 3462 2948 (ἔκεισο

1872 2982 2012 3045 diat,
2043 2981 2259 3050 inquam
2278 3021 2293 3046 ,
2324 2982 2625 3049 introitum,
2656 2982 2709 3036 id
2733 2993 2817 3037 est
2846 2982 3006 3038 ﬁdem
3033 2999 3099 3039 ex
3136 2985 3239 3038 hoc
3275 3002 3416 3040 nunc
3436 3030 3452 3052 ,

1876 3070 1927 3123 id
1955 3078 2124 3124 estea:
2152 3071 2400 3139 praisenti
2430 3081 2670 3141 tempore
2697 3070 2982 3142 incipiens,
3009 3083 3055 3126 et
3087 3089 3248 3143 usque
3267 3074 3321 3129 in
3346 3093 3447 3130 ste-

202 3163 287 3216 Vel
322 3164 566 3216 existens
599 3180 757 3230 super
794 3180 1032 3225 manum,
1062 3172 1117 3216 et
1157 3180 1261 3216 non
1296 3177 1458 3230 super
1496 3163 1769 3216 sinistram
1800 3147 1844 3207 C
1875 3161 2050 3214 culum
2094 3160 2333 3216 futurum
2365 3176 2691 3232 perseverant
2724 3198 2743 3219 .

200 3269 447 3318 manuni,
502 3254 594 3307 sed
643 3271 797 3321 super
835 3271 1046 3306 manum
1075 3255 1339 3307 dexteram
1372 3264 1551 3315 tuam,
1601 3253 1651 3305 id
1691 3262 1771 3306 est

198 3359 358 3412 super
387 3346 582 3400 bonam
612 3346 978 3415 operationem
1003 3385 1019 3409 ,
1061 3338 1180 3413 qme
1209 3359 1304 3413 per
1332 3358 1547 3397 manmn
1579 3342 1769 3397 dexte-

202 3454 310 3490 ram
338 3440 630 3507 accipitur.
659 3455 780 3494 cum
810 3454 906 3509 per
929 3439 1207 3493 dexteram
1234 3454 1375 3508 sa-pe
1399 3440 1536 3492 bona
1564 3438 1771 3493 solemn

193 3529 457 3583 denotari.
491 3529 643 3597 Quod
683 3539 767 3584 est
796 3531 1018 3586 dicere:
1055 3530 1308 3584 Dominus
1340 3545 1443 3583 non
1473 3529 1646 3584 solum
1687 3540 1771 3584 est

196 3623 442 3687 protectio
489 3633 611 3687 tua,
642 3639 711 3677 ne
756 3623 1096 3677 inimicorum
1140 3623 1527 3693 impngnationi
1578 3623 1767 3687 cedas,

196 3712 291 3766 sed
312 3712 431 3781 ipse
459 3714 622 3768 etiam
650 3715 980 3780 dominatur,
1004 3722 1058 3768 et
1091 3715 1224 3770 bene
1258 3716 1395 3785 regit
1421 3717 1614 3769 bonam
1642 3730 1770 3784 ope-

199 3802 465 3857 rationem
494 3812 672 3869 luant,
709 3812 769 3858 ut
816 3819 936 3859 eam
967 3804 1138 3874 magis
1168 3815 1475 3876 augmentet
1508 3806 1573 3860 de
1600 3806 1685 3861 die
1716 3806 1767 3860 in

193 3890 346 3946 diem.

261 3980 550 4047 Dominus,
586 3984 836 4053 inquam,
886 3986 1113 4041 custodit
1148 3996 1227 4051 te,
1266 3986 1492 4056 ideoque
1542 3984 1633 4040 Sol
1668 3987 1756 4057 ju-

192 4070 382 4137 stitize,
414 4073 693 4139 Christus,
738 4093 841 4129 non
870 4088 980 4129 uret
1024 4089 1071 4130 te
1112 4094 1205 4146 per
1231 4078 1402 4140 diem,
1439 4077 1489 4130 id
1522 4086 1606 4132 est
1659 4094 1763 4131 non

195 4162 480 4218 oll'uscabit
510 4168 740 4221 rationis
787 4176 890 4222 tua?
935 4169 1163 4222 nitidum
1194 4184 1419 4221 acumen
1456 4186 1546 4238 per
1590 4171 1763 4235 diem,

194 4250 242 4303 id
272 4263 353 4307 est
380 4269 478 4324 per
510 4255 731 4308 nimiam
780 4256 1081 4310 claritatem
1136 4257 1435 4311 divinitatis
1475 4274 1615 4325 suae,
1646 4276 1766 4329 qua:

190 4339 301 4396 dies
340 4343 645 4398 rectissime
670 4345 890 4407 dicitur,
922 4348 989 4401 ad
1038 4357 1342 4416 respectum
1375 4348 1727 4407 humanitatis
1748 4392 1763 4417 ,

191 4448 305 4498 quae
336 4434 506 4489 etiam
535 4451 637 4488 nox
669 4437 868 4491 dicitur
895 4452 961 4491 eo
990 4440 1132 4509 quod
1167 4440 1323 4511 longe
1361 4440 1539 4494 minus
1582 4441 1754 4509 splen-

2090 3320 2097 3328 ,
2315 3254 2383 3309 lN
2451 3253 2781 3311 PssLuuu
2844 3254 3031 3311 cxxn.

1946 3342 2143 3398 Psalmi
2174 3344 2457 3399 centesimi
2486 3346 2727 3399 vicesimi
2750 3347 2911 3415 primi
2942 3347 3150 3403 titulus.
3182 3346 3293 3403 Con
3317 3349 3456 3403 icum

1874 3436 2155 3503 graduum,
2174 3436 2277 3489 hoc
2292 3435 2455 3489 etiam
2484 3444 2543 3488 ut
2563 3436 2813 3504 superius
2833 3451 2919 3505 ex;
2939 3440 3144 3491 on'tur.
3162 3437 3239 3493 Po
3271 3447 3456 3507 ι,ιι.ιιιι

1874 3526 1929 3578 iu
1982 3525 2085 3579 ﬁde
2119 3525 2436 3581 conﬁrmata
2480 3534 2565 3580 est
2605 3525 2854 3581 collectio
2900 3527 3302 3595 perﬁdorum,
3355 3547 3453 3600 per

1875 3625 2087 3669 montes
2125 3616 2178 3669 in
2226 3632 2363 3685 quos
2411 3616 2596 3671 oculos
2632 3615 2850 3670 levavit.
2879 3617 3011 3683 Qua:
3057 3619 3307 3674 collectio
3333 3621 3455 3690 qui-

1872 3708 1992 3761 dem
2014 3708 2280 3762 secundus
2303 3710 2504 3778 gradus
2525 3717 2629 3774 est,
2656 3708 2895 3763 ostendit
2922 3709 3088 3763 etiam
3117 3712 3171 3764 in
3194 3711 3448 3780 seque-nti

1872 3800 2079 3868 psalmo
2127 3814 2186 3854 se
2259 3800 2477 3855 tertimn
2541 3800 2764 3866 gradum
2826 3801 3178 3868 ascendisse,
3244 3802 3342 3856 scil
3365 3812 3453 3856 ret

1870 3902 2021 3959 Spem
2069 3905 2166 3959 per
2190 3905 2353 3959 quam
2394 3889 2506 3959 jam
2535 3889 2588 3944 in
2620 3889 2932 3946 coelestibus
2975 3901 3353 3955 conversatur,
3387 3893 3455 3945 de

1869 3998 1974 4051 qua
2002 3997 2097 4052 spe
2120 3997 2179 4037 se
2210 3981 2450 4036 laetitiam
2491 3982 2692 4036 asserit
2717 3982 3005 4047 habuisse,
3040 3993 3099 4037 ut
3143 3984 3313 4054 magis
3341 3997 3437 4036 au-

1869 4077 2078 4131 ditores
2128 4079 2194 4130 ad
2238 4075 2485 4131 eamdem
2515 4089 2665 4146 spem
2700 4074 2912 4129 invitet.
2962 4075 3210 4129 Ostendit
3234 4089 3453 4145 quoque

1870 4182 1965 4235 per
1994 4166 2107 4236 spei
2144 4181 2257 4220 suae
2286 4165 2668 4221 certitudinem
2714 4163 2896 4231 plures
2939 4179 3051 4217 suae
3091 4162 3452 4218 confessionis

1869 4258 2121 4313 homines
2164 4258 2233 4312 ad
2269 4261 2516 4313 canalem
2559 4274 2746 4327 pacem
2798 4257 3072 4314 caelestem
3113 4256 3226 4326 jam
3262 4272 3451 4311 ascen-

1868 4349 2043 4416 disse,
2074 4350 2142 4405 ad
2170 4365 2332 4419 quam
2362 4366 2457 4419 spe
2484 4351 2743 4416 tendunt,
2775 4365 2912 4419 quos
2936 4356 3059 4403 orat
3080 4358 3139 4402 ιιι
3162 4356 3351 4419 rogent
3370 4347 3440 4401 de

1869 4454 2002 4507 pace
2037 4439 2158 4506 illa;
2192 4448 2252 4494 ιιι
2276 4440 2383 4495 illis
2412 4442 2571 4498 detur
2602 4440 2848 4498 ﬁdelibus
2875 4440 2968 4512 qui
2996 4440 3175 4496 adhuc
3205 4440 3258 4496 in
3291 4449 3437 4498 terra

186 4518 307 4575 dida
335 4523 407 4576 sit
437 4523 503 4575 ad
536 4524 835 4580 divinitatis
861 4502 1345 4597 comparationem.
1381 4528 1561 4597 Neque
1601 4502 1725 4585 tunc
1746 4571 1761 4596 ,
1793 4502 1841 4559 ί)
1867 4502 2084 4597 ἱιθευηι·

192 4610 240 4663 id
284 4622 365 4667 est
423 4612 702 4679 Christus,
757 4628 871 4671 uret
917 4629 1003 4681 te,
1037 4618 1089 4673 id
1133 4628 1218 4674 est
1246 4620 1523 4688 permittet
1565 4621 1647 4673 uri
1680 4631 1761 4687 te,

188 4703 427 4765 sc'licet,
462 4720 565 4761 non
600 4709 879 4772 permittet
914 4710 1142 4763 rationis
1179 4718 1282 4765 tum
1312 4725 1541 4766 acumen
1592 4712 1642 4765 in
1670 4727 1765 4766 ex-

190 4797 477 4851 czccatione
503 4797 753 4853 oll'uscari
782 4816 875 4867 per
898 4812 1094 4854 nectent
1114 4841 1129 4865 ,
1176 4802 1228 4856 id
1268 4811 1351 4856 est
1382 4818 1479 4871 per
1513 4803 1765 4857 humani-

191 4891 346 4939 tatem
396 4902 581 4949 snam,
618 4890 760 4957 qiiod
803 4902 886 4944 est
934 4891 1114 4946 dicere
1143 4906 1159 4944 :
1193 4891 1283 4946 Sic
1320 4902 1371 4947 te
1423 4892 1678 4947 Dominus
1705 4903 1764 4949 et

187 4978 407 5030 custodit
437 4992 488 5031 et
520 4981 818 5046 custodiet,
866 4996 933 5034 ne
983 4982 1263 5050 permittat
1312 4981 1562 5037 oliuscari
1597 4984 1760 5038 ratio-

186 5080 303 5121 nem
331 5077 476 5122 tuam
511 5070 689 5138 aliquo
718 5087 935 5135 errore,
972 5074 1023 5125 in
1067 5074 1509 5129 consideratione
1552 5074 1756 5129 divini-

187 5159 341 5226 tatis,
372 5171 431 5213 ut
462 5162 612 5216 dicas
645 5178 770 5216 eum
799 5164 1028 5217 alterum
1060 5164 1227 5219 Demn
1273 5179 1393 5219 esse
1423 5181 1451 5218 a
1482 5165 1672 5227 Patre,
1702 5174 1759 5220 et

186 5247 444 5305 minorem
473 5267 558 5318 eo,
585 5262 644 5306 ut
665 5252 852 5307 Ariani
876 5254 1191 5320 voluerunt,
1223 5269 1396 5324 neque
1420 5255 1473 5308 in
1507 5266 1755 5324 respectu

188 5336 533 5395 humanitatis
589 5351 647 5395 ιιι
701 5343 852 5398 dicas
901 5359 1024 5398 eum
1084 5359 1190 5398 non
1243 5360 1429 5399 verum
1482 5345 1754 5401 hominem

188 5424 383 5493 fuisse,
426 5433 520 5487 sed
574 5436 974 5503 phantasticum
1025 5450 1222 5506 corpus
1268 5437 1664 5507 assumpsisse,
1699 5448 1757 5492 ut

189 5515 457 5576 Manichtei
503 5534 869 5579 assernerunt.
913 5525 1066 5591 Quod
1112 5526 1242 5580 dicit
1285 5544 1387 5580 non
1428 5537 1538 5579 uret
1579 5536 1627 5580 te
1664 5544 1755 5597 per

186 5607 317 5662 dicm
361 5624 407 5665 et
448 5626 685 5680 noctem,
722 5617 925 5669 dictum
970 5626 1053 5671 εει
1080 5634 1107 5670 a
1139 5618 1491 5671 similitudine
1544 5618 1750 5673 illorum

186 5699 272 5768 qui
323 5703 405 5757 vel
454 5706 505 5758 in
554 5706 640 5760 die
687 5706 1009 5762 itinerantes
1044 5723 1072 5761 a
1108 5707 1250 5771 sole,
1295 5708 1374 5763 vel
1415 5710 1465 5762 in
1517 5719 1673 5765 nocte
1721 5724 1769 5763 a‘

1933 4618 2097 4691 516
2153 4616 2386 4675 [artatus
2440 4637 2577 4685 sum,
2638 4630 2747 4677 etc.
2782 4622 2863 4676 Ac
2909 4621 2952 4676 si
2980 4619 3302 4677 dicatzPer
3326 4621 3430 4677 hoc

1860 4709 2004 4779 quod
2016 4709 2193 4763 oculos
2223 4710 2276 4763 ia
2305 4720 2506 4765 montes
2528 4711 2691 4767 levavi
2701 4713 2797 4776 ,a'd
2822 4712 2924 4768 hoc
2936 4713 3049 4782 jam
3071 4712 3265 4767 deveni
3289 4713 3434 4782 quod

1861 4800 2069 4857 (tutatus
2101 4820 2216 4857 sum
2257 4804 2310 4856 in
2353 4804 2468 4865 Itis.
2500 4805 2552 4859 id
2579 4814 2662 4860 est
2693 4805 2746 4860 in
2780 4805 3218 4861 consideratione
3250 4806 3441 4861 horum

1859 4908 1976 4962 qum
2004 4893 2144 4946 dicta
2191 4903 2314 4947 sunt
2346 4895 2509 4960 mihi,
2552 4912 2582 4948 a
2631 4893 2927 4965 Scripturis
2956 4895 3345 4966 prophetarum
3388 4903 3444 4948 et

1863 4980 2258 5049 aposmlorum,
2295 4982 2537 5043 scilicet.
2575 4983 2779 5037 dictant
2811 4995 2895 5038 est
2921 4985 3059 5053 quod
3113 4998 3211 5036 nos
3261 4980 3444 5036 ﬁdeles

1861 5081 1979 5140 post
2011 5083 2237 5126 mortem
2276 5073 2456 5128 Carnis
2505 5074 2696 5128 ibimus
2737 5074 2789 5127 in
2838 5074 3048 5127 domum
3097 5072 3340 5136 Domini,
3390 5072 3442 5126 id

1859 5174 1941 5219 est
1973 5165 2023 5217 in
2053 5165 2328 5219 casiestem
2362 5166 2721 5221 Hierusalem.
2758 5164 2990 5218 Ladmus
3021 5180 3159 5227 sunt,
3191 5164 3438 5232 inquam.

1859 5255 1984 5323 quia
2016 5254 2225 5308 ibimus.
2252 5254 2367 5310 Non
2393 5257 2568 5311 solum
2596 5266 2774 5309 autem
2802 5269 2947 5307 nunc
2972 5268 3121 5324 spem
3145 5254 3319 5310 habeo
3342 5272 3392 5307 ιιι
3413 5269 3441 5309 ε

1860 5344 1991 5399 ἱΙΙιιε
2021 5343 2196 5399 ituros
2224 5360 2377 5411 esse,
2418 5347 2511 5400 sed
2541 5345 2706 5397 etiam
2748 5358 2814 5397 ex
2844 5358 2953 5411 quo
2991 5345 3057 5397 de
3093 5344 3195 5399 hoc
3229 5344 3438 5398 (relatus

1857 5453 1971 5489 sum
1992 5476 2008 5502 ,
2040 5438 2192 5505 pedes
2224 5439 2386 5493 nostri
2435 5447 2630 5491 stantes
2664 5446 2810 5490 erant
2837 5477 2852 5501 ,
2906 5437 2959 5491 id
3005 5447 3089 5494 est
3121 5438 3437 5493 all‘ectiones

1856 5526 1969 5595 spei
2000 5536 2199 5580 nostra:
2229 5527 2339 5597 jam
2373 5536 2531 5581 erant
2571 5526 2798 5580 ﬁrmiter
2842 5526 3188 5593 habitantes,
3231 5544 3263 5579 ι)
3307 5526 3438 5578 Ilie-

1856 5616 2112 5679 rusalem,
2158 5619 2211 5671 in
2244 5618 2391 5669 atriis
2436 5618 2571 5680 tuis,
2602 5618 2653 5671 id
2683 5626 2766 5671 est
2814 5619 2867 5674 in
2921 5619 3271 5690 amplitudine
3305 5627 3430 5679 tua;

1857 5709 1998 5778 quod
2028 5718 2110 5763 est
2136 5708 2315 5765 dicere
2356 5726 2367 5761 :
2401 5707 2473 5761 Ex
2508 5724 2615 5777 quo
2641 5708 2799 5764 Ιιειιιιί
2846 5727 3065 5775 sumus,
3112 5725 3204 5778 spe
3234 5708 3343 5778 jam
3375 5708 3428 5762 iu
