3978 6328
562 346 697 405 1519

1132 336 1189 390 S.
1244 332 1589 389 BRUNONlS
1620 326 2264 385 C.\ll'l‘llliSI.~\NOlilJ.\I
2298 324 2783 383 INSTITU'I‘ORIS
2813 325 2963 381 OI‘P.
3007 324 3181 380 PARS
3220 326 3255 380 l.

3636 335 3745 390 I530

558 480 608 519 te
641 455 1031 517 habitavinms,
1061 465 1179 521 qua:
1209 464 1305 519 pro
1336 448 1408 499 Ini
1440 444 1793 514 atttplitudine
1841 441 1977 494 atria
2033 441 2127 492 lta-
2166 447 2206 502 Λ
2240 442 2394 494 sedes
2419 456 2539 509 quae
2562 456 2684 494 cum
2711 441 2948 496 nondum
2975 440 3085 493 sint
3107 441 3281 501 sedes,
3310 440 3360 493 in
3385 439 3572 509 judicio
3601 444 3747 503 futura

559 557 686 607 bere
716 544 931 601 diceris.
970 542 1103 599 Cum
1135 538 1268 594 dicit
1294 537 1640 607 singulariter
1680 552 1691 585 :
1726 531 1959 585 Lwtatus
1985 546 2099 582 sunt
2120 569 2134 589 ,

560 656 721 693 unam
750 651 985 690 massam
1014 647 1135 687 esse
1164 630 1438 693 ostendit;
1462 642 1583 681 eum
1608 624 1735 678 dicit
1768 624 1920 690 pctlcs
1945 620 2135 678 nostri.

562 732 742 800 plures
770 742 891 780 esse
922 736 1183 795 personas
1209 718 1447 773 ostendit
1471 732 1565 769 eos
1592 715 1682 783 qui
1713 713 1798 766 hic
1828 712 2139 779 loquuntur.

567 820 899 872 Detertninat
948 824 1128 867 autem
1176 812 1241 864 de
1286 826 1389 878 qua
1433 805 1766 860 Ilierusalem
1814 803 1987 866 dicat,
2019 816 2142 856 cum

564 908 715 960 addit
740 924 753 960 :
783 903 1115 957 Hierusalem
1140 901 1261 954 dico
1285 914 1401 967 tltttt’
1427 894 1672 964 quotidie
1692 892 1987 959 tcdiﬁcatur
2010 892 2145 943 adeo

565 1012 629 1051 ex
681 994 931 1049 ﬁdelibus
981 992 1044 1044 de
1103 991 1203 1043 huc
1249 986 1447 1039 mundo
1483 983 1877 1053 migrantibus,
1910 982 2149 1034 existens

570 1102 673 1140 non
705 1101 890 1139 revera
921 1082 1149 1142 civitas,
1200 1080 1292 1132 sed
1340 1087 1393 1129 ut
1427 1077 1634 1137 riritas,
1670 1074 1876 1127 scilicet
1903 1072 2041 1125 dicta
2074 1072 2148 1123 ci-

568 1181 706 1233 vitas
732 1193 826 1247 per
850 1172 1257 1228 similitudinem
1279 1210 1293 1231 ,
1328 1185 1393 1221 eo
1424 1168 1564 1235 quo.|
1597 1182 1659 1219 ex
1695 1165 1832 1217 vivis
1881 1164 2152 1231 lapidibus

571 1270 658 1321 Hal
683 1308 697 1329 ,
734 1277 791 1320 ttt
823 1267 1015 1320 civitas
1046 1279 1111 1315 ex
1143 1260 1411 1330 lapidibus
1443 1257 1779 1311 inanimatis.
1816 1252 1891 1307 Ne
1921 1269 2047 1305 vero
2077 1253 2152 1304 iu-

571 1359 903 1427 telligeretur
932 1354 1035 1407 lto‘c
1067 1353 1268 1405 dictmu
1298 1365 1415 1403 esse
1440 1350 1503 1401 de
1557 1347 1737 1415 aliqua
1771 1346 1988 1398 civitate
2034 1358 2152 1411 quae

570 1463 710 1501 nunc
736 1448 1096 1500 aediﬁcaretur
1127 1453 1181 1495 et
1215 1440 1548 1495 Hierusalem
1593 1445 1900 1497 vocaretur,
1938 1436 2002 1486 ad
2051 1434 2154 1487 dil-

571 1537 855 1590 l'crentiam
888 1535 1039 1587 addit
1071 1533 1202 1586 :Illa
1233 1529 1569 1584 Hierusalem
1602 1528 1721 1581 dico
1763 1525 1916 1592 cujus
1941 1523 2154 1587 partici-

569 1630 713 1697 patio
746 1638 828 1681 est
856 1627 1001 1695 ejus,
1035 1626 1177 1695 quod
1211 1632 1295 1677 est
1331 1624 1383 1674 in
1424 1622 1593 1689 ipsum
1627 1618 1883 1679 tendens,
1913 1614 1964 1668 id
1992 1623 2072 1667 est
2101 1613 2152 1664 in

573 1716 1179 1770 incouuuutabilitatem
1202 1754 1215 1775 ,
1250 1712 1461 1766 scilicet
1488 1726 1607 1776 quin
1642 1707 1735 1759 illo
1763 1707 1901 1758 bono
1931 1703 2153 1772 partici-

2244 532 2399 587 sedes
2427 532 2633 587 l'uturaa‘
2666 540 2817 595 sunt,
2851 533 2993 601 quod
3021 540 3104 586 est
3147 532 3324 586 dicere
3353 549 3365 587 :
3412 533 3625 602 Apustoli
3651 537 3749 592 illuc

2238 624 2348 691 jam
2377 625 2766 686 ascenderunt,
2797 633 2854 676 et
2884 623 2954 676 ibi
2982 621 3189 689 jamdiu
3216 623 3552 692 quieverunt,
3577 627 3653 696 qui
3686 628 3752 683 lu-

2247 717 2350 769 tnri
2387 725 2513 769 sunt
2540 715 2753 785 judices
2782 715 2833 767 in
2871 714 2959 768 die
2983 714 3178 784 ’judicii
3208 731 3360 783 super
3381 716 3571 770 domum
3603 716 3752 783 David,

2249 806 2299 859 id
2341 817 2423 859 est
2466 821 2627 875 super
2672 804 2972 857 Ecclesium
2995 843 3010 868 ,
3039 818 3160 872 qum
3194 804 3447 873 spiritalis
3489 805 3654 861 domus
3690 818 3757 863 est

2247 897 2474 952 Christi.
2509 896 2616 949 veri
2647 895 2834 948 David.
2870 892 3030 964 517
3059 894 3217 949 Juxta
3256 896 3381 949 illud
3427 897 3754 953 Duntinicutn:

2255 1006 2274 1038 ι
2312 987 2583 1041 Sedebitis
2627 1002 2790 1055 super
2817 987 2977 1039 sedes
3023 986 3334 1049 duodecim,
3359 985 3759 1054 jlltiil‘alIICStIlltt-

2252 1080 2422 1133 decim
2458 1079 2626 1132 tribus
2654 1078 2817 1131 Israel
2847 1077 3063 1145 (Matth.
3091 1093 3203 1140 xix,
3227 1078 3332 1146 I8).
3359 1097 3375 1128 ι
3404 1077 3581 1131 Domus
3610 1078 3760 1144 David,

2255 1172 2305 1223 i=.l
2335 1181 2417 1223 est
2449 1169 2648 1223 Christi
2701 1169 2959 1221 dicuntur
2986 1178 3043 1221 et
3094 1168 3217 1221 boni
3271 1168 3449 1220 lideh-s
3478 1177 3526 1221 et
3555 1168 3690 1231 ntali,
3710 1183 3761 1224 ea

2253 1268 2390 1331 quod
2408 1278 2595 1315 onmes
2618 1259 2820 1315 eisdem
2842 1258 3213 1327 spiritualibus
3239 1268 3576 1313 sacramentts
3598 1258 3758 1313 initiati

2254 1354 2380 1406 sint.

2326 1443 2460 1508 Quia
2485 1443 2684 1496 dictum
2712 1450 2833 1494 erat
2861 1441 3049 1503 tribus,
3090 1450 3146 1495 et
3172 1441 3316 1495 sedes
3357 1442 3406 1494 in
3454 1442 3639 1494 domum
3686 1443 3765 1496 Do-

2258 1537 2383 1587 mini
2414 1533 2745 1596 ascendisse,
2772 1543 2891 1583 orat
2942 1532 3061 1585 illos
3099 1533 3189 1600 qui
3223 1531 3333 1597 jam
3373 1531 3692 1595 ascenderunt,
3724 1542 3767 1583 ut

2262 1634 2447 1687 rogent
2477 1639 2572 1690 pro
2596 1623 2674 1677 eis
2701 1624 2789 1689 qni
2818 1624 2991 1675 adhuc,
3022 1625 3301 1676 ascensnri
3352 1634 3488 1688 sunt,
3516 1623 3585 1677 sic
3622 1641 3633 1675 :
3669 1624 3770 1676 Dico

2261 1717 2400 1785 quod
2433 1716 2576 1769 sedes
2622 1729 2676 1772 et
2731 1719 2893 1770 tribus
2930 1716 3296 1767 ascenderunt.
3355 1714 3415 1767 Iit
3456 1729 3541 1766 vos
3578 1713 3654 1780 qui
3684 1714 3771 1782 jam

572 1815 663 1875 pat
708 1806 853 1875 quod
904 1801 1350 1858 iucounnutahile
1382 1809 1466 1853 est
1495 1809 1549 1853 et
1593 1811 1877 1852 aeternum.
1924 1799 2026 1849 l‘er
2057 1798 2158 1849 hoc
2193 1819 2233 1871 Β
2260 1805 2597 1867 ειει·ριιι1ἱειίε,
2634 1815 2808 1873 ragate
2836 1804 2990 1857 nobis
3016 1819 3074 1855 ea
3101 1818 3218 1871 qua:
3243 1812 3361 1854 sunt
3413 1802 3476 1853 ad
3502 1819 3654 1870 parem
3679 1801 3773 1855 ne.

572 1900 733 1951 datur
764 1896 987 1964 intelligi
1020 1892 1355 1947 Hierusalem
1407 1892 1680 1953 cwlestis,
1713 1888 1867 1955 eujns
1892 1890 2040 1942 cives
2075 1889 2156 1939 in-

575 1986 979 2041 commutabilis
1006 1984 1356 2037 beatitudinis
1373 1991 1499 2035 sunt
1520 1981 1832 2049 participes.
1854 1977 2159 2031 Ostcndmtt

573 2086 754 2130 autem
801 2074 1028 2145 perl'ccti
1062 2074 1153 2141 qui
1196 2073 1245 2124 in
1285 2073 1387 2123 hoc
1432 2071 1640 2137 psalmo
1671 2076 1841 2137 agunt
1875 2081 2066 2119 omnes
2106 2066 2159 2117 ti-

544 2168 721 2219 'dcles
778 2165 1204 2234 prtedeeessm‘es
1250 2178 1378 2216 suos
1424 2160 1533 2228 jam
1587 2160 1638 2211 in
1689 2160 1908 2211 domum
1948 2156 2157 2209 Domini

578 2258 766 2321 insse;
798 2257 937 2309 unde
964 2254 1098 2308 certi
1129 2262 1255 2306 sunt
1278 2254 1515 2321 quodet
1546 2250 1646 2318 ipsi
1686 2251 1870 2311 ibunt,
1900 2249 1977 2301 sic
2006 2265 2018 2299 :
2050 2246 2161 2298 lbi-

575 2364 725 2409 mus,
769 2348 1023 2414 inquam,
1058 2347 1109 2396 in
1148 2345 1360 2397 domum
1396 2342 1636 2404 Domini,
1678 2351 1734 2395 et
1761 2341 1883 2393 inde
1910 2339 2043 2393 certi
2071 2353 2162 2392 su-

578 2452 723 2490 mus.
757 2436 895 2488 Illuc
926 2438 1059 2488 enim
1080 2436 1191 2503 jam
1218 2435 1559 2485 ascenderunt
1587 2430 1879 2485 secundmu
1905 2430 2159 2491 animum,

578 2546 683 2582 non
715 2528 1010 2581 sccumlmu
1039 2541 1235 2592 corpus
1262 2564 1275 2586 ,
1304 2523 1492 2575 tribus.
1525 2523 1659 2576 Cum
1706 2523 1835 2575 dicit
1881 2523 2045 2573 tribus
2075 2524 2166 2572 dat

583 2617 883 2686 intelligere
919 2616 1195 2674 homines,
1226 2614 1350 2681 quia
1387 2613 1561 2665 tribus
1594 2612 1870 2665 hominum
1900 2611 2163 2674 dicimus,

581 2725 689 2762 non
720 2708 1073 2778 angelorum,
1103 2722 1166 2760 ac
1204 2708 1247 2759 si
1299 2706 1443 2759 dicat
1475 2719 1489 2757 :
1518 2704 1644 2758 lude
1685 2704 1822 2757 certi
1854 2717 2039 2756 sumus
2070 2717 2165 2755 nos

578 2812 902 2851 ascensurus
932 2813 1051 2851 esse
1072 2838 1086 2859 ,
1130 2797 1254 2865 quia
1287 2793 1399 2862 jam
1435 2794 1561 2847 illuc
1587 2793 1966 2863 generationes
1997 2792 2166 2847 homi-

577 2903 705 2940 num
734 2888 1098 2939 ascenderunt.

653 2979 988 3032 Detertninat
1016 2988 1196 3030 autent
1228 2993 1346 3045 qtuc
1373 2977 1559 3041 tribus,
1587 2992 1709 3030 cum
1736 2976 1884 3031 addit
1911 2992 1924 3027 :
1955 2973 2165 3037 Tribus,

581 3071 798 3139 inquam
825 3113 839 3135 ,
867 3070 1108 3133 Domini,
1143 3071 1192 3122 id
1217 3079 1298 3122 est
1330 3068 1404 3121 illi
1438 3069 1688 3122 homines
1718 3069 2049 3131 ascenderit,
2075 3067 2165 3135 qui

2263 1894 2486 1947 rusalem
2510 1895 2745 1949 caalcstis
2776 1894 3201 1962 adipiscendam,
3230 1893 3434 1946 scilicet
3459 1901 3624 1961 rogate
3645 1894 3772 1945 Deum

2262 1996 2318 2038 ttt
2345 1988 2434 2038 det
2463 1985 2616 2038 nobis
2646 1985 2735 2054 qtti
2775 2000 2963 2037 sumus
2992 1984 3170 2036 adhuc
3200 1984 3471 2037 asceusnri
3498 1997 3555 2036 ea
3578 1998 3660 2053 per
3681 2000 3774 2050 qttze

2264 2079 2544 2131 veniamus
2571 2079 2635 2132 ad
2659 2088 2917 2130 :eternam
2966 2090 3154 2142 pacem
3198 2074 3435 2129 caelestis
3477 2074 3774 2127 Hierusalem.

2264 2169 2552 2237 Ppstqnam
2584 2183 2677 2221 eos
2704 2167 2793 2235 qui
2817 2166 2926 2234 jam
2978 2165 3339 2219 ascenderunt
3368 2163 3597 2217 invitavit
3618 2163 3673 2215 ad
3713 2179 3776 2216 ro-

2262 2260 2491 2330 gandtun
2514 2259 2579 2311 de
2604 2273 2734 2327 pace
2767 2256 2878 2315 illa,
2911 2258 3082 2325 ipsam
3107 2265 3162 2308 et
3188 2254 3547 2322 perfectornm
3574 2246 3775 2307 collectio

2263 2350 2329 2404 de
2359 2364 2487 2419 pace
2518 2348 2602 2401 illa
2637 2357 2778 2409 orat,
2832 2357 2891 2398 ut
2916 2345 3200 2397 auditores
3235 2356 3396 2397 orare
3426 2342 3639 2395 instruat
3679 2340 3777 2393 sic:

2267 2444 2504 2496 Dicimus
2546 2459 2558 2493 :
2595 2440 2789 2510 Rogate
2819 2455 2935 2509 qua:
2964 2438 3033 2490 ad
3054 2454 3233 2506 pacem
3261 2447 3400 2500 sunt,
3423 2445 3468 2488 et
3489 2444 3780 2488 nosmetorao

2266 2551 2385 2589 mus
2417 2545 2472 2587 nt
2499 2533 2824 2586 abundantia
2846 2532 2912 2584 sit
2944 2530 3158 2583 tandem
3206 2532 3261 2583 in
3297 2530 3473 2582 futuro
3505 2526 3780 2597 diligentibus

2266 2637 2337 2690 te,
2368 2643 2399 2677 ο
2430 2624 2763 2677 Hierusalem
2794 2621 3050 2684 cmlestis,
3077 2619 3287 2674 scilicet
3338 2627 3395 2673 ut
3415 2633 3590 2673 omnes
3620 2617 3693 2670 hic
3712 2615 3783 2667 ad-

2269 2719 2373 2770 lmc
2398 2717 2679 2785 degentes,
2709 2715 2800 2785 qui
2844 2713 3261 2778 abundantiam,
3288 2727 3405 2782 quae
3433 2712 3483 2766 in
3523 2719 3569 2764 te
3596 2718 3682 2768 est,
3713 2722 3784 2761 cn-

2268 2809 2422 2876 piunt
2469 2806 2717 2873 adipisci,
2777 2814 2962 2875 utpote
3006 2805 3292 2873 diligentes
3351 2814 3419 2870 te,
3463 2800 3782 2858 abundantiam

2272 2898 2411 2950 illaut
2476 2907 2895 2966 consequantur.
2947 2896 3180 2964 Exponit
3225 2906 3407 2949 autem
3441 2894 3503 2949 de
3528 2908 3622 2963 qua
3655 2893 3785 2945 abru-

2271 2989 2449 3042 dautia
2482 2998 2619 3049 oret,
2650 3002 2768 3039 cum
2808 2986 2956 3040 addit
2984 3005 2996 3039 :
3033 2987 3160 3039 Dico
3183 2986 3502 3039 abundantia
3530 2985 3592 3039 sit
3612 2983 3787 3051 dilige».

2272 3080 2407 3132 tibus
2437 3089 2511 3142 te,
2536 3078 2859 3146 sciliCctﬁat
2885 3077 2990 3131 illis
3036 3093 3142 3148 pax
3172 3078 3225 3131 in
3260 3079 3445 3132 virtute
3494 3087 3596 3140 tua,
3645 3072 3687 3127 id
3728 3081 3787 3125 est

583 3163 887 3232 regenerati
923 3162 1125 3215 fuerint
1177 3162 1228 3213 in
1270 3161 1504 3215 (Domino
1534 3176 1601 3214 ex
1636 3174 1775 3228 aqua
1827 3158 2165 3229 baptismatis

2270 3187 2366 3240 per
2391 3170 2642 3223 virtutem
2675 3178 2843 3231 luant,
2872 3169 3085 3223 scilicet
3136 3170 3300 3223 detur
3348 3169 3449 3223 illis
3495 3184 3591 3237 pax
3631 3175 3787 3219 attenta

578 3263 634 3305 et
682 3253 886 3321 Spiritu
938 3264 1127 3305 sancto
1168 3250 1323 3319 juxta
1371 3251 1544 3305 illud:
1581 3268 1601 3302 ι
1639 3250 1742 3318 Qui
1785 3250 2077 3305 crediderit
2117 3259 2173 3301 et

583 3346 886 3414 baptizatus
902 3343 1263 3396 fuer.tsa|vus
1289 3343 1395 3396 erit
1418 3340 1613 3411 (Marc.
1644 3341 1925 3411 xvr,16).i
1960 3339 2169 3403 Tribus,

583 3433 829 3501 inquam,
862 3433 1072 3486 Domini
1098 3432 1469 3485 ascenderunt.
1507 3430 1573 3483 Et
1597 3431 1699 3484 hoc
1727 3437 1785 3483 ut
1810 3430 2173 3482 testimonium

583 3524 754 3578 Israel
782 3529 1007 3589 asserit,
1040 3525 1098 3579 id
1124 3533 1209 3579 est
1239 3533 1297 3577 ut
1323 3521 1493 3577 Iacob
1516 3522 1827 3591 patriarcha
1855 3519 2174 3575 testificmus

584 3624 668 3668 est
698 3616 749 3667 in
786 3615 999 3669 visione
1025 3632 1119 3669 sua
1139 3655 1153 3679 ,
1189 3614 1280 3684 qui
1318 3614 1449 3666 vidit
1472 3613 1695 3676 Scalam,
1722 3621 1779 3668 et
1807 3627 1926 3666 eam
1960 3610 2175 3681 angelos

586 3706 939 3759 ascendentes
959 3716 1013 3759 et
1034 3708 1424 3761 descendentes
1454 3704 1607 3775 (Gen.
1634 3721 1806 3759 xxvm
1825 3744 1842 3771 ,
1872 3704 1985 3774 12).
2019 3703 2173 3769 Quod

587 3797 804 3866 quidem
837 3798 1047 3866 sigmun
1080 3807 1277 3852 eratet
1307 3798 1384 3851 rei
1410 3798 1719 3866 przeteritze,
1754 3804 1811 3851 et
1840 3796 1918 3850 rei
1954 3794 2171 3848 futurze.

589 3888 724 3944 Nam
758 3904 856 3957 per
885 3889 1313 3954 descendentes,
1348 3889 1522 3959 angeli
1554 3889 1771 3957 maligni
1800 3888 2174 3959 signabantur,

590 3984 683 4051 qui
714 3997 812 4051 per
839 3980 1147 4050 superbiam
1197 3981 1625 4046 descenderunt;
1655 3996 1752 4050 per
1779 3981 2138 4035 ascendentes
2160 4020 2174 4045 ,

590 4075 765 4130 sancti
791 4076 881 4144 qui
914 4073 1083 4127 futuri
1117 4081 1247 4127 sunt
1275 4071 1553 4142 spiritales
1581 4082 1638 4125 ut
1664 4072 1837 4141 angeli
1862 4113 1876 4136 ,
1910 4080 1965 4126 et
1991 4072 2057 4124 ad
2087 4086 2172 4124 re-

592 4168 893 4235 parandum
924 4180 1110 4219 casum
1144 4162 1358 4219 illorum
1387 4163 1479 4233 qui
1512 4164 1913 4217 descenderunt
1944 4172 2072 4216 sunt
2110 4161 2177 4215 il-

593 4261 681 4313 lue
713 4261 995 4313 ascensuri
1015 4299 1029 4324 ,
1058 4269 1113 4313 et
1138 4260 1248 4327 jam
1279 4258 1499 4329 quidam
1530 4258 1911 4313 ascenderunt.
1940 4256 2034 4311 Vel
2059 4257 2174 4311 sic:

595 4348 732 4401 Illuc
758 4349 1110 4407 ascenderunt
1160 4348 1326 4401 tribus
1366 4346 1580 4400 Domini
1618 4346 1915 4401 existentes
1953 4346 2180 4399 testimo-

595 4442 739 4493 nium
785 4438 985 4503 lsrnel,
1037 4439 1089 4492 id
1137 4451 1220 4494 est
1264 4437 1618 4493 testiﬁcantes
1657 4452 1755 4492 suo
1786 4452 2011 4492 ascensu
2052 4436 2179 4490 illud

2272 3274 2371 3329 per
2389 3260 2663 3313 Christum
2717 3260 2806 3327 qui
2844 3268 2926 3312 est
2962 3259 3132 3311 virtus
3169 3267 3285 3325 tua,
3332 3259 3530 3313 faciens
3568 3266 3613 3311 te
3639 3256 3789 3308 lortrtn

2272 3357 2326 3401 et
2350 3345 2842 3416 inexpugnabilem,
2872 3346 3037 3411 sicut
3085 3345 3266 3400 nullus
3319 3347 3546 3401 hostium
3596 3342 3788 3397 assulas

2277 3437 2369 3491 tibi
2403 3437 2516 3491 lieri
2549 3446 2731 3506 queat.
2764 3435 2855 3489 Vel
2883 3436 2961 3490 sic
2991 3454 3004 3489 ε
3039 3434 3160 3489 Fiat
3188 3437 3297 3491 illis
3340 3453 3445 3507 pax
3473 3433 3722 3490 cxistendo
3751 3434 3791 3481 ut

2274 3528 2462 3581 virtute
2489 3538 2598 3589 tua,
2641 3527 2693 3581 id
2720 3536 2803 3583 est
2832 3527 2912 3580 sic
2940 3529 3099 3580 detur
3135 3528 3215 3581 eis
3248 3544 3348 3596 pax
3398 3542 3513 3596 quae
3552 3526 3601 3579 in
3644 3533 3687 3576 te
3713 3532 3794 3581 est.

2275 3628 2335 3673 nt
2360 3619 2523 3673 etiam
2560 3626 2910 3688 perseverent
2941 3618 2992 3671 in
3018 3618 3309 3673 dilectione
3333 3619 3530 3683 divina,
3557 3629 3663 3685 qua:
3693 3611 3794 3666 dici-

2277 3721 2365 3765 tur
2394 3718 2491 3781 per
2512 3710 2943 3765 autouonntsiam
2967 3710 3139 3764 virtus
3172 3719 3286 3775 tua,
3335 3725 3402 3765 eo
3453 3708 3588 3779 quod
3627 3704 3796 3775 dignior

2276 3806 2345 3860 sit
2370 3806 2515 3861 onmi
2537 3804 2738 3858 virtute
2757 3811 2811 3855 et
2840 3801 3158 3856 durabilior.
3188 3802 3327 3857 Cum
3358 3802 3498 3857 enim
3530 3812 3696 3854 omnes
3731 3795 3799 3848 hic

2278 3897 2505 3950 virtutes
2536 3895 2867 3957 habeantur,
2899 3893 2951 3945 in
2985 3893 3169 3947 futuro
3218 3894 3335 3948 sola
3364 3893 3591 3949 charitas
3619 3884 3798 3944 habebi-

2278 4001 2384 4041 tur.
2425 3983 2587 4040 Unde
2607 3984 2843 4053 legitur:
2880 4001 2898 4034 ι
2933 3982 3104 4050 Major
3146 3992 3330 4039 autem
3361 3994 3443 4039 est
3486 3980 3701 4038 charitas
3741 3972 3797 4043 (l

2278 4078 2401 4134 Cor.
2435 4094 2553 4142 xttt,
2583 4078 2650 4131 15
2677 4079 2717 4146 ),
2748 4066 2768 4128 ι
2808 4086 2863 4131 et
2889 4093 2993 4130 non
3017 4092 3181 4146 parva
3207 4093 3312 4146 pax
3336 4076 3549 4142 linteis,
3568 4072 3650 4129 sed
3672 4071 3802 4124 abu-

2278 4174 2461 4226 dantia
2490 4170 2639 4241 pacis
2673 4170 2831 4224 detur
2856 4169 2958 4233 eis,
3013 4185 3132 4238 qtue
3168 4168 3497 4223 abundantia
3523 4177 3598 4221 est
3639 4165 3731 4234 jam
3761 4162 3801 4210 in

2280 4262 2513 4316 turribus
2539 4261 2667 4325 tuis,
2700 4259 2909 4314 scrlicet
2939 4269 3087 4313 tanta
3124 4260 3457 4314 abundantia
3486 4259 3630 4312 detur
3667 4255 3732 4308 eis
3761 4250 3801 4303 in

2282 4355 2483 4419 futuro,
2508 4360 2709 4423 quanta
2732 4361 2815 4406 est
2838 4352 2890 4405 in
2918 4352 3177 4420 apostolis
3197 4352 3337 4422 jam,
3360 4352 3451 4421 qui
3478 4350 3704 4405 dicuntur
3722 4355 3805 4396 tur-

2284 4461 2373 4501 res
2402 4456 2523 4505 tnm,
2549 4443 2631 4498 vel
2653 4451 2871 4513 propter
2884 4442 3268 4497 sublimitatem
3289 4444 3594 4498 meritorum
3610 4450 3802 4495 suorum.

596 4532 736 4585 idem
766 4531 908 4602 quod
943 4531 1266 4585 testiﬁcatus
1295 4539 1383 4599 est
1410 4530 1575 4585 Israel
1613 4529 1857 4593 visione,
1904 4528 2047 4598 quod
2098 4542 2167 4582 es;

2288 4539 2368 4595 vel
2391 4538 2515 4607 quia
2540 4536 2929 4590 nnmimentum
2960 4534 3194 4588 lidelitun
3219 4544 3349 4589 sunt
3389 4532 3622 4589 doctrina
3659 4539 3705 4584 et
3735 4540 3805 4597 pa-

597 4621 781 4673 dicere
826 4639 839 4673 :
879 4621 1011 4674 Illud
1073 4621 1348 4675 testiﬁcati
1394 4631 1519 4675 sunt
1568 4635 1759 4675 verum
1817 4634 1937 4674 esse
1991 4618 2046 4672 in
2098 4619 2179 4673 sui

598 4713 947 4774 aStensioue,
976 4713 1119 4782 quod
1163 4712 1328 4767 Israel
1360 4713 1684 4767 testiﬁcatus
1725 4721 1808 4766 est
1856 4712 1907 4766 in
1953 4712 2178 4764 visione.

600 4805 955 4858 Ascenderunt
978 4846 993 4870 ,
1020 4806 1261 4875 inquam,
1296 4806 1491 4870 tribus;
1522 4816 1577 4860 et
1607 4807 1710 4859 hoc
1732 4806 1800 4857 ad
1830 4802 2180 4871 conﬁtendum

600 4897 810 4950 Iaudem
844 4896 1041 4948 nomini
1076 4896 1316 4963 Domini,
1343 4897 1394 4951 id
1429 4906 1512 4953 est
1537 4898 1603 4951 ad
1649 4896 1971 4950 laudandqu
2008 4895 2185 4948 Domi-

600 5004 727 5041 num
768 5003 833 5041 ex
867 4986 1309 5042 consideratione
1339 4989 1520 5060 tnagni
1571 4988 1805 5043 nominis
1852 4988 1995 5057 ejus,
2043 4987 2185 5056 qttod

603 5088 686 5134 cst
716 5078 975 5134 Dominus
998 5120 1012 5143 ,
1042 5080 1188 5149 quod
1221 5089 1306 5134 est
1331 5081 1513 5137 dicere
1546 5102 1557 5136 :
1590 5084 1672 5138 Ad
1702 5086 1802 5139 hoc
1828 5085 2189 5139 ascemlerunt

602 5182 661 5223 ιιι
706 5173 959 5240 perennis
1007 5172 1167 5228 laude
1215 5170 1523 5227 dilectionis
1572 5176 1740 5229 Demn
1791 5175 2029 5229 laudent.
2062 5173 2191 5228 Inde

604 5279 818 5333 quoque
846 5264 981 5318 certi
1009 5279 1201 5319 sumus
1226 5264 1370 5335 quod
1393 5265 1449 5318 in
1472 5262 1683 5318 domum
1729 5266 1936 5320 Domini
1967 5266 2155 5319 ibimus
2175 5304 2191 5330 ,

604 5356 730 5423 quia
761 5356 868 5409 illic
906 5355 1018 5424 jam
1067 5356 1311 5411 sederunt
1358 5356 1534 5424 sedes,
1585 5357 1637 5411 id
1678 5366 1761 5411 est
1809 5358 1862 5411 in
1899 5358 2059 5412 domo
2099 5358 2185 5412 illa

601 5446 805 5517 jamdiu
837 5458 921 5502 est
967 5449 1110 5516 quod
1139 5448 1465 5517 quieverunt
1494 5447 1739 5518 judices,
1771 5449 1863 5518 qui
1908 5449 2190 5519 accipiun-

611 5550 697 5593 tnr
736 5557 831 5611 per
869 5543 1014 5597 sedes
1035 5584 1051 5609 ,
1104 5558 1171 5598 eo
1198 5544 1345 5612 quod
1380 5542 1627 5611 judicqu
1659 5554 1742 5598 est
1773 5545 1930 5599 sedes
1958 5544 2186 5612 habere,

613 5631 691 5683 vel
723 5633 847 5701 quia
880 5634 1040 5688 sedes
1066 5634 1158 5688 Dei
1189 5643 1343 5698 sunt,
1377 5644 1430 5689 et
1456 5633 1787 5689 determinat
1813 5634 2191 5704 quandojudii-

612 5732 702 5773 ces
730 5732 917 5790 erunt,
947 5739 1068 5778 cum
1100 5723 1251 5779 addit
1278 5740 1290 5775 :
1337 5722 1402 5777 In
1424 5725 1632 5793 judicio
1670 5726 1815 5779 sedes
1835 5766 1850 5791 ,
1881 5724 1932 5781 id
1962 5734 2043 5779 est
2088 5725 2190 5779 illa:

2286 4628 2515 4683 trociuia
2536 4626 2843 4681 oratiomun
2866 4639 3107 4678 suarum.

2356 4719 2584 4776 Ostensa
2611 4717 2791 4772 lartitia
2818 4725 2872 4770 et
2894 4733 2990 4785 spe
3012 4732 3110 4769 sua
3147 4725 3202 4770 et
3223 4717 3468 4771 oratione
3504 4715 3566 4769 de
3603 4724 3714 4783 pace
3747 4703 3805 4758 fa-

2254 4818 2255 4821 “
2286 4825 2393 4875 cta,
2417 4827 2521 4881 qua
2550 4811 2848 4864 intentione
2885 4810 2999 4863 haec
3039 4809 3211 4878 egerit
3241 4809 3479 4864 ostendit
3515 4806 3592 4861 sic
3634 4823 3644 4856 :
3684 4799 3805 4854 Dixi:

2289 4902 2497 4957 Stantes
2521 4910 2666 4953 erant
2691 4899 2842 4969 pedes
2874 4901 3038 4952 nostri
3068 4901 3121 4952 in
3148 4900 3298 4953 atriis
3339 4900 3464 4963 tuis,
3512 4892 3809 4949 Ilirrtnalm.

2283 5003 2339 5047 et
2362 4991 2511 5045 oravi
2538 4990 2603 5043 de
2628 5004 2759 5059 pace
2784 4998 2895 5053 tua,
2919 4990 3107 5043 dicens
3132 5006 3143 5041 :
3172 4986 3294 5042 Fiat
3320 5005 3445 5059 pax,
3469 5000 3566 5041 etc.
3590 4985 3647 5037 Et
3666 4980 3811 5049 egodt

2286 5097 2333 5140 te
2355 5100 2541 5155 agens,
2582 5098 2615 5136 0
2646 5081 2999 5142 Hierusalem,
3048 5082 3295 5150 loquebar
3320 5098 3519 5151 pacem,
3568 5079 3613 5132 id
3634 5086 3703 5130 est
3739 5087 3806 5123 alt-

2288 5175 2601 5230 nuutiabam
2627 5187 2817 5242 pacem
2841 5182 3008 5237 tuam,
3032 5173 3243 5227 scilicet
3280 5173 3681 5242 quotiescunque
3702 5166 3754 5218 de
3772 5172 3810 5212 te

2291 5268 2397 5339 egi,
2424 5265 2741 5320 annnntiavi
2767 5265 2887 5319 aliis
2928 5274 3127 5335 quanta
3184 5265 3255 5319 sit
3278 5280 3382 5335 pax
3424 5274 3530 5317 tua.
3569 5255 3810 5328 Loquetur.

2294 5361 2537 5429 inquam,
2564 5374 2763 5428 pacem,
2791 5368 2845 5412 et
2870 5358 2969 5411 hoc
2994 5368 3201 5427 propter
3230 5357 3419 5427 fratres
3460 5370 3591 5410 meos
3609 5364 3647 5405 et
3673 5346 3812 5419 prori-

2296 5468 2407 5504 mos
2436 5466 2599 5513 meos,
2627 5451 2675 5503 id
2699 5460 2778 5503 est
2802 5465 2899 5519 pro
2924 5450 3154 5503 utilitate
3182 5449 3407 5503 fratrum
3430 5458 3482 5503 et
3501 5444 3812 5517 proxinorunl

2298 5551 2638 5605 meorutu,ut
2661 5542 2729 5596 ad
2760 5546 2898 5596 hanc
2942 5558 3131 5611 pacem
3171 5544 3409 5596 tendant.
3451 5539 3654 5593 Fratres
3695 5531 3813 5580 Vitr-tl

2297 5649 2486 5689 omnes
2514 5634 2714 5696 lidcles,
2742 5650 2808 5688 eo
2831 5634 2973 5703 quod
2998 5649 3188 5688 omnes
3211 5634 3302 5688 Dei
3345 5631 3443 5686 lilii
3468 5623 3681 5695 adoptivi
3713 5620 3810 5672 sint.

2300 5721 2580 5777 Proximos
2605 5733 2785 5778 autem
2810 5724 2938 5778 dicit
2976 5722 3266 5795 perfectos.
3290 5722 3378 5793 qui
3402 5721 3481 5775 eis
3499 5719 3547 5773 in
3571 5706 3810 5769 conformi-
