3978 6328
137 295 271 351 1521

1098 291 1459 350 EXPOSITIO
1493 291 1557 348 IN
1590 290 1924 348 PSALSIOS.
1952 322 2021 332 —-
2050 290 2242 347 PSAL.
2275 290 2503 347 CXXIII.

3268 306 3412 364 I599.

136 421 254 466 tate
283 417 409 465 sunt
428 408 681 480 proximi,
715 410 856 479 quod
882 424 946 465 ex
979 409 1081 495 alia
1123 409 1473 465 translatione
1520 408 1730 478 colligi-
1756 418 1803 469 Α
1832 424 1985 465 resse
2006 418 2092 465 est
2120 410 2222 466 hoc
2246 426 2442 470 orare;
2467 410 2590 481 quia
2638 413 2726 468 hic
2774 416 2952 483 repleti
2997 435 3177 477 sumus
3228 425 3411 495 ἄειρε-

136 516 230 558 tur
266 502 317 556 in
367 517 473 571 qua
520 501 750 557 habetur
788 503 984 555 amicos
1028 518 1191 557 meos.
1240 501 1506 569 Quoniam
1550 510 1728 557 autem

132 604 367 666 possunt
395 608 516 648 esse
558 593 789 663 proximi
823 593 877 646 in
926 592 1087 655 malo,
1140 595 1207 648 ad
1262 593 1749 648 determinamlum‘

132 701 275 755 quos
299 683 568 753 proximos
602 684 690 738 hic
717 684 972 753 accipiat,
1001 684 1149 738 addit
1180 684 1291 747 sic,
1344 685 1551 741 scilicet
1582 703 1596 739 :
1630 685 1733 738 Lo-

137 777 346 843 quebar
368 791 546 846 pacem
578 785 787 843 prapter
815 776 1027 829 deruunt
1053 775 1261 830 Domini
1295 776 1388 830 Dei
1416 778 1578 831 nostri
1605 777 1733 832 mdi-

131 866 433 931 ticaudam,
472 866 523 922 id
556 875 641 921 est
666 867 731 921 ad
767 867 866 921 hoc
893 876 949 921 ιιι
1002 868 1177 935 magis
1203 877 1258 923 et
1290 869 1461 939 magis
1511 870 1733 924 tendant

129 958 327 1013 fideles
350 957 599 1028 exemplo
630 972 762 1012 mere
792 957 1085 1012 locutionis
1109 958 1175 1011 ad
1206 973 1394 1028 pacem
1422 957 1565 1012 illam
1605 958 1733 1013 Hie-

129 1049 374 1104 rusalem
398 1048 653 1112 caelestis,
687 1057 740 1102 et
764 1048 847 1103 sic
877 1048 990 1118 ipsa
1023 1049 1323 1103 :editicetur
1350 1048 1519 1119 magis
1541 1049 1734 1119 magis-

128 1156 261 1210 que,
293 1155 415 1211 quas
444 1139 539 1195 Dei
572 1140 765 1195 domus
793 1148 897 1206 est,
921 1147 977 1195 et
1007 1139 1086 1195 sic
1116 1156 1130 1193 :
1163 1138 1209 1195 Ο
1239 1140 1431 1194 domus
1465 1138 1579 1204 Dei,
1614 1137 1735 1193 Hie-

127 1231 400 1299 rusalem,
444 1229 662 1301 quaesivi
704 1231 838 1285 bona
891 1229 1007 1296 tibi,
1065 1230 1120 1285 id
1177 1238 1264 1284 est
1320 1228 1579 1299 acquisivi
1636 1228 1743 1283 tibi

126 1324 310 1377 bonos
338 1323 508 1389 cives,
542 1325 608 1379 de
635 1324 833 1394 quibus
878 1322 1144 1379 aediﬁcata
1178 1323 1467 1393 gloriosior
1516 1322 1636 1390 tias,
1677 1330 1734 1378 et

128 1419 312 1490 inagis
338 1420 624 1474 honorata.

608 1508 676 1563 IN
711 1505 1043 1564 PSALMUM
1082 1506 1271 1564 CXXII

204 1600 414 1656 Psalmi
444 1600 725 1656 centesimi
757 1600 996 1656 vicesimi
1040 1599 1264 1656 secundi
1295 1599 1506 1656 titulus.
1548 1599 1731 1655 Canti-

123 1709 246 1746 sim
295 1692 581 1761 g:adumst.
640 1691 825 1746 Tertio
882 1692 1052 1762 gradu
1100 1701 1451 1762 pertractate,
1526 1692 1731 1748 scilicet

129 1784 477 1840 certitudiue
517 1784 630 1855 spci
669 1799 779 1839 sua:
805 1785 872 1838 ad
933 1784 1341 1841 instructionem
1398 1784 1728 1840 audientium

120 1890 378 1945 05tensa,
403 1879 469 1934 ad
496 1879 810 1934 eorumdem
862 1878 1270 1935 instructionem
1300 1888 1551 1949 quartum
1602 1894 1726 1950 gra-

122 1971 253 2025 dum
289 1984 351 2026 se
380 1971 612 2026 ostendit
634 1964 964 2037 ascendisse,
991 1972 1058 2025 ad
1092 1972 1215 2037 hoc,
1246 1971 1477 2034 scilicet,
1518 1980 1573 2025 ut
1616 1971 1727 2040 jam

122 2063 361 2119 rationis
392 2078 502 2118 sua:
538 2067 722 2119 oculos
758 2063 897 2120 levet
922 2062 989 2119 ad
1010 2064 1393 2119 attendendum
1425 2064 1729 2133 voluntates

122 2151 375 2220 Domini,
416 2163 476 2209 ut
500 2170 592 2210 eas
628 2155 915 2225 compleat,
971 2156 1112 2225 quod
1142 2157 1323 2210 taudiu
1374 2155 1506 2211 facit
1559 2157 1728 2213 donec

118 2244 171 2300 ei
203 2247 542 2302 misereatur
563 2247 889 2311 reducendo,
921 2248 973 2302 in
1009 2249 1470 2303 immortalitatem
1520 2257 1573 2303 et
1628 2250 1728 2304 im-

116 2339 573 2409 passibilitatem,
603 2340 669 2397 de
694 2357 799 2412 qua
831 2340 997 2397 etiam
1028 2340 1377 2397 miseratione
1407 2349 1554 2407 erat;
1588 2342 1730 2398 unde

118 2432 202 2489 sic
233 2432 378 2487 dicit
407 2449 423 2487 :

191 2521 288 2580 Ad
315 2532 368 2577 te
387 2521 551 2579 levavi
572 2523 776 2591 oculos,
802 2533 938 2591 etc.,
970 2538 1035 2579 ac
1063 2524 1108 2579 si
1133 2523 1279 2578 dicat
1305 2537 1322 2577 :
1350 2523 1395 2580 Ο
1431 2523 1727 2592 auditores,

117 2626 426 2687 postquam
457 2616 621 2673 laetati
656 2618 869 2673 fueritis
900 2620 964 2674 de
992 2619 1093 2675 hoc
1130 2620 1273 2689 quod
1302 2618 1489 2672 ibimus
1544 2614 1599 2673 in
1632 2620 1729 2672 do-

114 2728 276 2766 mum
309 2710 546 2779 Domini,
588 2712 759 2767 levate
813 2712 1099 2769 interiores
1148 2712 1336 2767 oculos
1381 2710 1610 2766 rationis
1639 2727 1730 2767 ve-

116 2814 261 2858 strae
287 2802 357 2857 ad
384 2818 508 2857 eum
535 2804 626 2875 qui
653 2805 860 2858 habitat
888 2804 1053 2876 518
1083 2805 1135 2859 in
1160 2804 1337 2861 caelis.
1372 2803 1439 2858 Et
1487 2804 1591 2858 hoc
1642 2803 1726 2859 fa-

117 2895 240 2950 cite
265 2895 521 2965 exemplo
562 2911 701 2950 meo.
757 2895 1051 2966 Pestquam
1097 2897 1244 2951 enim
1308 2895 1516 2950 lwtatus
1564 2913 1725 2962 sum,

115 2984 494 3040 tevavioculos
521 3002 661 3040 meos
690 2985 998 3051 interiores,
1033 2985 1221 3042 oculos
1264 2985 1515 3041 videlicet
1568 2978 1729 3039 ratio-

117 3078 235 3145 nis,
278 3076 350 3131 ad
380 3086 448 3143 te,
477 3079 566 3150 qui
593 3078 799 3134 Imbitas
825 3078 880 3133 in
905 3077 1068 3144 caelis,
1095 3076 1147 3134 id
1174 3086 1263 3132 est
1303 3077 1392 3147 qui
1432 3076 1729 3132 dominaris
1756 3110 1796 3164 α

118 3170 176 3225 in
208 3169 428 3225 civibus
459 3170 697 3226 etelestis
744 3170 1110 3226 Hierusalem.
1161 3168 1314 3236 Quod
1370 3177 1456 3222 est
1504 3166 1723 3222 dicere:

113 3261 335 3320 Oculos
364 3262 590 3316 rationis
617 3262 796 3317 levavi
848 3261 1179 3318 attendendo
1234 3259 1536 3314 voluntates
1582 3266 1723 3324 tuas,

118 3364 179 3407 ut
211 3367 314 3406 eas
341 3352 691 3423 complerem,
722 3353 813 3423 qui
844 3352 1083 3424 depressi
1110 3360 1287 3417 erant,
1339 3351 1466 3406 dum
1524 3352 1590 3406 ad
1634 3366 1730 3406 vo-

116 3445 374 3501 luntates
403 3460 548 3499 meas
576 3444 930 3515 complendas
961 3444 1330 3510 attendebam,
1394 3451 1451 3498 et
1504 3442 1726 3515 dignum

115 3552 251 3595 erat
277 3542 427 3594 utad
450 3549 503 3594 te
534 3540 723 3596 oculos
748 3539 1004 3606 levarem,
1035 3554 1159 3594 cum
1185 3546 1238 3592 tu
1266 3538 1343 3593 sis
1391 3537 1481 3593 ille
1526 3536 1617 3607 qui
1674 3535 1727 3589 in

117 3632 346 3688 civibus
375 3632 974 3688 celestisllierusalem
1002 3632 1331 3699 dominaris;
1379 3631 1446 3685 ad
1496 3645 1728 3701 quorum

114 3726 473 3782 consortium
504 3741 613 3780 non
640 3726 902 3792 venirem,
935 3724 1037 3780 nisi
1073 3724 1261 3779 oculos
1286 3723 1353 3778 ad
1383 3733 1434 3777 te
1471 3723 1726 3778 levarem.

116 3814 387 3872 Ostendit
412 3824 592 3870 autem
625 3816 766 3886 quod
797 3825 1004 3871 attente
1026 3815 1213 3870 oculos
1244 3814 1311 3869 ad
1363 3814 1532 3868 Deum
1582 3811 1729 3867 leva-

116 3910 271 3962 verit
304 3905 506 3976 duplici
541 3906 911 3973 similitudine,
941 3917 999 3961 ut
1022 3908 1299 3962 auditores
1335 3906 1505 3977 magis
1531 3906 1599 3961 ad
1626 3905 1729 3960 boc

114 3999 270 4055 idem
306 3997 552 4051 attrahat
579 3997 676 4052 sic.
716 3995 923 4064 Levavi,
954 3998 1193 4069 inquam,
1240 3996 1309 4050 ad
1356 4006 1403 4051 te
1434 3995 1632 4051 oculos.
1662 3994 1729 4050 Et

114 4107 280 4158 ecce,
317 4104 352 4146 o
375 4091 675 4158 auditores,
714 4091 764 4145 in
788 4099 1039 4161 promptu
1068 4100 1153 4146 est
1192 4105 1356 4159 quam
1406 4098 1616 4145 attente
1660 4090 1727 4146 ad

115 4183 304 4239 Deum
332 4181 854 4248 oculoslevaverim,
902 4191 954 4236 et
987 4181 1165 4236 adhuc
1210 4179 1352 4248 levo,
1405 4180 1553 4250 quia,
1594 4180 1726 4235 sicut

110 4274 266 4329 oculi
297 4288 568 4328 servorum
619 4282 745 4327 sunt
793 4271 951 4339 positi
1000 4271 1054 4324 in
1096 4269 1340 4324 manibus
1395 4270 1726 4324 dominorum

109 4385 379 4433 suorum,
410 4366 750 4422 attendentes
779 4366 830 4420 in
864 4367 1009 4435 ipsas
1055 4381 1270 4433 manus,
1304 4375 1363 4420 ut
1402 4379 1724 4437 quacunque

1832 505 2017 570 ctione,
2046 521 2144 574 per
2171 504 2498 574 emphasim,
2528 505 2581 559 id
2612 514 2698 560 est
2734 510 2870 564 adeo
2900 512 3285 583 despcctibiles
3322 535 3413 575 su-

1834 610 1955 652 mus
1980 602 2038 649 ut
2061 596 2206 650 omni
2232 597 2422 665 repleti
2455 597 2803 667 despectione
2849 601 3147 660 videamur.
3196 606 3265 663 Et
3302 625 3410 665 non

1833 685 2005 743 solum
2044 688 2162 742 ideo
2192 703 2415 743 necesse
2467 697 2551 742 est
2582 690 2684 744 hoc
2710 706 2874 745 orare
2924 694 3047 761 quia
3085 697 3139 751 in
3185 714 3414 770 corpore

1833 792 2021 832 sumus
2066 777 2324 848 despecti,
2374 780 2468 834 scd
2500 780 2687 847 etiam,
2737 782 2879 851 quod
2929 783 3101 852 majus
3145 797 3251 854 est,
3288 794 3413 861 quin

1833 868 2056 922 multum
2080 869 2272 939 repleta
2316 880 2390 924 est
2439 872 2621 927 animo
2670 883 2849 928 nostra
2905 876 3251 946 despectione,
3301 884 3412 935 visa

1832 957 2187 1027 opprobrium,
2255 959 2307 1014 id
2339 967 2423 1014 est
2455 960 2615 1031 digna
2668 962 2980 1031 opprobrio,
3031 965 3416 1024 abundantibus

1834 1048 1888 1104 in
1913 1049 2145 1104 terrenis
2166 1049 2391 1117 divitiis,
2430 1051 2481 1105 id
2507 1061 2591 1107 est
2617 1052 2874 1108 divitibus
2923 1053 3082 1123 hujus
3131 1057 3332 1123 saeculi,
3368 1071 3416 1113 et

1833 1141 1950 1196 visa
1972 1141 2228 1210 superbis.
2268 1141 2320 1195 id
2345 1151 2431 1197 est
2475 1144 2677 1199 eisdem
2732 1143 3153 1214 abundantibus,
3211 1152 3302 1220 qui
3347 1153 3413 1206 de

1832 1231 2035 1290 divitiis
2060 1234 2175 1289 suis
2211 1235 2547 1305 superbiuut,
2582 1236 2859 1306 despectio,
2910 1237 2961 1291 iJ
2991 1247 3077 1293 est
3124 1240 3285 1312 digna
3322 1243 3417 1298 de-

1834 1326 2133 1396 spcctione,
2161 1328 2415 1397 quodest
2440 1327 2656 1383 dicere:
2683 1328 2876 1383 Anima
2909 1338 3092 1385 nostra
3120 1332 3419 1402 despicitur

1834 1425 1884 1473 et
1910 1417 2200 1488 opprobrio
2230 1418 2391 1487 digna
2414 1433 2540 1474 esse
2575 1418 2853 1487 jndicatur
2877 1436 2906 1475 a
2933 1423 3186 1492 superbis
3229 1423 3409 1478 diviti-

1835 1509 1977 1564 tibus
2000 1507 2160 1578 hujus
2182 1510 2385 1573 saeculi,
2411 1510 2535 1564 dum
2563 1511 2726 1565 stulta
2772 1521 2829 1566 et
2857 1512 3045 1567 insana
3087 1513 3309 1582 dicitur,
3351 1532 3417 1572 eo

1831 1602 1975 1670 quod
2014 1602 2285 1656 mundana
2312 1611 2553 1672 spernat.

2270 1691 2337 1747 IN
2372 1692 2704 1751 PSALMUM
2739 1695 2968 1752 CXXIII.

1765 1759 1806 1816 Β
1905 1779 2103 1837 Psalmi
2128 1783 2413 1839 centesimi
2446 1784 2687 1839 vicesimi
2720 1787 2863 1840 tertii
2902 1787 3107 1844 titulus.
3131 1787 3413 1845 Canticum

1829 1873 2111 1941 graduum.
2154 1872 2361 1941 Quarto
2410 1876 2578 1946 gradu
2630 1876 2698 1933 de
2737 1880 3035 1936 attentione
3081 1882 3413 1940 voluntatum

1835 1965 1927 2020 Dei
1956 1975 2193 2034 ostenso,
2226 1966 2293 2021 de
2315 1967 2508 2036 quinto
2535 1969 2704 2039 gradu
2734 1979 2901 2041 agunt
2926 1971 3174 2041 perfecti,
3206 1974 3415 2033 scilicet

1830 2066 1889 2112 ut
1911 2074 2033 2113 cum
2063 2068 2284 2130 propter
2311 2060 2669 2117 attentionem
2702 2078 2858 2118 suam
2906 2073 3187 2123 tenteutur
3235 2069 3303 2125 de
3349 2086 3414 2125 ea

1831 2151 2133 2207 attentione
2158 2152 2420 2217 revocari,
2444 2153 2495 2208 id
2515 2166 2600 2209 est
2628 2169 2659 2209 a
2682 2155 3082 2215 detractoribus
3103 2161 3235 2217 vela
3262 2162 3417 2218 blan-

1828 2238 1914 2298 dis
1939 2242 2339 2314 deceptoribus,
2368 2255 2424 2301 et
2446 2261 2554 2302 non
2577 2248 2820 2317 possint;
2856 2250 2999 2307 hanc
3053 2256 3413 2310 constantiam

1830 2351 1938 2391 non
1972 2336 2093 2398 sibi,
2126 2340 2218 2393 sed
2249 2338 2475 2394 Domino
2499 2340 2796 2405 ascribant,
2822 2351 2878 2399 et
2904 2344 3007 2400 hoc
3036 2345 3177 2400 idem
3233 2344 3415 2404 facere

1828 2440 2020 2481 omnes
2052 2425 2171 2481 illos
2201 2428 2294 2496 qui
2320 2428 2484 2483 Israel
2510 2442 2635 2484 esse
2658 2430 2973 2486 desiderant
2998 2432 3293 2491 instruunt.

1904 2514 2024 2571 Nisi
2051 2519 2175 2588 quia
2200 2518 2455 2575 Dominus
2484 2530 2596 2575 erat
2620 2520 2676 2575 in
2700 2521 2866 2590 nobis,
2894 2523 3033 2577 dicat
3059 2540 3198 2579 nunc
3219 2525 3411 2591 Israel.

1830 2616 1965 2676 etc.;
1998 2626 2063 2664 ac
2091 2610 2135 2666 si
2162 2611 2303 2667 dicat
2330 2630 2343 2664 :
2374 2610 2509 2667 Cum
2530 2613 2597 2669 ad
2622 2613 2791 2670 Deum
2820 2615 3009 2670 oculos
3038 2623 3277 2673 attentos
3316 2616 3417 2672 ha-

1830 2697 2041 2756 buerim
2064 2740 2078 2766 ,
2112 2713 2167 2756 et
2192 2702 2318 2756 inde
2345 2704 2535 2758 vellent
2564 2719 2650 2759 me
2676 2719 2935 2761 revocare
2970 2705 3307 2764 detractores
3357 2716 3415 2762 et

1830 2791 2012 2846 blandi
2039 2792 2379 2861 deceptorcs,
2416 2804 2467 2847 ct
2492 2810 2596 2848 non
2638 2806 2881 2864 possent,
2928 2796 3043 2850 dixi
3077 2797 3179 2853 boc
3209 2813 3316 2853 non
3345 2814 3415 2852 ex

1831 2898 1938 2947 me,
1966 2884 2061 2938 sed
2086 2899 2151 2937 ex
2185 2884 2410 2939 Domino
2465 2899 2585 2939 esse
2632 2888 2777 2956 quod
2825 2888 2903 2942 sic
2951 2897 3189 2943 attentus
3241 2904 3413 2945 erant.

1830 2973 1945 3040 Qua
1976 2976 2041 3030 de
2074 2991 2133 3029 re
2160 2975 2407 3045 exemplo
2438 2977 2544 3032 mei
2588 2978 2894 3048 quicunque
2942 2979 3053 3050 jam
3104 2978 3291 3036 oculos
3344 2982 3414 3037 ad

1835 3067 1999 3121 Deum
2043 3067 2227 3123 levans
2279 3078 2363 3124 est
2407 3067 2595 3135 Israel,
2644 3079 2700 3124 et
2730 3077 2971 3126 tentatus
3011 3072 3114 3127 iuit
3167 3075 3411 3131 revocari

1830 3157 2054 3227 frustra,
2095 3176 2202 3216 non
2251 3160 2354 3217 hoc
2384 3162 2486 3217 sibi
2534 3162 2773 3219 ascribat
2824 3163 2971 3221 quod
3026 3165 3107 3222 sic
3154 3177 3413 3234 constans

1828 3253 1947 3319 fuit,
1979 3253 2075 3309 sed
2096 3253 2270 3310 Israel
2294 3272 2455 3321 nunc,
2504 3255 2559 3311 id
2593 3264 2678 3312 est
2706 3256 2932 3312 indilate
2976 3257 3122 3314 dicat
3143 3269 3199 3316 et
3238 3274 3335 3315 ore
3358 3270 3415 3315 et

1829 3343 2028 3398 mentis
2050 3343 2392 3414 reputatione
2418 3359 2435 3398 ε
2465 3342 2586 3399 Nisi
2611 3344 2735 3401 ideo
2764 3346 3136 3415 remansisset,
3160 3347 3286 3419 quia
3310 3347 3414 3403 Do-

1828 3436 2002 3490 minus
2030 3448 2143 3491 erat
2170 3439 2221 3491 in
2254 3437 2401 3492 nobis
2428 3438 2726 3495 secundum
2778 3439 3127 3515 auxiliantem
3156 3442 3411 3513 gratiam.

1831 3527 1930 3580 nisi
1949 3527 2072 3597 quia
2097 3526 2351 3583 Dominus
2380 3539 2492 3584 erat
2519 3529 2574 3584 in
2600 3528 2766 3595 nobis,
2809 3529 3051 3602 inquam,
3074 3547 3194 3587 cum
3224 3547 3407 3588 exsur-

1825 3629 2002 3688 gerent
2036 3620 2272 3674 homines
2316 3621 2372 3675 in
2395 3637 2509 3686 nos,
2560 3621 2696 3691 forte
2732 3622 2870 3677 viras
2919 3623 3254 3693 deglntissent
3294 3641 3410 3681 nos.

1830 3708 2135 3765 Notandum
2167 3713 2310 3782 quod
2341 3714 2445 3770 hoc
2472 3716 2615 3787 quod
2639 3717 2723 3773 bis
2750 3718 2901 3787 ponit
2944 3718 3044 3772 nisi
3070 3719 3193 3789 quia
3227 3717 3414 3775 Domi-

1831 3820 1927 3856 nus
1952 3814 2065 3857 erat
2095 3806 2148 3858 in
2178 3805 2346 3869 nobis,
2377 3806 2459 3861 vel
2488 3821 2556 3861 ex
2585 3807 2751 3861 nimia
2787 3808 3154 3865 exsultatione
3189 3819 3245 3866 et
3283 3810 3416 3865 alic-

1829 3894 2008 3949 ctione
2032 3894 2181 3962 facit,
2211 3894 2295 3951 vel
2331 3897 2399 3951 ad
2422 3897 2526 3952 hoc
2549 3906 2609 3953 ut
2658 3897 2868 3970 singula
2905 3900 3134 3971 singulis
3190 3914 3413 3972 respon—

1827 3984 2012 4053 deant,
2042 3986 2311 4043 sic:Nisi
2356 3988 2482 4060 quia
2510 3988 2767 4045 Dominus
2811 4000 2923 4045 erat
2976 3991 3030 4045 in
3082 3992 3247 4057 nobis,
3291 4010 3410 4047 cum

1826 4078 2062 4134 homines
2093 4079 2314 4151 maligni
2338 4092 2676 4153 exsurgerent
2705 4082 2758 4137 in
2783 4096 2880 4139 nos
2909 4082 3122 4140 blandis
3151 4086 3333 4142 verbis
3357 4094 3413 4141 et

1830 4170 2175 4242 deceptoriis,
2214 4174 2472 4229 tentando
2498 4189 2597 4229 nos
2629 4174 2698 4229 ab
2734 4176 3034 4231 attentione
3086 4185 3273 4232 nostra
3321 4194 3412 4234 re-

1828 4277 2043 4329 vocare,
2074 4264 2412 4335 deglntissent
2437 4280 2529 4317 nos
2554 4303 2569 4329 ,
2616 4264 2668 4319 id
2703 4274 2789 4319 est
2819 4265 3261 4336 incorporassent
3308 4283 3410 4325 nos

1827 4353 1929 4408 sibi
1956 4356 2125 4419 vivos,
2167 4355 2218 4408 id
2247 4362 2330 4408 est
2356 4354 2591 4408 scientes
2616 4361 2671 4407 et
2696 4353 2985 4422 prudentes
3021 4356 3073 4409 in
3110 4356 3406 4426 peccando.

112 4462 263 4516 liora
293 4459 549 4515 dominus
571 4458 650 4513 eis
706 4467 898 4512 nutum
932 4457 1140 4523 fecerit,
1197 4458 1299 4527 ipsi
1355 4458 1537 4512 statim
1590 4456 1721 4511 obe-

1828 4446 1890 4499 Et
1924 4446 2027 4500 hoc
2065 4445 2320 4500 fecissent
2357 4447 2516 4513 forte,
2559 4445 2610 4500 id
2648 4454 2732 4501 est
2763 4445 2975 4512 subito,
3006 4456 3061 4502 et
3100 4461 3167 4503 ex
3208 4447 3412 4520 impro-

110 4552 326 4615 diant;
354 4562 430 4614 et,
458 4558 515 4604 ut
542 4550 716 4621 majus
740 4550 874 4619 quid
892 4550 1069 4606 dicam
1101 4568 1113 4604 :
1144 4549 1295 4604 Sicut
1321 4549 1462 4603 oculi
1488 4548 1720 4615 ancilla’,

111 4658 248 4713 quae
283 4642 464 4712 magis
492 4652 576 4697 est
603 4642 818 4697 subdita
858 4650 912 4696 et
954 4642 1022 4696 ad
1066 4639 1428 4697 obedieudum
1485 4649 1677 4709 parata
1703 4680 1719 4703 ,

111 4743 254 4789 sunt
288 4734 452 4803 positi
481 4734 534 4787 in
556 4733 798 4787 manibus
818 4735 1047 4787 dominre
1086 4749 1219 4800 sure,
1280 4732 1622 4788 attendentes
1666 4741 1724 4786 ut

110 4828 187 4883 ad
220 4827 412 4881 solum
438 4836 629 4880 nutum
658 4837 919 4896 sequatur
939 4825 1270 4891 obedientia,
1299 4826 1375 4880 ita
1398 4825 1539 4880 oculi
1560 4826 1721 4879 nostri

109 4916 428 4975 interiores
465 4917 658 4971 attenti
684 4925 808 4971 sunt
827 4917 896 4971 ad
917 4915 1199 4971 Dominum
1238 4915 1409 4971 Deum
1461 4925 1719 4979 nostrum,

108 5017 179 5063 ut
203 5007 267 5063 ei
295 5006 354 5060 in
372 5005 633 5061 omnibus
687 5003 806 5074 ejus
838 5006 1212 5061 voluntatibus
1256 5006 1595 5072 obediamus,
1624 5007 1721 5061 du-

110 5095 306 5152 raturi
333 5094 389 5148 in
412 5094 515 5149 hac
545 5095 807 5149 servitute
858 5095 1019 5149 donec
1074 5098 1386 5150 misereatur
1431 5096 1618 5161 nostri,
1666 5096 1717 5149 in

108 5186 318 5242 futuro
356 5184 623 5249 reducens
644 5184 697 5240 in
744 5185 1204 5243 immortalitatem
1234 5194 1287 5240 et
1318 5185 1719 5255 impassibilita-

111 5285 265 5341 tem,
289 5284 343 5329 et
372 5274 437 5329 de
461 5275 563 5331 bac
597 5274 855 5332 servitute
900 5277 1158 5347 eripiens.
1206 5276 1340 5332 Orat
1385 5284 1566 5331 autem
1619 5293 1718 5348 pro

109 5369 232 5424 hac
260 5366 612 5423 miseratione
634 5368 714 5424 sic
744 5388 756 5422 :
784 5369 913 5424 Dico
933 5368 1094 5424 donec
1125 5370 1433 5424 misereatur
1451 5371 1635 5437 nostri,
1664 5380 1721 5425 et

107 5458 259 5529 quia
288 5456 507 5512 conﬁdo
538 5465 590 5511 te
629 5456 999 5524 miserturum,
1024 5473 1121 5513 oro
1149 5459 1391 5513 miserere
1438 5460 1635 5523 nostri;
1664 5460 1715 5514 in

109 5550 317 5604 futuro
353 5546 570 5602 tandem
590 5547 657 5603 de
687 5550 949 5605 servitute
969 5551 1069 5605 hac
1094 5550 1354 5621 eripiens,
1402 5560 1459 5607 et
1485 5552 1539 5606 in
1594 5567 1717 5623 per-

110 5640 334 5696 fectum
365 5645 567 5692 statum
599 5654 697 5694 nos
723 5641 1006 5698 reducens.
1042 5640 1293 5698 Miserere
1317 5644 1504 5712 nostri,
1533 5643 1618 5700 bis
1649 5660 1717 5700 ex

109 5731 300 5789 nimio
324 5729 600 5787 desiderio
628 5733 800 5801 ponit.
835 5734 967 5791 Dico
1015 5737 1259 5792 miserere
1287 5738 1470 5803 nostri,
1518 5745 1575 5792 et
1621 5752 1717 5794 nec

374 5825 652 5885 I‘oaTItOL.
686 5824 865 5889 CLII.

91 5880 125 5895 κ
152 5895 187 5906 ,κ

1825 4539 1962 4606 viso,
2009 4537 2172 4609 519
2209 4547 2269 4594 ut
2314 4555 2421 4594 non
2450 4547 2595 4595 esset
2639 4540 2795 4594 nobis
2841 4539 3079 4610 potentia
3121 4543 3407 4599 evadendi.

1822 4629 1976 4685 Licet
2014 4631 2248 4686 suieutes
2286 4631 2695 4702 deglutiremur,
2734 4633 2818 4688 vel
2856 4634 3017 4703 forte,
3063 4634 3115 4689 id
3150 4643 3237 4690 est
3268 4635 3410 4690 sicut

1822 4720 1951 4777 iacti
1984 4720 2273 4778 fuissemus
2297 4723 2500 4792 absque
2524 4724 2752 4780 ratione.
2784 4724 2853 4779 Et
2880 4723 2982 4780 nisi
3004 4726 3129 4797 quia
3151 4725 3410 4781 Dominus

1816 4825 1932 4870 erat
1960 4818 2015 4871 in
2044 4817 2213 4880 nobis,
2246 4833 2365 4871 cum
2393 4818 2707 4872 irasceretur
2732 4818 2883 4888 [uror
2907 4834 3089 4874 eorum
3120 4821 3174 4874 in
3207 4837 3324 4887 nos,
3357 4820 3409 4874 id

1819 4917 1905 4963 est
1935 4923 2060 4963 cum
2094 4910 2428 4966 detractores
2458 4918 2510 4965 et
2541 4910 2786 4967 maledici
2825 4910 3065 4967 furentes
3097 4912 3402 4968 irasceren-

1822 5011 1912 5057 tur
1946 5014 2133 5059 contra
2169 5019 2301 5070 nos,
2326 5012 2383 5059 et
2421 5004 2849 5061 detractionibus
2888 5015 2943 5061 et
2976 5006 3253 5062 maledicis
3284 5021 3408 5061 vero

1820 5093 1928 5159 bis,
1959 5111 2098 5164 aqua
2133 5094 2479 5149 absorbuisset
2511 5110 2634 5159 nos,
2675 5094 2727 5149 id
2755 5103 2842 5151 est
2869 5095 2970 5165 ipsi
3003 5095 3300 5152 existentes
3326 5114 3404 5151 st-

1821 5186 1979 5242 miles
2012 5202 2166 5257 aquae
2196 5185 2484 5242 diﬂluendo
2519 5185 2622 5242 hac
2659 5195 2710 5242 et
2758 5186 2879 5239 illac
2915 5200 3009 5254 per
3046 5185 3236 5242 illicita
3262 5226 3279 5254 ,
3318 5189 3402 5247 vel

1821 5281 1874 5335 in
1917 5281 2021 5335 hoc
2049 5280 2190 5349 quod
2225 5293 2309 5333 me
2352 5279 2664 5335 nitebantur
2700 5278 3082 5349 submergere,
3128 5289 3184 5333 ut
3220 5296 3397 5351 aqua,

1817 5365 2230 5424 absorbuisscnt
2255 5381 2381 5432 nos,
2407 5364 2459 5420 id
2478 5374 2561 5421 est
2593 5366 3029 5433 incorporassent
3049 5366 3180 5431 sibi;
3211 5375 3265 5422 et
3294 5368 3399 5423 hoc

1821 5459 2067 5527 forsitan.
2100 5456 2245 5512 Istud
2275 5456 2498 5526 forsitan
2526 5455 2630 5509 tale
2657 5462 2743 5508 est
2769 5453 2931 5525 quale
2960 5454 3210 5525 superius
3237 5456 3400 5526 forte.

1817 5548 2237 5612 Absorbuissent,
2281 5548 2521 5615 inquam,
2561 5561 2673 5609 nos,
2712 5545 2812 5598 nisi
2838 5544 2963 5614 quia
3004 5544 3254 5601 Dominus
3282 5555 3399 5601 erat

1819 5645 1872 5697 in
1903 5643 2071 5697 nobis.
2104 5639 2368 5694 Caeterum
2395 5636 2519 5705 quia
2552 5636 2601 5688 in
2636 5635 2782 5689 nobis
2818 5634 2919 5689 fuit
2956 5635 3306 5702 pertransivit,
3340 5633 3396 5690 id

1818 5744 1902 5792 est
1930 5730 2101 5793 evasit
2140 5732 2318 5784 anima
2356 5736 2532 5781 nostra
2566 5735 2878 5792 torrentem,
2915 5725 2970 5780 iil
3008 5736 3090 5781 est
3129 5739 3315 5780 amara
3342 5738 3398 5779 et

2874 5820 2958 5878 lt?
