3978 6328
649 262 794 332 132$

1209 263 1266 320 S.
1311 257 1653 322 BRUNONIS
1691 250 2332 314 CARTllUSlANOBUM
2373 250 2852 308 INSTITUTORIS
2889 251 3038 309 Ul‘P.
3081 249 3257 304 PARS
3288 249 3326 304 1.

3711 254 3816 311 Hii

639 385 965 448 detractoria
997 397 1182 439 eorum
1214 379 1376 434 verba
1407 376 1472 432 ad
1499 373 1900 432 similitudinem
1933 368 2207 432 torrentis,
2240 368 2288 428 Α
2315 365 2422 421 dixi
2454 385 2466 420 :
2502 367 2623 422 Nisi
2647 365 2771 438 quia
2809 365 3062 422 Dominus
3091 377 3200 421 erat
3230 369 3283 422 in
3311 367 3472 434 nobis,
3495 367 3581 423 sed
3601 371 3736 426 etiam
3757 373 3816 428 al-

638 498 764 542 cum
788 482 991 550 impetu
1024 473 1243 530 ﬂuentia
1263 512 1278 540 ,
1310 487 1376 527 ne
1400 485 1498 526 nos
1527 479 1784 524 revocare
1817 473 2052 536 possent.
2083 462 2214 518 Dico

617 571 1002 643 per-transivit,
1034 576 1088 622 et
1127 567 1230 620 hoc
1267 564 1490 632 forsitan
1528 561 1670 624 dicos,
1696 557 1756 613 id
1791 564 1875 612 est
1893 555 2086 611 timide
2115 569 2214 623 pro

639 661 1010 734 magnitudine
1051 654 1276 727 periculi
1308 654 1363 708 in
1392 667 1497 722 quo
1537 649 1642 715 fui,
1677 657 1728 703 ct
1771 645 2023 702 dubitans
2062 661 2129 699 an
2151 645 2212 700 in

641 752 880 822 quolibet
906 747 1240 806 ofl‘enderim.
1269 743 1372 798 Per
1393 743 1496 797 hoc
1525 737 1744 794 instruit
1767 735 2042 791 auditores
2063 750 2213 790 sem-

639 858 738 915 per
767 842 982 898 timidos
1010 853 1130 893 esse
1158 837 1223 891 de
1245 849 1396 896 casu,
1427 839 1485 887 ut
1517 849 1534 883 t
1562 827 1654 901 qui
1685 838 1793 884 stat
1823 828 1997 882 videat
2025 840 2092 880 ne
2117 839 2213 880 ca-

641 936 735 988 dat
762 931 811 1004 (ι
854 929 977 985 Cor.
1010 944 1065 992 ι,
1097 925 1206 996 12).
1237 942 1256 976 ι
1295 942 1314 976 ‹
1346 922 1543 977 Beatus
1570 920 1713 974 enim
1761 919 1922 974 homo
1952 916 2044 987 qui
2073 929 2216 971 sem-

637 1039 735 1095 per
763 1034 847 1078 εει
875 1017 1100 1090 pavidus
1135 1013 1318 1085 (Prov.
1349 1028 1540 1077 xxvnr,
1569 1011 1686 1082 li).
1716 1030 1736 1063 ι

714 1108 1078 1173 Pcrtransirit,
1111 1105 1328 1174 inquam
1353 1144 1368 1168 ,
1405 1103 1582 1157 anima
1627 1112 1804 1156 nostra
1836 1108 2135 1161 torrentem,
2156 1105 2218 1152 et

639 1205 844 1261 utinam
873 1201 1050 1254 anima
1084 1205 1260 1250 nostra
1307 1195 1704 1264 pertransisset,
1755 1192 1833 1246 sic
1865 1203 1924 1245 ut
1971 1191 2024 1245 in
2071 1189 2216 1244 nullo

638 1292 966 1354 offendisset,
998 1303 1186 1359 aquam
1224 1283 1621 1349 intolerabilem,
1653 1290 1912 1352 quantum
1951 1281 2019 1336 ad
2055 1279 2217 1350 fragi-

639 1386 843 1438 litatem
875 1388 1149 1443 nostram,
1198 1393 1303 1432 non
1335 1384 1595 1446 quantum
1635 1376 1699 1430 ad
1741 1375 1999 1429 auxilium
2030 1374 2218 1445 gratiae

637 1474 864 1528 divinae!
897 1471 1102 1541 Aquam
1143 1477 1198 1523 et
1223 1476 1500 1520 torrentem
1531 1481 1628 1536 pro
1654 1467 1842 1520 eodem
1873 1463 2053 1518 habet.
2087 1461 2219 1516 Per-

594 1596 596 1598 -
637 1564 904 1632 transivit,
945 1563 1194 1632 inquam,
1229 1559 1432 1623 anima,
1478 1559 1620 1613 unde
1658 1559 1996 1621 benedictus,
2039 1557 2092 1611 id
2138 1565 2220 1612 est

638 1653 1014 1725 magnificatus
1043 1660 1098 1706 et
1126 1649 1376 1704 laudatus
1401 1649 1475 1702 sit
1509 1648 1792 1714 Dominus,
1821 1649 1911 1715 qui
1940 1665 2044 1702 non
2078 1647 2218 1702 dedit

2315 457 2719 522 tius"ascendi,
2763 467 2824 512 ut
2861 457 2916 512 in
2960 457 3075 512 solo
3119 458 3340 512 Domino
3381 458 3665 526 confidam,
3700 467 3816 520 omni

2316 549 2558 606 surculari
2597 549 2920 605 confidentia
2951 560 3151 620 spreta.
3190 551 3417 620 Ideoque
3451 567 3542 606 vos
3568 554 3816 626 quicunque

2313 641 2479 696 Israel
2514 641 2668 706 estis,
2701 651 2751 697 et
2774 641 2886 712 jam
2927 644 3022 697 hos
3056 644 3291 713 quinque
3319 643 3511 714 gradus
3536 647 3813 712 ascendistis,

2316 731 2493 786 adhuc
2521 730 2681 785 altius
2717 731 3019 797 ascendite,
3059 741 3117 785 nt
3150 733 3201 786 in
3243 733 3358 786 solo
3389 732 3597 788 Domino
3628 736 3816 791 confida-

2319 824 2386 878 tis
2411 863 2426 888 ,
2463 833 2517 878 et
2547 822 2651 877 hoc
2679 823 2820 877 bono
2856 831 3036 878 vestro
3074 823 3301 878 facietis.
3349 823 3573 894 Populus
3610 830 3728 881 enim
3751 832 3817 898 qui

2315 914 2529 983 conﬁdit
2571 915 2624 966 in
2668 913 2888 967 Domino
2914 957 2928 982 ,
2971 913 3132 984 520
3166 925 3220 970 et
3249 931 3354 969 non
3395 916 3447 970 in
3491 918 3815 985 surcularibus,

2316 1021 2418 1059 non
2444 1005 2844 1058 commovebitur
2869 1009 2922 1058 in
2954 1018 3203 1059 azternum
3233 1020 3268 1058 a
3294 1007 3560 1075 prOposito
3585 1023 3668 1062 suo
3691 1010 3816 1074 bono,

2316 1110 2492 1165 neque
2521 1110 2617 1165 per
2647 1097 3096 1165 prosperitatem,
3141 1112 3315 1167 neque
3353 1113 3448 1168 per
3478 1100 3815 1156 tribulationum

2317 1190 2696 1244 adversitatem
2715 1229 2730 1253 ,
2760 1190 2893 1243 sicut
2924 1205 3070 1244 mons
3102 1189 3267 1255 Sion,
3297 1190 3347 1244 id
3387 1203 3466 1245 est
3491 1192 3726 1259 Christus,
3753 1210 3818 1249 su-

2316 1296 2413 1351 per
2439 1296 2597 1349 quem
2631 1289 2867 1334 mon-tem
2901 1281 3030 1335 Sion
3059 1295 3248 1334 omnes
3277 1281 3558 1336 existentes
3586 1282 3818 1338 ftnidautur

2319 1382 2373 1426 et
2402 1373 2448 1426 ei
2481 1371 2782 1425 innituntur
2807 1411 2822 1435 ,
2854 1385 2959 1425 non
3003 1372 3176 1440 potuit
3205 1371 3386 1439 aliquo
3417 1373 3565 1424 modo
3591 1388 3616 1425 a
3648 1373 3819 1426 stabili-

2320 1474 2430 1519 tate
2455 1480 2552 1519 sua
2582 1466 2930 1519 commoveri.
2961 1464 3112 1531 Quod
3139 1475 3222 1520 est
3252 1465 3465 1518 dicere:
3494 1466 3724 1519 Constans
3742 1468 3819 1520 erit

2317 1563 2369 1609 et
2400 1553 2688 1609 immobilis
2709 1593 2724 1619 ,
2753 1554 2893 1608 sicut
2921 1553 3168 1608 Christus
3199 1553 3485 1608 immobilis
3512 1555 3719 1622 exstitit,
3742 1571 3820 1610 non

2320 1654 2380 1700 ut
2405 1654 2610 1699 tantam
2636 1645 2830 1699 habeat
2855 1645 3218 1700 constantiam
3249 1654 3498 1713 quantam
3519 1645 3730 1700 Christus
3752 1647 3822 1700 ba-

638 1711 1001 1800 nosvdcntibus
1029 1757 1233 1806 eorum,
1269 1739 1322 1794 id
1369 1748 1452 1794 est
1485 1739 1892 1794 corrosionihus
1923 1738 2209 1792 delractio-
2252 1711 2291 1770 Β
2319 1736 2469 1800 buit,
2509 1735 2635 1800 sed,
2675 1735 2992 1804 inquantum
3023 1735 3279 1804 possibile
3308 1743 3425 1800 est,
3449 1734 3550 1790 crit
3581 1735 3623 1790 ei
3654 1735 3698 1788 in
3727 1751 3824 1790 cnn-

637 1852 767 1892 num
797 1844 854 1892 et
899 1833 1308 1890 maledictorum
1338 1846 1523 1886 eorum
1548 1831 1602 1885 in
1627 1832 1914 1901 captionem
1933 1871 1946 1895 ,
1977 1831 2028 1885 id
2053 1841 2136 1884 est
2163 1831 2216 1884 in

637 1926 1154 1996 incorporationem,
1185 1923 1394 1980 scilicet
1438 1937 1542 1978 non
1567 1923 1810 1992 permisit
1836 1931 1895 1977 ut
1917 1936 2016 1978 nos
2041 1925 2220 1978 incor-

636 2032 834 2088 porare
879 2016 982 2074 sibi
1030 2025 1250 2086 possent
1287 2028 1384 2084 per
1437 2013 1796 2070 detractiones
1838 2023 1894 2070 et
1933 2015 2219 2069 maleditta

638 2124 756 2163 sua.
779 2107 896 2164 Non
925 2107 1096 2163 solum
1122 2114 1303 2161 autem
1330 2104 1535 2160 liberati
1557 2121 1735 2160 sumus
1759 2122 1788 2160 a
1813 2105 2090 2171 dentibus;
2126 2105 2218 2160 sed

637 2200 800 2256 etiam
829 2201 1005 2255 anima
1052 2210 1230 2253 nostra
1259 2198 1498 2253 existens
1528 2205 1712 2263 cauta,
1741 2197 1874 2250 sicut
1901 2213 2098 2266 passer,
2127 2196 2220 2267 qui

639 2299 831 2347 cautus
857 2299 942 2346 est
970 2291 1037 2346 ad
1066 2290 1288 2360 laqueos
1311 2289 1616 2356 evitandas,
1646 2297 1819 2357 erepta
1843 2299 1916 2342 est
1947 2289 2014 2342 de
2036 2289 2220 2359 laqueo

637 2382 961 2447 venantium,
991 2381 1044 2436 id
1071 2390 1153 2436 est
1180 2382 1247 2436 de
1269 2380 1592 2450 deceptoriis
1619 2379 1897 2434 blanditiis
1922 2380 2220 2433 mundano-

639 2485 782 2536 rum,
817 2485 912 2539 per
945 2485 1080 2540 quas
1110 2483 1194 2524 me
1222 2470 1323 2525 sibi
1358 2483 1553 2540 capere
1583 2468 1892 2524 nitebantur
1917 2479 1972 2524 et
2002 2471 2219 2524 confor-

638 2573 812 2625 mare,
841 2557 986 2614 sicut
1012 2568 1271 2613 venantes
1295 2557 1572 2628 decipiunt
1604 2557 1796 2626 laqueo
1827 2559 1968 2614 feras
1997 2569 2089 2612 aut
2123 2575 2218 2614 vo-

637 2647 838 2702 lucres.
872 2646 938 2701 Et
986 2661 1092 2702 non
1139 2647 1217 2702 sic
1261 2654 1346 2702 est
1377 2646 1556 2700 anima
1592 2656 1766 2717 erepta
1806 2648 1947 2716 quod
1986 2663 2220 2717 unquam

637 2740 924 2810 illaqueata
955 2741 1149 2805 fuerit,
1191 2739 1284 2796 sed
1313 2740 1386 2794 ita
1412 2739 1556 2810 quod
1598 2740 1815 2810 laqueus
1852 2740 1940 2796 ille
1967 2743 2221 2796 contritus

636 2839 733 2897 est,
765 2831 816 2886 id
846 2840 930 2886 est
957 2829 1205 2887 incilicax
1258 2831 1328 2898 ad
1359 2845 1459 2886 nos
1509 2831 1801 2901 capiendos
1833 2841 1888 2887 et
1923 2831 2222 2902 illaquean-

638 2922 755 2985 dos,
787 2935 818 2976 a
848 2920 1202 2976 similitudine
1229 2919 1451 2975 contriti
1481 2919 1679 2985 laquei,
1711 2921 1800 2990 qui
1844 2921 2111 2992 impotens
2138 2931 2222 2977 est

637 3012 703 3067 ad
742 3011 1160 3082 illaqueandum.
1199 3009 1268 3064 Et
1299 3010 1426 3080 quia
1459 3011 1711 3065 contritus
1750 3021 1846 3076 est,
1883 3028 1976 3065 nos
2015 3011 2217 3065 liberati

637 3121 817 3159 snmus
849 3105 995 3172 inde,
1022 3119 1090 3159 ne
1121 3111 1306 3172 posset
1334 3117 1433 3158 nos
1463 3102 1730 3172 decipere.
1761 3102 1829 3158 Ει
1856 3103 1957 3158 hoc
1985 3119 2090 3157 non
2120 3103 2222 3158 fuit

630 3210 703 3248 ex
749 3195 934 3261 nobis,
978 3195 1070 3250 sed
1111 3194 1214 3250 hoc
1257 3193 1583 3264 adjutorium
1627 3203 1861 3248 nostrum
1903 3195 2128 3264 contigit
2168 3197 2222 3248 in

641 3288 848 3340 nomine
881 3285 1112 3348 Domini,
1143 3284 1196 3340 id
1223 3293 1306 3340 est
1327 3300 1424 3355 per
1445 3285 1705 3340 honorem
1735 3284 1964 3352 Domini,
1995 3287 2220 3354 scilicet,

639 3391 738 3446 per
779 3376 1207 3432 misericordiam
1236 3375 1493 3442 Domini;
1534 3375 1779 3431 contuitu
1826 3377 1969 3431 enim
2009 3378 2222 3432 miseri-

639 3469 840 3524 cordiae
870 3483 981 3525 suae
1010 3469 1122 3539 ipse
1151 3484 1183 3542 a
1209 3467 1458 3524 fidelibus
1497 3467 1830 3536 honoratur;
1865 3468 2091 3538 ideoque
2123 3472 2222 3526 bo-

642 3578 742 3616 nor
773 3559 890 3629 ejus
928 3561 1146 3616 dicitur.
1193 3559 1396 3615 Nomen
1439 3575 1567 3616 vero
1602 3575 1700 3630 pro
1743 3561 1946 3617 honore
1989 3563 2220 3632 positum

641 3651 839 3718 saepius
867 3651 1158 3717 invenitur,
1192 3652 1443 3720 quodest
1485 3652 1664 3706 dicere
1695 3670 1708 3705 :
1735 3651 1872 3718 Quia
1897 3653 2102 3708 liberati
2129 3672 2219 3708 su-

644 3758 792 3808 mus,
830 3755 925 3812 per
955 3743 1278 3813 adjutorium
1310 3743 1695 3798 miset'ieordim
1727 3745 1936 3800 Domini
1969 3747 2219 3818 contigit,

647 3833 728 3888 vel
777 3833 857 3889 sic
909 3851 922 3886 :
975 3833 1310 3904 Adjutorium
1362 3846 1594 3888 nostrum
1644 3836 1868 3907 contigit
1913 3837 1966 3890 in
2019 3839 2224 3892 nomine

645 3923 886 3990 Domini,
930 3923 983 3978 id
1022 3932 1106 3978 est
1142 3923 1195 3977 in
1237 3925 1522 3979 occasione
1558 3925 1776 3982 honoris
1825 3927 2076 3995 Domini;
2118 3929 2224 3983 sci—

643 4013 771 4069 licet
814 4013 936 4069 ideo
976 4011 1144 4081 adjuti
1186 4026 1391 4076 sumus,
1419 4014 1542 4081 quia
1577 4015 1859 4070 Dominum
1889 4017 2036 4070 omni
2068 4017 2224 4072 modo

646 4106 916 4160 honorare
945 4103 1257 4174 sategimus.
1288 4101 1499 4158 Domini
1540 4106 1660 4160 dico
1687 4109 1776 4177 qui
1813 4107 1933 4175 fecit
1962 4109 2144 4162 caelum
2177 4121 2222 4162 et.

645 4205 860 4261 terram,
896 4193 948 4248 id
973 4205 1056 4248 est
1082 4193 1332 4263 praelatos
1357 4203 1411 4249 et
1436 4195 1695 4250 subditos.
1724 4197 1786 4251 Et
1811 4199 2063 4268 quoniam
2091 4200 2225 4256 adeo

645 4273 838 4355 potens
873 4296 952 4340 est
981 4287 1122 4357 quod
1153 4286 1337 4340 caelum
1377 4296 1423 4340 et
1464 4296 1654 4341 terram
1686 4288 1830 4358 fecit,
1864 4290 1930 4344 ad
1960 4290 2206 4358 adjuvan-

646 4379 772 4432 dum
803 4391 902 4432 nos
928 4386 1118 4447 potens
1146 4393 1265 4433 esse
1295 4379 1695 4447 comprobatur.

1081 4465 1149 4520 1N
1189 4467 1512 4523 PSALMUM
1553 4467 1785 4526 CXXIV.

717 4555 918 4610 Psalmi
946 4556 1226 4613 centesimi
1255 4557 1493 4610 vicesimi
1520 4560 1694 4626 quarti
1725 4559 1926 4614 titulus.
1953 4561 2224 4616 Canticum

646 4645 926 4716 graduum.
974 4647 1154 4702 Gradu
1204 4649 1392 4717 quinto
1430 4658 1797 4718 pertractate,
1840 4652 1976 4717 hoc,
2021 4653 2226 4708 scilicet

650 4744 711 4788 ut
747 4749 962 4790 onmem
993 4739 1353 4792 constantiam
1396 4753 1550 4794 suam
1582 4755 1688 4794 non
1727 4739 1828 4794 sibi
1877 4742 1969 4796 sed
2002 4741 2226 4796 Domino

650 4823 1018 4889 ascriberent,
1052 4827 1116 4880 de
1148 4838 1300 4882 sexto
1338 4829 1548 4898 agitur,
1592 4829 1798 4884 scilicet
1845 4842 2127 4900 postquam
2159 4823 2228 4886 ad

650 4915 755 4970 hoc
785 4912 1104 4968 constantiae
1140 4915 1442 4982 devenitur,
1485 4927 1544 4972 ut
1583 4919 1823 4973 revocari
1859 4929 2131 4989 nequeant
2160 4923 2226 4976 ab

653 5003 977 5062 attentione;
1017 5010 1072 5057 et
1101 5003 1204 5056 hoc
1242 5017 1346 5058 non
1381 5007 1480 5060 sibi
1513 5009 1606 5062 sed
1647 5007 1871 5064 Domino
1911 5009 2224 5076 ascribunt,

653 5095 852 5149 debent
889 5094 1051 5148 etiam
1083 5093 1149 5148 ad
1185 5094 1288 5148 hoc
1329 5098 1621 5152 ascendere
1661 5101 1800 5155 utin
1841 5101 1958 5156 solo
2000 5102 2228 5157 Domino

654 5181 946 5248 confidant,
975 5183 1123 5238 omni
1153 5182 1395 5238 swcnlari
1439 5186 1764 5244 confidentia
1795 5193 2111 5261 postposita.
2146 5194 2226 5246 Ad

653 5287 817 5348 quam
849 5273 1229 5330 confidentiam
1261 5274 1486 5346 perfecti
1519 5279 1610 5346 qui
1651 5280 1736 5336 hic
1764 5294 1929 5352 agunt
1957 5284 2230 5340 auditores

636 5363 909 5441 invitant,
940 5367 1274 5422 ostendendo
1299 5367 1430 5439 quid
1459 5367 1707 5425 utilitatis
1732 5387 1798 5427 ex
1827 5374 1929 5430 hac
1955 5373 2230 5430 confiden-

659 5447 728 5508 tia
759 5452 1054 5522 conlingat.

729 5543 834 5610 Qui
863 5543 1128 5611 conﬁdunt
1170 5547 1224 5600 in
1261 5546 1517 5617 Domino,
1562 5560 1689 5616 διας
1717 5565 1780 5605 ac
1815 5551 1860 5607 si
1892 5552 2036 5608 dicat
2069 5572 2082 5606 :
2113 5551 2228 5608 Non

655 5637 828 5693 scium
875 5634 1050 5692 oculos
1088 5655 1226 5693 nteos
1267 5642 1334 5693 ad
1368 5641 1533 5698 Deum
1576 5643 1768 5710 levari,
1815 5653 1868 5700 et
1912 5661 2017 5701 non
2057 5645 2225 5701 solum

2321 1825 2516 1879 stantia
2545 1826 2862 1880 conformis.
2889 1825 3226 1881 Determinat
3247 1834 3425 1880 autem
3453 1825 3537 1894 qui
3563 1826 3626 1879 sit
3649 1825 3823 1894 pupulas

2321 1915 2376 1968 in
2404 1913 2630 1968 Domino
2653 1916 2952 1978 conlidens,
2981 1931 3050 1971 ne
3074 1916 3198 1984 quis
3222 1930 3282 1970 se
3313 1913 3701 1982 temerejudicet
3721 1917 3826 1968 hanc

2321 2007 2706 2062 confidentiam
2738 2008 2966 2072 habere,
2993 2025 3118 2064 cum
3149 2023 3212 2063 ea
3239 2016 3448 2072 careat,
3486 2008 3559 2062 sic
3585 2026 3597 2060 :
3625 2007 3825 2076 Populm,

2323 2099 2563 2168 inquam,
2594 2099 2686 2169 qui
2711 2099 2933 2154 confidit
2960 2117 3062 2153 non
3089 2099 3508 2162 commovebitur,
3539 2100 3721 2154 ethunc
3737 2113 3824 2153 esse

2322 2190 2681 2245 confidentem
2713 2189 2918 2244 aﬂirmo
2955 2191 3044 2259 qui
3067 2189 3187 2259 jam
3217 2204 3316 2260 spe
3345 2196 3400 2244 et
3425 2190 3568 2243 bonae
3609 2189 3710 2243 vitae
3731 2204 3827 2242 con-

2321 2279 2632 2334 versatione
2655 2279 2855 2334 habitat
2885 2280 2939 2334 in
2963 2276 3311 2334 Hierusalem
3336 2280 3554 2336 εωῑεειὶ.
3583 2278 3711 2335 Unde
3731 2279 3827 2332 dicit

2322 2373 2611 2442 Apostolus
2640 2391 2652 2427 :
2687 2391 2706 2424 ‹
2740 2372 2934 2428 Nostra
2968 2375 3314 2428 conversatio
3345 2373 3398 2428 in
3434 2373 3578 2428 ccelis
3611 2384 3681 2428 est
3701 2371 3823 2442 (Phil.

2323 2483 2413 2532 Ill,
2459 2465 2573 2538 20).
2606 2486 2624 2519 ι
2661 2466 2726 2520 Ει
2757 2467 2875 2521 ideo
2904 2467 3127 2536 populus
3150 2467 3432 2522 confidens
3472 2483 3566 2520 non
3598 2480 3826 2520 commore-

2323 2557 2484 2623 bitur,
2512 2557 2637 2626 quia
2666 2568 2863 2611 montes
2893 2567 3018 2612 sunt
3043 2559 3098 2612 in
3140 2558 3367 2612 circuitu
3408 2558 3544 2628 ejus,
3569 2555 3613 2608 id
3639 2564 3705 2610 est
3728 2571 3824 2623 apo-

2323 2645 2443 2700 stoli
2474 2655 2528 2700 et
2553 2645 2735 2700 caeteri
2773 2645 2981 2710 sancti,
3010 2645 3100 2716 qui
3120 2643 3234 2715 jam
3279 2647 3347 2700 de
3378 2647 3474 2700 hac
3499 2647 3595 2700 vita
3622 2645 3826 2698 discesse-

2325 2738 2612 2803 runt,dicti
2643 2745 2856 2791 montes
2887 2747 3107 2806 propter
3133 2737 3443 2792 sanctitatis
3468 2752 3570 2790 sure
3591 2729 3825 2791 sublimita-

2325 2838 2453 2896 tcm,
2483 2839 2610 2884 sunt
2637 2832 2689 2883 in
2719 2829 2939 2883 circuitu
2975 2830 3108 2898 ejus,
3155 2829 3206 2884 id
3243 2839 3330 2886 est
3357 2831 3408 2884 in
3440 2829 3704 2884 munitione
3724 2829 3824 2895 ejus,

2323 2906 2654 2988 protegendo
2685 2934 2806 2972 eum
2838 2916 3044 2973 meritis
3071 2930 3124 2973 et
3151 2921 3489 2982 orationibus
3521 2921 3622 2976 suis
3649 2938 3672 2973 a
3697 2919 3826 2973 Iasio.

2325 3010 2481 3065 nibus
2531 3009 2767 3064 hostimn
2794 3009 3082 3064 visibilium
3111 3021 3166 3066 et
3193 3011 3559 3076 invisibilium,
3585 3027 3610 3064 a
3631 3009 3825 3065 similitu-

2326 3104 2448 3158 diae
2495 3101 2946 3172 patrocinantinm
3000 3099 3229 3157 militum
3255 3145 3270 3167 ,
3313 3104 3403 3172 qui
3443 3104 3494 3158 in
3536 3101 3727 3158 circuitu
3761 3115 3827 3154 cu-

2318 3191 2422 3259 jusl
2451 3192 2538 3244 bet
2585 3191 2884 3245 existentes
2963 3204 3082 3244 eum
3159 3191 3228 3246 ab
3282 3193 3522 3248 hostibus
3570 3189 3826 3246 instantibus

2326 3291 2633 3353 protegunt.

2395 3372 2464 3426 Et
2492 3373 2653 3428 etiam
2676 3373 2932 3428 Dominus
2955 3384 3036 3428 est
3077 3372 3128 3428 in
3155 3373 3378 3429 circuitu
3393 3373 3563 3447 populi
3585 3373 3676 3439 sui,
3695 3382 3828 3443 prote-

2325 3465 2498 3535 gendo
2545 3479 2666 3519 eum
2700 3466 2902 3520 auxilio
2947 3468 3136 3536 gratiae
3166 3484 3311 3532 snze,
3352 3486 3416 3523 ea:
3442 3469 3534 3522 hoc
3578 3483 3694 3521 nunc
3731 3463 3828 3519 inci-

2325 3559 2519 3627 piendo
2539 3600 2554 3624 ,
2585 3568 2640 3614 et
2685 3577 2842 3632 usque
2869 3561 2923 3614 in
2971 3561 3222 3615 circulum
3273 3563 3600 3631 perdurattdo
3623 3601 3637 3626 ,
3673 3569 3716 3614 ct
3739 3571 3828 3610 vero

2327 3669 2428 3705 non
2461 3652 2876 3718 commovebitur,
2919 3654 3042 3722 quia
3070 3693 3081 3714 ,
3133 3655 3237 3707 etsi
3285 3655 3351 3708 ad
3395 3653 3572 3708 horam
3614 3653 3829 3722 permittat

2329 3741 2584 3796 Dominus
2611 3750 2921 3810 peccatores
2939 3738 3100 3809 justis
3131 3743 3398 3797 dominari
3423 3753 3476 3797 et
3496 3757 3581 3797 eos
3603 3739 3827 3811 flagellarc.

2329 3841 2507 3886 tamen
2556 3849 2656 3886 non
2704 3833 2955 3903 relinquet
2996 3833 3086 3887 diu
3139 3833 3402 3889 Dominus
3445 3837 3657 3904 uirgam,
3697 3832 3737 3884 id
3773 3835 3830 3882 est

2327 3920 2740 3994 flagellationem
2779 3923 2860 3977 vel
2906 3923 3330 3979 dominationem
3377 3937 3679 3994 peccatorum
3718 3936 3831 3988 super

2325 4027 2536 4079 sortem,
2568 4011 2616 4070 id
2649 4024 2730 4070 cst
2765 4029 2924 4084 super
2952 4014 3266 4071 electionem
3299 4017 3574 4085 iustorum,
3616 4015 3659 4068 id
3681 4023 3746 4067 est
3768 4027 3831 4064 sn-

2327 4120 2421 4172 per
2445 4105 2619 4174 justus
2651 4103 2850 4158 electos
2877 4106 2942 4158 ad
2973 4104 3364 4173 salvationem,
3400 4106 3514 4160 ideo
3546 4115 3597 4156 nt
3626 4101 3705 4173 ipsi
3730 4098 3830 4169 justi

2329 4215 2431 4250 non
2471 4196 2750 4250 extendant
2791 4212 2976 4249 manus
3006 4209 3164 4261 suas,
3199 4197 3250 4250 id
3290 4205 3376 4252 est
3421 4211 3521 4251 non
3549 4193 3830 4264 promoveanl

2329 4288 2636 4342 affectiones
2663 4302 2789 4342 suas
2815 4288 2882 4340 ad
2913 4287 3268 4356 iniquitatem;
3301 4304 3367 4342 ac
3393 4286 3435 4343 si
3463 4287 3596 4342 dicat
3619 4303 3631 4338 :
3659 4281 3704 4338 Si
3728 4280 3829 4333 ultr-1

2251 4397 2305 4456 ι)
2333 4379 2544 4431 modum
2583 4377 2817 4444 patiendi
2863 4377 3191 4445 permitteret
3227 4377 3368 4431 Dens
3413 4366 3831 4445 peccatorcsjtlslis

2327 4469 2638 4531 dominari,
2696 4477 2750 4522 et
2805 4482 2900 4522 eos
2961 4467 3400 4524 tribulationilms
3456 4459 3828 4537 aflligere,‘uti-

2325 4575 2429 4628 que
2479 4567 2967 4621 commoverentur,
3019 4567 3071 4612 et
3119 4558 3186 4612 ad
3238 4560 3567 4628 iniquitatem
3609 4563 3827 4625 promoti"

2327 4658 2546 4702 rentur.
2563 4648 2632 4703 Ut
2651 4663 2778 4717 ergo
2805 4665 2908 4701 non
2935 4648 3268 4704 solummodo
3299 4665 3401 4704 non
3427 4647 3556 4703 male
3581 4652 3828 4715 operentur.

2326 4743 2417 4796 sed
2439 4757 2537 4795 nec
2563 4741 2722 4794 etiam
2737 4741 3246 4796 eormuafl‘ectiones
3267 4745 3332 4795 ad
3358 4741 3668 4811 iniquitatem
3686 4741 3830 4788 extet.-

2327 4833 2550 4896 dantur,
2602 4840 2972 4900 contemperat
3010 4832 3150 4886 Deus
3191 4833 3556 4887 tribulationes
3580 4826 3638 4880 ad
3665 4821 3830 4877 modum

2325 4922 2595 4991 patientiae
2619 4923 2878 4992 ipsorum,
2907 4931 2966 4975 ut
2988 4937 3090 4977 non
3120 4925 3392 4992 permittat
3421 4923 3557 4990 ipsos
3583 4922 3830 4988 peccatores

2325 5013 2406 5066 eis
2447 5011 2582 5065 ultra
2615 5011 2828 5064 inodum
2873 5010 3171 5078 dominari,
3225 5023 3280 5066 et
3331 5006 3724 5066 tribulationibus
3761 5009 3830 5051 eos

2328 5103 2583 5172 affligere.
2617 5102 2770 5158 Unde
2791 5102 3078 5171 Apostolus
3107 5122 3120 5158 :
3158 5121 3175 5154 ι
3204 5101 3318 5158 Νοη
3340 5102 3567 5172 patietur
3586 5087 3828 5151 vostentari

2328 5210 2487 5264 supra
2519 5193 2570 5248 id
2601 5195 2742 5263 quod
2767 5194 2988 5263 potestis
3017 5192 3068 5264 (Ι
3095 5192 3216 5248 Cor.
3246 5209 3280 5248 ι
3301 5236 3315 5261 ,
3342 5193 3448 5262 15).
3481 5211 3500 5244 ι
3549 5189 3665 5244 Orat
3693 5189 3828 5236 autem

2328 5263 2408 5338 de,
2425 5284 2525 5336 hoc
2551 5281 2689 5351 quod
2714 5263 3055 5348 emtmiavit,
3087 5283 3204 5336 sic:
3236 5282 3351 5336 Dixi
3373 5321 3388 5346 ,
3419 5297 3452 5336 ο
3478 5277 3698 5334 Domine,
3723 5263 3829 5338 quod

2329 5389 2435 5428 non
2460 5371 2730 5442 relinques
2750 5374 2947 5442 virgam
2968 5385 3298 5441 peccatorum
3311 5391 3464 5442 super
3489 5366 3828 5435 electosjustcr‘.

2328 5471 2384 5519 et
2403 5464 2491 5518 ita
2521 5463 2610 5529 sit,
2640 5479 2669 5516 υ
2693 5461 2914 5517 Domine
2933 5504 2946 5526 ,
3006 5464 3220 5534 benefac
3243 5464 3386 5518 bonis
3439 5473 3485 5516 et
3525 5460 3656 5514 rectis
3681 5450 3827 5507 corde.

2331 5550 2622 5606 auferendo
2654 5551 2720 5606 ab
2754 5551 2832 5605 eis
2881 5552 3084 5622 virgam
3125 5563 3482 5622 peccatorum.
3529 5548 3684 5599 Bonos
3711 5539 3828 5592 νοσῖιῑ

2331 5645 2464 5700 bene
2490 5653 2797 5714 operantes,
2830 5654 3004 5701 rectos
3027 5646 3189 5702 corde
3219 5660 3361 5710 vero,
3385 5658 3475 5699 eos
3500 5640 3581 5710 qui
3603 5651 3704 5692 cum
3730 5634 3827 5684 leae
