3978 6328
91 281 218 336 lii-'5

953 272 1313 329 EXPOSI'l‘IO
1349 273 1416 326 IN
1455 269 1770 328 PSALMOS
1795 264 1858 310 -ὲ
1892 261 2087 326 PSAL‘.
2115 262 2337 328 cm;

3199 274 3338 336 i396

89 391 293 462 operari
320 395 622 459 nequeant,
661 385 853 440 saltem
883 385 1017 440 bene
1044 387 1301 456 operandi
1328 385 1652 439 voluntatem
1686 391 1730 442 Α
1755 399 1938 437 sumus
1963 383 2095 436 sicut
2118 381 2392 437 consolati.
2441 381 2644 437 Idcirco
2696 401 2821 438 vero
2861 389 3004 442 istud
3047 389 3224 448 tiu-ere
3257 395 3335 446 vi-

89 486 301 539 habent.
333 480 546 536 Sortem
567 493 666 548 pro
687 477 950 534 electione
996 478 1184 546 ponit,
1233 491 1298 532 eo
1339 477 1479 545 quod
1521 477 1660 531 forte

89 581 176 630 tiat
211 573 450 638 electio;
477 571 682 640 virgam
722 584 881 632 vero,
907 583 1002 638 pro
1033 566 1419 638 tlagellatione,
1449 566 1573 635 quia
1607 566 1658 621 in

87 686 146 722 ea
172 664 497 736 ﬂagelletur,
531 663 644 718 sive
665 676 764 732 per
793 660 996 732 virgam
1023 667 1295 728 sceptrum
1345 659 1658 728 accipimus;

87 772 179 825 per
202 765 478 824 sceptrum
507 762 684 807 autem
709 792 726 818 ,
758 765 1016 822 regnum,
1043 764 1110 804 eo
1133 749 1274 818 quod
1306 749 1453 816 regni
1496 749 1564 802 sit
1589 749 1663 802 si-

88 862 266 916 gnum.
298 845 451 913 Quod
479 859 548 899 ex
575 842 838 897 llebraica
872 840 1218 896 translatione
1249 839 1538 910 colligitur,
1571 839 1661 893 ubi

88 939 315 993 habetur
340 947 622 1006 sceptrum.
654 935 903 990 Ostendit
914 944 1094 989 autem
1117 933 1519 988 damnationem
1545 930 1662 986 illo-

89 1045 200 1084 rum
227 1029 322 1098 qui
347 1044 380 1082 a
409 1029 549 1082 bono
579 1027 856 1097 proposito
881 1027 1364 1082 commovebuntur
1382 1065 1399 1092 ,
1455 1034 1514 1080 ut
1567 1039 1666 1094 per

91 1119 184 1173 hoc
205 1120 276 1172 ab
303 1117 604 1188 hujusmodi
637 1133 695 1170 re
738 1118 1010 1171 deterreat
1039 1114 1341 1180 auditores,
1388 1114 1504 1171 sic:
1536 1115 1664 1170 Dim

87 1210 220 1279 quod
247 1225 354 1263 non
383 1207 632 1277 relinquet
658 1206 913 1279 Dominus
944 1206 1143 1275 virgam
1167 1213 1530 1274 peccatorum,
1571 1203 1662 1260 diu

85 1278 234 1369 super
259 1297 812 1368 electosjustos;sod
843 1278 910 1352 ab
958 1297 1038 1352 eis
1087 1297 1196 1351 cito
1243 1297 1456 1351 auferet
1493 1297 1664 1366 ipsam

89 1392 306 1458 virgam.
357 1387 686 1442 Declinautes
711 1399 908 1452 autem,
961 1387 1014 1442 id
1053 1397 1139 1442 est
1183 1387 1530 1442 dctiectentes
1550 1401 1665 1442 sea

82 1479 281 1546 justitia
316 1492 435 1542 sua,
459 1478 515 1530 in
544 1477 904 1546 obligationes,
937 1475 987 1530 id
1014 1484 1099 1530 est
1129 1476 1498 1546 iniquitatem,
1543 1490 1664 1544 qua:

85 1578 162 1622 est
187 1569 264 1623 eis
285 1567 545 1638 obligatio
566 1576 619 1622 et
648 1577 837 1622 catena
863 1568 928 1621 ad
963 1577 1192 1622 mortem
1218 1608 1236 1635 ,
1286 1569 1513 1623 adducet
1555 1568 1664 1621 Do-

89 1663 248 1714 minus
276 1660 329 1713 in
361 1659 541 1714 futuro
567 1659 620 1712 in
657 1658 1056 1714 damnationem
1099 1658 1250 1730 justo
1283 1659 1485 1729 judicio
1520 1676 1616 1714 suo
1645 1701 1659 1723 ,

1765 474 1943 538 detur,
1971 485 2028 526 ιιι
2055 473 2239 528 innuat
2261 473 2384 544 quia
2417 474 2516 528 huc
2538 475 2680 544 quod
2709 477 3002 547 incmperat
3023 491 3075 536 et
3096 483 3336 547 dimittit,

1765 584 1828 623 es
1858 567 1960 622 hoc
1988 567 2128 638 quod
2181 561 2233 621 in
2277 567 2626 638 sequentibus
2661 569 2895 638 ponitur.
2924 573 3138 630 evidens
3168 587 3250 632 (εει
3286 588 3342 632 et
3371 570 3373 574 ’

1765 656 2134 712 uzanifcstum.
2165 659 2318 725 Quod
2355 658 2542 723 etiam,
2581 660 2650 713 ob
2678 659 2780 713 hoc
2827 659 3047 716 dimittit
3083 667 3340 734 quoniam

1764 771 1874 811 non
1908 755 2104 811 attinet
2129 756 2198 810 ad
2227 771 2336 810 sua:
2381 754 2714 826 propositum
2757 754 3090 811 iatentiouis.
3121 759 3212 813 Est
3239 775 3339 812 an-

1766 855 1874 902 tem
1900 855 2244 900 constructus
2273 843 2432 914 hujus
2459 861 2646 901 versus
2677 860 2828 915 aeque
2851 846 3033 902 valens
3067 865 3132 903 ac
3154 850 3195 903 si
3221 851 3343 902 talis

1765 935 2098 992 constructio
2142 945 2435 1004 poneretur
2463 953 2476 989 :
2515 935 2560 990 υ
2587 949 2683 989 vos
2711 936 2798 1004 qui
2824 935 2938 1005 jam
2979 936 3044 989 ad
3072 936 3344 991 conliden-

1767 1026 1855 1079 tia:
1889 1023 2116 1094 gradum
2164 1023 2500 1088 ascendistis,
2534 1024 2778 1095 exemplo
2800 1033 2983 1079 nostro
3005 1025 3070 1079 ad
3097 1026 3198 1080 hoc
3222 1042 3345 1096 per-

1768 1115 1976 1184 tingere
2025 1113 2284 1178 nitimini,
2315 1122 2374 1168 ut
2404 1113 2689 1184 captivitas
2737 1129 2914 1170 vesua
2956 1115 3008 1169 in
3040 1115 3343 1171 libertatrm

1767 1213 2137 1272 convertatur,
2166 1213 2221 1258 et
2268 1206 2346 1261 sic
2381 1205 2523 1261 liatis
2567 1207 2830 1262 consolati
2877 1215 2930 1261 et
2971 1207 3077 1262 laeti
3119 1207 3258 1263 sicut
3288 1217 3346 1262 et

1769 1313 1886 1354 nos.
1918 1295 2052 1352 Nam
2093 1301 2146 1351 in
2191 1298 2529 1352 convertenda
2573 1297 2828 1352 Dominus
2867 1298 3214 1367 captiritatem
3243 1315 3346 1354 no-

1765 1403 1956 1458 stram,
1991 1391 2044 1448 id
2076 1399 2163 1448 est
2183 1405 2308 1447 cum
2340 1390 2600 1446 Dominus
2631 1390 3050 1446 tuisericord'tcr
3075 1392 3347 1446 convctt't

1765 1481 2134 1552 captivitatem
2157 1490 2396 1536 nostram
2426 1481 2476 1534 in
2505 1479 2830 1545 libertatem,
2860 1496 2954 1550 per
2985 1481 3156 1550 ipsam
3179 1480 3344 1536 liber-

1767 1580 1932 1626 tatem
1987 1571 2115 1640 facti
2171 1575 2354 1625 sumus
2401 1572 2534 1625 sicut
2583 1569 2858 1624 consolati.
2911 1569 3342 1627 Cousolationem

1767 1662 1897 1718 dicit
1941 1662 2112 1732 ipsam
2163 1661 2398 1717 tristilire
2431 1661 2786 1716 teutotionem
2836 1677 2940 1731 qua
2997 1662 3342 1728 desolantur;

83 1770 194 1808 cum
219 1753 558 1822 operantibus
581 1751 930 1820 iniquitatem,
979 1751 1032 1807 id
1057 1760 1140 1807 est
1164 1766 1288 1807 cum
1314 1752 1420 1808 illis
1442 1753 1534 1823 qui
1565 1768 1658 1807 eos
1691 1740 1733 1793 Β
1759 1771 1879 1810 cum
1913 1754 2106 1810 timore
2143 1768 2317 1824 poena:
2359 1753 2644 1818 servirent,
2671 1767 2811 1822 saepe
2849 1769 3039 1825 nempe
3078 1765 3204 1810 tunc
3245 1771 3346 1826 pro

87 1845 279 1900 faciunt
295 1842 591 1898 declinare.
617 1841 846 1912 ideoque
875 1857 972 1912 per
1000 1843 1428 1918 autonmnasiam
1471 1844 1676 1920 tlicnr.._

88 1945 168 1990 tur
207 1943 502 2004 operantes
551 1933 928 2004 iniquitatem,
984 1935 1126 2004 quod
1190 1944 1274 1990 est
1332 1934 1556 1990 dicere:
1604 1935 1657 1988 ln

85 2029 321 2084 eamdem
352 2027 751 2082 damnationem
779 2027 1116 2082 adducentur
1139 2069 1154 2094 ,
1201 2027 1254 2082 in
1283 2042 1444 2101 quam
1474 2035 1530 2082 et.
1553 2025 1658 2081 ini-

22 2185 25 2187 _
85 2120 203 2188 qui,
251 2118 458 2188 quibus
505 2115 933 2172 conformantur.
981 2115 1135 2172 Unde
1193 2117 1496 2188 propheta:
1529 2133 1550 2168 t
1603 2116 1660 2170 Si

89 2210 338 2264 averterit
367 2223 426 2263 se
454 2207 636 2278 justus
682 2222 714 2261 a
741 2205 955 2276 justitia
1003 2223 1140 2274 sua,
1190 2209 1430 2278 nunquid
1474 2207 1662 2262 vivet?

88 2300 256 2368 (Haec.
293 2315 468 2366 xvrtt,
509 2299 624 2370 24.)
681 2319 702 2353 ι
781 2299 1072 2365 Dominus,
1131 2300 1394 2370 inquam,
1443 2299 1663 2356 adducet

85 2389 400 2444 declinantes
426 2391 496 2446 ad
522 2390 946 2446 damnationem.
991 2389 1244 2445 Dominus
1273 2391 1392 2446 dico
1435 2391 1527 2460 qui
1559 2393 1665 2447 erit

88 2478 246 2535 Israel
301 2497 416 2551 pax
451 2491 687 2548 aeterna,
731 2497 840 2550 pax
878 2480 1000 2536 dico
1025 2480 1266 2536 existens
1310 2497 1465 2549 super
1491 2481 1664 2552 ipsum

88 2567 265 2636 Israel,
323 2570 438 2637 cui,
469 2570 679 2627 scilicet
707 2571 869 2626 lsrael
896 2572 1132 2642 gratuita
1163 2570 1452 2628 dilectione
1497 2571 1663 2642 subji-

87 2662 274 2729 cictur,
310 2671 370 2716 ct
390 2662 511 2718 sine
529 2665 635 2717 line
653 2663 1024 2718 confitebitur.

531 2750 596 2804 IN
633 2750 962 2812 PSALMUM
999 2750 1135 2807 CXX
1151 2750 1212 2805 V.

147 2841 347 2896 Psaltni
401 2842 678 2897 centesimi
723 2843 964 2898 vicesimi
1007 2844 1178 2912 quinti
1229 2842 1434 2898 titulus.
1471 2841 1668 2898 Canti-

83 2949 192 2985 σιω
225 2935 513 3005 graduum.
543 2933 769 2990 Ostensa
807 2933 1154 2998 conﬁdentia,
1187 2948 1308 3003 qua:
1341 2942 1529 2988 sextus
1551 2949 1670 3005 gra-

88 3023 176 3078 dus
224 3033 356 3087 est,
403 3032 568 3094 agunt
615 3037 829 3093 quoque
884 3023 952 3077 de
1006 3024 1240 3094 septimo
1296 3022 1452 3094 521
1499 3025 1667 3095 gradu

85 3113 334 3182 perfecti,
385 3114 591 3168 scilicet
627 3114 771 3184 quod
829 3113 897 3168 ad
946 3113 1050 3169 hoc
1081 3113 1194 3182 jam
1227 3117 1558 3171 devenerunt
1610 3125 1668 3170 ut

89 3207 148 3259 de
196 3207 520 3278 captivitate
583 3207 836 3262 conversi
893 3207 1005 3260 sint
1051 3206 1109 3261 in
1161 3207 1466 3262 libertatem
1503 3249 1518 3274 ,
1569 3223 1668 3278 per

87 3313 232 3366 quam
273 3297 542 3353 consolati
578 3306 703 3353 sunt
748 3307 803 3353 et
843 3297 1026 3352 laetitia
1085 3298 1275 3368 repleti
1325 3309 1383 3354 et
1423 3301 1669 3368 magnifi-

85 3394 201 3446 cati.
251 3393 336 3447 Dc
377 3409 482 3464 qua
514 3395 680 3448 etiam
727 3403 888 3450 orant
913 3405 970 3449 ut
1017 3395 1192 3465 magis
1237 3405 1294 3450 et
1324 3411 1493 3467 magts
1542 3413 1663 3450 eam

85 3494 461 3553 assequuntur,
508 3500 630 3538 cum
677 3483 734 3539 in
780 3499 846 3540 ea
886 3500 1102 3556 semper
1129 3501 1388 3556 crescere
1437 3490 1664 3558 possint.

87 3572 179 3630 Per
228 3577 339 3631 hoc
390 3589 572 3631 autem
620 3579 932 3648 exemplum
985 3580 1324 3634 auditoribus
1385 3581 1546 3643 dant,
1611 3592 1669 3635 ut

85 3669 145 3721 ad
179 3671 324 3740 hanc
363 3670 668 3724 libertatem
711 3670 881 3742 magis
921 3672 1201 3741 magisque
1236 3674 1485 3726 tendant.
1531 3674 1664 3741 (Lap-

88 3759 348 3816 tivitatem
400 3775 528 3816 vero
557 3761 787 3816 dicimus
825 3763 1044 3832 quando
1093 3763 1280 3818 lideles
1333 3765 1438 3818 Deo
1473 3763 1668 3836 timere

91 3864 248 3916 pelta:
275 3859 335 3905 et
384 3865 457 3922 ex
501 3853 827 3906 auctoritate
871 3853 1117 3920 jubentis
1157 3854 1370 3908 Domini
1402 3855 1662 3910 serviunt.

89 3937 177 4005 Qui
201 3941 426 4012 quidem
454 3957 560 3996 non
607 3943 897 4009 servirent,
931 3943 1034 3999 nisi
1085 3959 1301 4014 poenam
1331 3942 1399 3999 ab
1429 3944 1507 4000 eis
1536 3960 1664 4014 pec-

85 4035 330 4088 cantibus
390 4034 775 4089 removendam
825 4035 963 4090 certi
1005 4044 1209 4100 essent,
1249 4045 1305 4090 et
1365 4036 1664 4092 auctoritas

78 4122 311 4191 jnbcntis
340 4141 452 4181 non
476 4136 642 4192 esset,
671 4139 702 4180 a
729 4127 1086 4182 similitudine
1125 4141 1407 4182 servorum
1443 4135 1502 4181 et
1529 4142 1656 4197 cap-

89 4217 341 4286 tivorum,
373 4219 468 4289 qui
506 4221 685 4290 potius
729 4220 973 4275 serviunt
1017 4221 1211 4276 timore
1252 4229 1311 4274 et
1338 4219 1666 4293 auctoritate

81 4306 311 4374 iubentis
336 4311 542 4365 domini
575 4326 737 4381 quam
756 4325 967 4365 amore.
1005 4309 1324 4380 llujusmodi
1352 4323 1482 4366 vero
1526 4325 1663 4378 cap-

1758 1844 1970 1900 scrvitii
1999 1845 2266 1916 gravitate
2298 1844 2515 1899 tristitia
2553 1846 2901 1915 urgebantur.
2949 1845 3155 1903 Idcirco
3194 1848 3346 1918 ponit

1761 1954 1864 1993 non
1896 1936 2173 2005 consolati,
2203 1935 2295 1992 sed
2325 1937 2456 1990 sicut
2487 1935 2765 2001 consolati,
2797 1937 2921 2007 quia
2953 1938 3066 1993 haec
3092 1938 3344 1993 consola-

1762 2030 1836 2084 tio
1861 2029 2089 2084 dicenda
2115 2039 2216 2096 est,
2246 2029 2386 2084 sicut
2405 2028 2723 2095 consolatio,
2759 2031 2808 2084 id
2840 2037 2920 2085 est
2950 2031 3137 2087 umbra
3161 2047 3346 2088 conso—

1763 2119 2002 2187 lationis,
2049 2121 2118 2176 ad
2177 2121 2636 2192 comparationem
2686 2121 3072 2178 consolationis
3126 2122 3344 2186 futurae,

1762 2229 1882 2282 quae
1911 2214 2124 2286 dignior
2175 2214 2298 2268 erit.
2341 2214 2475 2269 Cum
2519 2214 2650 2270 dicit
2706 2215 2760 2269 in
2807 2215 3172 2283 convertenda,
3218 2214 3346 2270 illud

1765 2305 2262 2361 iusinuarevidetur
2290 2305 2429 2374 quod
2463 2306 2748 2376 non‘longe
2769 2315 2888 2378 post
2913 2306 3344 2371 conversionem,

1763 2396 1857 2450 scd
1884 2412 2006 2450 mox
2030 2396 2086 2450 in
2123 2395 2240 2465 ipsa
2267 2395 2624 2451 conversione
2649 2396 2791 2450 l'acta
2811 2407 2894 2451 est
2916 2395 3237 2452 consolatio.

1837 2487 1984 2542 Tunc
2007 2498 2190 2544 autem
2218 2489 2272 2542 in
2311 2489 2413 2545 hac
2452 2489 2659 2544 scilicet
2697 2491 3070 2555 (onvcrsionc,
3095 2490 3347 2561 repletum

1764 2588 1839 2634 est
1863 2580 2058 2650 gaudio
2109 2597 2168 2635 os
2215 2591 2450 2636 nostrum
2487 2581 2735 2644 interius,
2782 2598 2934 2637 turns
2973 2582 3185 2639 scilicet
3239 2600 3349 2655 qua

1765 2689 1888 2728 cum
1920 2673 2028 2729 Deo
2045 2688 2140 2728 ore
2162 2673 2226 2727 ad
2266 2690 2325 2729 os
2350 2674 2640 2743 loquimur.
2675 2673 2741 2727 Et
2770 2690 2874 2728 non
2897 2674 3342 2734 solumintcrius.

1766 2751 1859 2819 sed
1886 2773 1933 2818 et
1981 2763 2162 2834 lingua
2211 2754 2392 2816 nostra
2417 2765 2694 2818 exterior:
2729 2778 2826 2832 per
2867 2766 3166 2833 emphasim
3200 2766 3346 2828 dico,

1769 2854 1972 2923 repleta
2003 2863 2086 2908 est
2111 2852 2473 2916 exsultatio-ne,
2512 2853 2562 2906 id
2595 2862 2677 2908 est
2719 2853 2899 2906 verbis
2923 2853 3343 2920 exsultantibus,

1771 2944 1966 3014 quibus
2003 2943 2170 3000 Deum
2210 2942 2429 2998 assidue
2459 2941 2741 2998 laudamus
2771 2943 2838 2998 de
2885 2953 3066 2998 nostra
3119 2958 3340 2998 conver-

1776 3035 1946 3090 sione.
1987 3034 2122 3090 Cum
2145 3043 2321 3088 autem
2353 3033 2640 3104 captivitas
2682 3043 2865 3089 nostra
2893 3049 3153 3090 conversa
3177 3034 3266 3099 sit,
3289 3044 3347 3088 et

1771 3143 1869 3182 nos
1907 3127 2034 3196 facti
2065 3143 2243 3182 sumus
2281 3127 2551 3190 consolati,
2603 3133 2658 3179 et
2701 3127 2893 3196 gaudio
2921 3136 2969 3182 et
3001 3126 3347 3181 exsultatione

1772 3215 1978 3286 repleti,
2011 3226 2132 3270 tunc
2162 3217 2332 3271 (licent
2365 3215 2500 3270 inter
2537 3225 2734 3286 gentes,
2779 3216 2830 3272 id
2861 3225 2944 3272 est
2971 3217 3092 3272 ideo
3134 3216 3346 3271 contin-

1770 3319 1859 3378 gtrt
1886 3306 2010 3376 quia
2039 3307 2255 3378 quidam
2298 3307 2437 3360 inter
2467 3314 2656 3376 gentes
2685 3308 3004 3374 existentes,
3040 3307 3096 3362 id
3119 3317 3203 3362 est
3227 3307 3349 3378 qui-

1769 3397 1890 3450 dam
1919 3411 1983 3450 ex
2015 3394 2305 3450 incredulis
2346 3394 2620 3466 gentiliter
2668 3395 2993 3458 viventibus,
3035 3395 3348 3466 magniﬁca»

1772 3487 1968 3541 tionem
2003 3496 2238 3540 nostram
2291 3485 2716 3549 considerantes,
2777 3486 3075 3542 adiuvicem
3116 3485 3343 3543 dicent:

1772 3577 1906 3634 Vere
1936 3583 2192 3633 Dominus
2222 3579 2572 3648 magni/ienuit
2601 3596 2718 3633 cum
2764 3580 2836 3633 cis
2878 3579 3050 3649 facere
3074 3595 3254 3647 suum,
3288 3580 3343 3634 id

1769 3681 1848 3725 est
1887 3687 2008 3725 cum
2057 3670 2209 3740 prius
2248 3671 2301 3724 in
2349 3670 2430 3726 eis
2475 3680 2730 3742 operatus
2779 3687 2823 3726 e:
2841 3679 2923 3726 set
2959 3665 3344 3730 obedientiam;

1770 3761 1912 3815 illam
1949 3760 2154 3815 scilicet
2177 3759 2562 3826 obedientiam,
2592 3777 2712 3831 qua:
2755 3769 2839 3816 est
2871 3761 3050 3816 facere
3089 3776 3268 3825 suum,
3296 3762 3348 3814 id

1767 3857 1847 3902 cst
1871 3863 2006 3919 Optls
2032 3864 2208 3911 suum,
2239 3861 2549 3918 quamcum
2590 3850 2671 3904 eis
2696 3861 2950 3919 Operatus
2992 3859 3094 3914 cst,
3139 3851 3351 3906 scilicet

1767 3957 1926 4009 quam
1977 3940 2076 4011 ipsi
2102 3955 2199 4010 per
2243 3939 2470 3995 liberum
2510 3941 2796 3998 arbitrium
2848 3943 3057 4014 operati
3108 3941 3257 4006 sunt,
3288 3952 3344 3995 et

1769 4033 1909 4090 Deus
1935 4048 2054 4088 cmn
2107 4032 2187 4088 eis
2235 4047 2335 4104 per
2382 4023 3013 4106 adjuvantemigratiam
3049 4043 3344 4104 operatur;

1765 4127 2138 4198 magniﬁcarit,
2171 4126 2221 4182 id
2265 4135 2349 4184 est
2377 4126 2718 4198 magniﬁcam
2763 4135 2819 4182 et
2853 4123 3154 4180 mirabilem
3195 4123 3343 4179 fecit.

1765 4219 1841 4274 ita
1871 4219 2122 4275 videlicet
2176 4230 2233 4272 ut
2281 4233 2403 4273 cum
2457 4233 2522 4272 ex
2578 4219 2770 4271 timore
2818 4216 3131 4272 obedissent
3175 4216 3344 4286 prius,

1767 4329 1906 4367 nuttc
1929 4327 1992 4366 ex
2025 4311 2140 4366 solo
2162 4310 2402 4364 serviant
2427 4317 2482 4363 ct
2512 4308 2766 4362 obediant
2797 4322 3006 4362 amore.
3039 4297 3187 4362 istud
3217 4299 3346 4361 tunc

87 4399 255 4456 tivitas
290 4417 361 4456 ex
407 4401 667 4456 dilatione
721 4400 772 4455 in
818 4400 1122 4456 libertatem
1148 4401 1507 4465 convertitur,
1539 4417 1660 4455 cum
1699 4430 1739 4482 υ
1765 4405 1906 4474 quod
1957 4403 2110 4456 initio
2165 4402 2324 4471 hujus
2358 4414 2546 4454 versus
2586 4409 2670 4455 cst
2719 4399 2951 4469 positum
3006 4399 3343 4482 causativum

87 4489 260 4547 ﬁdeles
293 4501 450 4562 gnta
493 4501 618 4547 sunt
653 4507 781 4562 erga
814 4493 980 4548 Deum
1007 4492 1276 4547 charitate
1305 4491 1574 4554 succensi,
1604 4501 1662 4545 ut

86 4597 182 4636 non
221 4582 340 4652 jam
378 4598 448 4638 ex
481 4583 694 4647 timore,
727 4584 821 4640 sed
859 4598 924 4638 ex
954 4584 1066 4639 sola
1104 4583 1344 4638 serviant
1374 4581 1660 4650 dilectione

84 4681 132 4726 ct
157 4675 270 4728 sine
295 4673 484 4742 aliqua
507 4673 851 4740 difﬁcultate;
884 4675 975 4744 qui
1000 4673 1360 4728 nihilominus
1387 4672 1660 4726 servirent

84 4768 121 4818 si
139 4767 343 4820 suillam
361 4781 575 4834 plenam
592 4766 658 4822 de
679 4767 916 4835 peccatis
933 4766 1218 4821 imminere
1243 4772 1657 4836 cognoscerent,

83 4871 112 4910 a
157 4858 520 4912 similitudine
566 4856 881 4924 liberorum,
907 4857 1000 4926 qui
1055 4855 1301 4912 serviunt
1351 4856 1658 4926 spontanei,

83 4963 180 5002 non
212 4950 398 5019 aliqua
420 4949 746 5005 necessitate
766 4950 960 5006 coacti.

145 5037 170 5090 I
179 5039 570 5094 nconcertentlo
584 5039 860 5104 Dominus,
875 5050 984 5095 etc.
1001 5040 1042 5094 ll
1051 5056 1154 5094 unc
1168 5039 1423 5094 nimirum
1440 5051 1652 5091 versum

83 5144 196 5184 cum
215 5131 456 5202 quodam
476 5132 664 5186 ordine
687 5132 929 5201 incipiat,
957 5135 1058 5187 hoc
1099 5133 1292 5187 ordine
1317 5130 1520 5186 omisso
1551 5130 1659 5184 alio

82 5222 264 5276 ordine
296 5223 438 5277 linit.
468 5222 600 5278 Cum
617 5223 760 5277 enim
790 5223 1110 5292 principium
1132 5222 1209 5276 sic
1233 5229 1425 5290 ponat:
1446 5219 1512 5272 In
1531 5237 1656 5273 con-

84 5315 320 5368 uertenda
347 5314 599 5367 Dominus
622 5315 972 5383 captivitatem
1003 5314 1154 5378 Sion,
1181 5321 1237 5368 et
1283 5321 1402 5382 post
1439 5312 1661 5367 deberet

85 5401 274 5458 addere
284 5404 464 5458 factus
475 5415 559 5459 est
569 5404 958 5474 magnificatus,
979 5404 1078 5468 vel,
1091 5404 1264 5458 factus
1278 5411 1362 5457 est
1373 5401 1657 5471 gloriosus,

87 5492 161 5548 vel
189 5493 396 5564 aliquid
413 5495 698 5564 tale,quod
719 5493 885 5564 priori
901 5493 1153 5564 positioni
1183 5492 1518 5555 conveniret,
1558 5491 1660 5545 hoc

85 5583 367 5647 positionis
390 5585 581 5639 ordine
616 5583 859 5647 dimisso,
911 5584 1059 5651 ponit
1102 5583 1262 5636 aliam
1313 5581 1657 5650 positionem,

86 5688 202 5739 quae
236 5676 404 5745 priori
433 5677 704 5731 coliterere
751 5692 853 5730 non
889 5675 1132 5740 videtur;
1179 5675 1329 5740 ponit
1359 5673 1500 5730 enim
1534 5673 1660 5741 [acti

1763 4502 1868 4557 est,
1900 4492 2038 4546 idem
2063 4489 2247 4546 valens
2275 4505 2340 4544 ac
2381 4491 2425 4545 si
2457 4491 2571 4545 ideo
2601 4483 2910 4560 penerctur.
2944 4481 3144 4546 Positis
3168 4483 3349 4545 verbis

1768 4585 2007 4655 ipsarum
2048 4581 2313 4654 gentium,
2347 4596 2466 4650 quae
2500 4583 2564 4636 de
2592 4582 2830 4654 ipsorum
2875 4580 3075 4637 facient
3098 4582 3352 4652 magniﬁ-

1765 4675 1999 4741 catione,
2033 4675 2275 4745 ipsarum
2304 4673 2464 4728 verba
2505 4687 2572 4728 ex
2609 4671 2776 4726 nimia
2805 4671 2990 4726 laetitia
3016 4672 3082 4726 ad
3115 4672 3205 4728 Dei
3234 4672 3349 4728 lau-

1765 4768 1888 4822 dem
1919 4765 2222 4822 concedunt
2252 4767 2366 4820 sic:
2404 4763 2659 4830 Quidam,
2697 4763 2942 4832 inquam,
2984 4763 3126 4818 inter
3155 4772 3348 4834 gentes

1765 4859 2000 4913 dicent:
2050 4856 2408 4926 Magniﬁcavit
2465 4855 2718 4909 Dominus
2780 4858 2951 4923 facere
3013 4843 3169 4912 suum
3225 4874 3343 4910 cum

1776 4949 1884 5011 eis,
1931 4955 1998 5000 et:
2033 4929 2222 5001 verum
2273 4943 2503 4998 dicent:
2558 4937 2912 5013 Magni/traria
2967 4943 3127 5015 522
3190 4960 3343 4998 nam-

1763 5055 1868 5111 que
1911 5039 2166 5093 Dominus
2219 5036 2391 5105 facere
2426 5050 2580 5090 suum
2643 5038 2932 5106 nobiscum,
2985 5049 3038 5094 et
3067 5040 3186 5094 ideo
3215 5039 3342 5108 facti

1763 5147 1943 5188 sumus
1965 5129 2225 5192 ltrtuntes,
2251 5135 2307 5181 et
2327 5125 2570 5181 exterius
2605 5125 2657 5180 in
2707 5127 2910 5197 lingua,
2951 5137 3006 5183 et
3033 5128 3260 5184 interius
3288 5131 3340 5184 in

1761 5233 1878 5274 ore.
1915 5215 1986 5274 Ut
2024 5222 2203 5267 autent
2254 5211 2427 5280 magis
2472 5211 2746 5282 magisque
2796 5209 3058 5278 laetemur,
3098 5229 3338 5279 oramus.

1767 5317 2024 5372 converte,
2064 5303 2304 5370 Domine,
2336 5303 2631 5357 secundum
2665 5301 3042 5368 intentionem,
3070 5306 3343 5373 captivita-

1767 5409 1867 5453 tem
1901 5407 2130 5450 nostram
2156 5393 2209 5448 in
2237 5392 2563 5456 libertatem,
2595 5389 2800 5457 scilicet
2827 5405 2947 5444 cum
2975 5391 3088 5462 jam
3123 5393 3194 5448 sit
3216 5411 3344 5450 con-

1769 5504 1946 5551 versa,
1971 5480 2159 5556 utjatn
2189 5485 2458 5540 libertatis
2498 5496 2681 5537 amore
2709 5481 3044 5565 obediatnus,
3083 5485 3341 5540 intentius

1767 5589 2003 5633 converte
2043 5588 2101 5631 ut
2138 5577 2308 5646 magis
2347 5574 2615 5630 libertatis
2659 5590 2844 5630 amore
2886 5577 3340 5645 obcdiamus,vel

1767 5681 2001 5725 courerte
2030 5668 2323 5726 secundum
2345 5666 2825 5739 perseverantiam.
