3962 6318
592 308 728 364 1527

1133 298 1191 354 S.
1233 294 1578 353 BRUNONIS
1614 283 2253 348 CARTHUSIANORUM
2287 282 2769 341 INSTITUTORIS
2807 282 2959 341 OPI’.
3001 283 3180 339 PARS
3219 282 3263 337 Ι.

3726 283 3840 341 13Ξ8

660 419 929 483 Converte,
963 428 1207 485 mquam,
1239 413 1591 481 captivitatem
1619 408 1671 462 in
1698 407 2026 465 libertatem,
2050 415 2170 470 quae
2200 405 2245 464 Α
2273 413 2384 467 prae
2411 396 2583 451 oculis
2612 398 2833 464 mentis,
2874 396 3020 466 quod
3062 397 3107 452 si
3134 396 3423 462 Salomon,
3451 395 3545 465 qui
3581 404 3760 450 tantus
3782 401 3842 453 vir

592 515 824 568 sitsicut
860 520 1061 563 torrens
1090 508 1141 559 in
1171 516 1374 569 austro,
1409 504 1461 558 id
1492 510 1575 555 est
1608 500 1658 553 in
1687 509 1930 565 tempore
1974 496 2168 548 austri.

593 604 746 658 Sicut
785 602 929 657 enim
961 608 1146 652 austro
1175 604 1372 658 stante,
1407 592 1495 662 qui
1530 590 1704 643 nivem
1735 598 1790 641 et
1816 586 2044 657 glaciem
2080 600 2169 639 re-

592 695 778 757 solvit,
815 702 1027 746 torrens
1057 686 1286 757 quilibet
1336 699 1398 737 ex
1451 682 1565 750 ipsa
1624 677 1826 732 nivium
1877 684 1933 730 et
1981 674 2171 744 glaeiei

592 783 924 838 resolutione
952 778 1169 841 crescit,
1194 784 1248 828 et
1284 773 1361 826 sic
1392 785 1518 824 cum
1559 768 1761 836 impetu
1786 765 1959 818 ﬂuens
1989 765 2167 817 omnia

594 875 865 932 obstantia
914 869 1180 942 propellit,
1230 864 1310 918 sic
1356 870 1411 916 et
1440 861 1605 915 libera
1649 858 1953 913 obedientia
1991 867 2169 910 nostra

593 984 691 1038 per
717 968 974 1037 Spiritum
1009 967 1254 1017 sanctum
1284 969 1558 1019 crescens,
1601 952 1690 1021 qui
1726 966 1885 1006 omne
1918 950 2169 1004 vitiorum

594 1057 717 1130 gelu
752 1052 999 1112 dissolvit
1025 1048 1154 1103 etin
1188 1045 1343 1100 nobis
1368 1042 1654 1099 cbaritatis
1680 1041 1949 1095 fervorem
1977 1055 2171 1093 accen-

594 1149 699 1213 dit,
732 1147 795 1201 ad
826 1139 1157 1199 Hierusalem
1187 1136 1460 1191 eteleslem
1491 1150 1612 1189 cum
1648 1135 1913 1188 bonorum
1943 1146 2169 1201 operum

593 1242 794 1310 impetu
831 1233 999 1290 tendit
1025 1239 1078 1286 et
1105 1230 1286 1283 omnia
1322 1227 1663 1283 saecularium
1701 1226 2036 1295 voluptatum
2070 1223 2172 1279 im-

591 1329 896 1397 pedimenta
942 1320 1213 1392 prOpellit.
1258 1318 1492 1388 Spiritus
1522 1327 1699 1371 autem
1742 1325 1961 1371 sanctus
1992 1323 2172 1369 auster

588 1432 825 1489 congrue
859 1422 1039 1484 potest
1069 1412 1197 1476 diei,
1228 1426 1293 1464 eo
1334 1409 1475 1479 quod
1520 1407 1707 1473 corda,
1751 1406 2006 1461 vitiorum
2050 1404 2169 1472 gelu

590 1511 874 1575 obdurata,
909 1506 1103 1575 saepius
1149 1504 1345 1557 ardore
1372 1501 1653 1556 cbaritalis
1702 1498 1965 1555 accendit.
2014 1497 2171 1554 Unde

590 1604 643 1658 in
698 1602 982 1657 Canticis:
1040 1618 1058 1651 ι
1118 1598 1321 1667 Surge,
1388 1595 1607 1666 aquilo;
1672 1602 1726 1650 et
1768 1593 1924 1660 veni,
1988 1601 2172 1647 auster

590 1691 769 1758 (Cant.
802 1706 873 1754 tv,
908 1688 1017 1757 16),
1050 1706 1067 1740 ι
1102 1694 1208 1741 etc.
1241 1684 1507 1751 Quoniam
1530 1685 1595 1739 de
1619 1684 1915 1738 intentione
1945 1696 2171 1738 conver-

2276 499 2328 543 et
2358 500 2468 542 tam
2521 490 2741 558 sapiens
2774 498 2828 544 et
2856 490 3019 543 etiam
3050 491 3315 559 propheta
3346 488 3582 552 exstitit,
3613 489 3663 542 in
3698 489 3844 543 idolo.

2273 579 2486 633 latriam
2517 579 2749 644 cecidit,
2783 579 2953 634 multo
2982 580 3155 650 magis
3179 595 3277 633 nos
3302 568 3464 648 longe
3491 579 3725 633 minores
3746 597 3842 650 pos-

2271 668 2427 723 sibile
2454 677 2536 723 est
2562 671 2777 723 cadere.
2812 671 2879 725 Et
2923 671 3002 725 sic
3048 686 3263 739 semper
3295 671 3362 724 de
3399 686 3530 725 casu
3554 672 3764 726 solliciti
3792 675 3846 727 si-

2275 774 2416 819 mus,
2447 767 2502 812 et
2536 759 2588 812 in
2643 760 2948 814 humilitate
2995 764 3374 831 pcrsistamus,
3428 762 3560 816 illud
3593 778 3688 831 pro
3717 776 3844 819 certo

2284 859 2594 918 reputantes
2623 851 2767 919 quod
2797 866 3011 921 semper
3033 853 3098 906 ad
3120 868 3304 908 casum
3332 853 3490 921 proni
3543 868 3748 919 sumus,
3774 858 3846 909 Sed

2272 941 2412 1009 quod
2445 950 2675 1005 stamus,
2715 941 2945 997 Domino
2974 945 3310 998 custodiente
3353 955 3591 997 stamus.
3619 943 3744 997 Hmc
3768 961 3842 999 att-

2274 1039 2381 1083 tem
2414 1028 2645 1084 cadendi
2686 1032 3012 1096 sollicitudo,
3056 1033 3108 1085 in
3152 1032 3467 1087 humilitate
3492 1049 3723 1088 octavus
3747 1050 3842 1103 gra-

2270 1124 2372 1176 dus
2400 1132 2500 1177 est.
2534 1123 2626 1178 Est
2662 1135 2843 1178 autem
2891 1122 2943 1177 in
2994 1123 3095 1177 hoc
3140 1122 3351 1193 psalmo
3397 1139 3505 1178 vox
3553 1129 3843 1179 earumdem

2273 1215 2662 1285 perfecturum,
2715 1216 2806 1285 qui
2863 1215 2917 1269 in
2962 1216 3338 1285 superioribus
3383 1216 3647 1286 gradibus
3679 1227 3843 1286 agunt,

2272 1306 2673 1360 ostendentium
2698 1306 2762 1359 ad
2778 1306 3142 1376 generandam
3168 1305 3219 1358 in
3244 1306 3402 1360 nobis
3417 1306 3843 1369 sollicitudinem,

2274 1395 2415 1465 quod
2446 1395 2585 1451 sicut
2626 1395 2821 1465 aliquis
2860 1395 2950 1449 Dei
2980 1396 3171 1448 domus
3202 1397 3389 1464 nequit
3427 1394 3593 1458 eﬁiei,
3629 1396 3731 1449 nisi
3764 1399 3847 1451 Deo

2273 1487 2597 1553 :mliﬁcantc,
2626 1488 2728 1542 nisi
2763 1488 2870 1541 Deo
2898 1487 3261 1552 custodiente,
3306 1488 3380 1543 ita
3416 1498 3712 1559 postquam
3736 1490 3841 1544 mdi-

2275 1580 2467 1634 licatus
2499 1592 2603 1644 est,
2635 1589 2782 1635 state
2814 1582 3017 1650 nequit.

2346 1670 2504 1742 523
2545 1671 2664 1725 Nisi
2712 1672 2965 1726 Dominus
2999 1674 3338 1741 custodierit,
3372 1682 3482 1729 etc.
3536 1672 3741 1729 Versus
3770 1675 3851 1732 iste

589 1755 758 1835 sionis
808 1755 1143 1849 captivitatis
1190 1778 1242 1831 in
1296 1776 1602 1830 libertatem
1661 1782 1934 1839 oraverat,
1990 1782 2170 1844 posset
2204 1755 2246 1812 Β
2276 1766 2484 1834 primus
2534 1763 2599 1817 ad
2656 1765 3028 1834 probationem
3076 1767 3354 1834 sequentis
3410 1769 3734 1837 praemissus
3765 1780 3847 1823 est.

589 1873 736 1927 dici:
774 1871 953 1938 Quare
1008 1878 1164 1938 optas
1216 1866 1521 1937 hujusmodi
1570 1865 1900 1930 libertatem,
1934 1879 2052 1934 qua:
2076 1879 2174 1918 nec

590 1964 753 2019 etiam
778 1963 1005 2017 dicenda
1039 1971 1122 2017 cst
1155 1961 1396 2022 libertas,
1425 1973 1548 2013 cum
1590 1955 1790 2026 plures,
1826 1957 1879 2011 in
1907 1957 2008 2011 hac
2039 1957 2173 2012 obc-

591 2052 810 2106 dientite
839 2051 1094 2105 libertate
1132 2049 1359 2119 positos,
1402 2055 1480 2101 tot
1515 2053 1764 2116 oporteat
1802 2044 2175 2099 tribulationes

591 2141 739 2210 pati?
775 2139 853 2194 Ad
908 2140 1051 2209 quod
1102 2139 1181 2193 sic
1212 2138 1401 2191 addit:
1438 2137 1578 2190 Bene
1627 2137 1727 2190 hoc
1754 2146 1901 2206 opto.
1937 2135 1992 2189 Si
2030 2137 2173 2191 enim

592 2247 692 2301 pro
723 2231 1025 2299 huiusmodi
1059 2228 1363 2283 obedientia
1409 2226 1781 2282 tribulationes
1810 2214 2171 2293 ocemrerint,

595 2339 703 2376 non
732 2331 814 2377 est
843 2321 910 2376 ab
938 2320 1244 2377 obedientia
1290 2318 1680 2384 desistendum,
1721 2319 1815 2374 sed
1852 2332 1917 2372 eo
1944 2317 2175 2387 amplius

596 2415 649 2479 in
679 2414 810 2483 ipsis
842 2411 1280 2466 tribulationibus
1320 2418 1448 2465 sunt
1486 2411 1641 2466 bona:
1661 2408 1983 2465 obedientize
2011 2423 2174 2477 opera

597 2504 933 2559 seminando.
971 2503 1074 2569 Qui
1121 2503 1263 2556 enim
1309 2501 1399 2556 hic
1443 2503 1699 2555 seminant
1745 2501 1883 2555 bona
1932 2515 2093 2569 opera
2122 2502 2175 2554 in

596 2596 867 2666 lacrymis,
894 2595 944 2650 id
980 2604 1064 2650 est
1093 2594 1144 2649 in
1177 2592 1632 2660 tribulationibus,
1664 2608 1784 2663 quae
1815 2593 2065 2661 lacryma:
2089 2593 2173 2647 di-

598 2699 799 2743 cuntur
833 2703 897 2743 eo
927 2686 1068 2756 quod
1107 2684 1513 2741 tribulationum
1552 2699 1730 2740 causa:
1780 2694 1927 2751 sunt,
1980 2701 2035 2739 tn
2082 2683 2171 2738 l'u-

599 2788 720 2832 turo
772 2785 957 2830 metent
1005 2774 1355 2830 beatitudinis
1396 2783 1611 2827 mterna’.
1656 2773 2175 2839 remunerationem,

594 2878 649 2923 et
678 2868 781 2923 hoc
802 2884 916 2921 cum
943 2866 1307 2931 exsultatione,
1338 2879 1366 2918 a
1402 2864 1753 2921 similitudine
1793 2865 2176 2927 ruricolarum,

596 2958 687 3027 qui
716 2973 837 3012 eum
872 2956 1053 3011 labore
1091 2955 1360 3010 seminam
1395 2955 1536 3023 quod
1565 2968 1687 3009 cum
1717 2954 1913 3025 gaudio
1940 2962 2174 3019 metunt,

595 3058 651 3101 et
678 3047 797 3103 ideo
826 3061 1038 3118 quoque
1085 3045 1137 3100 in
1171 3044 1605 3099 tribulationibus
1634 3052 1797 3115 Opera
1831 3046 1969 3099 bona
2008 3045 2174 3100 semi-

2278 1856 2431 1911 Unde
2455 1857 2628 1926 palam
2660 1867 2742 1911 est
2765 1900 2779 1924 ,
2812 1872 3152 1927 consequens
3189 1875 3378 1916 versus
3414 1860 3598 1931 primo
3628 1859 3748 1916 loco
3788 1863 3851 1917 sic

2276 1951 2623 2019 exponendas
2650 1960 2733 2005 est
2758 1967 2771 2003 :
2796 1950 2989 2005 Dicunt
3019 1949 3270 2019 perfecti,
3303 1952 3397 2021 qui
3434 1952 3527 2006 hic
3556 1962 3750 2021 agunt,
3776 1969 3851 2007 ao-

2276 2039 2538 2095 diloribus
2566 2060 2577 2094 :
2611 2041 2655 2096 Ο
2692 2056 2784 2096 vos
2813 2042 2997 2096 ﬁdeles
3024 2084 3038 2108 ,
3078 2058 3309 2113 quorum
3352 2044 3469 2113 jam
3496 2045 3787 2113 captivitas
3812 2047 3852 2099 in

2277 2130 2576 2185 libertatem
2604 2147 2865 2187 conversa
2912 2142 3030 2196 est,
3095 2147 3310 2203 semper
3354 2135 3424 2188 de
3471 2150 3603 2189 casu
3657 2134 3854 2190 solliciti

2276 2232 2471 2285 estote,
2497 2223 2622 2277 illud
2648 2233 2983 2291 reputantes,
3018 2225 3187 2293 quod,
3210 2240 3309 2295 per
3329 2228 3497 2280 vestri
3527 2226 3822 2280 custodiam
3840 2269 3853 2290 ,

2277 2314 2599 2381 impetentes
2622 2314 2754 2367 estis
2770 2314 2835 2368 ad
2862 2317 3135 2369 standum.
3177 2314 3299 2369 Nisi
3319 2316 3469 2370 enim
3497 2315 3757 2370 Dominus
3777 2333 3857 2386 per

2277 2407 2505 2476 gratiam
2536 2407 2837 2460 custodierit
2864 2407 3120 2460 civitatem
3144 2444 3160 2473 ,
3199 2406 3251 2461 id
3300 2417 3387 2460 est
3432 2423 3857 2477 unumquemque

2276 2497 2573 2565 perfectum
2605 2498 2814 2551 ﬁdelem
2834 2537 2849 2563 ,
2881 2498 2970 2567 qui
3011 2497 3101 2552 Dei
3132 2498 3326 2552 civitas
3352 2499 3564 2553 dicitur
3588 2541 3603 2565 ,
3637 2514 3709 2554 eo
3731 2501 3853 2567 quod

2278 2517 2573 2565 [)BI'ICCUIIH
2605 2517 2849 2563 IIUCICID,
2881 2517 2969 2567 (μΙΙ
3012 2517 3101 2552 DEI
3132 2517 3326 2552 ClVIlaS
3352 2517 3564 2553 (IICIHII'
3588 2541 3603 2565 ,
3637 2517 3709 2554 eo
3768 2517 3853 2553 11011

2278 2589 2516 2643 abundat
2539 2588 2820 2659 multiplici
2852 2588 3005 2658 copia
3037 2589 3329 2654 virtutum,
3365 2588 3513 2644 sicut
3540 2517 3858 2645 civitas‘lreo

2278 2682 2499 2750 quentia
2523 2682 2759 2735 civium:
2791 2681 2991 2750 [rustra
3016 2721 3033 2747 ,
3089 2680 3141 2736 id
3186 2696 3272 2737 es.
3299 2683 3597 2747 inutiliter,
3656 2683 3854 2753 vigilat,

2280 2771 2331 2825 id
2358 2782 2441 2835 est
2464 2770 2610 2841 vigili
2643 2772 2852 2827 ratione
2881 2773 3072 2826 nititur
3092 2812 3109 2837 ,
3148 2773 3238 2841 qui
3266 2773 3498 2826 custodit
3526 2790 3646 2826 eam
3674 2812 3691 2838 ,
3721 2775 3769 2827 id
3793 2786 3859 2827 est

2278 2862 2590 2933 quicunque
2619 2872 2770 2931 putat
2793 2877 2910 2917 eam
2936 2876 2965 2915 a
2998 2878 3125 2917 casu
3164 2862 3444 2917 custodire
3467 2904 3483 2927 ,
3518 2865 3639 2918 sive
3670 2867 3741 2918 sit
3778 2864 3858 2916 ali-

2281 2954 2404 3024 quis
2433 2954 2711 3024 prtelatus,
2744 2956 2812 3010 ad
2838 2971 2997 3025 quem
3034 2955 3269 3024 pertinet
3294 2955 3585 3026 invigilare
3613 2958 3861 3013 custodire

2283 3045 2652 3113 subditorum,
2684 3046 2798 3101 sive
2822 3047 2891 3101 sit
2922 3046 3034 3116 ipsa
3058 3047 3246 3103 eadem
3288 3048 3508 3102 civitas.
3566 3049 3703 3104 Inde
3748 3065 3861 3103 vero

599 3138 775 3190 nanda
815 3145 964 3201 sunt,
997 3144 1195 3190 utcum
1218 3136 1414 3206 gaudio
1440 3135 1493 3190 in
1519 3135 1698 3190 futuro
1728 3144 2021 3203 metantur,
2050 3151 2179 3206 quo-
2208 3135 2251 3194 C
2285 3144 2497 3187 eertum
2565 3143 2648 3188 est
2706 3136 2864 3206 quia,
2915 3135 3017 3190 nisi
3081 3135 3192 3189 Don
3219 3138 3309 3192 ino
3364 3139 3717 3194 custodiente
3769 3155 3859 3192 non

598 3231 744 3283 niam
774 3228 942 3283 sancti
970 3227 1178 3294 Patres,
1204 3227 1373 3282 nostri
1403 3228 1855 3297 praedecessores,
1882 3237 2061 3281 euntes
2088 3228 2177 3283 hic

589 3320 665 3375 ad
698 3328 927 3373 mortem
955 3319 1099 3372 ibant
1136 3328 1184 3371 et
1228 3317 1455 3386 ﬂebant,
1476 3318 1528 3372 id
1560 3326 1642 3372 est
1678 3318 1825 3371 ibant
1850 3318 1916 3371 ad
1948 3327 2178 3371 mortem

597 3427 722 3468 cum
755 3412 902 3477 lletu,
935 3411 1140 3466 scilicet
1166 3412 1418 3481 passione
1450 3411 1881 3477 tribulationum,
1913 3428 2035 3481 qua:
2081 3428 2180 3483 per

598 3503 782 3558 ﬂetum
838 3502 1208 3573 accipiuntur,
1262 3516 1327 3557 eo
1378 3501 1523 3572 quod
1578 3501 1735 3558 ﬂetus
1792 3517 1969 3557 causa:
2032 3512 2177 3559 sunt.

601 3593 782 3659 Ibant,
834 3592 1074 3663 inquam,
1112 3608 1235 3647 cum
1275 3592 1425 3659 ﬁetu,
1456 3593 1710 3647 mittentes
1762 3602 1940 3648 tamen
1980 3594 2179 3648 semina

600 3699 721 3747 sua,
748 3683 797 3737 id
833 3692 915 3737 est
937 3698 1099 3752 opera
1136 3684 1295 3737 bona.
1340 3681 1607 3736 Venientes
1647 3692 1820 3736 autent
1851 3684 1916 3738 ad
1946 3684 2178 3753 patriam

602 3774 902 3839 etelestem,
926 3782 981 3827 et
1000 3773 1292 3828 secundum
1315 3788 1512 3842 corpus
1536 3781 1591 3828 et
1620 3774 1916 3829 secundum
1946 3774 2178 3828 animam

605 3867 659 3920 in
707 3864 1130 3929 resurrectione,
1164 3864 1255 3933 qui
1282 3862 1500 3918 fuerunt
1538 3864 1595 3918 in
1623 3864 1844 3919 tristitia
1882 3863 2180 3920 tribulatio-

603 3971 764 4023 num,
800 3954 998 4011 venient
1029 3971 1147 4009 cum
1190 3955 1536 4009 exsultatione
1582 3964 1867 4027 perpetua,
1913 3966 2179 4025 portantes

602 4045 919 4117 manipulos,
956 4045 1011 4101 id
1050 4055 1133 4100 est
1177 4045 1439 4099 habentes
1466 4046 1760 4098 maximum
1789 4045 1997 4113 pondus
2025 4055 2181 4099 mter-

603 4155 686 4193 nae
732 4138 945 4210 glorize,
982 4137 1123 4207 quod
1170 4136 1411 4191 inanitur
1461 4151 1558 4207 per
1587 4137 1688 4191 hoc
1732 4136 1874 4205 quod
1903 4136 2031 4191 dicit
2061 4154 2180 4207 por-

604 4239 793 4282 tantes.
842 4227 921 4282 De
963 4242 1155 4296 magna
1208 4240 1400 4295 nempe
1438 4241 1517 4291 re,
1568 4240 1952 4281 consuevnnns
2000 4226 2180 4281 dicere

603 4326 840 4388 portare.
891 4316 1104 4371 Dictum
1150 4325 1233 4371 est
1262 4327 1441 4370 autem
1484 4330 1515 4369 a
1551 4315 1902 4370 similitudine
1932 4315 2177 4384 cultoris,

603 4412 696 4481 qui
725 4411 778 4465 in
809 4419 1048 4478 tempore
1072 4408 1263 4463 messis
1285 4423 1409 4463 cum
1439 4407 1799 4463 exsultatione
1828 4410 2062 4464 maxima
2090 4426 2178 4465 se-

2283 3235 2458 3295 potest
2486 3226 2675 3283 civitas
2702 3228 2993 3291 custodiri,
3024 3228 3278 3297 quoniam
3337 3228 3613 3299 imprimis
3648 3231 3748 3284 nisi
3772 3230 3861 3284 Do-

2281 3318 2453 3371 minus
2482 3318 2816 3386 aedificaverit
2836 3320 3078 3384 domum,
3132 3320 3183 3373 id
3220 3331 3303 3374 est
3351 3322 3457 3375 nisi
3494 3322 3758 3377 Dominus
3780 3339 3863 3391 per

2281 3406 2441 3461 ﬁdem
2479 3414 2534 3461 et
2564 3416 2909 3476 peccatorum
2940 3410 3317 3465 remissionem
3344 3420 3403 3465 et
3443 3413 3681 3467 virtutes
3708 3414 3861 3467 amiti-

2281 3499 2489 3555 caverit
2514 3515 2955 3572 unumquemque
2978 3501 3189 3557 ﬁdelem
3212 3503 3472 3569 domum,
3527 3506 3581 3559 in
3623 3521 3727 3575 qua
3762 3506 3865 3574 ipse

2281 3589 2598 3658 spiritaliter
2626 3589 2983 3654 inbabitaret,
3008 3592 3064 3644 in
3095 3607 3283 3644 ranam
3322 3591 3705 3647 laboraverunt
3734 3610 3861 3663 pra.»

2281 3681 2554 3737 dicatores
2581 3684 2951 3750 praedicando,
2998 3684 3086 3755 qui
3132 3684 3310 3739 adhuc
3341 3682 3559 3755 iugiter
3607 3688 3860 3754 trdiﬁceat

2280 3788 2418 3838 eam,
2441 3773 2553 3844 jam
2584 3776 2634 3829 in
2668 3792 2857 3847 magna
2889 3785 3041 3847 parte
3064 3777 3413 3833 tediﬁcatam.
3442 3778 3513 3832 Et
3543 3780 3709 3834 etiam
3742 3781 3836 3848 ipsi

2282 3872 2391 3915 met
2414 3863 2504 3932 qui
2538 3863 2729 3918 domus
2757 3874 2922 3932 sunt,
2980 3881 3123 3921 nunc
3162 3868 3215 3920 in
3257 3883 3456 3921 vanum
3505 3868 3864 3924 laboraverunt
3958 3863 3959 3935 Ϊ

2282 3952 2419 4007 bono
2444 3956 2594 4023 operi
2626 3956 2903 4023 vacando,
2941 3958 3030 4026 qui
3059 3970 3121 4012 se
3146 3957 3323 4012 adhuc
3355 3958 3571 4029 jugiter
3610 3976 3707 4030 per
3742 3961 3869 4013 libc-
3958 3964 3959 4017 ξ

2282 4056 2398 4094 rum
2424 4042 2707 4097 arbitrium
2736 4054 2791 4098 et
2819 4060 2954 4114 opus
2985 4046 3182 4100 bonum
3204 4046 3310 4100 Deo
3332 4047 3563 4103 domum
3585 4050 3863 4103 aediﬁcant.
3958 4068 3959 4071 η

2282 4130 2433 4196 Quod
2468 4141 2551 4186 est
2581 4133 2801 4189 dicere:
2841 4133 2955 4189 Non
2982 4134 3158 4203 potuit
3196 4134 3393 4192 domus
3459 4138 3723 4195 aadiﬁcari
3772 4140 3864 4193 nisi

2281 4222 2511 4278 Domino
2539 4225 2865 4280 tediﬁeante.

2352 4315 2617 4381 Quoniam
2677 4317 2868 4386 igitur,
2920 4331 2951 4371 ο
2990 4314 3298 4381 auditores,
3326 4316 3459 4373 licet
3506 4319 3697 4375 civitas
3734 4322 3863 4380 sitis,

2284 4408 2419 4463 adeo
2456 4417 2635 4481 tamen
2663 4408 2870 4463 debiles
2912 4409 3048 4462 estis
3084 4418 3271 4463 utnon
3301 4411 3532 4479 possitis
3574 4422 3719 4468 stare
3773 4415 3865 4467 nisi

604 4502 811 4557 minum
835 4515 1054 4556 suorum
1084 4500 1384 4571 manipulos
1409 4508 1607 4570 portat.
1652 4499 1805 4554 Unde
1847 4502 2102 4560 Dominus
2128 4505 2178 4559 in
2212 4484 2257 4541 Ῑ)
2288 4500 2511 4553 Domino
2537 4501 2874 4556 custodiente
2902 4503 3138 4569 (semper
3166 4502 3309 4553 enim
3346 4503 3433 4556 hic
3468 4503 3624 4571 proni
3650 4505 3785 4556 e:t§s
3806 4504 3868 4555 ait

608 4593 895 4663 Evangelio
924 4594 1055 4649 dlcit
1085 4610 1098 4648 :
1151 4611 1168 4642 ι
1200 4593 1349 4647 Beati
1381 4593 1472 4661 qui
1502 4596 1932 4662 persecutionem
1960 4597 2176 4665 patiun-

609 4692 696 4736 tur
719 4693 937 4753 propter
955 4682 1244 4752 justitiam,
1288 4683 1543 4752 quoniam
1572 4682 1811 4753 ipsorum
1842 4694 1924 4740 est
1954 4700 2177 4757 regnum

608 4775 867 4830 ctelorum
891 4772 1105 4847 (Matth.
1133 4790 1182 4835 ν,
1216 4774 1325 4845 10).

1044 4863 1110 4918 IN
1147 4862 1472 4919 PSALMUM
1511 4863 1741 4920 CXXVI.

681 4957 876 5013 Psalmi
927 4957 1207 5012 centesimi
1254 4956 1489 5011 vicesimi
1544 4957 1680 5010 sexti
1739 4955 1946 5011 titulus.
1993 4956 2179 5011 Canti-

610 5065 727 5101 cum
756 5048 1017 5117 graduum
1054 5044 1369 5100 Salomonis.
1399 5046 1549 5112 Quod
1577 5054 1660 5101 est
1689 5046 1866 5101 dicere
1894 5063 1906 5099 :
1936 5045 2182 5102 Psalmus

609 5143 712 5196 iste
742 5149 825 5194 est
854 5141 1111 5194 canticum
1140 5138 1398 5208 graduum
1433 5140 1555 5203 hoc,
1587 5146 1645 5190 ut
1690 5138 1936 5207 snperius
1957 5137 2179 5206 exponi-

611 5243 719 5286 tur.
747 5231 1019 5286 Canticum
1042 5230 1161 5285 dico
1184 5230 1650 5285 commonitorium
1676 5227 1991 5294 Salomonis,
2020 5230 2071 5282 id
2095 5239 2179 5285 est

611 5323 831 5375 mittens
878 5336 979 5376 nos
1026 5323 1092 5373 ad
1137 5319 1500 5382 Salomonem,
1539 5318 1708 5371 ﬁlium
1758 5317 1943 5384 David,
1996 5335 2175 5390 regem

609 5413 800 5469 Israel.
853 5400 1185 5467 Adhortatnr
1232 5424 1465 5479 namque
1498 5424 1595 5462 nos
1648 5410 1730 5462 sui
1770 5410 2064 5475 evidentia,
2098 5419 2177 5475 ul,

613 5512 897 5572 postquam
945 5501 1013 5561 ad
1066 5502 1372 5555 libertatem
1446 5498 1877 5563 ascenderimus,
1926 5516 1993 5554 ne
2055 5511 2179 5557 tunc

613 5601 799 5662 postea
836 5606 934 5646 nos
984 5605 1090 5644 non
1141 5606 1297 5659 posse
1326 5590 1550 5645 ulterius
1597 5587 1790 5644 cadere
1826 5589 2178 5657 conﬁdamus,

616 5690 675 5734 et
696 5682 775 5735 sie
800 5681 1169 5737 insolescendo
1196 5682 1481 5748 cudamus;
1513 5682 1639 5737 illud
1680 5696 1891 5751 semper
1925 5683 2184 5737 habentes

2286 4592 2719 4661 casum),vanum
2748 4601 2821 4646 est
2850 4593 2993 4646 vobis
3021 4603 3141 4646 ante
3164 4591 3352 4657 lucem,
3378 4592 3431 4647 id
3456 4605 3537 4648 est
3556 4604 3678 4648 ante
3708 4593 3863 4646 aliam

2287 4682 2486 4746 vitam,
2527 4697 2647 4750 qum
2688 4682 2887 4735 dicitur
2915 4684 3002 4735 lux
3032 4698 3127 4751 per
3151 4684 3590 4737 antonomasiam
3636 4700 3697 4737 eo
3729 4684 3868 4751 quod

2286 4773 2339 4826 in
2373 4787 2434 4826 ea
2468 4773 2701 4840 perfecta
2730 4772 2835 4826 crit
2870 4772 3189 4827 illutninatio
3210 4811 3224 4836 ,
3263 4789 3484 4842 surgere
3511 4774 3561 4826 in
3593 4773 3871 4827 conﬁdet:-

2288 4862 2415 4915 tiatn
2454 4877 2561 4917 non
2581 4862 2825 4917 cadendi.
2874 4862 2949 4917 De
2997 4861 3363 4916 sollicitudine
3403 4864 3630 4917 cadendi
3678 4864 3871 4931 inqua

2287 4953 2492 5007 debetis
2515 4954 2601 5007 hic
2632 4968 2847 5022 semper
2859 4953 3127 5008 humiliari
3150 4970 3166 5019 ;
3192 4953 3285 5007 sed
3306 4964 3585 5023 postquam
3611 4956 3865 5010 strictius.

2287 5045 2340 5099 id
2362 5053 2443 5101 est
2470 5054 2750 5115 postquam
2787 5046 2838 5099 in
2877 5045 2979 5100 bac
3016 5047 3121 5098 vita
3158 5045 3381 5099 ﬁnietur
3422 5047 3598 5101 sessio
3644 5056 3831 5100 vestra
3856 5087 3871 5110 ,

2286 5135 2338 5189 id
2376 5145 2461 5191 est
2492 5136 2792 5191 butniliatio
2837 5147 3012 5192 vestra
3046 5152 3059 5190 :
3090 5138 3358 5192 bumiliati
3411 5140 3559 5193 enim
3602 5138 3736 5193 estis
3786 5140 3870 5193 hic
3958 5190 3959 5207 ,

2283 5226 2619 5280 mortalitate
2663 5235 2717 5280 et
2753 5227 3136 5295 possibilitate,
3181 5243 3302 5297 qua:
3341 5230 3523 5282 adhuc
3560 5239 3678 5282 sunt
3708 5244 3871 5297 pecua

2284 5318 2509 5387 peccati,
2542 5327 2661 5387 post
2690 5318 2871 5385 ﬁnem,
2904 5318 3143 5387 inquam.
3172 5319 3455 5381 sessionis,
3488 5327 3606 5389 post
3626 5334 3775 5387 [nam
3808 5320 3871 5370 ad

2283 5409 2664 5463 exaltationcm
2690 5409 3113 5464 immortalitatis
3134 5420 3187 5463 et
3210 5410 3659 5478 impassibilitatis
3687 5411 3873 5464 venit

2286 5502 2374 5567 tis,
2407 5511 2533 5555 tunc
2567 5503 2779 5556 tandem
2807 5502 3003 5569 surgite
3026 5502 3091 5555 de
3112 5501 3479 5556 sollicitudine
3499 5502 3567 5557 ad
3593 5503 3873 5555 conﬁdas.

2286 5592 2435 5645 tiam.
2491 5591 2639 5647 Tunc
2674 5593 2816 5647 enim
2861 5594 2999 5648 dono
3031 5594 3215 5663 gratia:
3240 5592 3438 5647 divinze
3459 5595 3551 5648 .sic
3581 5592 3873 5646 conﬁrma—

2287 5684 2477 5739 bitnini
2511 5695 2567 5739 ut
2598 5685 2824 5742 ulterius
2847 5685 3039 5740 cadere
3077 5698 3183 5739 non
3229 5684 3475 5753 possitis.
3549 5683 3736 5739 Sessio
3781 5698 3875 5753 pro
