3978 6328
129 333 274 390 i529

1045 330 1406 390 EXPOSITIO
1443 332 1510 388 ΙΝ
1549 333 1886 390 PSALMOS.
1915 331 2208 394 —.PSAL.
2249 331 2504 388 CXXVII.

3247 339 3394 394 1550

131 443 512 504 bumiliatione
536 441 786 512 ponitur,
824 455 889 495 eo
926 443 1069 510 quod
1097 443 1349 497 sedentes
1395 443 1624 498 humiles
1657 451 1712 498 et
1741 450 1784 506 Α
1809 445 1919 514 jam
1949 441 2104 496 liberi
2130 441 2254 495 facti
2273 480 2290 508 ,
2320 440 2478 496 validi
2510 457 2631 498 esse
2660 445 3075 514 comprobantur
3098 489 3113 515 ,
3140 448 3268 518 quia
3287 449 3390 518 ﬁlii-

133 537 228 594 itni
250 547 381 592 sunt
401 547 656 603 corpore,
684 542 944 603 quantum
967 535 1032 588 ad
1059 534 1303 604 corporis
1322 534 1720 588 habitudinem.

133 629 526 700 Vos,inquam,
542 636 811 697 postquam
833 625 1322 696 sederitis,surgite,
1342 627 1430 695 qui
1465 627 1552 680 hic
1565 642 1718 679 man-

132 721 340 778 ducatis
369 734 560 790 panem
586 715 782 771 doloris
805 757 820 782 ,
858 717 910 772 id
935 726 1021 772 est
1047 717 1140 786 qui
1183 717 1271 771 hic
1308 715 1591 771 relicimini
1624 717 1718 768 do-

132 815 247 868 lore
281 812 487 884 jugiter
515 816 572 863 ut
614 822 785 878 pane,
829 808 1039 863 scilicet
1063 807 1259 878 quibus
1301 807 1546 876 jucunda
1580 805 1718 860 rele-

131 905 240 960 ctio
271 911 355 958 est
382 900 565 957 dolere
598 899 684 954 hic
712 899 778 953 de
829 899 1067 969 peccatis
1089 897 1326 970 iugiter,
1379 897 1520 954 sicut
1561 896 1718 968 panis

125 993 368 1065 jucunda
426 990 650 1047 reiectio
690 998 775 1044 est
827 1001 879 1046 et
926 990 1164 1045 assidua.
1217 989 1367 1046 Unde
1410 987 1710 1042 Dominus:

137 1110 156 1141 ι
189 1088 342 1144 Beati
374 1086 466 1156 qui
494 1101 636 1141 nunc
669 1085 834 1150 lletis,
860 1085 985 1154 quia
1019 1084 1262 1140 videbitis
1287 1083 1441 1154 (Luc.
1467 1099 1516 1146 v,
1548 1083 1660 1152 2|).
1692 1101 1712 1135 ι

133 1178 474 1234 Determinat
525 1187 707 1231 autem
754 1177 973 1246 quando
1002 1185 1224 1246 surgent
1251 1216 1266 1241 ,
1312 1174 1434 1229 sic:
1476 1172 1714 1243 Surgite,

132 1273 358 1342 inquam
384 1311 406 1337 ,
427 1282 701 1341 postquam
730 1269 990 1324 sederitis.
1047 1268 1200 1322 Tunc
1232 1275 1412 1321 autem
1446 1265 1575 1319 illud
1615 1265 1723 1318 erit

132 1363 278 1431 quod
309 1361 542 1432 surgetis
559 1403 574 1430 ,
601 1377 722 1418 cum
747 1360 998 1414 Dominus
1021 1359 1218 1414 dederit
1239 1358 1491 1413 omnibus
1515 1354 1718 1409 dilectis

131 1454 243 1507 suis
269 1468 548 1518 somnum,
597 1453 648 1506 id
696 1459 781 1507 est
819 1451 1062 1519 requiem
1105 1459 1407 1512 aeternam,
1461 1461 1581 1516 qua:
1625 1461 1720 1516 per

133 1559 390 1599 somnum
429 1544 733 1614 accipitur,
786 1557 852 1598 eo
894 1543 1038 1612 quod
1086 1540 1333 1596 homines
1374 1539 1426 1593 in
1479 1547 1720 1607 tempore

132 1637 312 1691 somni
345 1637 652 1707 quiescunt.
687 1633 764 1691 Ne
795 1651 922 1689 vero
955 1633 1169 1704 requies
1206 1633 1296 1687 illa
1324 1631 1486 1687 uim-is
1509 1629 1725 1684 videre-

135 1739 225 1782 tur
251 1743 378 1784 esse
400 1726 724 1792 dillcreuda,
747 1727 812 1780 ad
835 1726 1260 1782 consolationem
1284 1722 1718 1794 exspectantium

133 1819 289 1874 addit
310 1819 391 1874 sic
419 1836 434 1872 :
474 1818 656 1883 Dabit,
685 1818 946 1888 inquam,
980 1817 1180 1870 dilectis
1210 1816 1319 1869 suis
1359 1830 1632 1877 somnum,
1664 1812 1717 1865 id
1753 1795 1791 1850 ίῖ

134 1922 216 1966 εει
247 1911 510 1980 requiem.
567 1909 697 1976 Qua}
733 1908 952 1978 requies
998 1923 1104 1962 non
1133 1906 1223 1958 diu
1265 1903 1576 1966 dill'eretur,
1625 1901 1718 1955 sed

134 2018 250 2056 ecce
295 2008 419 2070 post
448 2001 610 2054 breve
641 2007 852 2068 tempus
886 1997 1104 2052 dabitur
1152 1995 1432 2049 Iucredit-as
1469 1993 1718 2056 Domini,

137 2093 188 2147 id
203 2100 294 2148 est
320 2091 703 2146 iudilatedabit
719 2091 974 2146 Dominus
995 2087 1466 2160 perseverantibus
1480 2084 1718 2154 requiem

137 2186 287 2240 illam
323 2183 666 2239 haereditario
706 2182 829 2252 jure
859 2179 1258 2252 possidendam.
1314 2177 1469 2234 Unde
1494 2177 1545 2231 in
1577 2176 1722 2245 Apo-

136 2277 344 2349 calypsi
375 2294 390 2330 :
423 2295 443 2330 ι
475 2275 668 2332 Adhuc
691 2277 953 2330 sustinete
985 2273 1254 2328 modicum
1276 2281 1522 2340 tempus,
1551 2269 1720 2322 donec

137 2371 432 2442 impleatur
480 2385 737 2424 numerus
773 2367 997 2421 fratrum
1030 2361 1472 2438 [conservorum]
1495 2359 1720 2414 'vestro-

139 2479 261 2517 rum
295 2462 478 2532 (Apoc.
506 2461 724 2530 νι,11).
765 2479 782 2510 ι
829 2459 960 2512 Illud
1017 2470 1207 2526 nempe
1249 2463 1396 2508 recte
1439 2453 1630 2514 breve,
1667 2459 1722 2505 et

137 2553 748 2623 madicumjudicatur,
785 2549 927 2622 quod
956 2550 1279 2620 quandoque
1326 2546 1431 2600 line
1471 2544 1724 2600 clauden-

137 2647 267 2702 dum
292 2653 400 2701 est.

213 2733 553 2790 Determinat
583 2748 712 2786 vero
735 2733 798 2786 de
824 2745 930 2800 quo
959 2729 1192 2784 Domino
1207 2728 1387 2794 dicat,
1414 2727 1527 2783 sic:
1567 2725 1720 2789 Ecce,

139 2829 393 2898 inquam,
417 2826 694 2880 haereditas
724 2824 962 2888 Domini,
1003 2822 1210 2877 scilicet
1229 2835 1356 2875 cccc
1381 2835 1574 2873 merces
1602 2817 1720 2886 ﬁlii,

139 2915 603 2980 antonomastice,
639 2916 690 2968 id
712 2923 796 2970 est
825 2929 955 2970 ecce
981 2911 1266 2968 hzrreditas
1313 2909 1408 2964 illa
1459 2924 1580 2979 quae
1619 2907 1724 2962 erit

140 3021 357 3064 merces
381 3048 398 3072 ,
427 3021 587 3076 quam
619 3005 878 3062 Dominus
905 3003 1080 3059 Filius
1105 3002 1332 3056 daturus
1350 3009 1431 3055 est
1483 2996 1722 3069 legitime

1816 549 2150 587 excussorum
2177 541 2332 597 s‘unt,
2364 532 2455 587 sed
2487 547 2583 602 per
2622 532 2723 588 hoc
2747 548 2959 604 quoque
2982 537 3234 606 quoniam
3264 553 3387 593 cum

1819 625 1916 694 ipsi
1947 626 2056 680 sint.
2088 624 2189 694 ﬁlii
2216 640 2547 679 excussorum
2568 665 2582 690 ,
2615 626 2792 679 beatus
2824 627 2896 680 vir
2937 627 3024 682 ille
3047 638 3102 684 et
3131 630 3221 687 hic
3251 640 3304 688 et
3335 633 3388 686 in

1817 717 2030 793 futuro,
2070 718 2156 777 qui
2181 716 2406 786 implebit
2431 731 2593 786 Opere
2617 717 2933 772 desiderium
2961 735 3114 773 suum
3137 737 3202 775 ex
3223 723 3347 790 ipsis
3369 761 3385 786 ,

1815 824 1914 881 per
1945 808 2247 878 exemplum
2279 817 2332 862 et
2368 807 2667 861 doctrinam
2710 818 2992 878 acceptum
3012 850 3026 875 ,
3050 809 3388 875 desiderium,

1817 901 2024 957 scilicet
2053 902 2192 956 bene
2230 899 2507 968 operandi.
2561 899 2694 953 Cum
2735 900 2880 954 enim
2920 901 3094 956 virum
3127 899 3269 955 hunc
3297 918 3392 972 per

1817 1013 1912 1054 eos
1957 1005 2172 1054 constet
2216 1009 2334 1050 esse
2385 995 2599 1050 beatum
2628 1036 2646 1062 ,
2682 995 2870 1066 procul
2915 995 3077 1051 dubio
3125 996 3393 1066 praecipue

1817 1091 1995 1164 palam
2023 1100 2107 1145 est
2141 1089 2260 1152 illos
2279 1103 2399 1143 esse
2422 1088 2628 1144 beatos.
2682 1087 2736 1142 In
2770 1088 2870 1144 hoc
2909 1096 3084 1142 autem
3116 1087 3395 1158 apparebit

1817 1185 1903 1240 vir
1928 1185 2017 1240 ille
2053 1183 2278 1242 beatus.
2312 1181 2437 1250 quia
2489 1197 2592 1234 non
2634 1179 3026 1250 confundetur,
3067 1179 3121 1235 id
3173 1190 3258 1238 est
3285 1197 3392 1235 non

1818 1277 2101 1332 erubescet
2127 1283 2409 1346 superatus
2434 1314 2448 1338 ,
2481 1289 2597 1326 cum
2619 1273 2937 1342 disputando
2958 1271 3194 1343 loquetur
3219 1272 3394 1326 inimi-

1819 1369 1894 1422 cis
1925 1367 2058 1434 suis,
2089 1365 2402 1435 iiulidelibus
2423 1371 2478 1418 et
2516 1361 2800 1428 haereticis,
2834 1364 2888 1418 in
2915 1373 3088 1432 porta,
3117 1362 3171 1417 id
3213 1369 3298 1418 est
3340 1362 3391 1414 in

1820 1456 2133 1512 manifesto.
2171 1455 2322 1523 Quod
2365 1468 2496 1509 sane
2544 1467 2638 1523 per
2677 1453 2816 1508 hanc
2845 1451 3166 1522 positionem
3198 1450 3395 1506 intelli-

1819 1549 2000 1620 gitur,
2025 1564 2145 1618 qua:
2171 1556 2253 1602 est
2286 1548 2339 1602 in
2361 1556 2546 1618 porta,
2585 1559 2653 1601 eo
2677 1545 2817 1613 quod
2846 1545 2896 1598 in
2926 1543 3094 1613 portis
3115 1543 3396 1598 clvitatum

1821 1641 2107 1696 manifesta
2153 1641 2356 1710 judicia
2417 1641 2560 1695 cives
2613 1637 2792 1692 facere
2831 1646 3261 1700 consueverunt,
3313 1635 3408 1690 vel.

1820 1735 1898 1790 sic
1921 1753 1934 1788 :
1967 1733 2098 1788 Cum
2125 1733 2364 1804 loquetur
2385 1734 2607 1787 inimicis
2633 1730 2742 1784 suis
2776 1730 3098 1800 disputando
3117 1730 3171 1784 in
3197 1738 3350 1801 portu
3377 1768 3392 1790 ,

1824 1826 1874 1880 id
1919 1836 2002 1882 est
2038 1824 2178 1880 sicut
2215 1841 2318 1880 non
2350 1825 2456 1880 sint
2499 1825 2699 1880 inimici
2728 1834 2880 1880 extra
2910 1833 3117 1894 portam
3147 1862 3162 1887 ,
3208 1820 3301 1876 sed
3341 1830 3399 1874 ut

1819 1919 1927 1974 sint
1947 1919 1998 1972 in
2025 1927 2210 1988 porta,
2240 1917 2291 1970 id
2321 1927 2403 1972 est
2426 1917 2484 1971 in
2511 1916 2614 1972 llde
2637 1933 2754 1986 qua:
2773 1925 2924 1986 porta
2939 1923 3024 1970 est
3043 1922 3104 1969 et
3119 1913 3408 1984 ingressus

1820 2011 1886 2064 ad
1921 2023 2143 2066 caeteras
2170 2009 2417 2063 virtutes.
2880 2065 2888 2072 _

2247 2099 2309 2154 IN
2355 2099 2684 2155 PSALMUM
2723 2099 2958 2154 ολχνιι

1892 2193 2105 2248 Titulus
2127 2192 2413 2248 centesimi.
2435 2193 2674 2247 vicesimi
2703 2191 2939 2260 septimi.
2981 2172 3254 2254 Canticum
3275 2205 3396 2259 gra—

1820 2282 2000 2336 duum.
2035 2285 2261 2338 (lstenso
2291 2284 2412 2350 hoc,
2447 2285 2612 2352 quod,
2656 2282 2758 2337 nisi
2804 2281 3062 2336 Dominus
3087 2279 3404 2335 custodierit

1821 2373 2328 2439 civitatem,l’rustra
2350 2375 2532 2444 vigilat
2561 2374 2651 2443 qui
2688 2373 2924 2428 custodit
2951 2387 3095 2437 eam,
3126 2373 3266 2427 unde
3292 2372 3400 2426 sola-

1823 2463 2046 2518 licitudo
2081 2465 2303 2519 cadendi
2325 2464 2457 2521 oriri
2485 2464 2668 2528 debet,
2699 2479 2820 2534 qua:
2839 2473 3058 2520 octavus
3079 2462 3275 2533 gradus
3295 2473 3416 2527 est,

1823 2556 1890 2611 de
1929 2571 2070 2610 nouo
2100 2555 2270 2625 gradu
2304 2555 2357 2610 in
2399 2555 2643 2624 sequenti
2691 2554 2898 2626 psalmo
2931 2554 3167 2626 perfecti.
3189 2561 3354 2625 agunt
3384 2593 3400 2617 ,

1823 2647 1914 2716 qui
1941 2647 2063 2702 talis
2093 2658 2174 2703 est
2197 2690 2212 2714 ,
2246 2648 2435 2702 time—re
2463 2647 2670 2703 scilicet
2703 2647 2987 2702 Dominum
3015 2657 3165 2702 casto
3188 2646 3400 2708 timore,

1827 2741 1876 2794 id
1903 2750 1986 2796 est
2013 2756 2145 2794 eum
2166 2741 2388 2810 diligere
2417 2739 2524 2801 sic,
2575 2748 2633 2792 ut
2677 2739 2918 2793 timendo
2945 2737 3000 2792 in
3033 2737 3132 2790 viis
3154 2737 3270 2806 ejus
3291 2754 3402 2798 atu-

1826 2831 2060 2887 ludetur.
2078 2831 2180 2896 Qui
2199 2831 2451 2883 nimirum
2479 2831 2641 2884 timor
2663 2845 2724 2884 ea
2742 2828 3171 2884 consideratione
3202 2828 3403 2883 haben-

1825 2923 1924 2978 dus
1947 2931 2050 2986 est,
2080 2921 2223 2990 quod
2239 2921 2416 2976 nullus
2442 2928 2591 2976 stare
2609 2928 2820 2990 potest,
2852 2919 2954 2974 nisi
2981 2918 3206 2974 Domino
3220 2928 3412 2974 custo-

1825 3014 2025 3069 diente.
2069 3013 2152 3068 Ad
2195 3027 2354 3083 quem
2394 3011 2600 3067 timoris
2628 3011 2896 3082 gradum,
2948 3009 3172 3080 perfecti
3209 3010 3300 3080 qui
3351 3011 3404 3064 in

140 3097 517 3196 cer-tantibus,
564 3094 658 3196 ,νει
866 3092 1154 3196 [imreditas
1201 3099 1293 3193 est.
1333 3102 1543 3189 mefces
1570 3085 1726 3188 Filii:
1751 3135 1795 3196 Ο
1829 3107 1933 3160 hoc
1953 3104 2160 3175 psalmo
2189 3112 2353 3176 agunt
2379 3105 2654 3158 auditores
2681 3103 2948 3168 invitant;
2989 3101 3322 3161 ostendendo
3347 3110 3404 3158 et

142 3188 359 3246 scilicet
379 3202 539 3257 quam
564 3187 682 3256 ipse
711 3185 880 3239 Filius
910 3181 1254 3238 haereditario
1275 3181 1400 3250 jure
1416 3177 1530 3248 jam
1551 3177 1726 3247 possi-

142 3281 258 3334 det.
300 3277 639 3333 Determinat
669 3289 882 3346 quoque
907 3273 972 3328 de
993 3285 1102 3343 quo
1129 3269 1239 3325 lilio
1259 3270 1430 3335 dicat,
1463 3268 1543 3324 sic
1567 3282 1582 3322 :
1605 3267 1724 3322 Filii

141 3373 303 3436 dico,
333 3369 538 3439 [ructus
564 3369 753 3423 ventris
779 3364 1054 3436 virginalis
1079 3361 1384 3427 existentis,
1410 3361 1614 3416 scilicet
1635 3359 1725 3430 qui

145 3466 292 3520 ﬁlius
310 3503 326 3528 ,
353 3463 419 3518 de
441 3461 767 3518 beatissima!
800 3458 981 3514 Mariae
1007 3455 1256 3528 virginali
1289 3462 1478 3509 ventre
1509 3467 1726 3524 progre-

142 3553 339 3616 diens,
407 3550 574 3621 ipsius
623 3548 860 3619 Virginis
915 3555 972 3602 et
1026 3547 1194 3601 totius
1238 3543 1453 3615 generis
1507 3542 1727 3598 humani

143 3645 384 3709 fructus,
443 3640 495 3694 id
534 3649 618 3696 est
663 3640 868 3694 utilitas
897 3636 1126 3692 exstitit.
1179 3633 1341 3707 524
1387 3633 1541 3701 Quod
1597 3647 1729 3689 sane

143 3735 348 3790 mulier
370 3733 461 3788 illa
490 3732 767 3803 cognovit,
797 3745 918 3802 qua:
943 3728 1208 3785 extollens
1225 3743 1409 3782 vocem
1441 3726 1508 3781 de
1531 3726 1689 3780 turba
1713 3744 1726 3778 :

150 3844 171 3878 ι
200 3825 442 3891 Beatus,
481 3827 690 3894 inquit,
723 3835 912 3879 venter
957 3823 1048 3892 qui
1099 3831 1155 3876 te
1187 3820 1423 3891 portavit
1454 3810 1684 3890 (Laium
1711 3858 1728 3885 ,

141 3917 258 3986 27).
310 3934 330 3968 ο
370 3913 628 3969 Fructum
674 3913 872 3984 quippe
910 3911 1039 3966 illud
1070 3912 1211 3982 quod
1251 3908 1382 3964 utile
1425 3917 1508 3964 est
1539 3922 1730 3971 vocare

142 4007 551 4064 consuevimus.

213 4098 494 4167 Quoniam
523 4106 703 4152 autem
731 4097 915 4152 tideles
938 4095 1050 4167 jam
1089 4096 1144 4150 in
1173 4095 1476 4150 libertatem
1506 4106 1731 4148 conver-

143 4206 234 4248 sos
251 4187 637 4246 humiliaverat
655 4228 671 4252 ,
697 4187 958 4242 dicendo:
993 4185 1112 4240 Nisi
1128 4185 1380 4240 Dominus
1409 4182 1728 4246 custodierit,

141 4294 198 4340 et
223 4298 422 4339 vanum
451 4289 526 4335 est
555 4281 727 4344 vobis,
775 4289 884 4334 etc.
907 4319 920 4343 ,
955 4294 1024 4333 ne
1057 4278 1190 4332 viles
1219 4277 1339 4332 idco
1370 4275 1683 4332 viderentur
1716 4314 1730 4339 ,

143 4389 241 4429 eos
264 4372 434 4427 etiam
463 4369 844 4425 commendare
877 4368 1106 4423 intendit
1133 4367 1215 4422 sic
1243 4383 1256 4420 :
1279 4365 1548 4434 Quamvis
1575 4363 1729 4419 dixe--

1828 3197 1916 3252 hic
1939 3204 1994 3251 et
2043 3196 2095 3250 in
2137 3195 2315 3250 futuro
2352 3195 2546 3250 beatos
2575 3209 2694 3249 esse
2725 3193 2844 3248 illos
2869 3193 2961 3262 qui
2993 3193 3184 3248 timent.
3223 3193 3406 3250 Domi-

1829 3309 1976 3348 num.
2029 3292 2338 3350 Notandum
2365 3301 2543 3346 autem
2575 3289 2716 3360 quod
2747 3290 2846 3345 etsi
2884 3289 2934 3343 in
2965 3288 3146 3359 aliquo
3175 3289 3402 3344 aliorum

1827 3391 2089 3460 graduum
2116 3387 2456 3458 superiorum
2483 3397 2668 3442 castus
2697 3386 2858 3440 timor
2903 3383 3068 3452 accipi
3101 3381 3272 3454 potuit
3297 3420 3326 3447 ,_
3349 3381 3420 3435 itt~

1831 3482 1934 3536 hoc
1966 3489 2142 3536 tamen
2171 3478 2350 3534 diﬂ‘ert
2382 3519 2397 3543 ,
2424 3479 2678 3548 quoniam
2712 3478 2798 3534 hic
2829 3477 2985 3531 timor
3015 3474 3102 3530 ille
3123 3475 3402 3544 accipitur,

1829 3571 1918 3639 qui
1960 3585 2023 3625 ea
2071 3571 2302 3626 habetur
2347 3569 2776 3624 consideratione
2820 3567 2963 3624 uuod
3003 3564 3180 3620 nullus
3223 3574 3412 3634 potest.

1830 3671 1974 3716 stare
2000 3661 2100 3714 nisi
2145 3661 2366 3715 Domino
2392 3643 2747 3714 custodiente.

1897 3749 2049 3804 Beati
2075 3766 2271 3814 omnes,
2303 3758 2354 3803 et
2379 3750 2466 3804 hic
2491 3759 2547 3805 et
2568 3749 2620 3803 in
2649 3747 2861 3815 futuro‘,
2888 3747 2976 3820 qui
3007 3748 3188 3804 timent
3224 3746 3406 3802 Domi-

1831 3859 1985 3908 num;
2013 3856 2078 3898 ac
2096 3842 2138 3896 si
2169 3841 2345 3897 dicat:
2374 3841 2918 3910 Quandoquidem,ut
2941 3841 2994 3894 in
3016 3838 3182 3910 priori
3201 3838 3438 3908 psalmo“

1831 3934 2029 3987 dictum
2059 3941 2164 3999 est,
2192 3931 2366 3986 nullus
2416 3940 2594 4002 potest
2619 3941 2766 3988 stare
2807 3932 2908 3987 nisi
2951 3929 3178 3986 Domino
3222 3936 3405 3985 custo-

1831 4023 2040 4090 diente,
2072 4038 2190 4088 vos,
2225 4023 2315 4092 qui
2347 4022 2460 4092 jam
2495 4022 2563 4078 ad
2603 4023 2705 4079 hoc
2736 4019 3084 4087 ascendistis,
3111 4028 3169 4072 ut
3205 4032 3403 4088 cogno-

1802 4160 1807 4166 .
1832 4114 1994 4170 scatis
2024 4115 2222 4170 nullum
2251 4127 2408 4186 posse
2433 4121 2578 4170 stare
2605 4113 2798 4180 aliter,
2843 4113 2944 4166 hac
2975 4108 3406 4164 consideratione

1835 4207 2018 4260 tinn-te
2042 4205 2322 4260 Dominum
2351 4214 2503 4260 casto
2533 4203 2725 4258 timore
2753 4240 2770 4266 ,
2821 4201 2872 4254 id
2910 4208 2994 4254 est
3020 4197 3223 4268 diligite
3258 4212 3406 4254 eum.

1832 4295 1981 4349 Beati
2006 4297 2150 4351 enim
2178 4311 2352 4348 omnes
2387 4304 2440 4348 et
2472 4294 2558 4349 hic
2589 4302 2643 4350 et
2675 4294 2726 4348 iu
2757 4291 2938 4346 futuro
2963 4289 3052 4362 qui
3087 4289 3265 4344 timent
3291 4287 3403 4342 Do-

1834 4388 2062 4453 minum,
2083 4396 2138 4440 et
2161 4385 2234 4439 illi
2260 4425 2276 4450 ,
2305 4385 2523 4455 inquam
2550 4425 2564 4448 ,
2590 4387 2679 4456 qui
2718 4383 2798 4438 sic
2824 4397 2946 4438 eum
2982 4381 3211 4447 timent,
3264 4379 3404 4448 quod

143 4465 250 4519 τίίη
297 4477 492 4516 "mm"
546 4475 668 4516 esse
712 4477 922 4530 “Were
951 4468 1072 4514 “me
1117 4459 1311 4522 ("came
1375 4456 1559 4512 “de!”
1613 4454 1732 4508 mos
1765 4477 1808 4534 Ι)
1836 4477 2130 4532 existentes
2154 4475 2209 4528 in
2241 4475 2334 4528 viis
2364 4475 2477 4544 ejus
2499 4515 2512 4539 ,
2558 4454 2610 4528 id
2644 4483 2724 4528 est
2757 4473 2808 4526 in
2837 4471 3118 4543 praeceptis
3139 4469 3255 4540 ejus
3288 4484 3408 4538 qua:

144 4573 385 4630 quorum
428 4555 710 4626 captivitas
735 4570 996 4610 conversa
1043 4562 1125 4608 est
1148 4551 1259 4620 jam
1289 4553 1341 4606 in
1382 4551 1684 4607 libertatem
1709 4588 1730 4617 ,

147 4660 336 4704 tamen
371 4663 478 4704 non
508 4648 708 4703 idcirco
733 4647 866 4702 viles
893 4662 1012 4702 esse
1041 4645 1371 4714 judicentur.

218 4738 374 4799 Nam
398 4741 534 4794 sicut
560 4740 762 4802 sagitta:
781 4741 836 4793 in
864 4755 1024 4792 manu
1051 4737 1292 4807 potentis,
1310 4735 1360 4790 id
1381 4741 1465 4791 est
1491 4735 1544 4790 in
1568 4750 1733 4791 manu

145 4833 364 4890 robusti
391 4831 660 4903 sagittarii
681 4830 924 4886 elﬁcaces
977 4839 1103 4885 sunt
1148 4831 1215 4885 ad
1258 4829 1729 4893 interﬁciendum;

146 4929 220 4980 ita
255 4925 365 4990 ﬁlii
385 4940 720 4979 excusserunt
742 4965 757 4990 ,
814 4923 866 4978 id
894 4931 978 4978 est
1003 4922 1186 4978 ﬁdeles
1211 4922 1295 4977 isti
1317 4923 1610 4976 existentes
1637 4922 1732 4975 lilii

146 5013 522 5084 apostolorum
557 5012 717 5067 validi
748 5021 872 5068 sunt
896 5014 962 5068 ad
993 5011 1364 5082 perimendum
1393 5009 1562 5063 malos
1593 5025 1732 5078 prte—

147 5104 428 5160 dicatione
456 5119 583 5169 sua,
623 5104 675 5158 in
713 5104 816 5158 hoc
843 5102 985 5174 quod
1033 5103 1158 5157 mali
1203 5109 1349 5157 sunt.
1405 5100 1735 5156 Excussere-8

147 5197 357 5268 quippe
393 5195 614 5266 apostoli
645 5210 879 5264 congrue
906 5195 1158 5248 dicuntur
1179 5233 1196 5258 ,
1257 5208 1323 5248 eo
1366 5193 1507 5262 quod
1537 5192 1733 5258 pracdi-

147 5289 372 5344 catione
400 5300 496 5342 sua
521 5283 704 5340 ﬁdeles
730 5299 798 5340 ex
828 5299 924 5340 ore
947 5283 1140 5339 diaboli
1171 5283 1280 5354 lupi
1320 5283 1654 5353 rapacissimi
1681 5292 1737 5340 et

149 5394 182 5432 a
243 5391 428 5432 massa
475 5375 808 5446 perditorum
859 5383 1246 5439 excusserunt,
1303 5390 1333 5428 a
1387 5373 1736 5430 similitudine

147 5468 390 5524 militum
413 5475 791 5534 strenuorum,
816 5468 904 5537 qui
926 5507 940 5533 ,
987 5481 1082 5537 per
1124 5466 1431 5521 violentiam
1451 5507 1466 5533 ,
1499 5467 1736 5537 praedam

148 5565 222 5622 ab
248 5565 502 5621 hostibus
522 5565 802 5621 excutiunt
833 5571 889 5622 et
931 5581 963 5619 a
994 5563 1343 5620 similitudine
1385 5579 1684 5620 messorum
1719 5605 1732 5628 ,

149 5659 248 5728 qui
301 5657 462 5728 vulgo
510 5658 765 5714 dicuntur
800 5673 1122 5714 excussores
1146 5699 1160 5724 ,
1200 5673 1266 5714 eo
1309 5658 1452 5728 quod
1493 5673 1660 5727 grana
1706 5672 1738 5712 a

154 5750 331 5822 paleis
357 5751 673 5809 verberibus
701 5751 992 5809 excutiant.
1021 5749 1136 5807 Non
1161 5750 1333 5808 solum
1353 5759 1530 5807 autem
1555 5749 1739 5808 ﬁdeles

1833 4577 1959 4620 sunt
1983 4565 2077 4642 tia:
2097 4565 2162 4618 ad
2192 4565 2382 4630 vitam,
2413 4563 2704 4627 ambulant,
2743 4561 2794 4616 id
2823 4571 2906 4616 est
2936 4567 3318 4632 promoventur
3356 4560 3408 4612 in

1823 4658 1978 4726 ipsas
1999 4657 2113 4712 vias
2132 4697 2150 4722 ,
2178 4654 2498 4726 complendo
2526 4668 2618 4709 eas
2655 4659 3080 4722 perseveranter.
3137 4647 3289 4705 Facit
3315 4665 3411 4703 au-

1837 4760 1940 4804 tem
1969 4750 2345 4819 apostropham
2373 4747 2438 4802 ad
2470 4745 2760 4817 quemlibet
2785 4745 3022 4814 ipsorum
3058 4743 3368 4798 auditorum
3394 4782 3408 4803 ,

1835 4853 1893 4897 ut
1929 4843 2098 4914 magis
2123 4857 2249 4898 eum
2279 4842 2464 4896 incitet
2507 4840 2574 4894 ad
2605 4839 2746 4893 hunc
2773 4838 3040 4902 timorem,
3074 4835 3408 4892 ostendendo

1835 4950 1954 5003 qua:
1982 4935 2182 4989 utilitas
2207 4934 2259 4988 in
2281 4933 2460 4986 luturo
2485 4939 2539 4987 et
2568 4931 2658 4986 hic
2677 4946 2743 4985 ex
2774 4931 2880 4986 isto
2905 4931 3097 4985 timore
3116 4928 3406 4997 continget.

1840 5026 1966 5080 Dico
2013 5023 2155 5095 quod
2208 5023 2340 5079 beati
2397 5038 2571 5078 omnes
2629 5023 2716 5093 qui
2766 5023 2944 5077 timent
2991 5021 3290 5074 Dominum.
3345 5017 3411 5072 Et

1837 5131 1962 5173 ecce
2011 5131 2172 5186 quam
2227 5114 2616 5171 beatitudinem
2655 5114 2706 5169 in
2764 5114 2945 5168 futuro
2975 5119 3027 5166 et
3063 5110 3150 5165 hic
3186 5109 3408 5165 habebis

1840 5217 1893 5262 tu
1941 5209 2288 5278 quicunque,
2349 5205 2393 5262 si
2441 5221 2565 5262 eum
2624 5205 2886 5273 timueris.
2945 5203 3084 5257 Vere
3111 5201 3200 5255 hic
3227 5203 3409 5254 beatus

1838 5313 1889 5350 es
1963 5296 2075 5366 jam
2148 5309 2286 5366 spe,
2371 5304 2427 5352 et
2481 5295 2535 5350 in
2587 5293 2771 5348 futuro
2823 5293 2944 5346 bene
3000 5289 3094 5344 tibi
3147 5288 3294 5354 erit,
3355 5288 3409 5342 id

1839 5397 1922 5442 cst
1971 5388 2157 5442 beatus
2210 5387 2319 5442 eris
2377 5389 2490 5457 ipsa
2546 5385 2623 5440 rei
2667 5383 3018 5453 experientia.
3075 5381 3272 5436 Beatus
3309 5397 3404 5443 es,

1841 5479 2099 5548 inquam,
2176 5479 2261 5533 hic
2313 5477 2424 5548 jam
2472 5492 2608 5548 spe,
2666 5487 2712 5530 ct
2768 5477 2890 5530 bene
2947 5473 3040 5528 tibi
3094 5473 3192 5527 erit
3247 5471 3407 5542 525

1841 5570 1892 5624 in
1937 5569 2138 5635 futuro,
2184 5570 2309 5640 quia
2344 5567 2684 5622 manducabis
2731 5566 2932 5620 labores
2978 5579 3232 5620 manuum
3278 5572 3400 5615 tua-

1845 5677 1960 5714 rum
1995 5700 2011 5726 ,
2079 5659 2133 5714 id
2176 5668 2262 5714 est
2301 5656 2564 5712 reﬁcieris
2615 5655 2927 5726 spiritaliter
2981 5651 3254 5712 laboribus
3295 5665 3410 5703 ma-

1845 5769 2005 5807 nuum
2055 5761 2288 5817 tuarum,
2352 5745 2404 5803 id
2451 5756 2533 5805 cst
2582 5756 2782 5804 acterna
2833 5743 3184 5808 beatitudine,
3246 5755 3410 5812 quam
