3978 6328
703 369 835 425 1551

1269 363 1328 418 S.
1368 362 1714 419 BRUNONIS
1745 358 2390 418 CABTHUSIANORUM
2430 356 2912 413 ιΝεΤιΤυΤοιιιε
2945 354 3095 412 ΟΡΡ.
3135 355 3319 410 PARS
3357 355 3399 410 1.

3745 366 3844 421 1353

700 481 951 552 nequires
983 477 1260 533 laboribus
1295 478 1561 530 bonorum
1607 489 1828 545 operum
1863 483 2094 534 tuorum,
2137 489 2163 526 a
2194 471 2270 524 si-
2303 478 2351 535 Α
2378 467 2570 524 rientia
2593 467 2731 538 ﬁlios
2757 467 3247 535 ﬁliorumtuorum,
3276 465 3328 519 id
3354 476 3434 521 est
3454 467 3578 523 ﬁlios
3595 478 3847 540 generando:

701 569 1008 624 militudine
1064 565 1269 622 strenui
1335 564 1679 630 laboratoris,
1733 562 1846 631 qui,
1903 561 2154 616 manibus
2221 560 2274 614 in

701 669 892 716 testate
925 659 1246 720 laborando,
1281 655 1514 725 acquirit
1551 653 1693 709 unde
1718 652 1769 706 in
1798 653 1976 708 hieme
2000 661 2272 722 pascatur.

702 749 898 808 Beatus
939 762 999 803 es
1037 747 1201 802 etiam
1233 747 1284 800 in
1330 744 1606 816 prmsenti,
1634 743 1890 814 quoniam
1918 759 2051 797 uxor
2077 751 2191 808 tua,
2222 741 2275 794 id

703 849 790 894 est
829 837 1155 893 scnsualitas
1209 849 1322 898 tua,
1374 850 1495 905 qua:
1547 835 1764 889 subdita
1808 834 1915 889 erit
1960 833 2179 899 rationi,
2218 842 2276 887 ut

699 944 836 982 uxor
907 927 1040 987 viro,
1089 925 1314 994 ideoque
1372 938 1509 978 uxor
1557 923 1784 986 dicitur,
1827 923 1934 977 erit
1995 922 2274 976 abundans

701 1020 860 1074 bouis
908 1017 1180 1088 operibus,
1233 1016 1369 1069 sicut
1417 1022 1500 1070 est
1545 1015 1662 1069 vitis
1718 1014 1990 1068 abundans
2023 1014 2272 1069 racemis.

703 1107 868 1173 Uxor,
892 1109 1133 1176 inquam,
1161 1115 1252 1159 tua
1275 1106 1380 1160 erit
1408 1105 1705 1169 abundans,
1728 1113 1782 1158 et
1811 1105 1913 1158 hoc
1944 1105 1998 1158 in
2022 1104 2274 1158 lateribus

698 1201 888 1253 domus
916 1208 1042 1262 tute,
1076 1196 1129 1251 id
1176 1205 1259 1252 est
1290 1197 1341 1251 in
1373 1195 1550 1251 oﬁicio
1579 1197 1808 1252 laterum
1838 1195 2032 1250 domus
2063 1204 2188 1259 tum,
2219 1194 2272 1249 in

697 1288 872 1343 ofﬁcio
927 1286 1297 1341 membrorum
1348 1286 1574 1348 scilicet,
1628 1301 1749 1356 qua:
1798 1285 2054 1340 dicuntur
2103 1285 2272 1340 latera

695 1381 964 1453 corporis,
990 1381 1134 1451 quod
1159 1391 1242 1435 cst
1263 1381 1456 1436 domus
1479 1381 1692 1446 animae,
1717 1395 1782 1434 eo
1804 1379 1946 1449 quod
1973 1379 2273 1434 exteriores

695 1483 882 1542 partes
927 1473 1176 1542 corporis
1228 1480 1372 1534 sunt,
1423 1479 1479 1525 et
1519 1471 1691 1541 ipsum
1728 1484 1925 1539 corpus
1955 1469 2268 1534 ambientes,

700 1567 842 1620 sicut
873 1565 1039 1618 latera
1067 1563 1260 1617 domus
1287 1561 1558 1616 exteriora
1585 1571 1711 1614 sunt
1751 1560 1962 1622 domus,
2005 1568 2188 1630 partes
2217 1567 2270 1611 et

695 1659 868 1726 ipsam
903 1655 1122 1709 domum
1151 1653 1470 1708 ambientes.
1493 1651 1854 1704 Membrorum
1879 1664 2072 1719 nempe
2096 1646 2272 1706 cilicio

699 1748 1032 1804 sensualitas
1061 1762 1222 1817 opera
1279 1747 1419 1801 bona
1475 1745 1790 1807 fructilieat,
1839 1759 1869 1798 a
1919 1741 2270 1798 similitudine

692 1840 842 1905 vitis,
872 1853 991 1907 quae
1018 1838 1071 1892 in
1097 1816 1287 1908 aprico
1323 1835 1552 1891 laterum
1585 1835 1777 1890 domus
1804 1835 2067 1899 existens,
2097 1831 2270 1903 magis
2305 1816 2343 1870 Β

698 1928 980 1984 fructifera
1013 1937 1117 1983 est.

764 2021 1070 2077 Notandum
1107 2027 1286 2075 autem
1311 2017 1477 2089 quod,
1504 2020 1630 2072 dum
1665 2016 2016 2072 rationalitati
2048 2031 2270 2070 sensua-

694 2113 820 2169 litas
850 2113 1157 2182 subjicitur,
1195 2123 1426 2182 utraque
1471 2111 1522 2165 in
1573 2111 1754 2180 quiete
1796 2119 1909 2174 est;
1943 2108 2269 2179 praevalente

693 2219 825 2261 vero
862 2205 1236 2270 sensualitate,
1291 2211 1525 2273 ulraque
1582 2204 1647 2257 de
1692 2202 1875 2271 quiete
1915 2216 2010 2255 sua
2049 2190 2268 2270 exp'elli-

695 2305 816 2349 tnr:
843 2295 985 2364 quod
1013 2303 1486 2363 prmmonstratum
1513 2302 1590 2347 est
1620 2294 1672 2347 in
1699 2293 1865 2345 Adam
1891 2301 1945 2346 et
1969 2290 2077 2344 Eva
2103 2307 2270 2346 uxore

694 2386 833 2455 ejus.
861 2385 995 2438 Dum
1022 2385 1190 2438 Adam
1220 2385 1344 2438 Eva:
1372 2384 1669 2453 praevaluit,
1697 2392 1924 2453 uterque
1948 2383 1999 2436 in
2017 2383 2269 2451 paradiso

697 2476 926 2538 mansit;
979 2482 1255 2536 caeterum,
1287 2483 1475 2544 postea
1515 2473 1644 2525 Adm
1689 2473 1797 2526 Eva
1826 2471 2175 2542 pravalente,
2203 2472 2269 2527 de

694 2562 955 2634 paradiso
1005 2562 1262 2632 expulsus
1300 2572 1385 2618 est
1411 2571 1659 2632 uterque.
1691 2561 1859 2628 Uxor,
1891 2562 2136 2632 inquam.
2165 2563 2264 2617 erit

659 2666 666 2672 '
693 2656 972 2709 abundans
999 2653 1144 2720 filiis,
1179 2655 1230 2708 id
1253 2663 1336 2710 est
1357 2655 1610 2724 cperibus
1638 2654 1812 2720 bonis,
1843 2661 1897 2708 et
1922 2654 2026 2724 ﬁlii
2051 2657 2128 2708 tui
2175 2656 2266 2726 qui

697 2747 766 2798 de
813 2761 984 2801 uxore
1033 2744 1127 2800 illa
1178 2745 1604 2816 generabantur,
1647 2745 1791 2800 bona
1848 2759 2012 2814 opera
2062 2744 2271 2799 scilicet

693 2845 876 2902 erunt,
899 2837 1043 2891 sicut
1072 2837 1287 2890 novella:
1307 2837 1584 2900 olivarum,
1609 2835 1662 2890 id
1692 2844 1775 2891 est
1803 2835 2009 2891 similes
2044 2835 2270 2890 novella:

689 2930 866 2984 ofivm.
898 2929 1051 2983 Sicut
1075 2928 1219 2984 enim
1252 2929 1460 2984 novella
1499 2929 1788 2993 olivarum,
1817 2944 1939 2998 qua:
1969 2943 2132 2997 parva
2163 2935 2266 2993 est,

689 3021 954 3093 paulatim
1001 3021 1052 3075 in
1095 3021 1334 3076 adultam
1380 3021 1578 3077 olivam
1619 3021 1906 3085 excrescit,
1945 3020 2018 3074 ita
2044 3029 2098 3074 et
2127 3019 2265 3073 bona

2337 551 2340 554 ⁴
2378 576 2408 615 a
2433 559 2557 616 liliis
2589 559 2719 626 tuis,
2749 557 2958 612 scilicet
2985 557 3475 612 remunerationem
3504 559 3722 615 bonorum
3740 575 3850 619 ater-

2377 671 2590 722 norum,
2626 669 2747 725 quae
2784 653 3042 708 dicuntur
3077 651 3174 706 lilii
3202 650 3451 714 ﬁliorum,
3493 653 3540 707 id
3583 665 3652 708 est
3689 673 3852 725 operum

2375 746 2664 810 bonorum,
2693 758 2758 799 eo
2784 743 2929 814 quod
2954 742 3022 797 ab
3049 741 3184 812 ipsis
3209 742 3584 811 procedenLut
3599 743 3675 798 ﬁlii
3694 763 3717 800 λ
3739 749 3853 817 patri-

2376 838 2496 892 hus.
2527 835 2763 906 Esponit
2789 843 2992 898 autem,
3021 833 3153 904 quid
3186 832 3335 888 dicat
3366 833 3495 886 ﬁlios
3526 833 3736 896 ﬁliorum.
3761 837 3852 891 sic:

2379 929 2614 990 Videbis,
2648 929 2888 996 inquam,
2913 928 3053 998 ﬁlios
3082 931 3344 999 ﬁliorum,
3369 929 3562 984 scilicet
3579 947 3722 1000 pacem
3742 945 3853 988 mter-

2375 1037 2499 1076 nam
2526 1022 2758 1076 dandam
2790 1039 2946 1092 super
2970 1021 3166 1087 Israel,
3196 1022 3250 1076 id
3278 1035 3361 1078 est
3383 1023 3596 1078 dandam
3614 1028 3854 1093 asuperiori

2375 1113 2729 1183 dispositione
2783 1114 2899 1180 Dei,
2952 1114 3058 1169 illis
3099 1115 3196 1185 qui
3244 1115 3334 1170 hic
3384 1125 3504 1169 suut
3539 1114 3709 1179 Israel;
3739 1132 3853 1185 quam

2375 1205 2661 1274 pluraliter
2711 1221 2844 1262 voco
2885 1205 3048 1274 ﬁlios,
3093 1222 3220 1263 cum
3259 1208 3329 1263 sit
3371 1223 3470 1261 una
3515 1219 3699 1279 propter
3725 1209 3855 1278 plures

2373 1313 2492 1352 eam
2525 1297 2964 1368 participaturos.

2796 1387 2864 1441 IN
2903 1387 3234 1444 PSALMUM
3267 1387 3533 1444 CXXVIII.

2445 1477 2658 1534 Titulus
2692 1479 2974 1534 centesimi
3016 1480 3265 1535 vicesimi
3307 1480 3499 1535 octavi.
3530 1480 3752 1533 Canticum
3770 1496 3853 1551 gre-

2373 1569 2556 1622 duum.
2586 1569 2880 1638 Postquam
2907 1572 2974 1626 ad
3002 1569 3278 1638 timorem,
3310 1570 3399 1640 qui
3430 1586 3589 1625 nouus
3605 1570 3761 1639 gradus
3779 1581 3850 1630 est,

2374 1660 2651 1716 auditores
2705 1661 2929 1730 perfecti
2977 1661 3390 1728 invitaverunt,
3445 1660 3561 1730 quia
3602 1662 3731 1714 timor
3783 1661 3854 1714 iste

2373 1749 2581 1803 otiosus
2642 1763 2763 1804 esse
2815 1764 2919 1803 non
2963 1758 3166 1820 potest,
3205 1750 3299 1805 sed
3349 1749 3577 1805 timorem
3617 1749 3730 1803 hunc
3754 1750 3848 1802 bona

2373 1839 2618 1910 operatio
2649 1839 2986 1906 comitatur;
3017 1855 3138 1910 qua:
3167 1841 3386 1911 quidem
3426 1839 3568 1894 beata
3607 1854 3770 1892 merces
3795 1850 3852 1892 est

2373 1927 2537 2000 526
2571 1927 2732 1997 hujus
2763 1928 2998 1996 timoris,
3037 1945 3160 2000 qum
3209 1945 3240 1983 a
3287 1930 3530 1995 Domino,
3561 1939 3608 1981 ut
3638 1929 3676 1980 iu
3705 1945 3846 1996 ρπιιεε-

2372 2021 2517 2076 denti
2544 2021 2749 2092 psalmo
2763 2030 3037 2076 ostensum
3063 2031 3167 2087 est,
3203 2021 3511 2076 timentibus
3535 2019 3848 2088 multiplicatur.

2371 2122 2426 2165 et
2453 2127 2552 2183 pro
2583 2112 2685 2166 hac
2716 2127 2849 2166 sane
2881 2111 3022 2167 bona
3057 2114 3380 2184 operatione
3416 2121 3466 2167 et
3503 2113 3685 2174 timore,
3709 2111 3846 2177 sapius

2373 2203 2440 2258 ab
2489 2202 2798 2259 inﬁdelibus
2848 2213 2942 2258 aut
2995 2219 3024 2258 a
3066 2195 3231 2259 'falsis
3281 2204 3517 2259 ﬁdelibus
3562 2201 3847 2256 tribulationes

2371 2293 2616 2364 corporis
2660 2292 3013 2348 suboriuntur
3042 2311 3056 2349 :
3088 2295 3452 2351 adhortantur
3482 2289 3674 2362 perfecti
3703 2290 3744 2343 in
3772 2288 3842 2342 lioc

2371 2385 2588 2456 psalmo
2623 2393 2848 2456 agentes
2882 2386 3158 2442 auditores
3193 2387 3260 2442 ad
3287 2385 3616 2442 constantiam
3640 2383 3846 2450 insupera-

2371 2478 2556 2544 bilem,
2585 2494 2655 2534 ne
2688 2478 2945 2534 deﬁciant
2979 2479 3031 2534 in
3055 2479 3144 2536 his
3176 2476 3620 2541 tribulationibus;
3644 2489 3736 2544 qua:
3751 2488 3840 2526 con-

2372 2573 2570 2626 stantia
2602 2572 2820 2643 quidem
2853 2571 3093 2626 decimus
3115 2570 3322 2640 gradus
3350 2579 3452 2635 est,
3479 2567 3561 2622 sed
3585 2581 3717 2635 usque
3745 2563 3840 2615 adeo

2373 2668 2426 2720 in
2463 2665 2657 2721 timore
2688 2674 2839 2720 casto
2887 2674 2941 2719 et
2982 2680 3148 2734 opere
3195 2666 3341 2719 bono
3387 2669 3655 2719 constantes
3687 2657 3840 2712 sintut

2372 2756 2622 2826 exemplo
2697 2754 2937 2828 ipsorum
3022 2755 3392 2828 perfectornm
3453 2752 3677 2809 veraciter
3715 2748 3840 2802 dicere

2369 2845 2579 2916 possint
2609 2864 2623 2900 :

2442 2935 2592 3007 Stepc
2639 2947 3064 3008 expugnarerunt
3104 2955 3213 3005 me,
3243 2948 3373 3003 etc.,
3407 2951 3468 2991 ac
3505 2934 3544 2990 si
3571 2931 3748 2987 dicant:
3770 2926 3839 2979 Ad

2372 3029 2573 3083 hortati
2614 3044 2801 3083 sumus
2840 3029 3026 3085 fideles
3069 3045 3321 3101 quosque
3361 3029 3424 3082 ad
3467 3027 3696 3085 timorem,
3729 3027 3766 3072 et
3794 3017 3838 3068 ad

688 3123 879 3178 opera,
909 3109 962 3163 in
992 3123 1125 3179 pace
1153 3108 1459 3165 concordia:
1486 3109 1867 3165 ecclesiastica:
1893 3107 2056 3177 facta,
2080 3107 2265 3179 paula-

2373 3121 2758 3178 atnbnlandum
2790 3121 2928 3176 bene
2966 3123 3246 3194 operando
3279 3123 3329 3177 in
3372 3121 3470 3175 viis
3502 3115 3692 3213 Domini.
3715 3111 3832 3213 ι’έιιρ-

649 3201 788 3255 ‘tim
834 3215 933 3272 per
970 3202 1110 3257 hanc
1155 3217 1344 3272 pacem
1389 3211 1730 3269 excrcscent,
1776 3201 1948 3256 donec
1997 3201 2064 3255 ad
2120 3201 2262 3255 illam

684 3307 875 3362 pacem
919 3285 1216 3362 perfectam
1253 3301 1470 3348 aeternae
1500 3293 1691 3364 patriae
1726 3293 2038 3362 pertingere
2079 3291 2265 3347 fideles

685 3381 911 3438 faciant.
937 3381 1043 3438 Per
1068 3384 1268 3439 olivam
1297 3383 1555 3439 nimirum
1582 3398 1820 3455 congrue
1847 3399 1950 3453 pax
1976 3383 2260 3454 accipitur,

687 3489 756 3526 eo
786 3474 929 3542 quod
965 3472 1104 3528 oliva
1147 3473 1358 3544 signum
1399 3473 1553 3542 pacis
1593 3472 1686 3527 sit.
1724 3469 1877 3540 Filii,
1921 3473 2160 3542 inquam,
2186 3474 2264 3526 tui

687 3565 986 3621 existentes
1027 3567 1079 3620 in
1129 3567 1352 3620 circuitu
1382 3583 1574 3620 mensa:
1601 3575 1726 3631 tute,
1757 3565 1810 3621 id
1841 3575 1925 3621 cst
1949 3565 2002 3620 in
2031 3565 2262 3621 circuitu

687 3656 911 3719 Christi,
949 3659 1040 3726 qui
1073 3672 1259 3713 mensa
1293 3667 1382 3712 tua
1413 3667 1514 3723 est,
1555 3659 1608 3713 id
1643 3668 1727 3714 est
1770 3657 1998 3714 refectio
2031 3668 2121 3712 tua
2155 3658 2266 3730 spi-

685 3744 888 3800 ritalis.
920 3745 1070 3812 Quod
1099 3756 1183 3802 est
1212 3749 1394 3804 dicere
1432 3767 1445 3802 :
1477 3748 1598 3803 Illos
1629 3748 1770 3804 ﬁlios
1813 3758 1937 3804 tuos
1964 3750 2088 3804 dico
2115 3764 2266 3803 com-

685 3832 962 3903 parabiles
1003 3849 1123 3890 esse.
1155 3837 1379 3891 novellae
1404 3839 1581 3904 olivte,
1608 3841 1699 3908 qui
1733 3841 1786 3894 in
1815 3841 2037 3895 circuitu
2060 3840 2262 3897 Christi

683 3933 836 3991 sunt,
882 3925 935 3980 id
966 3934 1049 3980 est
1083 3927 1150 3979 ad
1197 3925 1480 3983 Christum
1533 3929 1898 3996 intendentes,
1931 3941 1986 3986 et
2033 3932 2100 3985 ad
2147 3931 2264 4000 ejus

680 4017 950 4075 honorem
1010 4020 1305 4090 procreati.
1354 4020 1422 4074 Et
1459 4030 1543 4076 est
1593 4022 1796 4076 dictum
1840 4039 1868 4076 a
1912 4024 2264 4079 similitudine

683 4110 946 4179 ﬁliorum,
969 4113 1024 4167 in
1051 4112 1281 4168 circuitu
1311 4120 1555 4182 paternae
1584 4128 1785 4168 mensa:
1805 4115 2175 4181 existentium,
2207 4125 2266 4172 ut

657 4201 811 4262 'iitde
854 4207 1090 4263 alantur.
1136 4209 1255 4264 Dixi
1305 4211 1450 4280 quod
1497 4209 1590 4265 ille
1638 4210 1727 4280 qui
1767 4210 1924 4266 timet
1972 4211 2262 4268 Dominum

679 4297 900 4356 labores
936 4317 1196 4357 manuum
1235 4318 1457 4358 suarum
1492 4303 1544 4356 in
1586 4302 1769 4358 futuro
1811 4305 2181 4373 manducahit,
2208 4317 2264 4362 et

681 4387 774 4444 hic
802 4406 936 4444 uxor
964 4389 1082 4459 eius
1111 4393 1211 4447 erit
1253 4392 1529 4446 abundans
1565 4394 1698 4447 sicut
1730 4396 1869 4463 vitis,
1913 4407 1963 4451 et
2006 4397 2106 4464 ﬁlii
2145 4397 2261 4466 ejus

2371 3229 2512 3278 rum,
2550 3213 2805 3283 quoniam
2856 3211 3014 3282 hujus
3070 3214 3147 3268 rei
3202 3214 3485 3270 occasione
3534 3204 3835 3262 tribulationum

2371 3290 2807 3374 impugnationes
2836 3318 2865 3356 a
2896 3302 3282 3374 peccatoribus
3303 3302 3554 3362 orientur,
3578 3295 3834 3349 adhortantur

2367 3412 2582 3467 quoque
2611 3395 2824 3450 ﬁdelem
2859 3411 3148 3466 quemque,
3178 3397 3302 3466 qui,
3335 3403 3594 3465 postquam
3613 3383 3665 3439 ad
3695 3382 3766 3436 hoc
3791 3377 3834 3429 ti-

2370 3489 2542 3544 moris
2573 3497 2629 3542 et
2657 3488 2812 3542 bon'c
2842 3487 3177 3558 Operationis
3221 3483 3530 3545 ascenderit,
3564 3473 3696 3534 lsrael
3717 3472 3832 3532 ﬁbnc

2371 3582 2424 3636 in
2451 3582 2582 3656 istis
2601 3579 3102 3652 impugnationibus
3128 3577 3375 3644 deficiat;
3410 3574 3494 3630 sed
3519 3562 3634 3626 adeo
3654 3571 3833 3656 constans

2335 3673 2440 3746 _sit
2467 3649 2612 3743 quod
2659 3648 2828 3736 nunc,
2879 3670 2930 3725 id
2973 3679 3057 3725 est
3085 3671 3272 3724 statim
3316 3668 3526 3722 indilate
3567 3648 3830 3714 veraciterad

2368 3765 2461 3819 Dei
2493 3763 2706 3819 laudem
2739 3772 2795 3818 et
2829 3762 3131 3832 gratiarum
3163 3763 3428 3817 actionem
3457 3756 3600 3815 dicat,
3628 3756 3828 3820 pOSl‘lm'“

2365 3855 2612 3926 ειψθηιι·ἰ
2667 3869 2771 3910 non
2821 3856 3021 3926 poterit
3050 3872 3063 3908 :
3093 3851 3248 3926 Sa’pe
3298 3852 3694 3924 expugnaverunt,
3718 3838 3755 3892 id
3775 3841 3828 3888 est

2374 3949 2830 4019 impngnavcrunt
2877 3965 2978 4001 me.
3026 3947 3142 4002 Non
3179 3950 3331 4017 ponit
3361 3956 3527 4001 autent
3563 3939 3637 4009 qui
3668 3934 3746 3989 sint
3767 3929 3829 4019 im-

2366 4017 2724 4112 pugnatores;
2755 4047 2968 4094 constat
2996 4039 3138 4093 enim
3171 4041 3342 4094 bonos
3377 4051 3474 4092 nou
3503 4048 3528 4087 a
3551 4026 3693 4089 bonis,
3713 4017 3784 4118 sed.
3807 4031 3825 4065 τι

2365 4133 2524 4188 malis
2569 4131 2908 4186 solummodo
2964 4131 3291 4202 impugnari.
3340 4124 3744 4202 lmpuguaveruut,
3777 4124 3826 4159 m-

2365 4239 2554 4294 quam,
2599 4239 2698 4276 me.
2738 4221 2804 4276 Et
2832 4222 2936 4277 hoc
2966 4201 3196 4292 contigit
3243 4240 3275 4276 a
3296 4222 3546 4292 jureutute
3579 4225 3688 4272 mea,
3711 4201 3746 4256 id
3771 4208 3823 4250 cst

2368 4316 2487 4370 ideo
2515 4331 2595 4368 me
2619 4315 3075 4384 impigrum-erunt
3097 4315 3225 4385 quia
3259 4324 3480 4370 veterem
3503 4304 3722 4362 hominem
3743 4305 3824 4387 ctua

2366 4407 2581 4461 actibus
2639 4406 2752 4459 suis
2813 4421 3096 4470 exuerant,
3143 4415 3199 4461 et
3259 4418 3448 4461 novum
3489 4396 3725 4455 hominem,
3762 4395 3821 4446 αυι

681 4481 818 4534 sicut
846 4481 1048 4536 novella
1090 4484 1366 4537 olivarum.
1393 4483 1527 4539 Ecce
1560 4485 1722 4554 igitur
1749 4488 1848 4555 sic,
1871 4489 2012 4543 sicut
2043 4489 2096 4543 in
2128 4507 2265 4560 prte—
2295 4498 2341 4557 ι)
2369 4497 2667 4553 secundum
2705 4497 2872 4551 Deum
2913 4505 3130 4552 creatus
3165 4505 3248 4553 ρει
3279 4512 3396 4552 cum
3437 4490 3616 4547 actibus
3652 4479 3738 4548 eius
3771 4473 3822 4524 l1"

683 4570 824 4623 senti
849 4581 1128 4627 ostensum
1151 4581 1256 4640 est,
1289 4573 1642 4642 benedicatur,
1679 4576 1730 4631 id
1755 4588 1838 4632 est
1861 4579 2263 4634 beatiﬁcahitur

685 4662 840 4712 homo
876 4661 965 4716 ille
993 4665 1083 4732 qui
1120 4666 1264 4718 timet
1298 4663 1583 4717 Dominum
1619 4675 1770 4721 casto
1813 4666 2027 4725 timore.
2061 4669 2260 4736 Quare,

683 4766 719 4801 ο
760 4760 814 4804 ιιι
857 4753 1168 4823 quicunque
1207 4755 1453 4815 auditor.
1499 4759 1630 4812 time
1671 4757 1980 4814 Dominum.
2022 4761 2176 4827 Quod
2216 4764 2260 4817 si

683 4840 903 4904 feceris.
961 4841 1225 4896 benedicat
1271 4846 1364 4899 tibi
1418 4847 1692 4910 Domitius,
1742 4849 1793 4902 id
1845 4859 1927 4904 est
1963 4852 2166 4905 exultet
2209 4862 2261 4906 le

681 4934 1038 4989 beatitudine.
1067 4934 1128 4988 Et
1165 4936 1266 4990 hoc
1286 4939 1563 5007 contingat
1587 4940 1819 5008 exSion,
1853 4942 1904 4996 id
1935 4952 2018 4997 est
2059 4960 2125 4998 ex
2162 4946 2262 4999 hoc

681 5027 826 5096 quod
859 5037 912 5081 tu
941 5028 1052 5082 eris
1085 5026 1240 5093 Sion,
1273 5030 1561 5097 speculains
1596 5032 1798 5098 futura,
1845 5052 1948 5088 non
1981 5038 2264 5092 attendens

679 5118 994 5187 prmscntia.
1026 5118 1093 5174 Et
1121 5119 1222 5174 hoc
1247 5118 1466 5188 quidem
1495 5123 1651 5176 modo
1688 5124 1974 5179 hencdicat
2011 5136 2083 5191 te,
2117 5129 2260 5197 quod

681 5210 770 5263 hic
801 5211 974 5264 rideas
999 5212 1116 5267 visu
1148 5211 1345 5267 mentis
1370 5209 1608 5264 omnibus
1638 5213 1818 5270 diebus
1851 5218 1967 5272 vim:
1994 5230 2100 5274 tua:
2128 5221 2262 5274 bona

685 5297 1021 5352 Hierusalem
1053 5301 1318 5368 cmlestis,
1354 5303 1406 5356 id
1433 5313 1519 5358 est
1543 5298 1681 5353 bona
1716 5303 1912 5359 Similia
1951 5307 2107 5362 bonis
2140 5309 2262 5364 Ilie-

683 5389 1346 5457 rusalem,utvideliceta
1383 5396 1530 5453 vitiis
1557 5399 1826 5469 quiescas,
1860 5401 1953 5455 Dei
1979 5401 2264 5457 dilectione

679 5479 1029 5546 exardescas,
1057 5481 1123 5536 ad
1139 5481 1551 5542 similitudinem
1581 5489 1780 5544 civium
1810 5489 2165 5558 Hierusalem,
2190 5506 2265 5550 et-

680 5574 724 5627 si
752 5587 857 5628 non
885 5573 1020 5628 adeo
1045 5574 1304 5644 perfecte.
1334 5576 1488 5634 Unde
1536 5581 1804 5652 Prosper:
1828 5584 1925 5640 Est
1947 5585 1998 5640 in
2025 5587 2124 5642 hac
2149 5589 2256 5644 vita

680 5664 864 5718 inultis
912 5666 1128 5742 requies
1175 5668 1296 5724 data
1339 5676 1570 5728 sanctis.
1623 5675 1812 5732 Videas
1860 5677 1968 5744 hic,
2020 5680 2260 5749 inquam,

685 5756 818 5813 bona
851 5758 1211 5817 Hierusalem.
1249 5761 1314 5818 Et
1360 5765 1412 5820 in
1447 5765 1627 5822 futuro
1653 5769 1834 5826 videas
1862 5771 1973 5842 ipsa
2001 5772 2074 5828 rei
2109 5789 2266 5844 expc-

2367 4591 2600 4654 duendo,
2634 4604 2730 4660 per
2757 4589 2930 4658 ipsius
2960 4590 3082 4644 novi
3116 4590 3352 4644 hominis
3385 4587 3603 4642 timorem
3625 4585 3666 4632 et
3685 4573 3818 4627 bonam

2365 4679 2735 4752 operationem
2760 4679 2978 4748 juvenis
3009 4677 3183 4734 factus
3222 4679 3444 4736 fueram.
3471 4671 3554 4726 Vel
3578 4665 3820 4752 ajureutttlt.

2368 4745 2418 4828 id
2442 4781 2526 4828 est
2557 4787 2584 4824 a
2632 4745 2877 4841 tempore
2913 4769 3240 4839 iuventutis,
3271 4770 3468 4826 scilicet
3493 4780 3520 4818 a
3545 4767 3731 4825 tempore
3749 4745 3821 4799 lnr-

2369 4861 2614 4918 titudinis
2693 4875 2826 4915 mea:
2879 4861 3087 4929 adepta:
3137 4876 3236 4931 per
3291 4861 3518 4915 timorem
3579 4857 3622 4901 et
3661 4849 3817 4937 cancros

2366 4954 2569 5025 gradus
2608 4951 2937 5022 superiores,
2978 4966 3099 5020 qua:
3137 4967 3232 5022 per
3270 4950 3580 5020 iuventutem
3616 4933 3817 5025 acciiutut.

2365 5019 2430 5102 eo
2453 5047 2597 5117 quod
2626 5019 2687 5099 in
2700 5019 3160 5115 juvenibusinest
3198 5019 3449 5100 fortitudo
3465 5019 3817 5117 praecipual'acit

2367 5113 2548 5194 autem
2581 5113 2970 5206 apostropham
3009 5151 3078 5192 ex
3130 5135 3480 5207 gratulatione
3521 5124 3675 5183 nimia,
3710 5113 3817 5207 ei.“

2366 5231 2528 5286 addat
2555 5229 2634 5284 sic
2667 5244 2680 5280 :
2714 5225 2886 5295 Sn’pe,
2920 5226 3162 5296 inquam,
3215 5225 3596 5299 expugnaverunt
3620 5225 3680 5263 tut
3702 5220 3724 5255 α
3749 5212 3810 5299 1""

2366 5330 2568 5375 rentute
2618 5338 2766 5388 mea;
2806 5330 2862 5378 et
2916 5323 3040 5377 ideo
3089 5333 3250 5391 smpc,
3291 5317 3465 5374 etc-uim
3505 5323 3588 5362 non
3622 5293 3815 5391 ροιιιιηιηξ

2366 5413 2493 5466 mihi
2541 5412 2813 5483 imprimis
2861 5412 3179 5485 praevalere.
3209 5411 3320 5466 Hoc
3345 5415 3508 5463 autem
3535 5406 3669 5451 totum
3695 5387 3810 5485 esti—6

2366 5504 2410 5558 si
2443 5505 2646 5562 diceret
2672 5525 2684 5559 :
2711 5483 2872 5576 Sa‘pe
2889 5507 3338 5576 impugnavorunt
3361 5516 3435 5555 mc
3455 5514 3482 5548 a
3493 5483 3811 5576 juventa-16M.-

2367 5603 2420 5647 ct
2450 5595 2595 5650 nullo
2630 5597 2788 5652 modo
2829 5605 3124 5667 potuerunt
3167 5595 3295 5650 mihi
3343 5586 3612 5665 pra2valere-
3651 5563 3807 5668 Είβθξβξί

2367 5691 2545 5737 autem
2577 5684 2670 5754 qui
2703 5661 3158 5755 impugnavcrunt
3203 5694 3255 5738 et
3285 5661 3528 5753 quomodo
3564 5661 3807 5759 ἰιιιρυιίιιίξξθς

2369 5784 2515 5843 rtml,
2548 5785 2598 5831 et
2632 5776 2759 5846 quid
2809 5793 2903 5847 per
2937 5777 3388 5847 impugnationem
3432 5761 3686 5824 elletcrutd,
3719 5752 3801 5797 ἐπ’
