3978 6328
169 340 306 398 i335

1027 342 1387 400 EXPOSITIO
1426 342 1490 398 IN
1529 341 1863 399 PSALMOS.
1895 341 2183 397 ——PSAL.
2226 341 2461 397 CXXIX.

3270 340 3407 397 1538

170 458 650 525 lmpugnaverunt.
676 454 920 522 inquam,
954 463 1008 509 et
1036 457 1136 507 hoc
1165 455 1323 509 modo
1351 455 1566 524 quidem
1599 454 1745 507 vide-
1774 454 1820 508 Α
1848 452 2071 506 multum
2091 493 2107 519 ,
2140 462 2197 507 ut
2223 454 2400 508 sinum
2436 467 2592 507 suum
2620 464 2685 508 ex
2714 467 2777 505 eo
2795 453 2966 520 possit
2993 454 3240 523 implere,
3271 457 3411 510 sicut

172 546 318 612 licet,
360 561 520 612 supra
543 544 759 596 dorsum
795 560 964 596 meum
1001 544 1383 613 fabricaverunt
1428 554 1742 613 peccatores,

170 637 620 690 antonomastice.
658 634 758 689 Per
780 636 998 689 dorsum
1030 635 1189 687 datur
1215 635 1461 703 intelligi,
1489 634 1743 701 quoniam

170 736 226 779 et
258 740 425 793 super
455 735 649 779 caetera
695 724 937 778 membra
978 723 1403 778 fabricaverunt.
1432 724 1746 791 Ctnnpouit

168 833 332 884 supra
382 816 597 869 dorsum
640 813 1053 883 fabricaverunt,
1091 815 1313 868 denotat
1351 814 1744 868 vehementiam

170 907 625 977 ﬂagellationum;
650 907 789 975 quod
814 907 909 973 ita,
928 906 1135 960 scilicet
1156 905 1359 976 jugiter
1385 914 1437 959 et
1461 905 1747 958 vehemen-

172 1007 255 1051 tcr
281 996 403 1063 ejus
438 995 786 1066 ﬂagellationi
827 1004 1178 1058 vacaverunt,
1210 996 1352 1051 sicut
1392 994 1747 1050 fabricatores

168 1088 261 1154 qui
316 1089 665 1141 vehementer
728 1097 782 1141 et
838 1088 1055 1142 assidue
1112 1088 1359 1142 incudem
1419 1086 1630 1142 malleis
1692 1087 1745 1140 in

169 1178 535 1233 fabricatione
578 1179 932 1233 contendunt.
980 1178 1598 1248 Denotatquoque,.per
1623 1178 1748 1231 dor-

168 1285 328 1337 sum,
390 1272 531 1338 quod
569 1285 614 1339 p:
640 1284 694 1322 rs
739 1276 822 1323 est
859 1269 1123 1337 corporis,
1147 1269 1289 1338 quod
1323 1284 1446 1322 eum
1489 1268 1661 1322 solum
1693 1268 1746 1322 in

170 1376 406 1430 corpore
441 1360 917 1431 impuguaverunt,
945 1369 1001 1414 et.
1028 1352 1152 1429 quia
1188 1360 1390 1428 aliquid
1419 1361 1470 1414 in
1502 1360 1614 1429 ipsa
1643 1360 1747 1414 im-

170 1452 507 1518 pugna:ione
542 1450 856 1515 ell'ecerunt,
889 1466 918 1503 a
949 1450 1307 1504 similitudine
1338 1450 1746 1515 fabricantium,

168 1545 260 1610 qui
296 1542 498 1611 aliquid
525 1542 840 1596 fabricando
874 1540 1130 1596 elliciunt.

240 1630 499 1685 Ostendit
521 1646 650 1699 ergo
676 1630 803 1699 quid
829 1646 923 1701 per
947 1630 1407 1700 impugnationem
1430 1630 1744 1696 effecerunt,

169 1721 426 1774 addendo
456 1722 533 1775 sic
567 1739 578 1774 :
619 1720 1053 1785 Fabricarerunt,
1079 1723 1319 1790 inquam,
1347 1737 1507 1790 supra
1534 1722 1748 1774 dorsum

169 1829 347 1866 meum
377 1852 390 1871 .
437 1821 491 1865 ct
542 1810 857 1864 fabricando
905 1811 1343 1881 prolongaverunt
1422 1811 1749 1881 iniquitatem
1786 1793 1826 1847 Β

169 1921 350 1963 suam,
399 1903 608 1979 scilicet
648 1919 770 1961 eum
819 1918 1006 1959 eorum
1057 1904 1316 1974 iniquitas
1364 1918 1556 1972 magna
1585 1910 1749 1966 esset,

170 1994 396 2065 quando
452 1993 637 2050 solam
677 1994 948 2049 habebant
995 1994 1342 2064 impugnandi
1396 1994 1749 2059 voluntatem,

170 2103 296 2140 eum
325 2086 441 2154 jam
467 2084 785 2155 ﬂagellaudo
816 2102 976 2153 supra
1016 2086 1233 2138 dorsum
1264 2101 1434 2138 meum
1467 2084 1754 2152 fabricave-

172 2188 322 2244 runt,
360 2188 488 2232 tunc
532 2178 859 2247 iniquitatem
898 2194 1047 2230 suam
1095 2175 1559 2245 prolongavcrunt,
1586 2175 1638 2230 id
1669 2186 1753 2230 est

172 2267 442 2336 majorem
514 2267 776 2321 fecerunt.
831 2266 989 2337 Pejus
1042 2268 1186 2323 enim
1238 2276 1322 2325 est
1373 2265 1509 2321 male
1577 2266 1753 2321 facere

171 2376 341 2428 quam
376 2369 583 2413 tantum
609 2358 746 2412 male
782 2359 930 2412 velle.
958 2360 1052 2415 Est
1079 2368 1260 2414 autem
1286 2358 1522 2428 positum
1546 2374 1574 2411 a
1605 2359 1758 2414 simi-

175 2454 410 2508 litudiuc
456 2453 611 2515 ferri,
642 2452 725 2505 vel
756 2453 1043 2521 cujuslith
1090 2452 1235 2516 aeris,
1266 2453 1409 2521 quod
1439 2450 1754 2506 fabricando

174 2547 536 2615 prolongatur
578 2552 631 2599 et
676 2546 1005 2601 extenditur.
1058 2544 1193 2599 Cum
1245 2544 1378 2597 dicit
1428 2544 1754 2612 iniquitatem

172 2648 586 2707 persocutorum
625 2637 1018 2707 prolongatam,
1062 2650 1135 2691 ex
1161 2638 1408 2706 opposito
1460 2637 1617 2692 docet
1670 2635 1753 2690 sui

175 2731 351 2800 ipsius
376 2728 907 2796 patientisjnstitiam
942 2743 1041 2797 per
1064 2728 1310 2781 eamdem
1342 2725 1753 2781 fabricationem

174 2824 580 2893 nrtilongatam.
613 2822 875 2886 Quoniam
905 2835 1033 2890 ergo
1060 2819 1444 2888 fabricaverunt
1467 2828 1513 2870 et
1544 2816 1757 2886 prolon-

169 2923 457 2985 gaverunt,
485 2913 736 2966 Dominus
763 2913 875 2982 qui,
893 2928 1015 2966 cum
1046 2912 1115 2967 sit
1137 2910 1394 2973 Dominus
1417 2910 1755 2978 omnipotens

173 3016 264 3060 est
311 3016 360 3059 et
404 3005 603 3075 justus,
644 3014 699 3059 et
738 3005 858 3059 ideo
917 3003 1186 3072 justitiam
1232 3001 1413 3057 facere
1464 3001 1645 3063 debet,
1701 2999 1753 3053 in

1852 556 1920 594 ex
1959 543 2101 596 bono
2133 542 2278 606 feno,
2323 544 2403 595 vel
2432 558 2494 597 ex
2526 558 2702 598 mcsse
2732 543 3017 611 aliquando
3059 554 3264 599 tantum
3297 547 3409 599 col-

1847 630 2003 698 liget,
2050 642 2106 686 ut
2159 634 2281 686 inde
2330 649 2543 685 manum
2576 634 2794 703 impleat
2823 673 2838 696 ,
2886 633 3171 702 aliquando
3205 645 3408 690 tantum

1848 731 1904 774 ut
1933 722 2148 792 impleat
2173 725 2367 777 sinum.
2408 722 2561 789 Quod
2592 732 2675 776 est
2707 724 2917 777 dicere:
2948 722 3093 775 Adeo
3117 733 3199 779 cst
3224 726 3412 778 inutile

1848 810 2035 866 fenum
2060 812 2185 867 illud
2214 822 2475 867 tectorum
2504 813 2645 882 quod
2676 812 2852 867 nullus
2884 828 2951 867 ex
2974 827 3039 865 eo
3084 815 3289 868 curabit
3320 832 3412 882 pa-

1850 919 1968 957 rum
1997 904 2272 973 colligere,
2313 916 2371 958 ut
2397 905 2516 958 inde
2547 905 2764 972 impleat
2794 920 3006 957 manum
3029 946 3044 969 ,
3072 904 3156 957 vel
3190 906 3413 959 multum

1848 994 2102 1065 colligere
2132 1004 2190 1049 ut
2220 997 2439 1065 impleat
2479 997 2603 1050 inde
2629 998 2823 1050 sinum.
2871 996 3136 1050 Similiter
3159 998 3323 1052 etiam
3354 1001 3417 1054 dc

1849 1087 2693 1159 peccatoribus.continget.Cum
2715 1089 2856 1141 enim
2886 1088 3060 1158 angeli
3091 1090 3179 1158 qui
3211 1090 3276 1144 ad
3309 1106 3419 1143 me-

1854 1176 2072 1229 tendum
2107 1177 2289 1231 lideles
2312 1178 2554 1248 dispositi
2585 1187 2742 1243 sunt,
2766 1178 3024 1248 quosdam
3051 1180 3128 1234 sic
3164 1179 3420 1251 colligunt

1850 1269 1917 1323 de
1949 1270 2048 1324 hac
2079 1270 2213 1334 vita,
2246 1284 2306 1324 ut
2337 1286 2523 1339 parum
2557 1272 2705 1341 quid,
2740 1271 2918 1325 minus
2945 1269 3238 1340 perfectos,
3273 1271 3420 1324 scili-

1850 1370 1935 1414 cet
1964 1376 1994 1414 a
2022 1360 2375 1416 similitudine
2403 1363 2658 1416 metentis
2694 1361 2897 1431 aliquid
2942 1375 3131 1430 parum
3176 1362 3241 1416 de
3274 1359 3417 1418 feno.

1851 1452 1931 1506 vel
1958 1454 2023 1507 de
2070 1469 2279 1517 messe,
2330 1462 2390 1509 ut
2436 1452 2559 1508 inde
2595 1469 2813 1509 manum
2864 1453 3116 1523 impleat;
3155 1452 3417 1523 quosdam

1850 1562 1981 1600 vero
2017 1547 2095 1601 sic
2123 1547 2411 1617 colligunt,
2447 1557 2508 1603 ut
2539 1562 2789 1616 magnum
2818 1544 2943 1615 quid
2975 1544 3241 1614 perfectos
3272 1542 3411 1597 scili-

1851 1648 1939 1691 cet
1970 1654 1997 1690 a
2030 1638 2383 1693 similitudine
2423 1640 2650 1694 inultum
2684 1638 2750 1692 de
2771 1636 2909 1706 Ifeuo
2932 1677 2947 1701 ,
3003 1636 3108 1689 vel,
3138 1636 3201 1688 dc
3246 1649 3421 1688 messe

1853 1733 2112 1786 metensis
2136 1742 2240 1809 ,ιιι
2288 1734 2410 1787 inde
2439 1734 2613 1787 sinum
2638 1731 2887 1801 impleat;
2913 1739 3224 1799 peccatores
3253 1743 3423 1796 neque

1854 1821 2141 1891 colligcnt,
2174 1831 2230 1875 ut
2264 1839 2487 1892 parvum
2537 1837 2712 1893 neque
2760 1830 2818 1875 ut
2867 1835 3140 1889 maguum.
3194 1816 3261 1871 Et
3305 1819 3423 1873 ideo

1856 1926 1959 1964 non
1994 1912 2340 1979 colligentur,
2375 1914 2499 1982 quia
2534 1914 2606 1967 illi
2650 1913 2740 1983 qui
2774 1912 3138 1982 pra'teribant,
3175 1909 3425 1980 praedica-

1856 2008 2019 2064 tores,
2050 2002 2257 2056 scilicet
2283 2003 2376 2072 qui
2406 2011 2562 2057 erant
2590 2003 2726 2056 hanc
2751 2002 2913 2055 vitam
2945 2006 3339 2070 praetereuntes
3368 2005 3424 2048 ct

1854 2098 2294 2155 contemnentes,
2328 2090 2595 2145 tendendo
2639 2090 2704 2144 ad
2738 2089 3004 2158 patriam,
3031 2103 3136 2141 non
3176 2086 3293 2157 ejus
3334 2100 3428 2139 να-
3514 2076 3517 2079 ’

1855 2182 2154 2252 luptatibus
2184 2183 2539 2248 adhaerentes,
2589 2198 2690 2234 non
2736 2181 2980 2234 dixerunt
3027 2178 3131 2233 illis
3176 2184 3431 2248 peccato-

1855 2273 2021 2336 ribus,
2050 2272 2335 2325 benedictio
2366 2272 2578 2325 Domini
2607 2312 2621 2335 ,
2665 2270 2715 2325 id
2750 2280 2831 2324 est
2861 2269 3118 2324 exultatio
3147 2269 3201 2323 in
3231 2268 3334 2325 fide
3377 2277 3430 2323 et

1856 2365 2146 2420 virtutibus
2172 2379 2202 2417 a
2235 2363 2343 2418 Deo
2370 2364 2518 2427 data,
2544 2364 2781 2432 sitsuper
2818 2377 2943 2418 vos-

1928 2455 2237 2509 Notandum
2267 2454 2408 2523 quod
2431 2464 2486 2507 et
2516 2468 2647 2508 voce
2671 2462 2731 2507 et
2755 2451 3043 2507 affectione
3065 2451 3130 2506 de
3158 2448 3429 2508 omnibus,

1858 2555 1971 2602 tam
2004 2547 2161 2600 bonis
2189 2562 2365 2617 quam
2389 2546 2590 2616 impiis,
2621 2545 2913 2607 dixerunt,
2944 2551 3004 2596 ut
3037 2557 3198 2612 super
3242 2554 3433 2595 omnes

1857 2638 2160 2693 benedictio
2189 2636 2283 2691 Dei
2320 2645 2483 2690 esset.
2528 2635 2696 2689 Aliter
2742 2635 2884 2688 enim
2919 2630 3141 2701 perfecti
3190 2644 3294 2684 non
3344 2644 3432 2683 ese

1858 2739 2011 2796 sent,
2041 2745 2162 2784 cum
2205 2729 2466 2782 Dominus
2493 2727 2673 2779 dicat:
2711 2746 2728 2776 ι
2763 2724 2928 2779 Orate
2957 2737 3056 2792 pro
3107 2733 3434 2790 persequen-

1861 2824 2002 2878 tibus
2031 2832 2085 2875 et
2109 2820 2567 2876 calumniantibus
2597 2833 2693 2872 vos
2714 2816 2929 2887 (Matth.
2960 2830 3050 2877 tII,
3075 2813 3187 2882 44).
3210 2830 3229 2863 ι
3263 2813 3436 2866 (Ξτριθο-

1859 2930 1977 2969 rum
1998 2928 2119 2967 cum
2139 2912 2301 2966 dixit:
2334 2908 2456 2964 Non
2485 2906 3061 2962 dixerunt:Benedictie
3089 2903 3298 2956 Domini
3328 2919 3420 2954 su-

1858 3020 1951 3074 per
1999 3018 2119 3065 vos,
2176 2999 2554 3071 compendiosa
2606 2997 2803 3068 positio
2839 3004 2947 3057 est,
2999 3008 3064 3049 ac
3096 2993 3139 3048 si
3182 2992 3430 3048 diceret:

173 3099 370 3173 [ulter
394 3098 627 3151 concidet
652 3098 871 3151 cervices
893 3104 1244 3165 peccatorum,
1267 3094 1317 3147 id
1340 3092 1757 3147 estconcidetet
1784 3130 1825 3184 Ο
1864 3092 1985 3146 Non
2012 3092 2259 3144 dixerunt
2288 3130 2305 3153 ,
2343 3089 2391 3141 id
2432 3098 2513 3140 cst
2544 3086 2688 3140 dicto
2730 3082 3131 3156 praedicationis
3166 3096 3277 3137 sum
3322 3095 3426 3134 non

177 3191 232 3243 in
271 3199 539 3244 aeternum
584 3190 825 3243 destruet
868 3187 1017 3257 ipsos
1056 3194 1371 3256 peccatores
1398 3192 1619 3252 propter
1648 3197 1759 3236 cer-
1786 3165 1825 3184 υ
1859 3183 2191 3247 effecerunt,
2229 3190 2285 3235 ut
2336 3180 2604 3236 veraciter
2653 3178 2837 3233 dicere
2885 3185 3102 3246 possent
3149 3174 3433 3230 benedictio

178 3282 345 3345 rices,
385 3281 437 3335 id
481 3289 564 3334 est
601 3289 821 3350 propter
851 3277 1260 3333 cervicositates
1292 3289 1500 3335 eorum,
1550 3271 1761 3327 scilicet

178 3380 410 3443 propter
479 3371 756 3441 superbi-as
823 3385 943 3439 qua:
1001 3384 1097 3438 per
1159 3367 1399 3421 cervices
1451 3363 1758 3433 intelligun-

181 3475 300 3528 tur,
341 3479 408 3519 eo
456 3467 595 3533 quod
646 3464 699 3518 in
746 3464 1021 3519 cervicum
1064 3460 1363 3516 elevatioue
1411 3457 1756 3512 denotantur.

181 3556 261 3611 Ne
338 3571 470 3609 vero
550 3563 861 3624 peccatores
928 3552 1322 3613 concidantur,
1371 3548 1764 3617 confundantur

180 3648 329 3700 bona
381 3645 754 3698 erubescentia
796 3644 859 3696 de
899 3640 1126 3712 superba
1165 3640 1324 3710 527
1371 3639 1578 3692 actione
1630 3651 1761 3700 sua,

180 3748 229 3791 et
288 3737 371 3791 sic
437 3745 765 3789 convertatur
820 3745 1103 3788 retrorsum
1152 3741 1273 3803 post
1341 3746 1467 3794 nos,
1529 3739 1587 3783 ιιι
1640 3728 1761 3781 imi-

182 3838 400 3882 tatores
468 3827 637 3880 nostri
716 3826 846 3879 ﬁant
915 3840 1091 3877 omnes
1160 3824 1231 3877 illi
1302 3830 1613 3889 peccatores
1674 3820 1763 3889 qui

183 3918 415 3971 oderunt
439 3914 598 3981 Sion,
635 3916 686 3969 id
722 3924 803 3969 est
831 3913 920 3983 qui
955 3929 1059 3966 non
1098 3928 1161 3965 cx
1193 3913 1404 3973 merito,
1434 3910 1524 3962 sed
1557 3924 1619 3961 ex
1643 3907 1765 3961 odio

185 4009 470 4079 persecuti
499 4014 625 4063 sant
650 4022 747 4061 nos
775 4006 1068 4061 existentes
1099 4004 1251 4059 Sion.
1286 4002 1417 4068 Quia
1450 4001 1491 4054 si
1524 3996 1762 4052 converti

183 4100 497 4163 noluerint,
532 4099 768 4153 concedo
810 4099 874 4152 de
902 4096 981 4151 eis
1007 4095 1146 4165 quod
1172 4094 1375 4162 justum
1409 4100 1521 4155 est,
1559 4090 1769 4145 scilicet

181 4194 320 4263 ﬁant
366 4190 516 4259 justo
542 4190 747 4259 judicio
794 4189 885 4243 Dei
920 4189 1055 4241 aridi
1097 4187 1165 4240 ab
1200 4186 1345 4239 onmi
1395 4188 1593 4240 virtute
1643 4192 1767 4238 ante

183 4298 354 4341 uuam
393 4281 458 4333 de
482 4281 581 4334 hac
612 4281 717 4332 vita
748 4278 1069 4332 evelluntur.
1105 4276 1169 4329 Et
1194 4291 1541 4347 nontquoquo
1581 4273 1759 4335 modo,

185 4373 281 4427 sed
312 4372 655 4441 sicut'fenum
701 4380 983 4427 tectorum,
1031 4367 1168 4435 quod
1205 4360 1511 4437 prﬂtsquam
1559 4368 1625 4419 ab
1669 4367 1766 4419 ali-

1861 3275 2075 3328 Domini
2105 3276 2157 3328 in
2201 3274 2305 3327 [ide
2352 3281 2405 3329 et
2432 3271 2724 3326 virtutibus
2766 3268 2909 3323 facta
2956 3277 3039 3323 est
3068 3282 3221 3337 super
3262 3282 3369 3331 vos,
3400 3278 3434 3317 o

1862 3376 2195 3436 peccatores.
2228 3366 2376 3430 Quod
2415 3373 2500 3418 est
2538 3364 2749 3417 dicere:
2790 3360 2893 3414 l‘er
2919 3361 3062 3413 dicta
3092 3356 3434 3426 praedicatio-

1864 3458 1947 3512 nis
1976 3473 2086 3513 suze
2117 3473 2220 3511 non
2263 3464 2554 3526 potuerunt
2582 3470 2676 3508 eos
2711 3454 2777 3507 ad
2816 3454 2919 3508 hoc
2963 3449 3217 3505 bonitatis
3264 3448 3433 3501 addu-

1864 3564 1991 3604 cere
2025 3558 2083 3602 ιιι
2134 3549 2277 3618 digni
2314 3555 2495 3601 essent
2531 3546 2709 3600 divina
2755 3543 3152 3600 benedictione.
3200 3541 3437 3611 Exponit

1865 3652 2041 3696 autem
2082 3641 2350 3710 quomodo
2398 3641 2476 3693 eis
2513 3654 2616 3691 non
2671 3638 3081 3700 bcncdixerunt,
3113 3634 3225 3690 sic:
3267 3635 3433 3689 Dico:

1868 3733 1989 3788 Non
2017 3735 2257 3787 dixerunt
2281 3750 2298 3787 :
2329 3733 2624 3786 Benedictio
2655 3730 2863 3785 Domini
2900 3742 3054 3796 super
3081 3741 3191 3787 vos,
3220 3725 3435 3779 scilicet

1866 3840 1970 3879 non
2002 3825 2282 3878 dixerunt:
2325 3822 2691 3877 Benediximus
2727 3820 2867 3874 vobis
2907 3818 3094 3887 positis
3130 3818 3182 3869 in
3222 3816 3431 3871 nomine

1870 3914 2079 3968 Domini
2107 3954 2121 3979 ,
2155 3914 2206 3968 id
2237 3924 2319 3967 est
2363 3914 2507 3968 dicto
2553 3912 2953 3981 praedicationis
2992 3924 3103 3963 sua:
3150 3909 3201 3961 in
3235 3909 3317 3962 eis
3348 3908 3431 3959 iu-

1868 4003 2076 4058 dnratis
2103 4020 2205 4058 non
2235 4003 2531 4058 effecerunt
2556 4005 2657 4058 hoc
2677 4043 2692 4065 .
2723 4012 2780 4056 ut
2812 4001 3077 4056 veraciter
3106 4000 3283 4054 dicere
3315 3989 3463 4066 pes"

1867 4106 1989 4154 sent
2008 4139 2023 4162 ,
2056 4113 2155 4152 nos
2183 4098 2537 4155 benediximus
2565 4098 2722 4161 vobis,
2746 4098 2796 4150 id
2824 4104 2907 4149 est
2935 4092 3288 4147 cxaltavimus
3318 4104 3433 4149 vos.

1869 4189 2078 4244 scilicet
2105 4188 2306 4243 fuimus
2344 4203 2505 4242 causa
2557 4202 2724 4255 quare
2769 4181 3141 4239 cxaltarcmini
3188 4195 3303 4245 vos,
3335 4195 3432 4248 po-

1871 4279 2046 4332 nendo
2084 4292 2179 4331 vos
2227 4292 2321 4345 per
2368 4276 2801 4346 praedicationem
2857 4281 3094 4325 nostrtun
3132 4271 3187 4322 in
3227 4286 3435 4322 nomine

1871 4371 2084 4427 Domini
2102 4410 2116 4433 ,
2152 4371 2203 4423 id
2232 4378 2315 4421 est
2352 4367 2557 4422 honore.
2594 4364 2804 4418 Domini
2833 4404 2848 4427 ,
2877 4363 3082 4417 scilicet
3113 4362 3213 4416 hoc
3246 4361 3297 4415 in
3340 4376 3437 4414 vo-

192 4480 306 4533 (ιιιο
337 4461 609 4527 “eum”:
659 4476 726 4516 οἵ
756 4470 873 4514 ίοῑο
892 4462 1036 4513 am“
1068 4476 1161 4528 l“"‘
1190 4474 1270 4519 53-
1313 4469 1498 4527 ηινοιε
1563 4458 1765 4511 """llm
1801 4467 1845 4521 D
1871 4463 1955 4517 bis
1983 4459 2275 4515 allicientes
2311 4455 2683 4527 przcdicando,
2716 4462 2775 4506 ut
2806 4451 2994 4507 honori
3030 4450 3238 4504 Domini
3270 4464 3433 4505 vaca.-

188 4556 405 4609 habens
438 4561 595 4607 terra:
622 4550 1053 4605 fundamentum.
1105 4550 1194 4603 Sic
1232 4558 1282 4602 et
1332 4548 1429 4616 ipsi
1457 4562 1607 4611 vero,
1642 4546 1761 4601 fun-

185 4645 453 4700 damento
486 4642 707 4698 Christo
749 4650 1031 4705 carentes,
1063 4641 1222 4692 etiam
1258 4640 1308 4692 in
1363 4639 1468 4692 vita
1514 4639 1769 4706 degentes

188 4734 426 4789 interius
462 4740 804 4787 exarescant.
850 4731 953 4786 Per
986 4731 1086 4784 hoc
1121 4739 1300 4783 autem
1338 4744 1433 4784 eos
1479 4728 1547 4781 ab
1574 4729 1770 4797 iniqui-

185 4836 305 4881 tate
335 4839 521 4879 eorum
556 4825 811 4879 deterret.
836 4822 969 4878 Cum
1004 4821 1135 4875 dicit
1161 4822 1462 4891 priusquam
1496 4819 1767 4885 evel/amr,

186 4920 373 4975 innuit
401 4926 717 4988 peccatores
743 4917 808 4971 de
836 4917 937 4970 hac
966 4915 1076 4969 vita
1112 4929 1215 4967 non
1243 4913 1481 4967 volentes
1510 4911 1763 4980 migrare,

192 5014 340 5065 sicut
369 5010 567 5079 justos,
610 5011 702 5064 sed
742 5010 1047 5063 evelicudos
1082 5020 1222 5063 esse.
1254 5004 1412 5058 idest
1443 5003 1492 5056 vi
1540 5002 1767 5072 quadam

185 5103 561 5156 extrahendos
588 5116 707 5155 esse
735 5111 788 5153 et
822 5099 1038 5153 invitos.

273 5192 472 5256 Fiant,
523 5194 776 5261 inquam,
821 5190 954 5243 sicut
1002 5189 1177 5258 fenum
1223 5196 1495 5242 tectorum.
1546 5185 1622 5239 De
1668 5203 1769 5255 quo

193 5287 347 5351 feno,
377 5285 500 5355 quia
535 5284 721 5337 inutile
748 5293 823 5336 est
843 5325 857 5350 ,
883 5298 985 5335 non
1017 5280 1240 5349 implebit
1268 5296 1478 5334 manum
1507 5296 1655 5333 suam
1682 5280 1770 5349 qui

190 5386 384 5440 metet,
422 5374 470 5428 id
497 5382 585 5428 est
628 5387 837 5427 messor
882 5372 1138 5426 messium
1180 5371 1357 5440 spicas
1400 5379 1454 5424 et
1501 5370 1604 5423 alia
1648 5371 1772 5424 lena

192 5466 351 5522 utilia
401 5465 691 5536 colligens.
730 5480 833 5518 non
866 5464 1075 5532 colliget
1108 5478 1173 5515 ex
1216 5463 1317 5515 hoc
1358 5461 1480 5516 leno
1524 5461 1772 5529 aliquan-

195 5558 373 5611 tulum
416 5565 473 5610 ut
504 5555 628 5610 inde
659 5570 876 5609 manum
911 5553 1149 5622 impleat.
1186 5549 1252 5604 Et
1293 5566 1397 5605 non
1437 5550 1678 5619 implebit
1705 5564 1772 5604 ex

195 5665 266 5704 eo
315 5649 491 5702 sinum
539 5663 690 5701 suum
748 5646 838 5701 ille
884 5645 974 5716 qui
1018 5642 1309 5711 manipulos
1359 5641 1582 5695 alterius
1628 5640 1775 5695 utilis

200 5740 315 5798 ιριιὶ
347 5740 429 5794 vel
465 5739 717 5794 messium
750 5737 988 5808 colliget.
1024 5736 1077 5790 id
1109 5745 1191 5791 est
1238 5752 1342 5789 non
1380 5734 1597 5806 colliget
1650 5734 1774 5788 inde

1872 4554 2020 4608 rotis.
2051 4552 2202 4619 Quod
2249 4562 2335 4607 est
2366 4549 2581 4603 dicere:
2624 4547 2738 4601 Non
2786 4552 3074 4615 potuerunt
3116 4558 3209 4597 eos
3238 4543 3303 4596 ad
3333 4542 3435 4596 hoe

1869 4644 2248 4715 praedicatione
2289 4657 2385 4695 sua
2434 4639 2819 4709 przedicatores
2864 4636 3132 4689 adducere
3172 4644 3231 4688 ut
3269 4635 3434 4689 Deum

1870 4737 2007 4792 bene
2032 4733 2259 4788 vivendo
2309 4737 2672 4796 bonorarcnt,
2706 4738 2761 4783 et
2815 4728 2893 4783 sic
2924 4728 2993 4782 ab
3042 4742 3108 4783 eo
3150 4725 3438 4781 benedice-

1871 4840 1964 4880 reu
1973 4833 2023 4879 ιιι
2032 4840 2079 4880 l'o

2290 4912 2360 4968 ΙΝ
2408 4908 2737 4967 PSALMUM
2780 4908 3014 4965 CXXIX.

1941 5003 2152 5060 Titulus
2196 5002 2475 5058 centesimi
2505 5001 2747 5055 vicesimi
2797 5000 2944 5053 noni.
2993 4997 3265 5052 Canticum
3315 4980 3438 5065 gra4

1869 5097 2051 5151 duum.
2100 5093 2330 5149 Ostenso
2362 5092 2576 5147 decimo
2626 5090 2832 5161 gradu,
2880 5090 3179 5144 constantia
3230 5087 3437 5141 scilicet

1870 5204 1992 5259 quae
2016 5186 2261 5242 habenda
2288 5193 2372 5241 est
2403 5184 2454 5238 in
2487 5182 2856 5245 tribulatione,
2894 5182 2958 5233 de
2990 5179 3270 5233 ntidecimo
3313 5193 3436 5247 pcr-

1872 5279 1995 5333 fecti
2030 5278 2083 5332 in
2119 5275 2363 5346 sequenti
2405 5276 2615 5345 psalmo
2644 5281 2841 5343 agunt,
2874 5271 3079 5325 scilicet
3113 5270 3177 5324 de
3203 5269 3437 5323 clamore

1873 5374 2105 5437 iutcuso,
2164 5370 2254 5439 qui
2307 5366 2583 5421 habendus
2629 5375 2709 5418 est
2755 5363 2821 5416 ad
2870 5364 3037 5417 Deum
3086 5362 3153 5416 ab
3195 5362 3281 5416 his
3339 5362 3429 5429 qui

1875 5463 1926 5516 iu
1969 5462 2249 5531 profundis
2287 5458 2695 5511 trilmlationum
2743 5461 2898 5518 sunt,
2938 5469 3004 5507 ne
3043 5452 3301 5505 Dominus
3344 5466 3437 5517 pa-

1876 5553 2039 5607 tiatur
2076 5567 2168 5605 eas
2196 5550 2427 5604 deficere
2451 5591 2465 5614 ,
2497 5546 2832 5601 observando
2880 5544 3193 5613 iniquitates
3221 5556 3434 5597 eorum.

1876 5641 1973 5708 Qui
2016 5640 2230 5704 quidem
2278 5637 2597 5698 deficerent,
2644 5636 2687 5689 si
2742 5634 2907 5705 528
2942 5633 3081 5688 Deus
3119 5630 3282 5687 vellet
3330 5629 3433 5684 ini-

1878 5733 2110 5801 quitates
2145 5744 2329 5787 eorum
2366 5728 2653 5781 observare
2702 5728 2767 5780 ad
2807 5724 3191 5780 ulciscendum.
3247 5719 3438 5779 Nullus
