3978 6328
625 313 764 369 155ὸ

1192 308 1250 362 S.
1285 303 1636 364 BRUNONIS
1674 299 2334 379 LCARTHUSIANORUM
2389 299 2880 359 INSTITUTORIS
2917 299 3069 359 OPP.
3097 301 3286 358 PARS
3315 302 3355 357 Ι.

3711 306 3817 363 1336

621 427 766 484 enim
803 425 938 482 adeo
967 433 1187 480 sanctus
1219 424 1272 480 in
1321 437 1430 493 quo
1467 422 1601 478 nihil
1629 420 1932 492 iniquitatis
1964 419 2195 473 inveniri
2224 421 2272 481 Α
2298 417 2638 473 Constituisti
2663 430 2886 488 nempe:
2907 433 2927 470 ι
2952 418 3222 474 Dimittite
3260 417 3586 475 debitoribus
3613 430 3660 475 et
3680 424 3816 482 dimit-

619 518 810 591 possit.
843 516 916 573 Ut
961 516 1124 587 igitur
1171 514 1426 586 perfecti,
1468 515 1522 572 in
1569 515 1671 570 hoc
1713 494 1934 585 psalmo'
1955 519 2198 582 agentes,

621 611 710 666 his
737 610 828 681 qui
860 623 961 680 pro
997 608 1210 663 Domini
1242 608 1434 663 timore
1459 615 1512 662 et
1537 605 1844 662 obedientia
1875 606 1928 660 in
1968 605 2198 660 tribula-

621 703 772 758 tione
817 711 944 756 sunt
982 699 1140 769 positi
1190 699 1495 769 exemplum
1544 697 1783 752 tribuant
1817 696 2085 753 clamandi
2121 695 2201 751 sic

623 791 689 846 ad
725 784 1010 848 Dominum
1039 804 1106 844 ne
1133 789 1407 855 deﬁciant,
1430 789 1719 843 ostendunt
1743 803 1802 844 se
1827 788 1906 843 sic
1929 788 1994 842 ad
2018 786 2200 843 Domi-

621 899 752 938 num
775 882 1060 944 clamasse,
1079 881 1376 950 reputando
1401 880 1541 950 quod
1570 881 1613 935 si
1646 880 1904 935 Dominus
1919 879 2078 934 vellet
2100 878 2201 935 ini-

621 973 862 1041 quitates
877 973 1186 1036 observare,
1201 969 1376 1025 nullus
1399 984 1578 1040 posset
1595 971 1956 1026 constantiam
1977 971 2196 1024 habere.

624 1065 926 1120 Ostenduut
986 1078 1200 1134 quoque
1242 1080 1301 1119 se
1340 1064 1392 1118 in
1432 1064 1660 1119 Domino
1705 1079 1952 1132 sperasse
1978 1078 2084 1118 non
2133 1078 2196 1118 ex

623 1159 833 1214 meritis
861 1173 1076 1224 eorum,
1107 1158 1198 1212 sed
1235 1174 1299 1214 ex
1326 1173 1392 1214 eo
1431 1159 1571 1229 quod
1608 1159 1721 1230 ipse
1748 1159 2008 1231 propitius
2033 1167 2113 1214 cst
2143 1167 2202 1214 ut

623 1249 758 1304 alios
785 1249 1054 1308 instruant
1079 1247 1325 1319 exemplo
1353 1263 1700 1308 suo.omnem
1727 1263 1874 1318 spem
1904 1263 2056 1302 suam
2094 1263 2198 1304 non

621 1340 674 1398 in
702 1338 909 1395 meritis
933 1339 1075 1406 suis,
1104 1340 1196 1396 sed
1239 1341 1292 1395 in
1324 1341 1692 1396 misericordia
1732 1341 1940 1396 Domini
1974 1356 2196 1412 ponere.

694 1429 772 1484 De
805 1429 1106 1500 profundis,
1131 1439 1262 1498 etc.,
1293 1445 1354 1485 ac
1385 1431 1431 1485 si
1461 1431 1641 1488 dicat:
1671 1431 1772 1498 Qui
1819 1431 1930 1503 jam
1976 1433 2042 1486 ad
2072 1446 2198 1488 cou-

618 1522 875 1575 stantiam
909 1522 960 1576 in
993 1523 1432 1579 tribulationibus
1467 1523 1842 1590 devenerunt,
1896 1539 1962 1579 ne
1997 1540 2026 1579 a
2071 1541 2200 1580 con-

618 1613 819 1668 stantia
869 1629 966 1668 sua
1013 1613 1302 1670 occasione
1335 1616 1575 1685 ipsarum
1611 1615 2016 1673 tribulationum
2067 1617 2200 1672 deﬁ-

617 1702 796 1769 ciant,
845 1703 913 1759 de
961 1705 1331 1774 profunditate
1383 1707 1623 1777 ipsarum
1676 1708 2079 1763 tribulationum
2129 1709 2196 1764 ad

615 1790 903 1847 Dominum
941 1793 1206 1862 clament,
1257 1804 1312 1850 et
1362 1796 1608 1866 exemplo
1656 1811 1777 1852 meo
1825 1797 1926 1852 hoc
1971 1797 2193 1853 faciant.

619 1881 732 1954 Ego
773 1897 1008 1954 namque
1042 1885 1092 1938 in
1126 1887 1411 1955 profundis
1445 1887 1852 1942 tribulationum
1891 1890 2117 1957 positus,
2167 1903 2198 1942 a

620 1975 974 2031 similitudine
1006 1977 1148 2048 illius
1181 1979 1272 2048 qui
1305 1979 1356 2033 in
1394 1977 1677 2047 profundis
1703 1977 1958 2034 ﬂuctuum
1993 1981 2200 2050 positus

619 2065 820 2121 clamat
859 2069 923 2122 ad
960 2084 1053 2124 eos
1091 2070 1180 2140 qui
1225 2085 1386 2140 supra
1421 2070 1573 2125 littus
1617 2079 1771 2136 sunt,
1807 2079 1866 2126 ιιι
1901 2071 1951 2128 ei
2005 2087 2201 2127 succu-

615 2167 763 2214 rant.
802 2158 878 2213 De
908 2161 1038 2231 ipsis
1083 2162 1358 2232 profundis
1409 2161 1816 2219 tribulationum
1848 2165 2072 2219 clamavi
2097 2164 2198 2232 ,'id

614 2259 699 2306 est
727 2252 973 2306 clamore
1005 2253 1219 2308 intenso
1245 2256 1327 2324 egi
1351 2296 1365 2320 ,
1397 2256 1587 2313 dicens
1614 2258 1776 2312 etiam
1809 2273 1921 2319 ore,
1957 2274 1985 2312 ο
2015 2257 2198 2310 Domi-

618 2360 701 2404 ne.
735 2345 928 2399 exaudi
955 2362 1129 2399 vocem
1177 2364 1366 2402 meam.
1418 2349 1668 2416 Eaaurli,
1702 2353 1954 2421 inquam,
1991 2362 2044 2407 et
2093 2369 2200 2407 non

617 2434 872 2499 remisse,
901 2436 1025 2502 sed,
1057 2437 1198 2491 sicut
1226 2452 1326 2508 ego
1363 2454 1486 2493 cum
1521 2441 1731 2495 intenso
1755 2441 1996 2498 clamore
2025 2443 2200 2509 oravi,

618 2526 692 2578 ita
736 2540 953 2595 quoque
997 2526 1130 2595 [iant
1173 2544 1328 2582 aures
1358 2539 1462 2583 tua:
1497 2531 1846 2595 intendentes,
1907 2533 1958 2586 id
1989 2542 2070 2588 est
2107 2547 2203 2603 po-

619 2616 792 2670 tentia
823 2616 1212 2673 misericordia:
1239 2627 1342 2674 tute
1372 2635 1471 2690 per
1495 2637 1656 2692 quam
1687 2631 1908 2677 orantes
1947 2632 1999 2680 te
2046 2625 2204 2681 mise-

625 2704 922 2760 ricorditer
945 2707 1128 2775 audis,
1163 2707 1258 2762 ﬁat
1304 2709 1596 2767 intendens
1649 2714 1703 2768 in
1744 2731 1915 2769 vocem
1951 2715 2199 2786 depreca-

615 2795 776 2850 tionis
809 2813 957 2862 mete,
985 2797 1038 2853 id
1063 2808 1149 2853 est
1177 2798 1270 2854 ﬁat
1297 2800 1510 2856 intcnse
1552 2805 1777 2861 audiens
1812 2821 1998 2861 vocem
2027 2824 2204 2862 meam

614 2906 720 2960 qua
754 2899 806 2946 te
830 2892 1095 2963 deprecor
1122 2893 1229 2959 sic,
1267 2896 1475 2951 scilicet
1515 2897 1608 2952 ﬁat
1639 2899 1945 2968 intendens,
1971 2911 2027 2955 ut
2059 2901 2202 2970 quod

616 2983 831 3039 iutense
871 2999 970 3039 oro
997 2986 1208 3041 intense
1250 2988 1544 3058 compleas,
1583 3000 1642 3044 ut
1676 3001 1761 3046 me
1785 2993 2042 3049 videlicet
2073 2992 2202 3047 illa:-

2305 519 2450 566 tetur
2482 509 2634 565 vobis
2663 509 2880 579 (Matth.
2929 523 3006 576 vr,
3051 508 3163 583 £2),
3199 529 3219 563 s
3255 509 3398 579 quod
3423 551 3440 574 ,
3487 520 3630 582 prout
3671 516 3814 585 potui,

2299 599 2584 668 complevi.
2628 599 2723 656 Vel
2752 600 3131 656 universaliter
3158 611 3375 670 propter
3413 599 3566 672 legem
3601 611 3747 669 tuam,
3779 608 3818 662 id

2300 701 2382 746 est
2416 702 2637 762 propter
2675 694 2858 747 omnia
2896 692 3029 764 legis
3063 703 3168 749 tua:
3210 705 3517 765 praecepta,
3563 699 3819 770 inquaatum

2299 782 2447 851 potui
2480 797 2510 836 a
2552 798 2640 838 me
2674 783 2964 855 completa.
3010 783 3082 841 Ut
3125 794 3310 840 autem
3343 787 3605 846 auditores
3641 792 3820 849 instruat

2303 873 2587 928 Dominum
2611 875 2899 942 sustinere,
2927 875 3134 932 lacitad
3157 891 3257 934 eos
3281 883 3663 951 apostropham,
3681 883 3822 942 dicens

2301 979 2360 1021 se
2382 966 2670 1021 Dominum
2692 967 3037 1036 sustinuisse,
3061 983 3140 1026 src
3163 987 3180 1025 :
3208 970 3357 1038 Dixi,
3379 987 3416 1030 o
3435 974 3696 1043 auditores,
3713 979 3820 1048 quod

2299 1059 2526 1113 sustinui
2567 1058 2882 1126 Dominum,
2929 1067 2984 1116 et
3023 1075 3214 1117 verum
3245 1061 3411 1129 dico,
3459 1066 3680 1120 sustinuit
3714 1070 3820 1123 enim

2301 1149 2478 1206 anima
2506 1166 2621 1204 mea
2653 1165 2776 1206 eum
2807 1150 2862 1206 in
2902 1151 3054 1208 verba
3084 1153 3202 1222 ejus
3226 1191 3243 1220 ,
3282 1152 3344 1208 in
3366 1162 3451 1217 est
3495 1153 3546 1213 in
3575 1157 3821 1213 considen-

2300 1240 2446 1295 tione
2479 1239 2628 1295 verbi
2656 1238 2798 1308 ejus,
2825 1241 3036 1296 scilicet
3062 1243 3188 1312 quia
3217 1243 3474 1312 promisit
3494 1260 3549 1300 se
3577 1261 3821 1302 remunera-

2301 1339 2482 1385 turum
2507 1318 2836 1388 sustinentes
2856 1345 2934 1398 se,
2962 1332 3084 1389 ideo
3106 1334 3292 1389 anima
3317 1349 3435 1391 mea
3456 1336 3731 1394 sustinendo
3747 1355 3819 1409 pro

2301 1437 2366 1480 eo
2401 1423 2800 1491 tribulationes.
2831 1425 3004 1496 ipsum
3029 1433 3500 1482 remuneratorem
3525 1431 3817 1496 exspectavit.

2300 1513 2368 1569 Et
2406 1529 2512 1568 non
2552 1513 2726 1569 solum
2773 1515 2826 1570 in
2875 1515 3317 1573 consideratione
3355 1518 3698 1588 promissionis
3732 1519 3818 1588 ejus

2299 1606 2522 1676 speravit
2552 1607 2731 1660 anima
2759 1621 2874 1658 mea
2907 1620 3032 1662 eum
3062 1616 3532 1664 remuneratorem
3557 1649 3572 1676 ,
3595 1610 3676 1664 sed
3697 1612 3818 1665 etiam

2300 1698 2523 1768 sperauit
2549 1698 2728 1752 anima
2762 1713 2878 1752 mea
2913 1699 2965 1752 in
3020 1697 3247 1754 Domino
3274 1741 3291 1768 ,
3335 1700 3390 1755 id
3423 1708 3504 1756 est
3537 1701 3586 1757 in
3625 1703 3818 1758 conside-

2228 1765 2270 1824 Β
2303 1765 2448 1844 tione
2496 1789 2704 1844 Domini
2733 1831 2748 1856 ,
2800 1789 3009 1846 scilicet
3035 1790 3174 1860 quia
3224 1765 3557 1848 considerari
3598 1809 3702 1848 eum
3740 1791 3818 1846 Do-

2300 1881 2508 1936 minum
2557 1881 2798 1938 omnium
2835 1896 2986 1948 esse,
3037 1897 3188 1953 spem
3235 1883 3402 1938 habui
3447 1884 3582 1956 quod
3618 1898 3690 1939 me
3723 1899 3817 1954 pos-

2301 1981 2387 2027 set
2423 1987 2794 2027 remunerare.
2849 1971 3089 2042 Speravit
3116 2014 3131 2038 ,
3183 1973 3413 2044 inquam
3438 2015 3453 2041 ,
3501 1977 3658 2030 anima
3698 1974 3820 2046 529

2301 2079 2416 2117 mea
2460 2064 2515 2118 in
2566 2062 2812 2129 Domino,
2851 2064 3115 2136 incipiens
3162 2081 3393 2136 sperare
3428 2083 3460 2121 a
3501 2069 3723 2122 matutina
3750 2084 3817 2123 ett-

2301 2153 2474 2208 stodia
2499 2194 2513 2217 ,
2543 2153 2596 2209 id
2639 2164 2724 2209 est
2757 2153 2826 2208 ab
2853 2154 2942 2211 illo
2993 2163 3242 2226 tempore
3287 2173 3354 2212 ex
3381 2173 3488 2228 quo
3521 2173 3612 2228 ego
3645 2158 3818 2212 veniens

2303 2243 2371 2297 ad
2401 2258 2584 2308 mane,
2612 2243 2664 2297 id
2700 2253 2785 2301 est
2809 2245 2876 2299 ad
2916 2243 3219 2301 claritatem
3275 2247 3419 2314 ﬁdei,
3443 2247 3687 2303 custodire
3710 2262 3774 2308 me
3795 2264 3817 2302 τι

2302 2335 2454 2392 vitiis
2482 2337 2702 2408 incoepi,
2733 2345 2787 2390 et
2807 2347 3128 2407 speraturus
3159 2338 3215 2392 in
3248 2338 3478 2394 Domino
3523 2355 3627 2395 sum
3676 2354 3815 2410 perse-

2304 2435 2560 2482 veranter
2601 2444 2762 2498 usque
2793 2427 2863 2481 ad
2889 2439 3114 2494 noctem,
3163 2429 3218 2483 id
3248 2439 3335 2486 est
3389 2445 3549 2501 usque
3598 2430 3656 2484 ad
3695 2429 3816 2483 ﬁnem

2306 2517 2468 2585 huius
2501 2518 2647 2573 vitae.
2677 2518 2744 2574 Et
2765 2519 2889 2590 quia
2919 2534 3020 2592 ego
3054 2523 3270 2592 speravi
3310 2532 3366 2579 et
3411 2539 3607 2593 semper
3623 2530 3814 2592 speratu-

2305 2625 2401 2664 rus
2430 2625 2570 2673 sum,
2613 2609 2860 2680 exemplo
2886 2611 2988 2666 mei
3021 2622 3183 2680 speret
3213 2615 3273 2667 in
3319 2613 3534 2667 Domino
3569 2612 3817 2682 quicunque

2305 2707 2390 2753 est
2417 2697 2609 2753 Israel.
2657 2699 2725 2754 Et
2757 2714 2865 2752 non
2898 2710 3080 2770 speret
3126 2717 3190 2756 ex
3247 2703 3461 2759 meritis
3511 2702 3630 2766 suis,
3667 2700 3743 2755 sed
3765 2715 3814 2755 et

2304 2795 2538 2866 gratuita
2561 2795 2938 2851 misericordia
2967 2795 3203 2851 Domini.
3259 2797 3399 2864 Quia
3430 2795 3740 2851 misericordia
3758 2803 3812 2848 ut

2305 2886 2448 2958 apud
2471 2886 2779 2949 Dominum,
2827 2885 2879 2941 id
2931 2897 3016 2942 est
3051 2888 3102 2942 in
3163 2897 3365 2943 natura
3410 2887 3625 2953 Domini,
3659 2885 3813 2942 scilicet

2305 2979 2552 3034 naturale
2579 2988 2664 3035 est
2699 2981 2748 3034 ei
2800 2989 2858 3034 ut
2890 2980 3230 3050 sperantium
3266 2981 3322 3036 in
3350 2997 3409 3036 se
3438 2982 3737 3036 misereatur.
3759 2976 3808 3030 Et

613 3088 735 3129 sum
777 3075 831 3128 in
887 3076 1166 3145 profundis
1221 3078 1628 3136 tribulationum
1669 3084 1978 3150 custodias;
2025 3084 2105 3139 vel
2147 3085 2201 3140 in

2308 3070 2430 3126 ideo
2456 3071 2618 3125 etiam
2645 3079 2848 3140 speret,
2871 3071 2997 3141 quia
3020 3073 3162 3142 apud
3184 3089 3306 3127 eum
3331 3072 3427 3128 fuit
3454 3079 3642 3142 capiosa
3663 3069 3810 3123 redeat-

611 3163 794 3218 uecem’
836 3163 1219 3234 deprecationis
1269 3184 1430 3234 mete,
1474 3169 1525 3224 id
1569 3172 1736 3226 estin
1777 3187 1965 3227 vocem
2014 3188 2200 3244 proce-

613 3255 834 3311 dentem
863 3271 929 3311 ex
958 3257 1340 3326 deprecatione
1373 3260 1573 3316 intensi
1621 3261 1877 3318 clamoris
1905 3262 2198 3320 interioris.

605 3342 925 3400 Notandum
949 3347 1107 3416 quia,
1131 3349 1272 3417 quod
1291 3351 1442 3418 ponit
1463 3351 1897 3421 apostrophatice
1916 3351 1984 3406 ad
2010 3353 2200 3420 Deum,

614 3438 678 3490 de
703 3437 980 3506 profundis
1010 3438 1232 3494 clamavi
1265 3441 1334 3494 ad
1379 3450 1454 3505 te,
1492 3441 1712 3496 Domine
1738 3481 1753 3508 ,
1801 3443 1905 3498 hoc
1955 3443 2086 3498 facit
2134 3447 2201 3500 ad

615 3529 914 3596 gratiarum
947 3530 1193 3585 actiones
1217 3572 1230 3592 .
1270 3547 1334 3586 ex
1367 3548 1433 3587 eo
1467 3534 1611 3602 quod
1649 3534 1822 3603 ipsum
1872 3534 2199 3590 domantem

615 3617 765 3670 fecit.
805 3616 872 3671 Et
920 3633 1016 3687 per
1064 3619 1166 3675 hoc
1203 3620 1424 3676 instruit
1468 3623 1772 3688 auditores,
1819 3633 1878 3678 ut
1915 3640 2038 3678 cum
2073 3625 2202 3680 ﬁent

614 3706 942 3775 clamantes,
969 3725 1033 3764 ex
1065 3711 1168 3766 hoc
1200 3712 1317 3782 ipso
1345 3713 1490 3782 quod
1535 3713 1836 3770 clamantes
1866 3725 2057 3783 erunt,
2091 3716 2202 3772 Deo

615 3797 857 3854 referant
883 3810 1086 3872 grates.

692 3887 876 3956 Fiant,
894 3891 1303 3961 inquatn,aures
1320 3895 1782 3950 tuteintendentes.
1808 3896 1885 3952 Ne
1915 3912 2044 3953 vero
2071 3897 2202 3952 ﬁant

611 3995 726 4037 non
775 3981 1312 4049 intendentes,'non
1362 3983 1622 4041 observes
1661 3987 1977 4056 iniquitates
2027 4003 2198 4055 meas,

613 4074 672 4130 id
697 4085 782 4132 est
826 4091 934 4132 non
964 4076 1169 4133 habeas
1203 4092 1298 4133 eas
1329 4077 1380 4131 in
1414 4079 1674 4133 memoria
1707 4079 1849 4134 sicut
1880 4081 2070 4150 punire
2094 4082 2203 4138 dis-

520 4177 522 4179 ·
613 4179 809 4235 ponas,
840 4174 895 4220 ct
923 4166 1004 4222 sic
1033 4183 1119 4222 me
1155 4168 1386 4224 deﬁcere
1419 4182 1447 4221 a
1489 4171 1791 4224 constantia
1831 4185 1948 4226 mea
1978 4173 2203 4241 permit-

615 4265 720 4312 tas.
757 4257 816 4313 Si
856 4259 1000 4314 enim
1049 4260 1351 4331 iniquitates
1379 4271 1434 4316 et
1479 4276 1630 4318 meas
1659 4272 1713 4317 et
1752 4273 2068 4318 caeterorum
2112 4264 2204 4320 ob-

617 4352 926 4414 servaveris,
952 4362 1009 4405 ut
1039 4365 1132 4406 eas
1159 4351 1470 4418 ulciscaris,
1506 4353 1753 4418 Domine,
1780 4355 1898 4426 quis
1924 4356 2201 4410 subtinebit

620 4449 692 4505 te,
736 4440 995 4497 Domine?
1025 4443 1077 4496 id
1107 4453 1189 4497 est
1234 4445 1356 4512 quis
1395 4445 1714 4499 sustinendo
1745 4461 1841 4516 pro
1886 4456 1938 4500 te
1979 4447 2200 4502 tribula-
2229 4451 2280 4512 D

617 4528 820 4594 tiones,
869 4540 921 4588 te
953 4543 1417 4590 remuneratorem
1461 4537 1836 4605 exspectabit?
1873 4535 2082 4593 Nullus.
2126 4540 2202 4594 Ac

621 4619 666 4671 si
714 4619 894 4674 dicat:
927 4621 1047 4678 Noli
1096 4639 1246 4680 meas
1292 4625 1607 4696 iniquitates
1633 4629 1956 4697 observare,
2004 4639 2061 4684 ut
2103 4647 2202 4701 pro

619 4707 702 4762 cis
724 4722 810 4762 me
832 4711 1066 4767 delicerc
1090 4715 1394 4783 permittas.
1422 4715 1562 4770 Nam
1589 4719 1636 4771 si
1659 4734 1808 4774 meas
1829 4721 2198 4789 observaveris,

622 4809 841 4857 constat
874 4818 904 4857 a
950 4804 1138 4872 simili,
1176 4808 1318 4877 quod
1349 4817 1404 4863 et
1436 4817 1755 4866 cmterorum
1780 4813 2121 4880 observabis,
2150 4824 2206 4871 et

619 4895 700 4949 sic
727 4893 906 4950 nullus
936 4893 1162 4951 ulterius
1189 4899 1292 4953 erit
1322 4913 1422 4968 pro
1454 4906 1503 4952 te
1551 4901 1928 4958 indeﬁcienter
1971 4906 2201 4975 patiens,

621 4998 678 5043 et
708 4987 833 5043 inde
863 4997 916 5043 te
943 4998 1409 5045 remuneratorem
1446 5004 1789 5062 exspectans.
1822 4994 2080 5064 Quamvis
2110 5013 2204 5052 au-

621 5085 732 5131 tem
754 5077 928 5132 dicam
967 5091 983 5131 :
1015 5078 1132 5148 quis
1158 5079 1464 5134 substinebit
1484 5123 1499 5148 ,
1535 5092 1712 5140 tamen
1743 5100 1844 5154 ego
1873 5086 2101 5140 sustinui
2131 5097 2199 5153 te,

627 5171 846 5225 Domine
880 5209 896 5235 ,
943 5169 996 5223 id
1044 5180 1128 5226 est
1170 5173 1488 5228 sustinendo
1548 5193 1645 5247 pro
1695 5187 1747 5232 te
1805 5179 2202 5234 tribulationes.

623 5262 754 5318 Inde
774 5275 824 5319 te
848 5276 1310 5322 remuneratorem
1336 5271 1736 5338 exspectavi,et
1765 5287 1870 5325 non
1901 5287 1964 5326 ex
1999 5273 2206 5326 meritis

623 5356 782 5424 meis,
812 5358 905 5412 sed
934 5357 1082 5424 inde,
1110 5358 1248 5425 Quia
1291 5363 1593 5430 pr0pitiatio
1623 5372 1697 5416 est
1741 5363 1882 5431 apud
1917 5374 1996 5427 te,
2039 5364 2089 5418 id
2123 5373 2208 5420 est

625 5449 679 5503 in
723 5449 799 5502 tui
830 5457 1022 5503 natura
1057 5451 1284 5516 scilicet,
1314 5455 1439 5522 quia
1471 5468 1536 5508 ex
1584 5463 1774 5508 natura
1808 5453 1896 5508 tibi
1943 5455 2206 5526 contingit

625 5548 687 5593 ut
718 5539 873 5594 nobis
901 5540 1228 5610 propiticris,
1263 5553 1318 5598 et
1340 5545 1504 5599 etiam
1534 5545 1847 5616 exspectavi
1875 5556 1926 5599 te
1955 5561 2206 5602 remune-

625 5642 870 5687 ratorem
901 5643 1112 5701 propter
1138 5631 1302 5704 legem
1329 5646 1473 5688 tuam
1493 5678 1506 5699 ,
1541 5637 1591 5691 id
1638 5646 1721 5692 est
1757 5645 1976 5706 propter
2019 5639 2208 5691 condi-

629 5723 884 5778 tionalem
929 5711 1370 5779 constitutionem
1418 5736 1597 5796 tuam,
1651 5743 1679 5781 a
1729 5742 1814 5783 me
1863 5726 2215 5798 completam.-

2303 3164 2433 3233 ptio,
2470 3163 2524 3219 id
2574 3170 2658 3218 est
2700 3163 2826 3232 quia
2866 3172 3043 3219 morte
3101 3179 3198 3220 sua
3258 3165 3488 3220 redimet
3532 3178 3695 3218 omnes
3714 3162 3812 3215 inse

2303 3263 2622 3324 speraturos
2654 3263 2762 3309 tam
2805 3255 3036 3327 gentiles
3067 3270 3256 3326 quam
3283 3256 3513 3312 Judaaos.
3543 3252 3626 3309 Vel
3651 3253 3810 3322 copiosa

2305 3348 2608 3416 redemptio,
2668 3355 2930 3414 quantum
2975 3347 3043 3402 ad
3083 3347 3238 3402 vitia.
3299 3346 3544 3403 Redemit
3591 3345 3710 3399 enim
3740 3353 3810 3394 nos

2305 3453 2410 3493 non
2443 3439 2618 3493 solum
2637 3447 2678 3492 'a
2715 3438 2958 3509 peccatis
3009 3438 3388 3511 originalibus,
3437 3438 3528 3495 sed
3552 3437 3612 3494 ab
3639 3431 3810 3490 actuali~

2274 3525 2424 3584 ibus.
2453 3529 2520 3584 Et
2567 3529 2688 3584 ideo
2724 3530 2900 3584 adhuc
2945 3539 3186 3600 sperate,
3216 3532 3466 3602 quoniam
3510 3531 3609 3600 ipse
3650 3524 3810 3580 redimet

2304 3620 2498 3690 Israel,
2551 3623 2603 3678 id
2650 3633 2735 3677 est
2766 3622 2820 3677 in
2853 3621 2959 3677 ﬁne
2995 3623 3123 3678 vita:
3164 3624 3400 3680 salvabit
3449 3629 3810 3690 unumquemque

2303 3716 2629 3770 existentem
2678 3713 2874 3782 Israel,
2934 3730 3000 3770 eat
3041 3715 3284 3771 omnibus
3339 3713 3669 3786 iniquitatibus
3709 3709 3810 3777 ej“.

2304 3806 2513 3860 scilicet
2571 3820 2694 3860 cum
2735 3815 2857 3874 post
2906 3805 3286 3861 remissionem
3334 3815 3655 3877 peccatorum
3679 3799 3720 3854 in
3740 3797 3811 3851 ba-

2303 3898 2504 3968 ptismo
2524 3897 2896 3968 unusquisque
2923 3897 3167 3953 existens
3200 3897 3391 3961 Israel,
3445 3897 3626 3951 multas
3663 3888 3811 3945 admit-

2305 3996 2386 4042 tat
2428 3988 2767 4058 iniquitates.
2821 4006 2839 4040 ι
2869 3986 2926 4042 in
2958 3987 3144 4043 nmltis
3203 3987 3376 4055 enim,
3404 3996 3460 4042 ut
3494 3981 3730 4056 apostolus
3747 3974 3810 4030 ia-

2304 4080 2474 4136 cobus
2539 4088 2794 4146 testatur,
2831 4077 3158 4136 offendimus
3199 4092 3392 4135 omnes
3433 4077 3565 4146 (Jac.
3594 4089 3666 4138 ιιι,
3703 4069 3804 4139 2).»

2305 4170 2422 4239 ipse
2453 4169 2829 4240 redemptione
2860 4170 3052 4225 mortis
3074 4184 3185 4224 suae
3211 4170 3443 4225 salvahit
3464 4168 3641 4239 ipsum.
3683 4157 3809 4216 Im“

2303 4263 2658 4334 pmnitenlem
2685 4262 2885 4348 abillis
2932 4263 3316 4333 iniquitatibus
3344 4263 3398 4320 in
3423 4263 3560 4319 exitu
3585 4258 3688 4313 vita:
3710 4263 3807 4314 Sum.

2305 4371 2373 4412 ne
2404 4371 2501 4428 pro
2529 4355 2635 4411 illis
2665 4365 2869 4428 pereat.

2757 4445 2824 4503 IN
2854 4446 3185 4504 PSALMUM
3220 4447 3435 4504 CXXX.

2375 4537 2588 4594 Titulus
2633 4539 2916 4594 centesimi
2948 4539 3232 4595 tricesimi.
3263 4537 3536 4594 Canticum
3584 4527 3804 4602 graduum.

2311 4631 2606 4686 Undecimo
2665 4631 2834 4702 gradu
2881 4639 3230 4701 pertractato,
3271 4631 3475 4687 scilicet
3521 4627 3719 4682 clamore
3761 4614 3802 4669 in

2309 4723 2665 4777 tribulatione
2679 4723 2944 4792 corporis,
2962 4738 3030 4780 ne
3047 4723 3228 4778 ﬁatibi
3241 4724 3483 4780 defectus
3502 4713 3805 4784 (ιιιικιεείῐηππη

2306 4814 2534 4884 gradum
2582 4815 2634 4868 in
2678 4815 2928 4884 sequenti
2957 4815 3167 4886 psalmo
3193 4816 3416 4887 perfecti
3445 4816 3493 4870 in
3519 4815 3619 4883 ipso
3635 4810 3806 4875 δεθηιω

2307 4905 2374 4959 ad
2406 4905 2820 4960 instructionem
2851 4907 3160 4962 auditorum
3185 4908 3492 4967 ostendunt,
3521 4891 3805 4972 aposlml’ha'

2311 4998 2416 5053 tice
2457 4998 2524 5052 ad
2553 4996 2720 5051 Deum
2750 4998 3050 5069 gratiarum
3097 4999 3364 5056 actionem
3411 4993 3616 5068 agendo,
3665 4995 3803 5040 osten-

2310 5087 2488 5145 dendo
2545 5086 2756 5143 scilicet
2779 5103 2838 5143 se
2871 5104 3088 5161 semper
3143 5090 3196 5144 in
3231 5089 3523 5145 humilitate
3579 5077 3804 5153 persistere

2306 5195 2427 5249 quae
2450 5181 2806 5237 duodecimus
2843 5179 3045 5250 gradus
3091 5187 3194 5244 est,
3224 5185 3282 5234 ul
3309 5195 3370 5235 ea
3403 5173 3640 5232 mirabilia
3683 5175 3798 5262 sui?

2309 5272 2514 5325 rioruvn
2566 5272 2833 5343 graduum
2861 5272 2927 5325 ad
2959 5287 3081 5342 quae
3095 5271 3208 5342 jam
3237 5270 3595 5328 ascenderunt,
3617 5272 3704 5315 non
3726 5258 3801 5308 sibl

2273 5385 2281 5391 ·
2314 5364 2406 5418 sed
2440 5363 2674 5418 Domino
2705 5362 3004 5419 ascribunt.

2382 5453 2620 5520 Domine,
2646 5471 2747 5508 non
2774 5465 2848 5508 est
2871 5453 3183 5519 exaltatum,
3215 5463 3344 5517 etc.;
3369 5468 3431 5506 ac
3451 5449 3492 5504 si
3529 5445 3651 5499 dicat
3700 5433 3798 5533 Ci"?

2309 5545 2622 5615 quicunque
2668 5546 2735 5599 ad
2777 5546 2877 5600 hos
2905 5545 3234 5616 superiores
3271 5544 3462 5616 gradus
3507 5529 3794 5628 ascenderittl.

2310 5653 2416 5692 non
2447 5647 2532 5692 est
2568 5638 2648 5692 eis
2677 5639 2800 5698 inde
2831 5639 3275 5710 superbiendum,
3323 5635 3410 5691 sed
3441 5639 3517 5686 est
3548 5638 3653 5681 tunc
3673 5626 3736 5710 eis
3757 5626 3795 5663 ιη

2312 5727 2394 5781 his
2437 5727 2710 5782 humilitas
2768 5707 3033 5792 habenda,
3092 5741 3147 5780 ut
3193 5727 3305 5781 haec
3351 5739 3448 5780 non
3476 5737 3531 5778 ex
3559 5731 3624 5779 se,
3658 5707 3730 5765 sed
3748 5714 3792 5754 ει
