3978 6328
540 317 679 375 1539

1108 318 1166 373 S.
1207 317 1552 378 BRUNONIS
1585 321 2103 379 CARTHUSIANOF

2202 322 2227 378 ι
2258 319 2742 380 INSTITUTORIS
2777 321 2928 380 OPP.
2964 324 3138 380 PARS
3165 326 3208 380 Ι.

3610 334 3729 392 1310

533 443 655 483 cum
683 429 796 499 ipse
835 443 947 500 pra:
975 429 1188 486 ca'teris
1242 440 1388 486 esset
1417 431 1606 488 Jacob.
1641 433 1796 504 531
1825 433 1941 489 Non
1972 435 2100 490 dicit
2130 437 2183 497 Λ
2211 435 2545 505 designatur,
2575 452 2646 492 eo
2675 438 2815 505 quod
2843 437 3125 507 speculans
3149 439 3330 504 fuerit,
3353 441 3551 501 scilicet
3572 451 3728 506 omnia

527 522 724 590 iuravit
767 532 816 576 et
855 535 1024 578 vatum
1074 525 1236 595 vovitf;
1279 526 1422 595 quod
1482 527 1593 596 ipse
1640 528 2008 596 juramentum
2046 535 2102 580 et

533 623 712 669 votum
742 613 948 680 fecerit,
973 618 1065 672 sed
1092 633 1187 688 per
1209 619 1323 674 lia-e
1345 620 1666 686 duoinnuit,
1684 621 1937 688 quoniam
1963 619 2101 674 hanc

533 716 868 763 mansuetam
894 709 1255 767 obedientiam
1305 725 1423 765 esse
1451 709 1821 780 complendum
1870 711 2101 766 ﬁrmiter

533 797 670 866 apud
693 814 752 854 sc
778 800 1061 870 disposuit.
1085 800 1180 857 llis
1229 802 1376 856 enim
1429 803 1638 857 duobus
1699 802 1894 869 modis,
1951 812 2097 868 voto,

533 886 742 944 scilicet
769 898 861 943 aut
894 887 1223 958 juramento,
1275 889 1450 944 solent
1499 891 1730 944 ﬁrmiter
1776 906 1864 944 res
1905 889 2100 944 futurae

532 977 920 1048 disponi.Cum
943 981 1226 1036 Dominum
1272 977 1484 1037 Patrem
1542 983 1705 1036 Deum
1731 981 1900 1037 Jacob
1947 982 2096 1046 dicit,

529 1083 629 1139 per
653 1072 754 1129 hoc
819 1073 1094 1130 auditores
1141 1074 1335 1130 invitat
1391 1083 1450 1130 ut
1505 1072 1674 1130 Jacob
1730 1075 1982 1127 studeant
2015 1073 2096 1128 el-

532 1160 643 1215 tici.

602 1250 834 1321 Juravit,
882 1255 1120 1326 inquam,
1146 1265 1198 1311 et
1225 1268 1393 1313 vatum
1444 1259 1602 1324 vovit,
1652 1259 1705 1313 id
1753 1267 1835 1314 est
1873 1259 2100 1314 lirmiter

530 1363 710 1406 secum
737 1347 1020 1415 disposuit,
1061 1348 1132 1402 ita
1174 1349 1399 1403 dicens:
1445 1349 1503 1404 Si
1542 1352 1792 1406 introiero
1843 1352 1896 1406 in
1934 1351 2100 1402 taber-

531 1439 798 1504 naculum,
822 1440 873 1493 id
903 1449 984 1494 est
1014 1440 1064 1494 iu
1095 1439 1459 1496 habitaculum
1493 1443 1678 1496 domus
1720 1460 1838 1506 mre,
1867 1453 1913 1496 et
1941 1443 1986 1495 si
2018 1443 2098 1496 iu-

531 1547 748 1601 gressus
777 1531 1182 1587 tabernaculum
1205 1534 1484 1587 escendero
1510 1536 1561 1588 in
1590 1534 1779 1588 lectum
1805 1537 1957 1586 strati
1975 1535 2095 1599 mei,

530 1624 584 1680 id
607 1634 688 1678 est
711 1626 764 1679 in
785 1626 980 1683 lectum
1005 1638 1334 1683 constratum
1356 1627 1594 1682 culcitris
1620 1627 1701 1680 vel
1732 1627 1852 1680 aliis
1882 1627 2094 1695 pannis.

529 1711 752 1770 Lectum
777 1715 978 1785 quippe
1008 1717 1237 1770 dicimus
1274 1716 1446 1785 ipsum
1479 1716 1932 1780 instrumentum;
1957 1724 2098 1768 stra-

531 1813 642 1858 tum
673 1820 820 1870 vero,
847 1823 1052 1877 pannos
1080 1818 1134 1863 et
1156 1807 1411 1863 culcitras
1451 1823 1570 1877 qua:
1600 1823 1761 1877 supra
1803 1816 2095 1876 ponuntur.

530 1893 596 1947 Ει
624 1905 904 1965 postquam
935 1897 1123 1951 lectum
1146 1900 1294 1951 strati
1324 1899 1625 1962 ascendere,
1672 1897 1716 1951 si
1745 1897 1934 1950 dedero
1961 1913 2095 1952 saut-

513 2001 654 2050 qum
675 1987 839 2042 oculis
868 1991 1020 2055 meis,
1043 2000 1097 2045 et
1123 1992 1448 2062 etiamquod
1482 1991 1662 2046 minus
1689 2002 1790 2056 est,
1823 1989 1866 2044 si
1911 1991 2100 2044 dedero

530 2076 970 2146 dormitationem,
999 2079 1050 2133 id
1067 2091 1150 2134 est
1169 2081 1548 2136 brevissimum
1572 2097 1819 2135 somnum
1841 2079 2100 2151 palpebris

530 2169 682 2232 meis,
713 2178 770 2222 ut
796 2169 1185 2240 aliquantulum
1215 2174 1524 2244 permittam
1555 2172 1730 2228 claudi
1759 2187 1952 2226 somno
1978 2171 2096 2242 pal-

529 2260 727 2330 pebras
755 2263 1028 2318 oculorum
1060 2281 1326 2332 meorum,
1373 2277 1428 2321 et
1457 2269 1524 2332 si,
1555 2269 1719 2321 etiam
1762 2267 1903 2336 quod
1935 2267 2101 2322 multo

532 2349 710 2405 minus
738 2361 840 2416 est,
865 2353 1052 2406 dedero
1083 2357 1308 2425 requiem
1357 2357 1532 2411 somni
1585 2356 1903 2427 temporibus
1938 2359 2100 2421 meis;

530 2440 681 2508 prius
724 2443 865 2494 enim
897 2454 1132 2514 tempora
1158 2463 1348 2501 somno
1389 2457 1756 2517 aggravantur
1784 2463 1944 2518 quam
1986 2448 2102 2520 pal-

531 2530 710 2597 pebrae
735 2531 1074 2586 dormitaudo
1104 2533 1443 2590 claudantur.
1471 2537 1528 2591 Si
1560 2538 1700 2614 lucc,
1739 2537 1978 2608 inquam,
2006 2555 2100 2594 su-

529 2621 745 2689 periora
777 2622 918 2676 dona
978 2625 1177 2693 quietis
1225 2626 1518 2694 admisero,
1575 2627 1746 2684 donec
1801 2631 2100 2700 compleant

531 2712 673 2780 quod
701 2713 830 2767 milii
864 2713 1159 2782 injunctum
1188 2727 1292 2781 est,
1318 2719 1526 2773 scilicet
1553 2719 1716 2775 donec
1741 2736 1838 2792 per
1866 2733 2098 2778 mortem

530 2817 705 2858 meam
735 2813 787 2860 et
819 2808 1194 2874 praedicatores
1223 2825 1371 2864 meos
1398 2812 1655 2866 inveniam
1678 2811 1850 2884 locum
1873 2814 2101 2869 Domino

529 2893 700 2960 Patri,
733 2895 781 2949 id
809 2905 891 2951 cst
931 2898 1102 2954 donec
1131 2900 1400 2955 inveniam
1444 2901 1578 2957 tales
1633 2903 1726 2972 qui
1781 2905 1889 2959 sint
1927 2904 2106 2973 locus,

530 2983 673 3040 idest
686 2987 762 3056 Spi
773 2987 1212 3047 ritalishabitatio
1227 2993 1434 3048 Domini
1453 2993 1648 3058 Patris,
1665 3011 1799 3066 quos
1830 2997 2100 3054 inhabitet

529 3092 627 3147 per
646 3079 961 3146 adjutricem
987 3084 1238 3152 gratiam,
1266 3093 1320 3140 et
1345 3085 1502 3140 talem
1527 3084 1698 3141 locum
1725 3091 1981 3144 inveniam
2009 3093 2100 3159 qui
2132 3116 2175 3177 ρ

529 3169 598 3222 sit
648 3171 1040 3225 tabernaculum
1072 3174 1176 3227 Deo
1202 3175 1388 3240 J-arob,
1419 3176 1470 3231 id
1497 3187 1577 3232 est
1599 3178 1690 3246 qui
1721 3178 1792 3232 sit
1823 3179 1959 3233 bona
1989 3181 2100 3235 vita

529 3259 767 3315 militans
827 3263 934 3316 Deo
954 3263 1124 3330 Patri,
1168 3267 1256 3320 cui
1308 3267 1643 3324 militandum
1677 3279 1781 3335 est,
1832 3285 1954 3324 cum
1989 3271 2102 3338 ipse

529 3353 600 3404 sit
629 3351 767 3406 Deus
799 3353 984 3419 Jacab,
1018 3357 1066 3410 id
1102 3367 1184 3411 est
1216 3357 1434 3412 fortiqu
1467 3359 1820 3424 luctatorum;
1858 3369 1986 3415 tunc
2015 3363 2101 3416 in-

529 3443 722 3512 diguus
747 3460 864 3500 sum
892 3462 991 3518 ego
1018 3451 1471 3505 remuneratione.
1521 3450 1646 3506 llzec
1691 3461 1870 3508 autem
1921 3454 2100 3509 omnia

529 3535 597 3587 ad
636 3535 803 3590 solam
832 3539 1240 3596 similitudinem
1269 3541 1542 3596 dicuntur.
1581 3543 1679 3598 Est
1710 3553 1894 3599 autem
1928 3545 2100 3614 acqui-

529 3621 735 3691 pollens
762 3640 824 3678 ac
839 3627 884 3678 si
915 3628 992 3683 sic
1023 3629 1259 3685 breviter
1273 3643 1416 3691 esset
1445 3632 1678 3702 positum
1706 3650 1718 3687 :
1751 3632 1905 3690 Sicut
1929 3635 2103 3690 bonus

531 3712 707 3778 miles,
753 3715 924 3771 donec
973 3731 1193 3787 peracto
1261 3725 1538 3794 proposito
1583 3723 1792 3780 militia:
1841 3740 1951 3780 sua:
1996 3741 2102 3780 non

531 3803 698 3860 intrat
730 3808 1134 3865 tabernaculum
1174 3813 1366 3870 domus
1395 3831 1506 3870 sua:
1551 3809 1619 3872 ad
1651 3817 1752 3872 hoc
1791 3825 1853 3872 ut
1905 3817 2102 3872 lectum

530 3913 687 3954 suum
724 3903 1044 3968 ascendens,
1075 3905 1382 3961 satisfaciat
1419 3908 1519 3963 Slbl
1561 3915 1651 3963 (llll
1705 3926 1803 3980 per
1856 3925 2102 3965 senmum

530 3989 876 4058 quiescendo,
909 4003 1001 4050 aut
1030 3993 1219 4049 saltem
1250 4010 1440 4064 parum
1473 3999 1715 4066 quiescat
1741 4000 2101 4067 dormitando,

531 4082 612 4136 vel
640 4084 934 4152 pauxillum
968 4087 1208 4157 requiem
1260 4090 1592 4159 temporibus
1623 4091 1818 4155 dando,
1881 4093 1953 4146 ita
2005 4108 2106 4147 nec

530 4189 630 4246 ego
651 4179 878 4232 umltum
913 4195 1168 4248 parumve
1197 4181 1496 4250 quiescam,
1549 4183 1599 4237 id
1630 4191 1715 4238 est
1739 4185 1980 4248 cessabo,
2013 4185 2105 4236 (lo-

533 4280 632 4320 nec
669 4269 998 4336 pr-apositum
1036 4258 1288 4339 injunctze
1316 4273 1640 4329 obedientite
1681 4289 1813 4328 meae
1871 4276 2108 4344 comple-

530 4373 682 4426 vero,
711 4361 918 4418 Scilicet
939 4369 994 4417 ut
1025 4377 1122 4432 per
1151 4375 1379 4421 mortem
1408 4383 1580 4422 meam
1611 4377 1662 4422 et
1685 4383 1782 4437 per
1803 4368 2103 4423 doctrinam

2200 527 2439 582 carnalia
2473 527 2676 583 faciens
2699 542 2794 599 per
2813 529 3088 599 speculum
3112 540 3166 586 et
3193 531 3246 584 in
3282 533 3578 605 tenigmate,
3620 555 3736 597 cum

2177 618 2380 675 omnia
2418 619 2603 674 fecerit
2633 635 2754 674 cum
2781 619 3007 675 obscura
3029 621 3444 693 signiﬁcatione.
3467 625 3593 684 Cum
3617 632 3741 687 dicit.

2200 711 2495 764 audivimus
2544 728 2656 765 eam
2687 711 2741 766 in
2769 710 3036 780 Ephrata,
3069 714 3211 769 istud
3259 733 3387 770 eam
3427 718 3640 775 relatum
3659 735 3731 778 est

2201 800 2266 854 ad
2298 799 2470 854 locum
2499 801 2640 869 quod
2673 803 2921 871 superius
2957 804 3188 873 positum
3239 815 3341 868 est,
3388 807 3476 864 ubi
3524 810 3729 880 dixerat,

2199 889 2368 944 locum
2401 891 2641 957 Domino,
2665 894 3064 949 tabernaculum
3091 895 3196 951 Deo
3217 896 3406 954 Iacob.
3437 900 3580 965 Quod
3599 919 3730 962 certe

2181 995 2305 1034 .nou
2332 982 2914 1048 estiuconveniens,et
2965 987 3010 1040 si
3055 986 3228 1040 locum
3276 989 3345 1043 sit
3391 993 3730 1062 masculinum,

2199 1087 2313 1124 eam
2349 1088 2476 1127 vero
2519 1073 2851 1128 leu'iininum.
2880 1075 2994 1129 Non
3029 1077 3172 1131 enim
3207 1079 3488 1134 relativum
3538 1092 3616 1138 est
3657 1101 3731 1141 se-

2199 1165 2430 1216 cundum
2460 1179 2652 1234 genus,
2682 1167 2775 1219 sed
2816 1169 3112 1221 secundum
3145 1170 3316 1239 ipsius
3373 1171 3514 1227 vocis
3556 1175 3732 1246 signiﬁ-

2199 1255 2487 1309 cationem.
2513 1256 2655 1309 Idem
2681 1256 2823 1309 enim
2850 1267 2934 1311 est
2958 1273 3079 1312 cum
3105 1261 3250 1328 ponit
3281 1259 3472 1326 locum,
3503 1278 3565 1316 ac
3593 1265 3632 1317 si
3656 1281 3734 1334 po-

2200 1355 2352 1400 neret
2387 1347 2580 1409 sedem,
2634 1347 2786 1416 juxta
2832 1364 2991 1416 quam
3040 1352 3493 1420 aupiipollentiam
3537 1355 3732 1411 relativa

2202 1455 2299 1491 vos
2326 1450 2540 1492 esteem
2580 1441 2646 1494 ad
2668 1439 2860 1494 locum.
2896 1441 3032 1496 Dico
3047 1443 3190 1509 quod
3237 1443 3528 1499 audivimus
3567 1463 3667 1498 eam
3686 1448 3732 1499 in

2199 1526 2455 1593 Ephrata.
2488 1529 2552 1582 Et
2584 1545 2688 1584 non
2725 1529 2898 1584 solum
2929 1531 3235 1586 audivimus
3281 1546 3408 1585 eant
3432 1534 3480 1587 in
3510 1534 3731 1604 Ephrata.

2200 1621 2292 1675 sed
2332 1633 2378 1675 et
2424 1623 2718 1678 invenimus
2772 1640 2908 1688 eam,
2959 1625 3139 1679 sedem
3193 1624 3427 1686 Domini,
3475 1627 3733 1681 Ecclesiaui

2199 1727 2319 1766 esse
2359 1713 2412 1766 in
2445 1714 2645 1780 campis
2695 1713 2863 1782 silete,
2906 1715 2958 1768 id
3002 1725 3086 1769 est
3132 1716 3184 1770 in
3247 1717 3453 1787 campis
3507 1716 3650 1771 factis
3681 1731 3736 1771 ex

2203 1805 2359 1866 silva,
2385 1805 2590 1858 scilicet
2633 1805 2686 1860 in
2711 1807 2921 1876 populis
2971 1807 3232 1877 gentium,
3285 1809 3402 1878 qui,
3450 1823 3582 1862 cum.
3612 1809 3738 1877 prius

2205 1895 2387 1948 inculti
2411 1904 2616 1961 essent,
2652 1906 2714 1950 ut
2735 1896 2887 1959 silva,
2917 1912 2990 1951 ex.
3013 1898 3230 1954 incultis
3257 1898 3389 1952 facti
3446 1906 3568 1952 sunt
3606 1898 3736 1962 culti,

2202 1987 2267 2039 ad
2293 1986 2510 2041 modum
2541 2002 2876 2058 camporum.
2919 1987 3032 2044 lloc
3085 1999 3266 2043 autem
3321 1998 3487 2044 totum
3515 1997 3592 2043 est
3616 2003 3672 2042 ac
3699 1988 3734 2042 si

2205 2077 2385 2132 taliter
2421 2087 2568 2133 esset
2604 2079 2889 2148 positum:
2940 2077 3060 2133 Jam
3117 2079 3427 2133 audivimus
3477 2077 3735 2134 Eeclesiani

2201 2176 2400 2221 esseet
2432 2167 2485 2221 in
2516 2169 2770 2237 gentibus
2813 2179 2868 2223 ct
2923 2167 2978 2222 in
3031 2167 3253 2223 Iudicis.
3316 2167 3570 2234 Quoniam
3630 2181 3739 2220 vero

2202 2259 2450 2327 superius
2469 2267 2744 2324 oraverat,
2772 2258 2959 2313 dicens
2983 2274 2999 2312 :
3025 2257 3312 2320 Memento,
3338 2258 3548 2312 Domine
3575 2255 3736 2326 David,

2202 2360 2257 2406 et
2297 2365 2402 2404 non
2451 2351 2765 2405 ostenderat
2817 2351 3228 2421 dispositionem
3260 2349 3420 2420 532
3455 2364 3618 2411 suam,
3657 2361 3739 2417 pro

2203 2460 2304 2514 qua
2331 2454 2606 2507 oraverat,
2630 2458 2751 2498 eam
2781 2444 3017 2499 ostendit
3044 2459 3164 2498 cum
3199 2443 3352 2498 addit
3378 2462 3391 2497 :
3418 2441 3753 2504 Introibimus,.

2187 2547 2308 2594 «etc.
2342 2537 2494 2606 Quod
2521 2539 2600 2592 sic
2625 2539 2955 2606 adaptatur:
2992 2537 3160 2592 Dico:
3195 2537 3478 2601 Memento,
3525 2535 3740 2598 Domine,

2203 2628 2395 2694 David,
2435 2638 2482 2682 et
2512 2629 2680 2682 omnis
2710 2629 3128 2682 mansuetudinis
3165 2628 3306 2698 ejus,
3353 2637 3410 2680 ut
3457 2627 3608 2695 ipsius
3652 2626 3738 2692 sci-

2204 2719 2337 2774 licet
2362 2719 2796 2774 mansuetudinis
2833 2718 3023 2773 merito
3052 2719 3344 2774 nobishoc
3381 2716 3590 2786 adipisci
3625 2730 3733 2770 con-

2204 2811 2366 2868 cedas
2400 2810 2546 2880 quod
2570 2811 2954 2879 disposuimus.
2985 2807 3094 2864 Nos
3137 2807 3342 2862 etenim
3386 2807 3487 2861 hoc
3512 2806 3742 2875 disposui-

2205 2901 2499 2973 musquod
2529 2902 2859 2956 introibimus
2888 2917 2982 2970 per
3003 2899 3371 2955 obedientiam
3417 2899 3472 2952 in
3529 2899 3739 2952 taberna-

2205 2993 2400 3058 culum,
2432 2992 2485 3046 id
2537 3000 2622 3046 est
2681 2992 2735 3046 in
2785 2991 3032 3045 militiam
3089 2989 3206 3058 ejus
3260 2989 3450 3043 David.
3494 2987 3740 3056 Exponam

2207 3093 2388 3138 autem
2419 3082 2688 3153 quomodo
2717 3081 3036 3144 introibunt,
3067 3081 3146 3136 sic
3179 3097 3194 3134 :
3232 3079 3350 3134 lloc
3393 3079 3542 3133 modo
3567 3076 3740 3132 scilicet

2207 3177 2557 3242 introibimus,
2581 3175 2634 3230 id
2659 3185 2744 3230 est
2769 3174 3149 3229 venerabimur
3178 3187 3316 3228 eum.
3361 3171 3536 3234 corde,
3567 3183 3650 3223 ore
3689 3179 3734 3220 et

2203 3283 2367 3337 opere
2401 3274 2782 3336 permanentes
2803 3266 2857 3319 in
2889 3263 3003 3319 loco
3032 3263 3144 3328 illo,
3178 3262 3229 3316 id
3255 3271 3340 3316 est
3386 3261 3438 3314 in
3490 3268 3620 3313 statu
3665 3254 3738 3310 illo

2203 3358 2414 3414 vivendi
2439 3359 2494 3411 in
2513 3373 2614 3428 quo
2641 3366 2913 3420 steterunt,
2943 3355 2994 3410 id
3025 3363 3108 3409 est
3137 3354 3189 3408 in
3211 3368 3327 3423 quo
3365 3356 3734 3422 perseveranter

2205 3455 2456 3508 vixerunt
2477 3453 2631 3524 pedes
2656 3452 2792 3522 ejus,
2821 3451 2874 3504 id
2905 3459 2987 3504 est
3019 3447 3250 3519 apostoli
3285 3456 3339 3502 et
3389 3441 3563 3500 caeteri
3603 3438 3738 3494 disci-

2205 3546 2312 3616 puli
2354 3545 2490 3615 ejus,
2529 3545 2619 3614 qui
2645 3543 2810 3612 pedes
2840 3543 2956 3613 ejus
2983 3541 3257 3598 dicuntur.
3284 3553 3354 3594 eo
3387 3535 3524 3606 quod
3561 3546 3670 3586 eum
3693 3528 3738 3580 in

2205 3635 2450 3692 notitiam
2486 3634 2764 3689 hominum
2803 3639 3176 3702 portaverant.
3225 3629 3378 3697 Quod
3424 3634 3503 3681 est
3547 3621 3734 3677 dicere:

2206 3728 2359 3783 Sicut
2385 3726 2546 3798 pedes
2572 3725 2692 3796 ejus
2714 3722 3148 3778 militaveruntei
3183 3719 3237 3774 in
3271 3720 3527 3774 unitatem
3562 3711 3670 3768 ﬁdei
3693 3717 3739 3764 et

2206 3819 2531 3884 concordire,
2560 3817 2850 3881 tendendo,
2873 3825 2928 3871 et
2956 3815 3326 3872 coliabitando
3351 3821 3406 3868 et
3423 3810 3593 3865 omnia
3617 3820 3738 3861 coui-

2207 3910 2388 3964 munia
2421 3907 2688 3972 habendo,
2737 3914 2925 3976 utpote
2947 3905 3140 3975 quibus
3174 3921 3191 3953 ι
3233 3912 3356 3957 erat
3389 3915 3481 3955 cor
3525 3909 3674 3951 unum
3693 3898 3738 3945 et

2207 4002 2386 4056 anima
2430 4015 2538 4054 una
2571 3999 2711 4070 (Act.
2771 4013 2844 4065 iv,
2885 3997 2995 4066 52),
3038 4016 3056 4049 ι
3108 3996 3187 4050 εἰε
3240 4005 3297 4050 ει
3341 4008 3438 4048 ηοε
3464 3991 3511 4045 ei
3540 3988 3736 4043 militare

2207 4092 2589 4159 disposuimus,
2623 4091 2677 4143 in
2706 4103 2870 4142 nnmn
2926 4085 3288 4142 cohabitando
3328 4095 3383 4138 et
3413 4081 3579 4136 omnia
3610 4091 3736 4132 com-

2207 4183 2387 4237 munia
2419 4181 2686 4235 babemlo.
2721 4180 2987 4236 Utautem
3033 4177 3262 4233 introire
3317 4175 3573 4247 possimus
3597 4170 3643 4223 in
3668 4179 3735 4220 ta-

2211 4270 2547 4326 bernaculum
2575 4269 2737 4332 illius,
2771 4277 2825 4323 et
2855 4269 3083 4322 adorare
3130 4268 3185 4320 in
3223 4265 3341 4320 loco
3391 4264 3477 4317 ubi
3525 4263 3736 4314 steterunt

2207 4365 2357 4434 pedes
2383 4362 2517 4432 ejus,
2549 4377 2720 4430 surge,
2771 4361 3005 4424 Domine,
3036 4359 3222 4424 Pater,
3255 4359 3309 4412 id
3340 4365 3424 4412 est
3449 4351 3672 4410 sublimis
3693 4355 3742 4402 et

531 4453 940 4520 praedicatorum
981 4471 1244 4522 meorum,
1285 4456 1422 4512 tales
1465 4467 1520 4512 et
1566 4474 1633 4513 ex
1681 4456 1881 4513 Iudaeis
1931 4467 1986 4512 et
2036 4473 2103 4513 ex
2138 4457 2181 4510 D
2208 4463 2396 4526 potens
2417 4467 2618 4524 appare
2655 4452 2830 4508 eundo
2863 4453 2918 4506 in
2946 4452 3173 4522 requiem
3212 4461 3379 4512 tuam,
3433 4447 3622 4502 scilicet
3659 4453 3737 4510 per

531 4542 779 4609 gentibus
804 4542 1028 4600 Domino
1059 4547 1340 4616 acquiram
1391 4561 1526 4616 quos
1571 4547 1891 4618 spiritaliter
1943 4547 2102 4601 inha-

534 4631 686 4695 bitet,
719 4643 773 4686 et
801 4636 889 4704 qui
914 4637 1019 4692 sint
1055 4638 1102 4691 ci
1137 4639 1276 4692 bona
1301 4639 1412 4692 vita
1440 4652 1536 4692 sua
1565 4639 1884 4692 militantes.
1912 4635 2104 4693 Verbis

533 4719 618 4774 liis
638 4721 838 4777 Christi
870 4726 938 4778 ad
966 4727 1307 4784 auctoritatis
1355 4728 1564 4800 pondus
1594 4728 1953 4798 interpositis,
1987 4743 2108 4798 per-

532 4811 660 4868 fecti
689 4830 876 4870 rursus
924 4816 976 4870 in
1037 4833 1266 4886 persona
1317 4835 1412 4876 sua
1460 4821 1697 4890 ipsorum
1730 4829 1953 4889 agentes
1981 4833 2105 4874 eum

533 4905 832 4977 complesse
847 4905 960 4977 jam
989 4911 1132 4978 quod
1167 4911 1431 4982 disposuit
1467 4913 1791 4966 continuant
1813 4911 1932 4964 sic:

604 5001 736 5056 Dico
761 5002 904 5070 quod
932 5001 1136 5073 juravit
1161 5013 1208 5056 et
1243 5012 1413 5056 votum
1440 5003 1577 5057 vovit
1622 5002 1866 5070 Domino,
1922 5001 2107 5057 dicens

505 5085 508 5088 ’
534 5092 676 5162 quod
707 5091 972 5147 inveniret
1015 5092 1210 5156 locum,
1243 5093 1294 5146 id
1319 5103 1404 5147 est
1434 5093 1616 5148 sedem
1643 5093 1892 5158 Domino,
1923 5091 2108 5147 Eccle-

535 5184 670 5237 siam
702 5183 928 5240 scilicet.
963 5186 1030 5240 Et
1078 5202 1206 5242 ecce
1265 5184 1609 5239 manifestum
1653 5195 1738 5240 est
1781 5185 1952 5254 ipsum
1993 5183 2106 5253 jam

537 5274 719 5329 sedem
788 5276 1014 5329 Domino
1087 5275 1408 5348 acquisisse.
1464 5273 1598 5329 Nam
1645 5276 1940 5330 audivimus
1991 5291 2107 5330 eam

540 5367 746 5434 sedem,
786 5368 838 5423 id
869 5377 952 5424 est
1003 5368 1300 5424 Ecclesiam
1349 5369 1460 5440 jam
1489 5382 1610 5423 esse
1661 5369 1714 5422 in
1765 5367 2020 5437 Ephrata,
2056 5366 2108 5420 id

541 5472 623 5516 est
653 5461 705 5516 in
731 5460 954 5516 Judaico
983 5462 1200 5532 populo,
1226 5461 1316 5533 qui
1347 5477 1443 5532 per
1469 5460 1704 5532 Ephrata
1724 5459 2111 5515 convenienter

541 5554 822 5626 accipitur.
851 5555 1089 5625 Ephrata
1119 5569 1350 5626 namque
1377 5553 1526 5610 locus
1557 5563 1641 5610 est
1669 5553 1721 5608 in
1764 5551 1970 5615 Iudaea,
2017 5552 2106 5622 qui

545 5654 598 5698 et
619 5646 894 5702 Bethleem
919 5647 1136 5702 dicitur.
1191 5645 1588 5716 Interpretatur
1617 5659 1830 5714 quoque
1875 5643 2107 5710 Ephrata

542 5739 824 5808 speculum.
857 5738 1110 5796 Judaicus
1124 5754 1249 5812 ergo
1273 5738 1497 5810 populus
1511 5751 1745 5809 congrue
1760 5752 1857 5809 per
1873 5735 2104 5806 Ephrata

2210 4549 2311 4601 boc
2349 4543 2631 4600 manifesta
2659 4544 2952 4615 potentiam
2984 4551 3154 4608 luant,
3190 4551 3250 4596 ut
3275 4540 3466 4596 venias
3490 4551 3590 4591 non
3613 4533 3732 4588 loca-

2208 4638 2350 4703 liter,
2383 4637 2478 4693 sed
2538 4637 2834 4693 secundum
2882 4637 3252 4706 imperantem
3295 4636 3518 4706 gratiam
3571 4631 3618 4683 in
3655 4637 3735 4680 nos

2207 4747 2343 4802 quos
2369 4731 2601 4786 adventu
2626 4737 2718 4785 tuo
2746 4728 2912 4784 facies
2935 4729 3174 4799 requiem
3213 4738 3383 4794 tuam,
3425 4725 3478 4781 id
3521 4732 3598 4777 est
3622 4719 3733 4773 adeo

2207 4829 2422 4877 sanctos
2441 4819 2608 4875 facies
2637 4827 2696 4874 at
2719 4819 2770 4873 in
2792 4818 2948 4873 nobis
2973 4817 3246 4888 quiescas,
3273 4817 3326 4874 id
3353 4825 3438 4872 est
3464 4807 3734 4872 delecteris.

2207 4913 2348 4968 sicut
2371 4911 2566 4982 aliquis
2591 4913 2642 4965 in
2671 4911 2854 4979 quiete
2887 4910 3204 4964 delectatur.
3429 4957 3434 4960 .

2281 5003 2380 5070 Tu,
2407 5003 2644 5072 inquam,
2677 5019 2852 5072 surge,
2891 5011 2962 5064 et,
2992 5017 3088 5071 pcr
3120 5010 3266 5055 tuum
3313 5012 3548 5071 surgere,
3575 4995 3734 5057 sum“

2207 5096 2370 5152 etiam
2423 5112 2548 5148 arca
2591 5079 3021 5164 sanctiﬁcationis
3053 5103 3180 5156 tute,
3218 5092 3272 5146 id
3322 5099 3418 5145 est
3456 5087 3733 5143 sublimem

2209 5202 2333 5243 arca
2361 5196 2470 5251 tua,
2501 5201 2661 5256 quam
2693 5183 3040 5240 sanetilicasti
3071 5198 3170 5254 per
3191 5190 3417 5238 mortem
3444 5187 3498 5233 et
3524 5183 3728 5230 resurre-

2209 5279 2438 5334 ctionem
2469 5274 2633 5343 tuam,
2682 5284 2737 5330 et
2778 5286 3122 5346 peccatorum
3167 5273 3550 5330 remissionem.
3579 5271 3731 5355 αξιοξ

2209 5367 2458 5423 videlicet
2491 5365 2857 5428 sublimcmur,
2889 5365 2981 5434 qui
3013 5379 3198 5418 sumus
3252 5359 3489 5416 Ecclesia
3521 5363 3600 5410 tua
3623 5348 3730 5406 dicti

2212 5473 2335 5514 arca
2373 5467 2483 5521 tua,
2521 5471 2586 5511 eo
2645 5454 2786 5526 quod
2849 5455 3188 5525 pratligurata
3249 5453 3346 5506 fuit
3393 5443 3612 5504 Ecclesia
3651 5449 3733 5507 per

2172 5565 2174 5567 ‘
2211 5565 2394 5606 arcam
2424 5547 2654 5602 Domini.
2681 5547 2836 5601 Sicut
2857 5545 3001 5601 enim
3025 5546 3076 5599 in
3101 5558 3225 5598 arca
3255 5538 3542 5612 ﬁguraliter
3564 5538 3728 5586 manna

2212 5640 2614 5702 continebatur,
2659 5639 2800 5708 quod
2847 5637 3157 5706 spiriritalis
3208 5635 3356 5690 cibus
3401 5639 3530 5693 erat,
3583 5625 3644 5678 ita
3685 5618 3726 5670 ill

2216 5734 2453 5794 Ecclesia
2504 5732 2658 5788 cibus
2700 5731 2962 5801 spiritalis
3009 5727 3270 5786 Domiuiei
3315 5720 3564 5793 corporis.
3614 5708 3733 5777 (ιιιοά
