3978 6328
235 381 238 384 ’
297 369 424 424 UH

1039 370 1072 392 ·’
1148 367 1511 428 EXPOSI'I‘IO
1550 367 1616 425 IN
1653 369 1991 426 PSALMOS.
2028 399 2100 412 --
2131 366 2326 424 PSAL.
2367 367 2602 424 CXXXI.

3417 377 3554 435 15ίὲ

298 501 396 556 per
443 499 638 540 manna
703 488 1088 558 prreslguatnm
1149 498 1254 553 est,
1307 489 1565 555 habetur,
1608 498 1663 545 et
1711 491 1876 545 etiam
1909 496 1952 552 Α
1983 489 2049 544 ab
2072 506 2160 555 eo,
2188 491 2281 546 sed
2313 507 2342 546 a
2373 490 2726 546 similitudine
2755 491 2981 548 ﬁliorum
3007 511 3096 566 qm
3115 505 3320 550 tractus
3352 469 3556 550 ventris

296 577 454 646 panis
485 578 790 634 intellectus
833 594 930 650 per
959 579 1100 635 idem
1149 597 1349 636 manna
1397 581 1753 652 signiﬁcatus.
1801 583 1875 638 lbi

295 667 459 721 etiam
489 667 572 722 lex
603 669 1004 733 continebatur,
1029 679 1086 725 et
1113 670 1366 726 similiter
1400 671 1488 726 hic
1535 672 1616 726 lex
1651 679 1878 742 utraque

294 771 458 820 nova,
510 757 716 814 scilicet
747 767 976 815 etvetus
1028 761 1282 817 habetur.
1339 763 1414 817 lbi
1469 779 1686 834 quoque
1729 764 1876 831 virga

291 853 480 905 Aaron
512 850 629 914 fuit,
666 853 752 908 hic
783 870 997 924 quaque
1027 869 1248 924 regnum
1283 865 1366 911 est
1403 855 1626 920 Christi,
1655 857 1706 910 id
1735 865 1819 910 cst
1847 871 1877 910 a

291 942 514 998 Chr'sto
545 944 792 1000 ﬁdelibus
821 947 1026 1011 datum,
1091 955 1149 1000 ut
1179 949 1550 1018 unusquisque
1597 950 1678 1004 sui
1711 949 1879 1018 ipsius

292 1043 477 1090 rector
505 1036 594 1090 sit.
629 1035 733 1092 Per
759 1039 960 1109 virgam
1020 1039 1218 1109 quippe
1248 1054 1276 1093 e
1300 1041 1553 1112 c0ntiguo
1584 1050 1876 1111 sceptrum,

291 1141 394 1195 per
437 1136 710 1196 sceptrum
763 1138 942 1183 autem
994 1145 1219 1200 regnum
1267 1131 1584 1201 accipimus,
1622 1147 1688 1187 eo
1738 1132 1879 1202 quod

297 1219 452 1290 regni
487 1220 560 1274 sit
589 1221 828 1292 signum.
871 1220 1088 1291 Surgat,
1124 1223 1366 1296 inquam,
1417 1225 1466 1278 id
1507 1237 1590 1280 est
1616 1225 1879 1280 sublime-

296 1316 386 1360 tnr
412 1307 674 1377 Ecclesia,
729 1327 856 1364 arca
900 1311 1356 1381 sanctiﬁcationis,
1396 1330 1494 1369 nos
1544 1315 1776 1380 scilicet,
1827 1325 1881 1368 ct

294 1398 402 1453 hoc
429 1400 646 1468 quidem
689 1402 850 1457 modo
876 1403 1214 1458 sublimetnr.
1271 1405 1577 1460 Sacerdotes
1631 1407 1882 1460 videlicet

293 1497 377 1547 tui
405 1494 700 1550 induantur
721 1496 1011 1568 justitiam,
1043 1499 1094 1551 id
1125 1507 1208 1553 est
1243 1514 1340 1552 nos
1369 1498 1459 1568 qui
1495 1515 1682 1554 sumus
1715 1500 1881 1554 sacri-

295 1587 526 1644 ﬁcantes
583 1591 944 1661 nosmetipsos
1002 1590 1121 1658 tibi,
1164 1592 1302 1647 bene
1358 1593 1604 1660 vivendo,
1655 1593 1880 1662 ideoque

295 1683 612 1738 sacerdotes
639 1682 712 1737 tui
731 1683 985 1752 dicimur,
1017 1683 1306 1738 induamur
1323 1684 1614 1754 justitiam,
1643 1699 1739 1754 per
1766 1700 1880 1739 em-

296 1775 534 1844 phasim,
566 1775 618 1830 id
657 1784 740 1831 est
766 1775 1070 1845 repleamur
1095 1775 1249 1830 valde
1274 1785 1330 1830 et
1355 1775 1683 1832 adornemur
1719 1774 1879 1846 justi-

1981 595 2126 640 sunt.
2163 587 2298 640 Cum
2330 595 2508 641 autem
2541 587 2690 653 ponit
2731 602 2834 640 non
2875 587 3106 643 fructum
3136 589 3227 644 sed
3261 606 3323 643 ex
3355 590 3551 658 [rue-tu,

1982 673 2158 729 innuit
2189 690 2294 728 non
2326 691 2536 739 omnes,
2566 678 2657 729 sed
2692 684 2899 745 partem
2933 693 3087 746 super
3112 680 3279 732 sedem
3311 693 3430 732 esse
3455 692 3551 748 po-

1981 767 2235 819 nendam.
2283 784 2304 818 ‹
2331 765 2471 831 Νοιι,
2506 784 2524 817 ι
2567 767 2709 820 ειιῖιιι
2750 785 2768 819 ι
2799 767 2977 822 ontnis
3014 767 3105 837 qui
3143 769 3306 824 dicit:
3331 755 3556 842 Domine

1985 859 2229 926 Domine,
2276 861 2499 916 intrabit
2534 861 2585 916 in
2633 877 2855 932 regnum
2893 861 3154 916 ccelornm
3200 863 3410 933 (Matth.
3455 881 3554 925 vn,

1981 950 2094 1021 2i).
2130 972 2146 1002 ι
2182 952 2384 1009 Omnes
2424 953 2638 1026 quidem
2683 954 2748 1007 ad
2791 953 2947 1008 ﬁdem
2980 955 3259 1009 venientes
3287 964 3406 1008 sunt
3441 955 3554 1017 lilii,

1982 1041 2074 1095 sed
2105 1056 2208 1117 non
2253 1057 2441 1098 omnes
2489 1043 2754 1096 salvandi.
2820 1043 2914 1096 Vel
2968 1044 3228 1114 quosdam
3275 1060 3339 1098 ex
3383 1044 3556 1114 [ructu

1982 1134 2172 1188 ventris
2196 1135 2274 1187 tui
2299 1151 2487 1204 ponam
2515 1152 2668 1201 super
2691 1136 2862 1190 sedem
2891 1146 3031 1189 tuam
3063 1135 3169 1199 hic,
3198 1136 3248 1189 id
3270 1144 3351 1190 est
3382 1145 3558 1189 tecum

1983 1239 2316 1294 conregnare
2351 1224 2544 1280 faciam
2567 1267 2580 1291 ,
2629 1235 2685 1280 ιιι
2717 1228 2921 1296 scipsos
2958 1228 3090 1280 bene
3115 1228 3342 1281 vivendo
3371 1236 3558 1297 regant

1983 1315 2049 1368 ad
2077 1315 2518 1370 conlbrmitatem
2548 1317 2646 1370 tui.
2673 1319 2762 1383 qui
2791 1319 2879 1372 hic
2904 1319 3103 1386 degens
3130 1318 3328 1372 tcbcne
3351 1320 3557 1374 rcxisti.

1983 1407 2284 1474 Quosdam,
2329 1409 2578 1477 inquam,
2618 1411 2682 1462 de
2723 1411 2899 1478 [ructu
2931 1412 3127 1464 ventris
3165 1411 3261 1474 tui,
3297 1411 3348 1464 id
3382 1420 3463 1465 est
3495 1412 3561 1464 de

1983 1498 2109 1552 ﬁliis
2146 1499 2250 1554 tuis
2278 1517 2467 1568 ponam
2491 1517 2647 1570 super
2683 1502 2853 1555 sedem
2879 1512 3040 1555 tuam.
3073 1503 3222 1568 Quod
3255 1513 3430 1557 tamen
3470 1503 3558 1558 tali

1982 1589 2082 1643 sub
2113 1589 2424 1644 conditione
2455 1589 2730 1659 promitto,
2758 1592 2965 1646 scilicet
2992 1592 3038 1646 si
3066 1593 3166 1661 [itii
3191 1593 3342 1648 tuiet
3373 1594 3462 1647 lilii
3495 1594 3562 1647 il-

1982 1683 2178 1748 lorum,
2213 1684 2263 1738 id
2286 1693 2368 1739 est
2394 1685 2696 1740 imitatores
2723 1703 2908 1741 eorum
2937 1689 3273 1742 custodierint
3298 1705 3396 1762 per
3419 1705 3562 1744 com-

1983 1777 2276 1846 plctioncm
2318 1786 2682 1832 testamentum
2737 1796 2927 1842 meum,
2994 1780 3045 1834 id
3090 1788 3172 1834 est
3231 1781 3558 1850 promissum

296 1869 371 1921 tia
421 1867 680 1922 virtutum
749 1877 804 1923 et
852 1867 1116 1923 bonorum
1165 1884 1410 1939 operum,
1459 1884 1488 1922 a
1529 1868 1881 1924 similitudine
1915 1863 1956 1918 Β
1989 1883 2168 1924 meum
2199 1867 2342 1939 quod
2377 1870 2508 1924 mihi
2539 1872 2636 1925 Sub
2666 1871 2971 1926 testimonio
3003 1873 3334 1942 patrinorum
3366 1872 3564 1942 promi-

297 1959 574 2030 corporis,
605 1958 748 2029 quod
777 1959 1090 2036 indumento
1133 1963 1506 2018 circumdatur
1529 1971 1586 2018 et
1617 1973 1873 2029 ornatur;

299 2069 424 2123 quae
479 2053 734 2108 nimirum
777 2053 1003 2124 justitize
1041 2055 1250 2111 indutio
1302 2055 1642 2128 praeﬁgurata
1703 2065 1786 2112 est
1826 2057 1878 2112 in

293 2143 532 2200 levitici.-
568 2145 965 2213 sacerdotibus,
997 2146 1089 2216 qni
1137 2147 1189 2201 in
1242 2156 1482 2214 tempore
1512 2147 1764 2203 sacriﬁcii
1798 2145 1880 2200 in-

295 2237 609 2290 dnebantur
643 2235 820 2305 ephod
851 2236 1011 2301 lineo,
1039 2244 1093 2290 ει
1124 2237 1301 2292 tunica
1339 2237 1494 2291 talari
1532 2247 1586 2291 et
1629 2237 1748 2291 aliis
1801 2237 1881 2290 iu-

293 2325 562 2392 signihns.
594 2324 745 2379 Sicut
786 2328 928 2380 enim
967 2327 1072 2382 illis
1113 2326 1416 2398 insignibus
1439 2328 1682 2384 exterius
1718 2343 1882 2398 appa-

297 2415 543 2468 rentibus
571 2415 672 2483 ipsi
695 2415 1123 2480 adornabantur,
1156 2417 1226 2470 ita
1249 2433 1462 2487 quoque
1492 2426 1547 2472 ει
1574 2433 1674 2473 nos
1702 2433 1882 2473 sacer-

296 2505 454 2560 dotes
488 2504 616 2561 Novi
652 2507 984 2561 Testamenti
1013 2509 1226 2574 jnstitia
1276 2526 1374 2580 per
1416 2509 1556 2564 bona
1586 2525 1750 2581 opera
1785 2526 1882 2581 ap-

294 2607 529 2666 pareute
551 2597 790 2652 exterius
821 2597 1223 2654 adornabimnr.

368 2689 488 2744 Non
520 2690 689 2744 solum
720 2701 897 2745 autem
942 2693 1231 2746 sacerdotes
1261 2695 1361 2756 tui,
1395 2709 1493 2749 nos
1521 2693 1754 2760 scilicet,
1801 2697 1885 2749 in-

294 2785 537 2836 duantur
554 2781 848 2851 justitiam,
883 2783 974 2838 scd
1009 2783 1172 2837 iidem
1223 2785 1536 2839 sacerdotes
1589 2787 1759 2838 sancti
1808 2785 1883 2838 tui

293 2875 615 2940 existentes,
651 2873 701 2928 id
732 2883 818 2930 est
855 2889 885 2928 a
922 2883 972 2928 te
1011 2890 1107 2944 per
1141 2885 1369 2930 mortem
1423 2886 1469 2929 et
1515 2877 1726 2930 veniam
1761 2891 1886 2946 pec-

295 2975 549 3020 catorum
577 2965 894 3034 sancti/irati
921 2963 1179 3019 exsultent
1216 2965 1282 3020 de
1340 2966 1482 3019 dono
1535 2966 1883 3030 innocentiae,

294 3057 511 3113 scilicet
558 3057 623 3110 da
670 3056 750 3111 eis
800 3056 1164 3112 innocentiam
1200 3064 1259 3110 ut
1304 3072 1401 3126 per
1438 3057 1539 3111 hoc
1590 3057 1882 3111 exsultent.

294 3132 415 3204 Hoc
447 3155 626 3201 autem
662 3145 948 3214 utjustitia
984 3147 1299 3213 induamur,
1335 3157 1392 3201 et
1447 3148 1512 3202 de
1575 3147 1883 3202 innocentia

296 3238 662 3302 cxsultemus,
695 3253 804 3292 non
832 3252 1052 3292 oramus
1081 3248 1304 3307 propter
1364 3239 1618 3293 ﬁduciam
1663 3239 1882 3294 merito-

295 3347 420 3388 rum
453 3341 784 3398 nostrorum,
809 3333 903 3387 sed
938 3341 1150 3402 pmpter
1185 3333 1355 3388 David
1377 3351 1586 3388 servum
1624 3344 1795 3398 tuum,
1829 3335 1881 3388 id

295 3429 385 3478 est
426 3431 648 3493 propter
671 3423 860 3476 merita
888 3421 1091 3476 Christi
1123 3422 1238 3478 veri
1272 3423 1460 3488 David,
1515 3423 1628 3493 qui,
1691 3439 1885 3479 secun-

293 3519 424 3572 dum
455 3516 871 3584 humanitatem,
897 3531 1090 3571 servus
1114 3525 1236 3570 tuus
1271 3518 1388 3578 fuit,
1431 3517 1481 3570 in
1513 3517 1761 3571 omnibus
1789 3515 1880 3569 tibi

295 3611 528 3664 devotus
565 3620 620 3666 et
666 3608 952 3675 obediens,
1004 3606 1158 3676 cujus
1191 3608 1433 3663 ntemhra
1485 3623 1670 3663 smnus
1700 3623 1796 3678 per
1821 3607 1885 3662 ﬁ-

295 3701 448 3756 dem.
481 3699 714 3756 Oramus
742 3708 799 3753 ut
821 3699 915 3754 des
942 3700 1096 3754 nobis
1117 3697 1383 3766 justitiam
1413 3708 1467 3753 ει
1491 3699 1880 3762 innocentiam,

296 3800 354 3847 et
388 3791 468 3846 sic
501 3791 809 3846 cont’ormcs
863 3789 1067 3843 erimus
1092 3788 1306 3843 Christo
1338 3789 1390 3843 in
1438 3789 1596 3856 facie,
1631 3789 1682 3843 id
1709 3796 1792 3844 est
1827 3788 1881 3842 in

295 3883 706 3952 pulchritudine
735 3881 1019 3943 virtutum,
1053 3896 1172 3950 qua:
1210 3897 1306 3949 per
1347 3880 1539 3936 faciem
1594 3880 1880 3950 accipitur,

292 3988 360 4028 eo
390 3973 536 4043 quod
562 3973 614 4027 in
638 3972 777 4028 facie
801 3972 1057 4026 exteriori
1083 3971 1426 4042 pulchritudo
1447 3971 1686 4026 exterior
1716 3970 1882 4024 deno-

295 4076 466 4125 tatur.
509 4067 801 4138 Postquam
830 4076 1009 4121 autem
1050 4066 1244 4120 faciem
1297 4065 1497 4121 Christi
1547 4065 1724 4136 adepti
1769 4065 1879 4119 eri-

293 4175 438 4223 mus,
468 4175 569 4212 non
617 4169 842 4223 avertas,
874 4156 926 4211 id
950 4164 1032 4210 est
1057 4171 1086 4209 a
1116 4156 1270 4210 nobis
1316 4171 1412 4226 per
1440 4165 1661 4226 peccata
1694 4155 1864 4209 averti

295 4265 403 4303 n'in
447 4249 725 4317 permittas
753 4247 966 4318 faciem,
1016 4247 1068 4300 id
1104 4256 1181 4301 est
1233 4246 1690 4316 pulchritudinem
1735 4245 1878 4302 illam

292 4341 457 4412 533
483 4341 674 4395 Cltristi
704 4341 800 4394 tui.
836 4340 991 4395 Facit
1026 4346 1207 4393 autem
1239 4339 1306 4392 ad
1339 4341 1616 4396 auditores
1632 4349 1880 4411 apostro-

291 4435 482 4504 pham,
498 4434 816 4489 utostendat
839 4447 998 4489 orare
1011 4447 1067 4487 se
1081 4447 1186 4486 non
1205 4447 1271 4486 cx
1288 4432 1604 4496 diﬁidcntia,
1618 4442 1672 4486 et
1686 4433 1765 4486 sic
1786 4445 1879 4486 eos

293 4525 482 4580 adhoc
509 4525 649 4580 idem
669 4525 932 4580 orandum
953 4523 1211 4593 impellat.
1236 4525 1488 4590 Oramus,
1518 4539 1550 4578 ο
1576 4524 1876 4587 auditores,
1913 4551 1956 4608 υ

285 4616 662 4686 justitiam,et
700 4616 1069 4670 innocentiam
1104 4615 1425 4681 induamur,
1465 4625 1518 4670 et
1559 4624 1618 4670 ut
1650 4631 1681 4670 a
1725 4616 1878 4670 nobis

292 4706 464 4762 t'acics
489 4705 688 4760 Christi
727 4720 832 4760 non
859 4712 1158 4760 avertatur.
1191 4703 1305 4759 Hoc
1344 4705 1524 4774 itaque
1550 4705 1882 4760 conﬁdenter

291 4813 540 4853 oramus.
566 4797 824 4852 Dominus
852 4797 994 4852 enim
1023 4796 1185 4851 Pater
1199 4796 1400 4866 juravit
1431 4796 1656 4851 Domino
1684 4796 1877 4862 David,

292 4890 516 4946 Christo
554 4889 693 4944 Filio
720 4905 842 4955 suo,
882 4892 1170 4956 ueritatem,
1203 4889 1254 4944 id
1286 4897 1371 4946 est
1396 4905 1493 4960 per
1520 4889 1755 4958 seipsum
1788 4890 1877 4958 qui

291 4981 498 5037 veritas
536 4989 644 5046 est,
661 4981 859 5051 juravit
884 5023 898 5049 ,
949 4982 1002 5037 id
1052 4992 1135 5039 est
1175 4981 1484 5036 ﬁrmissime
1526 4978 1776 5050 promisit
1813 4981 1880 5033 ad

295 5070 802 5140 modumjuratttis,
835 5081 884 5126 et
914 5072 992 5126 sic
1011 5074 1236 5140 Juv-abit,
1266 5072 1409 5142 quod
1456 5087 1560 5124 non
1600 5070 1881 5140 [rustrabi-

293 5175 384 5218 tur
422 5179 572 5230 eum,
607 5162 660 5218 id
707 5170 790 5217 est
826 5176 934 5216 non
982 5161 1212 5231 decipiet
1239 5181 1394 5228 cum,
1427 5177 1535 5218 non
1561 5160 1878 5230 complemlo

296 5254 438 5324 quod
463 5254 682 5324 juravit.
721 5253 854 5308 Dico
889 5251 1092 5322 juravit
1121 5252 1346 5307 dicens:
1379 5252 1458 5306 De
1485 5253 1663 5322 {ructu
1689 5251 1877 5305 ventris

295 5346 372 5398 tui
400 5361 590 5415 ponam
621 5360 776 5417 super
796 5343 970 5398 sedem
991 5353 1156 5408 luant,
1189 5341 1243 5398 id
1273 5351 1357 5398 εει
1376 5343 1636 5412 quosdam
1667 5341 1732 5396 de
1751 5340 1878 5397 ﬁliis

297 5436 404 5489 tuis
433 5421 1059 5505 Spiritualibus,.faciam
1091 5431 1146 5486 in
1177 5441 1381 5487 :eterna
1414 5431 1751 5487 beatitudine
1781 5430 1876 5486 tibi

297 5527 351 5582 in
375 5525 555 5582 futuro
578 5539 933 5596 conregnare,
959 5540 990 5579 a
1021 5525 1374 5580 similitudine
1399 5525 1562 5597 regis,
1591 5524 1681 5594 qui
1709 5523 1877 5577 ﬁlium

296 5634 454 5674 suum
507 5634 668 5690 quem
715 5633 900 5673 secum
945 5617 1059 5672 vult
1094 5617 1270 5672 facere
1307 5631 1674 5688 conregnare,
1715 5631 1878 5684 snper

297 5710 477 5763 sedem
527 5723 682 5764 suam
738 5707 940 5777 regiam
974 5707 1146 5776 ponit.
1192 5706 1450 5761 Fructum
1498 5706 1688 5760 ventris
1736 5705 1874 5760 ﬁlios

299 5802 602 5872 spiritualcs
635 5801 784 5867 dicit,
835 5817 934 5854 non
983 5799 1124 5868 quod
1169 5813 1230 5854 cx
1263 5812 1449 5856 ventre
1482 5788 1724 5869 generati
1765 5800 1873 5854 sint

1983 1973 2194 2028 serunt,
2221 1971 2288 2022 et,
2329 1961 2380 2016 id
2417 1971 2518 2026 est,
2553 1963 2760 2018 scilicet
2791 1963 2834 2018 si
2879 1965 3232 2018 custodiet-int
3270 1965 3562 2018 testimonia

1982 2069 2114 2115 utea,
2147 2053 2196 2106 id
2225 2063 2305 2108 εει
2337 2065 2603 2124 ρνιεεεριει
2634 2071 2775 2120 mea,
2804 2064 2859 2110 ει
2891 2071 2993 2109 ιιοιι
3022 2057 3142 2109 dico
3173 2063 3435 2126 praecepta
3462 2051 3565 2107 Ve-

1986 2145 2116 2199 teris
2141 2144 2498 2210 Tcstamenti,
2529 2147 2622 2201 sed
2651 2147 2782 2211 Ita'c,
2823 2163 2939 2216 qure
2976 2148 3166 2199 docebo
3201 2163 3307 2210 eos,
3339 2159 3432 2214 per
3461 2142 3566 2196 Da-

1982 2237 2094 2303 vid,
2139 2237 2307 2291 ﬁlium
2351 2253 2551 2300 meum,
2597 2238 2804 2293 scilicet
2857 2238 3163 2292 testimonia
3212 2253 3362 2291 nova:
3404 2235 3562 2305 legis!

1983 2329 2233 2384 sedebant
2266 2348 2422 2399 super
2447 2331 2620 2384 sedem
2651 2341 2813 2393 luant,
2847 2329 2897 2384 id
2929 2339 3009 2384 est
3041 2329 3133 2383 tibi
3163 2327 3568 2397 conregnabunt

1985 2420 2072 2474 hic
2098 2420 2234 2475 bene
2265 2420 2521 2483 vivendo,
2559 2428 2613 2473 et
2645 2435 2704 2474 se
2735 2419 2972 2490 regendo
3017 2418 3084 2472 ad
3119 2419 3190 2472 tui
3219 2416 3564 2471 conforntita-

1987 2517 2092 2564 tem
2125 2526 2284 2579 usque
2317 2510 2370 2563 in
2407 2508 2660 2563 sa’culum
2702 2507 2964 2574 futurum,
3001 2507 3052 2562 id
3090 2501 3173 2562 est
3203 2520 3370 2575 usque
3405 2505 3472 2558 ad
3506 2503 3569 2556 ll—

1987 2615 2110 2655 nem
2145 2598 2306 2668 hujus
2337 2599 2481 2653 vitaz.
2517 2599 2611 2655 Vel
2636 2599 2886 2653 sedebant
2930 2613 3086 2667 super
3119 2597 3290 2651 sedem
3319 2606 3485 2658 tuam,
3513 2593 3569 2648 in

1987 2690 2190 2754 futuro,
2232 2689 2284 2744 id
2313 2699 2396 2745 est
2431 2689 2524 2744 tibi
2551 2689 2958 2758 conregnabunt
2986 2689 3037 2742 in
3071 2687 3440 2740 beatitudine:
3483 2699 3570 2738 us-

1985 2795 2082 2849 que
2110 2780 2166 2831 in
2193 2778 2469 2843 steculum,
2505 2779 2556 2832 id
2586 2787 2669 2832 est
2693 2779 2745 2832 in
2769 2786 3052 2831 aeternum.
3087 2775 3489 2829 Testamentum
3514 2780 3571 2827 et

1989 2871 2297 2926 testimonia
2331 2869 2471 2923 idem
2505 2870 2592 2924 hic
2621 2877 2786 2934 sunt;
2820 2868 2935 2932 sed,
2971 2882 3090 2921 cum
3130 2867 3259 2920 dicit
3287 2875 3568 2919 testamen-

1987 2973 2119 3028 tum,
2153 2960 2329 3014 iunuit
2359 2959 2678 3030 complenda
2726 2973 2846 3014 esse
2893 2967 3158 3029 prarcepta
3195 2956 3406 3011 Domini
3441 2956 3569 3026 quia

1988 3053 2385 3124 promiserunt;
2417 3068 2538 3107 cum
2568 3067 2698 3107 vero
2727 3051 2858 3105 dicit
2883 3051 3176 3103 testimonia
3202 3049 3312 3102 licet:
3336 3065 3452 3118 qnte
3473 3051 3570 3101 do-

1981 3147 2112 3200 cebo
2169 3162 2256 3201 eos
2285 3187 2299 3213 ,
2357 3145 2535 3200 innuit
2582 3143 2898 3216 complenda
2951 3156 3092 3208 esse,
3143 3156 3209 3196 eo
3259 3143 3405 3212 quod
3454 3140 3570 3212 ipse

1988 3241 2162 3296 doch

2062 3331 2257 3385 Verbis
2306 3325 2548 3402 pateram
2594 3325 2971 3398 promissionis
3009 3323 3342 3394 interpositis
3380 3321 3445 3376 ad
3478 3337 3568 3377 os-

1991 3426 2296 3480 tensionem
2327 3423 2690 3487 certitudinis,
2743 3430 2910 3492 agunt
2959 3418 3182 3489 perfecti
3240 3417 3291 3472 in
3335 3431 3566 3488 persona

1987 3533 2083 3572 Sua
2135 3515 2468 3572 ostendendo
2512 3517 2613 3569 hoc
2651 3514 2792 3583 quod
2841 3513 2940 3582 filii
2990 3511 3156 3565 David
3200 3526 3355 3580 super
3393 3508 3566 3562 sedem

1989 3611 2156 3664 David
2204 3611 2486 3671 sedcbunt,
2537 3622 2643 3662 non
2695 3620 2762 3660 ex
2815 3621 3002 3658 eorum
3036 3603 3245 3658 meritis
3282 3616 3423 3665 esse,
3471 3600 3565 3653 sed

1987 3717 2049 3755 ex
2085 3701 2322 3774 gratuita
2357 3699 2448 3755 Dei
2477 3699 2762 3753 electione.
2796 3695 2908 3750 lloc
2936 3696 3117 3764 itaque
3148 3694 3226 3749 sic
3257 3693 3389 3748 dicit
3417 3709 3430 3745 :
3464 3691 3568 3745 Do-

1985 3793 2165 3846 minus
2211 3791 2372 3846 Pater
2417 3790 2550 3843 dicit
2601 3789 2744 3857 quod
2780 3787 2878 3855 ﬁlii
2914 3786 3080 3840 David
3125 3783 3370 3840 sedebant
3412 3796 3568 3848 super

1984 3885 2156 3938 sedem
2188 3882 2326 3952 ejus,
2373 3891 2428 3938 ct
2473 3882 2576 3936 hoc
2610 3897 2714 3935 non
2758 3879 2965 3935 accidet
2995 3893 3180 3932 eorum
3211 3875 3438 3939 meritis,
3471 3871 3564 3926 sed

1985 3974 2217 4046 gratuita
2257 3973 2466 4028 Domini
2495 3972 2673 4026 Patris
2698 3971 2984 4026 electione.
3018 3968 3276 4033 Quoniam
3307 3963 3563 4017 Dominus

1986 4067 2148 4121 Pater
2191 4064 2342 4136 elegit
2394 4063 2545 4129 Sion,
2582 4063 2632 4117 id
2664 4071 2746 4118 cst
2793 4069 2958 4114 totam
3011 4057 3342 4120 Ecclesium,
3399 4068 3561 4124 quam

1983 4157 2110 4212 fecit
2137 4171 2257 4211 esse
2294 4155 2466 4211 Sion:
2506 4153 2687 4223 elegit,
2729 4152 2970 4219 inquam,
3004 4163 3119 4200 eam
3155 4146 3252 4199 sibi
3279 4145 3330 4198 in
3358 4143 3562 4196 habitu-

1983 4249 2196 4312 tionem,
2234 4246 2285 4300 id
2315 4254 2396 4299 est
2435 4244 2502 4296 ad
2535 4244 2636 4296 hoc
2674 4249 2728 4294 ut
2762 4255 2882 4293 cam
2923 4237 3220 4301 inhabitet,
3263 4235 3561 4289 secundum

1982 4343 2351 4411 iuoperantem
2399 4336 2650 4408 gratiam.
2689 4333 2840 4390 Unde
2884 4333 3115 4402 legitur:
3154 4349 3172 4382 ι
3204 4330 3350 4397 Quos
3388 4327 3558 4398 elegit

1983 4433 2163 4505 (Rom.
2203 4447 2325 4495 vm,
2369 4429 2494 4498 29),
2527 4427 2625 4482 hos
2670 4434 2724 4480 ct
2766 4425 2980 4479 vocavit
3026 4417 3502 4494 [prtedestinavit];
3538 4437 3556 4468 ι

1982 4523 2128 4590 elegit
2156 4522 2276 4585 sibi,
2310 4522 2565 4591 inquam,
2601 4518 2728 4572 Sion
2755 4516 2976 4570 dicens:
3015 4513 3162 4579 Ηανσ,
3193 4511 3400 4567 scilicet
3431 4510 3560 4564 Sion

1982 4628 2064 4671 est
2100 4615 2296 4686 requies
2324 4630 2434 4665 mea
2454 4653 2467 4674 ,
2501 4611 2550 4664 id
2582 4620 2662 4664 est
2692 4607 2980 4664 delectatio
3023 4621 3164 4670 mea,
3196 4619 3357 4674 usque
3383 4603 3436 4662 in
3463 4618 3561 4656 sa:-

1983 4705 2158 4760 rulum
2207 4703 2411 4764 swculi.
2462 4702 2512 4756 id
2547 4711 2632 4755 est
2678 4713 2847 4768 usque
2902 4698 2952 4750 in
2993 4695 3244 4751 smcnlum
3294 4695 3556 4748 futurum.

1983 4796 2086 4850 llic
2114 4794 2378 4858 habitabo,
2415 4793 2466 4847 id
2504 4800 2588 4846 est
2618 4791 2669 4844 in
2713 4789 2833 4854 hac,
2867 4787 3075 4843 scilicet
3104 4787 3254 4844 Sion.
3305 4783 3552 4837 habitabo

1981 4887 2277 4942 secundum
2309 4885 2682 4954 inopcrantem
2711 4881 2960 4951 gratiam,
3004 4886 3058 4934 ει
3094 4878 3194 4931 hoc
3225 4889 3328 4928 non
3357 4889 3421 4926 ex
3449 4884 3552 4924 me-

1983 4979 2099 5032 ritis
2131 4976 2250 5044 ejus
2277 4975 2430 5040 Sion,
2464 4973 2557 5029 sed
2589 4973 2709 5027 idco
2735 4969 3101 5032 solummodo,
3131 4965 3378 5038 quoniam
3430 4961 3556 5030 elegi

1979 5086 2094 5124 eam
2123 5067 2292 5139 gratis
2321 5066 2388 5120 ad
2415 5064 2787 5120 salvationem.
2821 5063 2954 5117 Cum
2987 5069 3170 5113 autem
3213 5056 3344 5112 Sion
3381 5053 3557 5122 elege-

1981 5163 2106 5230 rim,
2133 5161 2343 5216 viduam
2372 5160 2507 5230 ejus,
2533 5158 2584 5211 id
2611 5167 2691 5212 est
2730 5155 2850 5209 illos
2880 5169 2946 5208 ex
2995 5153 3108 5222 ipsa
3139 5150 3290 5214 Sion,
3323 5146 3411 5219 qui
3436 5145 3558 5200 ideo

1979 5254 2235 5310 dicuntur
2261 5253 2442 5317 vidua,
2474 5251 2598 5320 quia
2624 5245 2848 5326 desola'ti
2873 5253 2998 5299 sunt
3025 5259 3054 5297 a
3087 5241 3334 5303 terrenis,
3360 5239 3557 5310 quibus

1974 5347 2085 5420 jam
2126 5347 2660 5403 altrettttttliaverunt,
2701 5354 2798 5420 ceu
2829 5337 2985 5391 vidua
3025 5345 3108 5391 est
3141 5350 3170 5389 a
3216 5334 3409 5388 marito
3441 5329 3554 5399 jam

1979 5449 2194 5495 mortuo
2229 5438 2490 5500 desolata,
2525 5432 2856 5494 benedicam,
2899 5429 2949 5482 id
2979 5437 3063 5482 εει
3094 5426 3392 5482 sublimaho
3444 5423 3554 5485 hic,

1980 5539 2036 5586 et
2066 5531 2168 5586 hoc
2195 5529 2518 5591 benedicens,
2551 5523 2602 5577 id
2633 5530 2717 5576 cst
2755 5521 2806 5574 in
2841 5519 3218 5573 benedictione
3254 5517 3338 5570 illa
3369 5529 3554 5583 perse-

1979 5638 2210 5688 verans;
2249 5631 2297 5675 et
2327 5634 2580 5690 pauperes
2614 5616 2748 5687 ejus,
2803 5613 2856 5669 id
2903 5621 2988 5668 cst
3018 5613 3133 5666 illos
3181 5609 3394 5664 eosdem
3421 5626 3556 5678 ques

1980 5713 2088 5768 dixi
2122 5713 2351 5772 viduam,
2383 5710 2471 5778 qui
2511 5710 2673 5763 etiam
2707 5704 2898 5776 spiritu
2937 5719 3218 5772 pauperes,
3260 5701 3310 5754 id
3343 5709 3423 5754 est
3453 5701 3555 5754 Ιιιι-

1981 5804 2132 5858 miles
2156 5817 2296 5867 sunt,
2328 5803 2548 5870 ideoque
2572 5797 2714 5869 digri
2737 5793 3109 5852 benedictione
3128 5805 3182 5848 et
3205 5791 3554 5856 saturatione,
