3978 6328
452 368 592 424 1345

1052 366 1111 421 S.
1150 364 1497 422 BRUNONIS
1529 352 2174 433 CARTIIUSIANORUM
2215 349 2705 408 INSTITUTORIS
2744 350 2894 408 OPP.
2930 350 3111 407 PARS
3142 348 3161 405 I

3572 352 3712 410 I3“

444 485 698 542 saturabo
727 483 783 537 in
810 480 989 547 anima
1019 483 1261 553 panibus,
1298 482 1351 536 id
1384 490 1468 536 est
1493 479 1877 539 multiplicibus
1900 475 2001 529 cha

2203 469 2337 524 Ecce
2364 488 2520 540 quam
2555 470 2765 533 bonum,
2796 479 2927 532 εις..
2958 485 3023 524 ac
3060 473 3105 524 si
3135 470 3359 525 dicant:
3407 469 3509 539 Qui
3556 487 3715 543 supe-

451 576 764 632 rismatibus
781 573 1074 643 spiritualis
1104 573 1725 641 intellectus,qna‘erunt
1750 570 2029 637 eispanes,

454 671 509 725 id
538 680 621 723 est
645 668 969 723 dulcissima:
985 667 1480 730 rcfertiones,sicut
1511 680 1675 734 panes
1704 662 2028 718 dulcissimae

450 761 778 816 refectiOnes
802 769 949 812 sunt.
978 760 1206 827 Exponit
1227 768 1405 815 autem
1423 756 1692 825 quomodo
1719 755 2025 819 henediect,

450 855 547 907 sic.
587 852 696 906 lloc
724 852 939 920 quidem
970 852 1126 904 modo
1155 850 1478 909 benedictum,
1516 848 1567 901 id
1618 856 1697 903 est
1728 846 2029 900 suliliinabo

450 946 573 999 illos
615 961 679 998 ex
724 945 852 998 Sion
880 942 969 1011 qui
1008 942 1163 995 vidua
1194 949 1342 1004 sunt,
1378 940 1579 993 scilicet
1607 940 1822 994 eosdem
1856 955 2028 992 sacer-

446 1036 593 1090 dotes
622 1035 736 1105 ejus
789 1032 1111 1090 existentes.
1156 1045 1278 1085 eum
1330 1046 1386 1085 se
1425 1030 1585 1102 535.
1621 1031 1756 1085 bene
1798 1030 2027 1083 vivendo

448 1127 685 1197 hostiam
732 1124 907 1178 laudis
943 1121 1253 1176 sacriﬁcent
1284 1140 1297 1176 :
1344 1123 1558 1176 imiuam
1590 1122 1826 1180 salutari.
1861 1122 1909 1175 id
1942 1132 2027 1175 est

447 1218 894 1272 circummuniam
951 1225 1006 1268 et
1058 1215 1264 1269 ornabo
1313 1215 1696 1269 conformitale
1732 1213 2028 1270 Salvatoris

446 1306 672 1371 Christi,
704 1315 761 1359 ut
784 1306 894 1358 sint
923 1304 970 1357 ei
1007 1305 1056 1358 in
1090 1305 1419 1360 sublimitate
1446 1304 1670 1372 iustitia:
1698 1305 2023 1375 confortues,

448 1398 770 1467 inquantum
825 1398 1081 1465 possibile
1133 1407 1217 1452 cst
1265 1410 1310 1450 et
1363 1398 1460 1466 ipsi
1499 1399 1810 1452 sacerdotes
1858 1400 2026 1452 sancti

445 1485 559 1553 ejus
585 1486 901 1549 existentes,
926 1486 975 1538 id
1000 1496 1102 1551 εει,
1127 1486 1445 1540 sanetiﬁcati
1465 1504 1558 1556 per
1575 1498 1800 1541 mortem
1825 1488 2023 1542 Christi

446 1584 502 1629 et
534 1584 876 1643 peccatorum
910 1575 1320 1645 indulgentiam,
1352 1576 1683 1631 exsultabant
1712 1579 1776 1631 de
1795 1577 2026 1630 exsulta-

446 1665 617 1731 tione,
654 1665 705 1720 id
743 1676 825 1721 est
870 1664 936 1720 de
976 1666 1315 1733 innocentia,
1347 1683 1465 1736 qua:
1508 1668 1798 1722 exsultatio
1830 1668 2027 1722 dicitur

450 1771 515 1810 eo
549 1758 692 1826 quod
739 1758 1119 1813 exsultationis
1172 1776 1332 1814 causa
1384 1761 1474 1815 sit.
1521 1760 1645 1815 Sive
1691 1762 1830 1830 quod
1878 1762 2024 1815 addit

2134 564 2308 618 riores
2329 564 2529 634 gradus
2552 562 2665 631 jam
2692 564 3039 627 ascendistis,
3062 564 3128 617 ad
3161 564 3303 619 hunc
3337 564 3499 619 etiam
3531 582 3725 620 ascen-7

2131 656 2265 721 dite,
2296 666 2350 709 ut
2382 657 2543 711 etiam
2577 656 2768 724 fratres
2811 657 2864 709 in
2912 673 3074 710 unum
3103 655 3395 721 habitetis,
3424 667 3477 711 et
3502 658 3584 713 sic
3611 658 3719 712 Deo

2131 745 2396 800 tnilitelis.
2444 746 2572 799 lude
2623 759 2751 799 vero
2796 760 2895 801 nos
2940 746 3246 815 exemplum
3272 746 3539 801 habeatis.
3584 747 3721 803 Eae

2133 836 2277 890 enim
2331 834 2443 904 jam
2492 836 2546 889 in
2595 835 2831 891 evidenti
2869 844 2953 890 est
3004 837 3147 905 quod
3201 837 3513 892 habitamus
3556 838 3720 891 simul

2129 928 2309 983 omnia
2336 928 2644 982 communia
2693 929 2975 992 habentes,
3018 940 3072 983 et
3118 929 3199 983 sic
3247 930 3630 984 cohabitamus
3661 942 3720 985 ut

2129 1019 2300 1073 simus
2356 1019 2582 1078 fratres.
2618 1028 2801 1073 etnon
2852 1035 3085 1090 nequam
3139 1018 3357 1076 fratres.
3387 1021 3483 1074 sed
3523 1018 3721 1074 fratres

2134 1108 2461 1176 spiritnates
2509 1125 2561 1162 in
2598 1123 2763 1161 unum
2814 1108 2936 1162 ﬁdei
2985 1119 3039 1162 ct
3081 1110 3383 1163 concordia:
3416 1110 3719 1163 tendentes.

2128 1200 2300 1254 Aliter
2323 1201 2465 1254 enim
2501 1200 2816 1255 cohabitare
2860 1216 2967 1253 non
3002 1201 3319 1271 prodesset;
3370 1209 3423 1254 et
3454 1216 3581 1256 cum
3607 1200 3723 1270 jam

2129 1291 2525 1357 cohabitemus,
2554 1307 2669 1345 ecce
2700 1290 2751 1344 in
2779 1292 3031 1361 prmsenti
3064 1301 3118 1346 et
3142 1292 3379 1345 evidenti
3404 1292 3566 1345 nobis
3592 1301 3681 1344 est
3706 1310 3719 1344 :

2128 1384 2383 1452 quoniam
2427 1400 2584 1453 quam
2637 1383 2833 1437 bonum
2872 1393 2973 1447 est,
3031 1384 3081 1437 id
3113 1394 3196 1437 est
3246 1384 3533 1453 plusquam
3566 1381 3723 1436 Valde

2130 1472 2265 1528 uzile
2291 1482 2403 1538 cst,
2433 1483 2481 1526 et
2516 1489 2673 1541 quant
2710 1472 3029 1542 jucundum,
3057 1471 3107 1526 id
3138 1485 3219 1527 est
3246 1472 3532 1542 plusquam
3564 1472 3733 1527 valde

2134 1561 2456 1616 delectabile
2480 1569 2585 1627 est,
2612 1561 2851 1613 habitare
2880 1561 3039 1614 simul
3088 1576 3187 1615 nos
3217 1562 3430 1630 fratres,
3478 1564 3533 1614 in
3557 1577 3731 1614 unum.

2130 1648 2250 1703 ﬁdei
2282 1658 2335 1703 et
2361 1649 2667 1704 concordiae
2713 1650 3023 1704 tendentes.
3053 1649 3165 1704 Hoc
3189 1660 3368 1703 autem
3402 1649 3649 1703 habitare
3674 1652 3721 1705 si

2128 1740 2447 1808 simpliciter
2488 1740 2679 1793 bonum
2709 1749 2883 1804 esset,
2915 1741 3276 1810 appetendum
3304 1751 3469 1796 esset.
3503 1741 3724 1808 Quanto

447 1825 816 1915 exsultatione,
862 1849 928 1903 ad
973 1848 1387 1905 inculcationem
1443 1850 1610 1915 addit;
1645 1825 1796 1919 quasi
1824 1851 1967 1904 dicat
2003 1868 2016 1904 :
2061 1825 2102 1881 Β
2132 1832 2303 1901 “mgis
2336 1848 2493 1902 ergo:
2537 1848 2658 1886 cm“
2709 1831 2909 1887 Ῑ)⁰¹¹¹¹¹¹¹
2960 1832 3033 1886 Sil
3064 1831 3474 1900 c‘jm'mdum!
3523 1832 3724 1887 θδιεη·

448 1937 619 1993 Nimis
648 1940 1015 1993 cxsultabunt.
1049 1939 1167 2007 llic,
1199 1941 1443 2009 inquam,
1474 1942 1770 1995 sacerdotes
1804 1942 1915 2010 ejus
1944 1942 2027 1994 in-

448 2031 606 2082 duant
635 2030 903 2096 s.:lntari;
936 2031 987 2085 in
1032 2031 1213 2086 futuro
1241 2048 1370 2087 vero
1393 2032 1519 2086 illnc
1543 2034 1828 2102 producam
1864 2050 2026 2085 cornu

448 2122 640 2188 David,
676 2122 727 2175 id
771 2135 855 2177 est
884 2124 936 2177 in
983 2123 1102 2178 illos
1130 2125 1345 2179 eosdem
1395 2128 1682 2180 extendam
1724 2127 2027 2180 sublimita-

452 2222 559 2266 tem
592 2211 797 2281 glorize,
826 2213 1073 2283 queejam
1100 2223 1182 2269 est
1210 2216 1259 2268 in
1290 2216 1457 2269 David
1491 2218 1599 2270 lilio
1622 2233 1761 2281 ineo,
1794 2225 1849 2269 ut
1878 2234 2027 2271 eam-

449 2302 570 2356 dem
603 2303 839 2360 habeant
867 2306 1287 2370 sublimitatem,
1317 2309 1564 2377 quamvis
1611 2310 1808 2376 minus,
1854 2318 1909 2364 et
1938 2311 2027 2366 hic

450 2396 666 2451 interim
704 2413 802 2467 per
846 2399 1257 2456 illustrationem
1294 2403 1481 2472 gratim
1516 2405 1697 2472 paravi
1726 2418 1817 2459 eos
1859 2404 2027 2457 lucer-

449 2504 594 2555 nam,
641 2489 693 2543 id
741 2498 825 2544 est
875 2506 972 2545 vas
1019 2490 1186 2556 lucis;
1239 2492 1527 2557 lucernam,
1554 2494 1796 2562 inquam,
1842 2495 2027 2549 ethoc

451 2576 661 2639 Christo
689 2595 825 2634 meo.
861 2579 916 2633 In
944 2581 1162 2650 quibus,
1193 2581 1398 2638 scilicet
1432 2584 1543 2652 ipse
1584 2601 1679 2655 per
1726 2587 2025 2642 doctrinam

450 2684 608 2723 suam
652 2672 855 2726 mundo
897 2670 1121 2728 luceret.
1167 2673 1310 2729 Bene
1350 2691 1478 2731 vero
1510 2678 1658 2746 ponit
1697 2695 1800 2733 non
1830 2679 2024 2747 lucem,

447 2762 544 2816 sed
575 2762 867 2824 lucernam.
909 2780 1032 2821 cum
1097 2766 1195 2836 ipsi
1245 2784 1349 2821 non
1418 2768 1525 2825 sint
1583 2769 1705 2838 lux,
1749 2770 1841 2827 sed
1899 2788 2024 2827 vasa

447 2851 617 2920 ipsius
645 2851 781 2908 lucis
809 2862 863 2908 et
896 2854 1150 2910 ministri.
1217 2856 1321 2912 Vas
1348 2859 1544 2930 quippe
1583 2860 1861 2917 lucernam
1894 2864 2029 2918 dici-

455 2958 600 2997 mus.
637 2943 789 3000 Unde
815 2945 882 3001 de
909 2944 1119 3003 Joanne
1151 2947 1393 3019 Baptista
1428 2951 1662 3021 legitur:
1712 2972 1732 3005 ι
1769 2954 1883 3009 Non
1907 2966 2025 3010 erat

450 3032 539 3087 ille
576 3034 698 3101 lux,
742 3037 836 3091 sed
880 3046 939 3092 ut
992 3040 1354 3095 testimonium
1406 3044 1712 3110 perhiberet
1752 3045 1819 3099 de
1869 3047 2025 3100 lami-

448 3140 519 3180 ne
564 3125 747 3196 (Joan.
775 3142 814 3192 ι,
847 3127 928 3199 7).
960 3147 980 3181 ι
1013 3128 1070 3184 In
1100 3145 1213 3196 eos,
1257 3131 1499 3202 inquam,
1529 3135 1814 3200 producam
1861 3152 2025 3190 cornu

448 3216 641 3272 David.
688 3217 940 3274 Inimicos
988 3231 1160 3275 autem
1212 3222 1327 3292 ejus
1375 3224 1569 3290 vidure,
1628 3210 2025 3295 persecutores,

447 3307 656 3364 scilicet
682 3309 897 3363 induam
943 3324 1042 3380 per
1084 3313 1417 3381 emphasim,
1471 3316 1792 3384 confusione,
1840 3317 1889 3370 id
1944 3326 2026 3372 est

448 3397 799 3455 circumdabo
837 3401 972 3456 etin
1019 3417 1248 3473 corpore
1285 3414 1339 3458 et
1388 3407 1439 3460 in
1473 3408 1675 3474 anima,
1726 3409 2029 3477 confusione

450 3489 773 3557 perditionis
798 3500 1036 3559 telerna',
1078 3496 1425 3564 sanctificatio
1456 3506 1633 3553 autem
1670 3516 1805 3563 mea,
1850 3500 1901 3555 id
1947 3509 2029 3556 est

449 3578 610 3634 vidua
653 3596 685 3636 a
732 3596 819 3637 me
858 3584 1217 3651 sanctiﬁcata,
1248 3603 1404 3656 super
1431 3588 1599 3657 ipsum
1648 3589 1812 3644 David
1843 3590 2029 3646 Chris-

455 3675 568 3722 tum
614 3668 669 3723 in
708 3669 813 3725 ﬁde
853 3682 909 3728 et
934 3674 1312 3731 eonformitate
1341 3676 1586 3743 fundata,
1613 3679 1746 3733 etei
1793 3680 2029 3736 innitens

451 3758 716 3829 efﬂorebit,
767 3761 816 3815 id
856 3774 1029 3819 estex
1063 3765 1196 3822 ﬂore
1237 3768 1390 3824 bona:
1426 3771 1755 3840 operationis
1804 3773 2029 3827 transiet

452 3847 509 3903 in
550 3847 825 3904 fructuum
870 3861 1084 3907 aeterna:
1109 3860 1556 3914 remunerationis
1582 3878 1595 3914 :
1623 3877 1653 3914 a
1676 3862 2029 3918 similitudine

451 3939 623 4006 floris,
656 3942 745 4011 qui
800 3943 852 3997 in
910 3943 1143 3999 fructmn
1180 3950 1390 4003 transit.
1428 3950 1523 4006 Vel
1552 3953 1667 4006 sic:
1702 3952 1816 4009 Non
1852 3954 2026 4009 solum

452 4034 579 4089 illnc
608 4036 895 4105 producam
928 4054 1088 4092 cornu
1120 4038 1309 4105 David,
1341 4042 1586 4098 inimicos
1618 4055 1820 4113 autem,
1865 4047 1916 4101 id
1945 4054 2029 4102 est

453 4129 547 4181 scd
583 4128 745 4182 etiam
783 4129 1030 4185 inimicos
1058 4129 1174 4199 ejus
1206 4131 1376 4186 vidua}
1400 4144 1794 4201 persecutores,
1825 4137 2029 4191 scilicet

455 4233 508 4273 In
539 4227 693 4288 parte
726 4221 940 4290 quidem
971 4222 1209 4287 induam,
1244 4223 1294 4278 id
1326 4232 1411 4278 est
1451 4224 1667 4293 replebo
1715 4227 1801 4281 hic
1840 4229 2028 4281 confu—

453 4310 625 4375 sione,
655 4310 703 4365 id
734 4322 817 4366 est
842 4315 1217 4370 crubescentia
1244 4316 1311 4371 de
1337 4318 1594 4387 peccatis,
1623 4328 1677 4373 et
1700 4322 1778 4375 sic
1804 4338 2029 4376 conver-

456 4410 656 4458 tentur.
697 4404 1061 4473 Sanctiﬁcatio
1113 4418 1291 4462 autem
1328 4426 1471 4473 mea,
1512 4411 1563 4465 id
1602 4420 1685 4466 est
1722 4414 2027 4470 sanctiﬁca-

458 4501 507 4546 ta
534 4494 693 4548 vidua
721 4509 859 4563 mea,
883 4513 1039 4565 super
1062 4498 1229 4561 ipsum
1254 4498 1419 4553 David
1442 4499 1543 4555 llde
1565 4511 1620 4555 et
1648 4502 2026 4561 conformitate
2060 4524 2103 4576 ι)

456 4585 698 4651 fundata,
734 4588 995 4657 eﬂlorebit,
1035 4589 1195 4644 idest
1223 4604 1290 4645 ex
1332 4599 1443 4646 toto
1473 4607 1594 4646 cum
1628 4599 2028 4663 perseverantia

456 4676 510 4729 in
543 4675 699 4730 bonis
745 4678 998 4745 operibus
1045 4679 1280 4749 ﬁorcbit,
1307 4692 1363 4736 et
1397 4698 1496 4753 per
1539 4684 1643 4740 hoc
1678 4686 1944 4757 pertinget
1976 4688 2029 4743 in

455 4766 638 4824 futuro
672 4766 738 4821 ad
764 4782 928 4822 cornu
961 4771 1145 4825 David.

873 4858 939 4912 IN
976 4860 1305 4919 PSALMUM
1344 4863 1600 4922 CXXXII.

527 4954 740 5011 Titulus
801 4957 1085 5012 centesimi
1167 4962 1421 5017 tricesimi
1470 4965 1717 5019 secundi.
1756 4965 2031 5023 Canticum

454 5049 737 5120 graduum.
768 5049 954 5106 Tertio
986 5052 1196 5107 decimo
1240 5057 1408 5124 gradu
1451 5057 1502 5112 in
1533 5060 1739 5129 psalmo
1763 5062 2029 5132 superiori

454 5150 693 5210 ostenso,
735 5143 850 5213 qui,
879 5144 1095 5202 scilicet
1137 5144 1237 5200 fuit
1265 5148 1365 5202 hoc
1389 5152 1531 5218 quod
1557 5152 1939 5222 disposuerunt
1964 5154 2030 5209 ad

456 5230 893 5291 conformitatem
924 5237 1309 5307 apostolorum,
1359 5240 1722 5298 cohabitanth
1765 5245 1817 5299 in
1866 5262 2029 5300 unum

457 5320 570 5378 Deo
603 5324 861 5393 militare,
912 5337 968 5382 et
1025 5331 1092 5385 de
1124 5331 1253 5387 .hoc
1303 5331 1653 5402 adipiscendo
1696 5347 2027 5392 oraverunt:

456 5421 626 5483 agunt
668 5416 895 5485 perfecti
933 5419 985 5473 in
1013 5423 1256 5490 sequenti
1281 5423 1486 5492 psalmo
1526 5425 1591 5479 de
1617 5427 1785 5495 gradu
1836 5439 2031 5496 quarto

458 5507 689 5575 decimo,
719 5508 810 5579 qui
841 5510 974 5563 nihil
1001 5512 1141 5566 aliud
1170 5527 1251 5568 est
1279 5530 1439 5584 quam
1477 5515 1579 5571 hoc
1610 5517 1751 5586 quod
1781 5520 2031 5590 superius

456 5608 774 5666 oraverunt,
803 5601 1013 5657 scilicet
1043 5604 1215 5674 ipsum
1254 5606 1501 5661 habitare
1541 5609 1738 5665 fratres
1764 5610 1815 5665 in
1841 5627 2028 5677 unum,

456 5694 601 5761 quod
645 5695 845 5749 bonum
891 5710 1013 5751 esse
1063 5699 1348 5768 perhibent
1386 5708 1440 5754 et
1478 5700 1799 5769 jucundum,
1849 5713 1908 5757 ut
1953 5704 2032 5758 sic

458 5786 735 5844 auditores
763 5789 1040 5845 attraham
1071 5793 1137 5847 ad
1164 5792 1307 5851 hunc
1344 5792 1567 5860 gradum
1607 5795 2026 5851 ascendcnihun.

2130 1923 2262 1976 dant
2292 1933 2471 1977 autem
2501 1924 2643 1977 unde
2684 1923 2901 1992 probari
2936 1924 3103 1992 possit
3135 1924 3378 1977 habitare
3413 1923 3554 1978 istud
3599 1938 3735 1979 esse

2128 2011 2327 2065 bonum
2374 2013 2775 2083 etjucundum,
2819 2013 2923 2067 sic.
2970 2010 3282 2066 Bonnmest
3326 2022 3372 2065 et
3416 2012 3731 2083 jucundam

2128 2096 2362 2153 habitare
2395 2099 2589 2168 fratres
2628 2101 2683 2154 in
2718 2116 2897 2153 unum.
2947 2099 3093 2155 Sicut
3144 2111 3492 2171 unguentum,
3552 2103 3609 2156 id
3642 2112 3726 2157 est

2129 2201 2318 2260 utpote
2376 2192 2655 2261 spirituale
2678 2195 2898 2257 donum,
2922 2194 3133 2248 scilicet
3163 2195 3285 2249 inde
3314 2197 3579 2265 probatur
3600 2210 3726 2251 esse

2131 2285 2327 2338 bonum
2363 2294 2410 2337 et
2433 2283 2755 2353 jucundum,
2784 2286 2915 2354 quia
2945 2285 3230 2353 spirituale
3260 2286 3460 2340 donum
3489 2296 3579 2341 est
3610 2286 3726 2341 dic-

2132 2384 2243 2429 lum
2287 2376 2406 2429 ideo
2436 2387 2779 2445 unguentum,
2811 2377 2935 2445 quia
2968 2393 3063 2446 per
3095 2377 3266 2448 ipsum
3311 2378 3564 2433 habitare
3616 2379 3726 2448 spi-

2131 2464 2399 2520 ritualiter
2424 2466 2758 2533 inungimur,
2793 2477 2849 2520 ut
2878 2467 3047 2521 simus
3078 2483 3233 2538 reges
3260 2467 3433 2521 nostri
3456 2478 3511 2522 et
3538 2484 3731 2523 sacer-

2130 2558 2312 2623 dotes,
2348 2558 2598 2626 nosipsos
2628 2557 2739 2611 Deo
2764 2559 2902 2612 bona
2935 2560 3043 2612 vita
3074 2560 3472 2625 sacriﬁcantes,
3517 2577 3549 2615 a
3576 2563 3727 2615 simi-

2131 2649 2359 2702 litudine
2407 2664 2591 2719 regum
2651 2658 2703 2702 et
2752 2649 3124 2715 sacerdotum,
3152 2651 3243 2719 qui
3293 2652 3635 2721 iniunguntur
3674 2654 3724 2706 in

2131 2752 2370 2809 tempore
2460 2740 2824 2795 ordinationis
2907 2755 3040 2795 suae.
3159 2741 3307 2795 Sicut
3397 2755 3725 2813 unguentum

2129 2832 2250 2887 dico
2288 2830 2530 2886 existens
2576 2833 2631 2886 in
2677 2832 2868 2901 capite,
2915 2832 2968 2886 id
3011 2842 3094 2887 est
3141 2832 3192 2887 in
3224 2842 3496 2903 potestate
3524 2836 3739 2904 capitis.

2129 2927 2521 3000 535(3hristi,
2537 2928 2746 2982 scilicet
2763 2928 2903 2998 quod
2926 2936 3224 2998 uguentmn
3240 2944 3343 2981 non
3364 2928 3603 2981 habetur
3620 2928 3725 2982 nisi

2127 3022 2269 3076 dono
2292 3022 2503 3091 capitis,
2528 3022 2666 3091 quod
2694 3032 3012 3091 unguentum
3040 3022 3301 3075 descendit
3325 3022 3516 3077 adono
3548 3022 3737 3093 ipsius

2129 3111 2321 3182 capitis
2347 3112 2399 3164 in
2421 3110 3073 3176 barbam,idestinbouos
3094 3126 3284 3166 omnes
3317 3112 3490 3167 fortes
3524 3122 3731 3167 contra.

2133 3200 2262 3254 vitia
2296 3208 2352 3254 et
2378 3199 2566 3253 viriles
2594 3200 2646 3253 in
2683 3201 2949 3266 moribus,
2974 3202 3065 3270 qui
3096 3216 3334 3272 congrue
3367 3217 3464 3271 per
3494 3203 3724 3256 barbam

2130 3289 2494 3357 accipiuntur,
2523 3306 2588 3344 eo
2621 3291 2763 3358 quod
2797 3301 2921 3345 tunc
2962 3292 3123 3347 homo
3158 3294 3314 3347 fortis
3353 3292 3422 3345 sit
3461 3302 3517 3348 et
3548 3296 3618 3348 ad
3649 3296 3730 3347 vi-

2131 3383 2283 3436 riiem
2329 3392 2542 3437 attatem
2595 3384 2860 3453 pervenit,
2912 3400 3034 3438 cuni
3096 3386 3357 3441 barbatus
3420 3384 3719 3441 efﬁcietur.

2131 3475 2363 3545 [Exponit
2404 3486 2582 3531 autem
2626 3476 2798 3546 ipsam
2845 3477 3070 3531 barbam
3102 3494 3197 3547 per
3235 3488 3421 3547 partes
3452 3480 3555 3533 sic.
3618 3479 3724 3533 De-

2130 3571 2368 3633 scendit,
2425 3571 2679 3640 inquam,
2736 3571 2790 3625 in
2854 3570 3100 3634 barbam,
3136 3573 3346 3627 scilicet
3394 3574 3445 3626 in
3491 3573 3735 3628 barbam

2130 3662 2335 3729 Aaron,
2368 3663 2419 3717 id
2471 3673 2557 3718 est
2591 3663 2642 3717 iu
2672 3663 2858 3718 viriles
2901 3673 2953 3717 et
2986 3664 3156 3720 fortes
3191 3665 3423 3732 Christi,
3453 3666 3505 3720 id
3537 3676 3624 3721 est
3670 3669 3727 3721 in

2129 3756 2404 3826 apostolos
2435 3764 2488 3811 et
2528 3755 2845 3826 discipulos,
2876 3766 3103 3810 caeteros
3146 3758 3349 3812 Christi
3380 3759 3725 3829 primitivos,

2130 3846 2221 3916 qui
2274 3848 2708 3903 antonomastice
2757 3848 2922 3901 barba
2981 3847 3186 3903 Christi
3239 3850 3531 3916 dicuntur;
3594 3868 3724 3907 cum

2128 3939 2293 3993 etiam
2337 3954 2528 3994 omnes
2559 3939 2681 3993 boni
2710 3940 2874 3993 barba
2905 3938 3020 4007 ejus
3066 3942 3170 3996 dici
3212 3942 3446 4011 possint,
3476 3956 3544 3997 eo
3575 3944 3725 4013 quod

2131 4030 2231 4100 ipsi
2276 4030 2540 4100 primitivi
2568 4030 2838 4085 ririliores
2865 4040 2920 4085 et
2947 4030 3199 4087 fortiores
3242 4033 3587 4101 exstiterint,
3627 4035 3729 4102 qui

2130 4127 2380 4196 leguntur
2418 4134 2538 4195 post
2588 4126 2962 4180 ascensionem
3014 4127 3225 4180 Domini
3278 4127 3330 4182 in
3379 4126 3723 4181 lliernsalem

2130 4233 2226 4289 per
2251 4218 2367 4271 dies
2414 4216 2677 4283 plurimos
2715 4216 3077 4282 cohabitassc,
3111 4226 3166 4272 et
3196 4232 3291 4271 cor
3329 4234 3494 4271 unum
3518 4228 3575 4271 et
3604 4219 3725 4271 ani-

2132 4327 2273 4366 mam
2305 4310 2582 4364 halmisse.
2611 4311 2788 4363 Aaron
2816 4326 3060 4364 smnmns
3085 4310 3365 4376 sacerdos,
3393 4320 3449 4365 et
3473 4311 3722 4364 omnium

2130 4401 2469 4454 sacerdotum
2499 4400 2550 4453 in
2567 4398 2742 4455 Veteri
2767 4400 3113 4454 Testamento
3134 4401 3404 4471 princeps,
3433 4412 3723 4455 montanus

2131 4490 2565 4562 interpretatur:
2599 4493 2856 4561 quocirca
2905 4493 3051 4563 juste
3091 4508 3191 4563 per
3238 4493 3420 4548 Aaron
3468 4492 3721 4548 Christus
3756 4520 3763 4526 -

2131 4583 2415 4653 accipitur,
2440 4585 2529 4653 qui
2557 4583 2810 4654 princeps
2835 4585 3077 4639 omnium
3103 4585 3448 4640 sacerdotum
3476 4585 3723 4640 existens

2130 4681 2182 4727 et
2210 4690 2514 4743 supremus,
2548 4686 2839 4729 montanus
2861 4690 3076 4744 quoque
3102 4675 3224 4741 fuit,
3248 4675 3300 4730 id
3323 4675 3475 4730 estin
3498 4676 3715 4730 sublimi

2132 4767 2392 4820 virtutum
2436 4774 2621 4821 monte
2673 4766 3017 4821 sublimatus.
3068 4766 3194 4821 Sive
3231 4768 3393 4822 etiam
3425 4775 3717 4821 montanus

2132 4856 2198 4911 de
2231 4865 2431 4911 monte.
2469 4858 2519 4911 id
2548 4866 2633 4910 est
2663 4857 2729 4911 de
2768 4858 3020 4926 supernis
3062 4857 3112 4911 in
3155 4859 3438 4924 mundum,
3465 4858 3535 4913 ad
3574 4858 3719 4912 salu-

2134 4957 2239 5004 tem
2269 4949 2543 5003 hominum
2573 4967 2600 5001 a
2629 4948 2737 5003 Deo
2770 4947 2932 5002 Patre
2958 4950 3174 5003 missus.
3201 4948 3355 5005 Unde
3378 4949 3517 5005 idem
3542 4950 3671 5004 dicit
3700 4968 3714 5003 :

2139 5060 2157 5094 ι
2227 5040 2338 5096 Vos
2381 5041 2448 5096 de
2492 5041 2742 5097 deorsum
2796 5042 2950 5107 estis,
3015 5058 3116 5112 ego
3172 5041 3240 5096 de
3290 5042 3543 5111 supernis
3596 5057 3713 5094 sum

2134 5131 2314 5203 (Joan.
2348 5147 2465 5195 vui,
2497 5131 2611 5201 25).
2645 5151 2661 5182 ο
2703 5131 2765 5185 Ει
2802 5148 2907 5185 non
2959 5133 3134 5188 solum
3188 5133 3240 5185 in
3294 5133 3508 5186 barbam
3538 5134 3717 5186 Aaron

2131 5222 2416 5288 descendit,
2463 5223 2559 5277 sed
2597 5221 2764 5276 etiam
2809 5222 3089 5277 descendit
3136 5237 3163 5276 a
3211 5223 3377 5278 barba
3426 5224 3613 5277 Aaron
3663 5222 3715 5275 in

2132 5332 2278 5370 oram
2320 5316 2607 5369 vestimenti
2635 5315 2770 5386 ejus,
2824 5315 2876 5369 id
2913 5325 2997 5370 est
3039 5316 3090 5370 in
3124 5325 3411 5387 martyres,
3442 5316 3559 5386 qui,
3593 5331 3712 5371 cum

2132 5407 2333 5463 fuerint
2358 5408 2615 5479 przecipui
2640 5417 2764 5478 post
2790 5408 3086 5478 apostolos,
3112 5408 3324 5464 dicendi
3364 5418 3491 5464 sunt
3529 5424 3626 5463 ora
3659 5409 3712 5462 in

2136 5499 2461 5555 vestimento
2516 5498 2632 5564 Dei,
2663 5497 2715 5552 id
2742 5506 2824 5553 est
2864 5499 3173 5567 superiores
3203 5500 3254 5553 in
3285 5499 3551 5563 Ecclesia,
3577 5499 3715 5553 sicut

2131 5608 2227 5649 ora
2256 5591 2505 5662 superior
2539 5606 2668 5661 pars
2689 5600 2773 5646 est
2811 5591 3144 5645 vestimenti.
3181 5590 3420 5647 Ecclesia
3452 5605 3582 5646 vero
3628 5606 3717 5645 ve-

2133 5696 2447 5751 stimentum
2473 5695 2567 5749 Dei
2590 5694 2809 5759 dicitur,
2828 5709 2893 5750 co
2910 5696 3054 5765 quod
3077 5705 3301 5752 ornatus
3329 5692 3448 5763 ejus
3476 5704 3563 5751 est
3583 5695 3716 5750 sicut

2134 5796 2511 5852 vestimentum
2538 5795 2800 5864 corporis.
2832 5792 3136 5851 Notandum
3161 5794 3305 5866 quod
3339 5794 3507 5863 barba
3536 5794 3711 5849 Aaron
