3978 6328
264 311 398 370 1545

1163 301 1524 363 EXPOSITIO
1558 302 1622 357 IN
1655 301 1989 359 PSAMIOS.
2028 334 2097 344 —
2127 302 2322 358 PSAL.
2355 304 2632 362 CXXXIV.

3390 290 3532 371 ista

260 440 318 479 et
353 437 446 478 ora
475 419 782 478 vestimenti
814 427 997 491 partes
1044 427 1168 474 sunt
1214 419 1395 472 barba:
1446 432 1607 487 quam
1653 418 1837 487 posuit
1865 419 1913 478 Α
2012 416 2149 471 Ecce
2186 433 2343 482 nunc,
2380 429 2513 483 etc.,
2568 434 2631 472 ac
2689 419 2733 475 si
2758 420 2977 477 dicant:
3010 421 3117 477 Vos
3166 438 3355 481 (minos
3388 430 3531 483 servi

261 511 659 573 universaliter,
683 525 804 564 cum
852 510 987 563 dixit
1020 509 1162 579 quod
1194 507 1456 561 descendit
1508 508 1562 559 in
1604 506 1839 560 barbam.

260 606 373 660 Hoc
401 615 581 658 autem
614 601 951 666 cohabitare,
970 601 1110 671 quod
1140 600 1453 654 ostenderat
1479 614 1599 653 esse
1643 599 1840 653 donum

260 694 523 767 spiritale,
590 694 885 747 ostendunt
928 706 1142 763 quoque
1189 693 1482 761 gratuitum
1535 679 1839 755 essefsie:

262 787 503 841 Diximus
529 785 672 854 quod
700 798 797 852 per
824 783 927 838 hoc
951 769 1337 853 comprobatur
1360 783 1502 850 quod
1533 780 1845 836 cohabitare

256 887 335 932 est
369 878 570 931 bonum
603 885 657 929 et
682 873 1002 941 jucundum,
1034 875 1288 944 quoniam
1316 882 1401 927 est
1442 873 1582 926 sicut
1607 886 1846 940 unguen-

258 977 372 1022 tum
401 985 413 1021 :
445 976 499 1021 et
531 981 629 1036 per
672 967 777 1020 hoc
812 980 1027 1035 quoque
1073 966 1199 1034 quia
1232 975 1315 1019 est
1362 964 1497 1018 sicut
1531 981 1639 1026 ros,
1672 963 1724 1017 id
1762 972 1844 1017 est

256 1067 445 1128 utpote
469 1058 667 1112 donum
685 1059 977 1127 gratuitum
1007 1057 1149 1126 quod
1175 1072 1271 1125 per
1297 1070 1472 1111 rorem
1506 1054 1842 1125 intelligitur,

258 1164 323 1204 eo
359 1149 503 1219 quod
538 1164 627 1202 ros
664 1149 781 1203 sine
834 1148 1019 1202 labore
1056 1148 1137 1202 vel
1174 1148 1349 1218 pretio
1398 1145 1481 1201 vel
1531 1145 1706 1201 studio
1752 1145 1848 1199 ho-

262 1240 466 1293 minum
500 1241 671 1312 gratis
696 1239 983 1309 contingit.
1003 1238 1148 1293 Sicut
1184 1256 1290 1305 ros,
1319 1239 1563 1307 inquam,
1592 1237 1845 1303 llermon,

261 1332 314 1387 id
343 1341 424 1387 est
448 1332 667 1386 cxaltati
694 1331 930 1395 luminis,
969 1331 1192 1388 scilicet.
1223 1340 1411 1400 utpote
1432 1330 1631 1384 donum
1664 1329 1846 1381 datmu

261 1425 433 1494 gratis
462 1439 491 1478 a
520 1422 761 1488 Christo,
790 1423 881 1491 qui
930 1423 1130 1476 dieitur
1162 1422 1420 1484 Hermon,
1455 1421 1507 1475 id
1531 1429 1617 1475 est
1668 1419 1846 1473 lumen

258 1515 585 1570 exaltatum.
615 1512 747 1567 Nam
780 1528 901 1567 cum
934 1528 1126 1566 omnes
1165 1511 1349 1566 fideles
1384 1512 1565 1565 lumen
1593 1511 1696 1565 dici
1726 1526 1848 1579 pos-

261 1605 395 1670 sint,
426 1618 491 1659 eo
521 1603 662 1672 quod
700 1603 838 1657 alios
875 1602 1118 1657 doctrina
1161 1600 1461 1655 illuminent
1487 1611 1543 1655 et
1568 1600 1846 1672 exemplo,

263 1695 382 1764 ipse
427 1694 607 1749 lumen
657 1703 741 1748 est
804 1709 966 1764 super
1005 1694 1184 1747 omnia
1217 1693 1301 1748 illa
1326 1692 1526 1747 lumina
1555 1693 1845 1747 exaltatum

257 1795 314 1839 et
378 1784 749 1839 sublimatum.
804 1781 957 1838 Unde
1012 1780 1244 1837 Joannes
1304 1798 1316 1834 :

260 1876 352 1929 lux
418 1892 577 1940 vera,
636 1890 756 1943 qua:
816 1874 1086 1927 illuminat
1133 1888 1347 1927 onmem
1400 1873 1695 1937 hominem,
1741 1884 1847 1927 etc.

260 1966 449 2037 (Joan.
488 1982 527 2032 ι,
568 1965 644 2035 9).
679 1985 696 2016 ι
735 1965 864 2020 Dico
901 1966 1034 2018 sicut
1069 1982 1154 2019 ros
1194 1965 1445 2033 Hermon,
1486 1966 1576 2034 qui
1638 1981 1725 2019 ros
1756 1966 1850 2019 de-

254 2061 462 2113 scendit
496 2049 528 2113 εἰ
556 2060 720 2114 barba
746 2059 950 2122 Aaron,
978 2068 1031 2113 et
1059 2059 1126 2113 ab
1156 2075 1252 2113 ora
1277 2059 1582 2113 vestimenti
1610 2064 1662 2112 in
1707 2076 1853 2112 mon-

260 2162 365 2205 tem
391 2149 540 2218 Sion,
568 2151 620 2205 id
642 2159 724 2205 εει
764 2146 819 2203 in
843 2150 961 2206 illos
983 2166 1173 2205 omnes
1205 2151 1295 2221 qui
1326 2152 1377 2205 in
1413 2149 1564 2216 Sion,
1593 2151 1644 2205 id
1674 2161 1758 2205 est
1798 2150 1850 2204 in

260 2242 506 2297 Ecclesia
554 2251 782 2312 possunt
818 2241 927 2297 dici
988 2252 1199 2297 montes
1236 2258 1333 2312 pro
1364 2241 1697 2296 sublimitate
1728 2243 1852 2297 vitae

258 2352 400 2401 suae,
437 2346 496 2391 ut
518 2336 883 2402 conlessores,
910 2345 968 2391 et
993 2336 1037 2390 si
1064 2336 1154 2390 alii
1181 2335 1346 2405 aliqui
1374 2343 1499 2389 sunt
1526 2335 1577 2388 in
1608 2334 1850 2389 Ecclesia

259 2425 513 2497 perfecti.
557 2424 674 2479 Non
720 2425 865 2478 enim
907 2425 1162 2479 omnibus
1194 2423 1450 2478 Ecclesia:
1499 2423 1623 2478 ﬁliis
1652 2426 1851 2494 gradus

262 2520 369 2575 iste
400 2506 751 2573 cohabitandi
782 2517 1061 2587 competit.
1088 2514 1348 2586 Congruit
1379 2525 1561 2570 autem
1590 2517 1852 2585 regulari-

261 2605 386 2678 bus,
416 2622 470 2670 et
493 2613 793 2681 canonicis,
819 2622 874 2668 et
904 2614 1213 2669 ccenobitis.
1246 2612 1639 2683 Interpretatur
1668 2620 1850 2668 autem

261 2705 503 2761 Ilermon
547 2720 649 2759 non
715 2704 887 2758 solmn
942 2704 1231 2758 exaltatum
1279 2703 1485 2769 lunten,
1551 2704 1644 2758 sed
1686 2698 1851 2758 etiam

260 2798 570 2854 anathema.
595 2795 757 2852 Juxta
786 2811 949 2868 quam
982 2796 1490 2866 interpretationem
1523 2795 1626 2850 hoc
1658 2796 1736 2849 sic
1773 2796 1839 2850 lc-

259 2893 434 2963 gitur.

333 2983 472 3037 Dico
521 2980 664 3037 sicut
719 2996 809 3036 ros
858 2978 1185 3050 gratuitum,
1234 2978 1285 3033 ia
1326 2985 1410 3033 est
1463 2992 1684 3041 donum,
1720 2991 1849 3042 ros,

1380 1801 1397 1832 ι
1446 1782 1594 1850 Erat,
1656 1781 1849 1849 inquit,
1880 1758 1927 1822 Β

1946 508 2182 574 Domini,
2200 509 2411 578 quijam
2437 512 2673 564 habitare
2694 513 2746 565 in
2783 532 2943 567 unum
2966 516 3153 570 bonum
3172 528 3217 571 et
3237 519 3533 588 jucundum

1947 614 2066 655 esse
2122 600 2330 666 dicitis;
2389 618 2503 654 ecce
2535 619 2695 667 nunc,
2729 601 2781 657 ἰ]
2837 614 2920 658 εει
2970 605 3021 658 in
3080 606 3332 676 praesenti
3390 625 3533 664 nunc

1948 690 2231 743 benedicite
2282 690 2586 755 Dominum,
2624 692 2830 747 scilicet
2900 692 3119 751 indilate
3174 699 3225 751 in
3276 699 3530 769 praesenti

1948 790 2192 850 tempore
2218 783 2455 837 exaltate
2493 784 2775 839 Dominum
2807 786 2947 839 bona
2986 787 3090 840 vita
3117 800 3317 853 vestra,
3357 791 3407 844 in
3436 808 3528 844 su-

1946 876 2206 943 pradietis
2271 877 2529 945 gradibus
2586 881 3009 953 perseverando,
3067 879 3148 932 vel
3222 882 3531 951 superiores

1947 964 2148 1033 gradus
2198 980 2335 1034 quos
2373 964 2483 1034 jam
2526 967 2869 1031 aseendistis,
2919 967 3018 1036 ipsi
3080 969 3421 1039 ascribeudo,
3481 980 3537 1025 et

1950 1055 2131 1108 omnia
2167 1072 2327 1125 opera
2356 1055 2556 1131 "vestra
2601 1059 2737 1112 bona
2772 1042 3020 1129 respectu
3062 1062 3251 1127 patriae
3298 1063 3539 1118 caelestis

1949 1150 2179 1219 agendo.
2210 1144 2514 1207 Notandum
2544 1150 2707 1222 quod,
2741 1170 2862 1208 cum
2894 1155 3043 1222 ponit
3068 1172 3183 1209 ecce
3212 1173 3372 1221 nunc,
3400 1156 3539 1212 istud

1948 1256 2063 1295 ecce
2110 1242 2343 1311 positum
2398 1258 2518 1299 esse
2564 1245 2631 1298 ad
2687 1244 3154 1299 delcrtninandnm
3204 1262 3364 1312 nunc,
3412 1245 3536 1313 quia

1950 1347 2088 1386 nunc
2139 1350 2244 1389 non
2290 1334 2459 1390 solum
2493 1336 2654 1391 modo
2703 1335 2988 1405 przesentis
3034 1336 3295 1405 temporis
3346 1345 3430 1391 est
3469 1336 3540 1391 si-

1949 1440 2134 1495 gnum,
2161 1428 2254 1483 sed
2285 1431 2449 1485 etiam
2476 1430 2710 1499 proximi
2734 1428 2992 1499 praeteriti
3017 1438 3071 1481 et
3091 1429 3318 1499 proximi
3352 1428 3538 1483 futuri.

1951 1513 2109 1575 Unde
2140 1519 2403 1574 usualiter
2428 1519 2657 1575 dicimus
2690 1536 2826 1572 nunc
2867 1518 2997 1572 venit
3026 1527 3084 1576 et
3131 1506 3268 1573 nunc
3314 1518 3539 1574 veniant.

1950 1611 2088 1678 Quia
2122 1610 2334 1665 dixerat
2364 1627 2378 1664 :
2412 1608 2605 1664 Omnes
2637 1610 2770 1663 servi
2817 1609 3047 1675 Domini,
3090 1609 3378 1665 benedicite
3426 1609 3537 1664 Do-

1952 1701 2174 1767 minum,
2204 1716 2327 1755 cum
2360 1699 2579 1770 quidam
2608 1714 2839 1769 nequam
2893 1701 3034 1756 servi
3065 1702 3198 1766 sint,
3228 1700 3292 1756 de.
3342 1699 3541 1771 quibus

1954 1794 2128 1849 servis
2175 1792 2376 1855 dicant,
2430 1791 2796 1844 detertuinant
2848 1791 3094 1847 addendo
3140 1792 3218 1847 sic
3251 1809 3265 1845 :
3298 1790 3429 1857 Vos,
3460 1791 3543 1843 in-

1954 1898 2138 1953 quam,
2168 1880 2343 1944 servi,
2375 1882 2464 1951 qui
2501 1880 2555 1934 in
2584 1882 2739 1932 domo
2766 1878 3000 1946 Domini,
3026 1880 3077 1935 id
3106 1889 3191 1935 est
3219 1879 3270 1933 in
3303 1878 3540 1934 Ecclesia

1952 1975 2125 2041 statis,
2167 1972 2223 2027 id
2269 1981 2353 2028 est
2397 1972 2760 2043 perseveratis
2784 1988 2881 2043 per
2907 1974 3068 2027 Iidem
3103 1988 3118 2025 :
3153 1974 3233 2028 sic
3276 1980 3452 2027 tamen
3484 1979 3544 2023 ut

1954 2066 2108 2123 stetis
2131 2066 2186 2119 in
2232 2064 2383 2118 atriis
2415 2064 2602 2117 domus
2637 2062 2730 2117 Dei
2776 2063 2965 2131 nostri,
2996 2063 3046 2119 id
3070 2072 3150 2119 est
3187 2064 3239 2118 in
3282 2061 3538 2132 amplitu-

1954 2159 2080 2214 dine
2111 2155 2439 2222 dilectionis,
2487 2170 2648 2225 quam
2686 2155 2911 2226 perfecti
2963 2158 3155 2212 domus
3211 2156 3327 2221 Dei,
3371 2156 3421 2209 id
3452 2162 3538 2209 est

1953 2249 2234 2313 Ecclesia),
2270 2248 2473 2304 habent
2509 2262 2636 2319 erga
2689 2247 2858 2302 Deum
2904 2256 2960 2302 et
3006 2246 3312 2319 proximum
3344 2264 3356 2300 :
3390 2253 3444 2301 et
3488 2245 3544 2300 in

1955 2341 2313 2413 amplitudine
2342 2348 2666 2394 caeterarum
2696 2339 2982 2402 virtutum,
3017 2353 3137 2408 quze
3169 2354 3265 2408 per
3290 2336 3429 2391 atria
3450 2335 3545 2392 de-

1954 2442 2235 2498 notantur,
2269 2447 2334 2486 co
2360 2429 2500 2499 quod
2538 2429 2713 2497 ampla
2759 2429 2889 2483 sint.
2933 2427 3256 2496 Benedicite,
3298 2427 3542 2496 inquam,

1954 2522 2237 2576 Dominum
2269 2536 2446 2574 omnes
2472 2521 2605 2572 servi
2658 2508 2895 2584 Domini,
2927 2528 2980 2572 et
3030 2532 3127 2572 vos
3172 2518 3466 2573 existentes
3492 2518 3547 2570 in

1956 2611 2214 2677 noctibus,
2258 2609 2311 2665 id
2352 2617 2434 2664 est
2478 2608 2531 2662 in
2582 2608 2666 2662 his
2716 2607 2905 2662 diebus
2968 2608 3298 2663 transitoriis
3344 2607 3435 2676 qui
3480 2606 3548 2662 ad

1955 2700 2182 2755 alterius
2225 2699 2349 2754 vita:
2405 2707 2711 2768 respectum
2765 2707 2955 2751 noctes
3014 2698 3268 2751 dicuntur
3324 2706 3546 2767 propter

1955 2789 2314 2860 frequentiam
2351 2789 2817 2857 persecutionum,
2861 2787 3095 2841 extollite
3122 2804 3315 2841 manus
3347 2797 3545 2841 vestras

1954 2882 2009 2934 in
2023 2890 2226 2946 uncta,
2239 2878 2508 2943 coelestia;
2532 2878 2740 2933 scilicet
2766 2891 2872 2931 non
2888 2876 3172 2945 deprimite
3193 2891 3356 2946 opera
3367 2889 3545 2931 vestra

1956 2972 2163 3042 agendo
2212 2986 2273 3026 ea
2326 2980 2575 3040 respectu
2626 2969 3024 3040 temporalium,
3074 2969 3166 3024 sed
3200 2968 3465 3036 cxtollite,
3492 2969 3544 3023 id

260 3074 510 3143 inquam,
548 3071 705 3126 datus
754 3069 1009 3135 llermou,
1043 3068 1094 3124 id
1142 3076 1223 3123 est
1253 3066 1507 3123 Ecclesiae
1531 3067 1597 3122 de
1630 3066 1853 3121 Judaico
1885 3103 1928 3164 C
1958 3072 2044 3119 est
2072 3062 2360 3117 sublimato
2394 3060 2660 3115 tendendo
2711 3077 2806 3131 per
2837 3076 2898 3116 ea
2945 3063 2997 3115 in
3029 3074 3231 3126 sancta,
3262 3061 3314 3116 id
3347 3069 3431 3116 est
3459 3061 3545 3114 fa-

261 3165 465 3236 populo
502 3164 807 3235 primitivze,
850 3162 940 3233 qui
975 3177 1106 3217 sane
1149 3160 1377 3232 populus
1422 3159 1708 3214 anathema
1759 3175 1854 3229 per

261 3256 568 3327 emphasim
600 3254 821 3321 dicitur,
857 3253 941 3308 vel
971 3253 1094 3323 quia
1122 3251 1396 3308 Christum
1427 3250 1854 3306 anathematiza-

262 3349 432 3414 verit,
477 3348 661 3403 dicens
690 3362 814 3402 cum
846 3347 1184 3401 seductorem
1228 3354 1284 3399 et
1319 3345 1561 3398 daemone
1595 3343 1808 3413 plenum
1838 3361 1850 3396 :

262 3442 350 3497 vel
382 3441 507 3512 quia
536 3441 708 3510 ipsum
735 3437 1233 3499 anathematizavit,
1273 3435 1326 3489 id
1356 3444 1441 3490 est
1465 3435 1623 3489 malis
1646 3435 1855 3490 actibus

263 3533 385 3587 suis
409 3547 437 3585 a
464 3531 574 3585 Deo
597 3530 799 3585 divisit.
825 3528 1129 3583 Anathema
1159 3526 1355 3596 quippe
1384 3523 1613 3579 divisum
1635 3523 1853 3578 dicitur.

264 3622 374 3677 Per
404 3622 509 3677 hoc
532 3636 662 3691 ergo
690 3620 832 3690 quod
863 3619 1063 3672 donum
1096 3615 1236 3670 istud
1271 3614 1372 3669 fuit
1409 3613 1644 3669 Hermon
1672 3613 1855 3667 datum

262 3714 565 3786 gratuitum
583 3710 751 3767 fuisse
778 3707 1182 3779 comprobatur.
1210 3706 1379 3776 thui
1413 3720 1500 3759 ros
1525 3705 1592 3760 ab
1622 3704 1856 3760 llermon

261 3804 533 3861 descendit
560 3815 614 3857 tn
644 3814 833 3855 motcm
864 3799 1018 3864 Sion,
1066 3798 1117 3853 id
1146 3807 1232 3853 est
1259 3798 1309 3852 in
1339 3797 1458 3852 illos
1484 3812 1548 3851 ex
1585 3798 1856 3866 gentibus,

263 3896 579 3965 quicunque
624 3901 750 3948 sunt
786 3899 999 3946 montes
1053 3889 1107 3944 in
1160 3887 1317 3953 Sion,
1364 3887 1415 3943 id
1471 3897 1556 3943 est
1602 3887 1858 3944 sublimes

264 3984 561 4039 sanctitate
616 3982 671 4037 in
724 3981 988 4037 Ecclesia.
1054 3978 1423 4048 Comprobant
1466 3988 1646 4034 autem
1683 3979 1860 4036 adhuc

265 4075 395 4145 quia
423 4073 661 4127 habitare
691 4074 745 4127 in
776 4090 941 4126 unum
971 4071 1161 4125 bonum
1191 4080 1266 4123 est
1296 4079 1345 4123 et
1376 4069 1699 4140 jucundum,
1731 4071 1810 4127 sic
1839 4088 1855 4130 :

267 4166 413 4222 Vere
465 4165 711 4219 habitare
767 4164 819 4219 in
855 4178 1025 4217 unum
1078 4162 1279 4216 bonum
1318 4170 1402 4217 est
1444 4169 1498 4215 et
1536 4160 1857 4232 jucundum.

267 4256 539 4322 Quoniam
577 4256 713 4318 illic,
747 4254 800 4309 id
839 4263 922 4308 est
969 4253 1023 4307 in
1074 4251 1162 4306 illa
1210 4251 1540 4307 habitatione
1586 4253 1860 4308 mandarit

266 4345 530 4400 Dominus
558 4344 961 4399 benedictionem
1013 4340 1277 4396 fratribus
1328 4342 1771 4411 persistentibus.
1805 4344 1859 4399 iu

1959 3157 2065 3211 cite
2091 3171 2155 3210 ea
2186 3162 2435 3225 respectu
2464 3163 2775 3209 sanctormu
2806 3154 3107 3209 cmleSIium
3157 3155 3441 3218 bonorum,
3485 3164 3547 3209 ut

1957 3264 2020 3303 ea
2076 3246 2450 3317 adipiscamini
2476 3260 2492 3300 :
2519 3256 2569 3300 et
2624 3232 2931 3312 benedicite,
2970 3246 3137 3301 id'est
3174 3245 3407 3300 cxaltate
3436 3243 3546 3298 Do-

1960 3341 2157 3396 minum
2190 3337 2511 3395 ascribeudo
2560 3338 2660 3408 ipsi
2698 3340 2799 3394 hoc
2845 3326 3022 3409 ipsum
3070 3340 3211 3408 quod
3252 3355 3447 3393 manus
3491 3340 3545 3393 in

1960 3443 2147 3489 sancta
2205 3432 2484 3498 extollitis,
2537 3432 2620 3486 vel
2667 3432 2811 3503 quod
2870 3431 2923 3486 in
2975 3432 3347 3502 superioribus
3384 3431 3545 3487 bouis

1958 3525 2270 3594 persistitis.
2312 3524 2576 3592 Quoniam
2609 3532 2809 3590 autem,
2835 3538 2868 3578 ο
2888 3524 3195 3594 quicunque
3218 3523 3453 3590 auditor,
3478 3522 3547 3577 ad

1960 3619 2389 3673 benedicendum
2426 3626 2482 3673 et
2536 3633 2731 3673 manus
2769 3616 3138 3671 extollendum
3187 3631 3292 3669 non
3340 3615 3547 3671 sullicis

1960 3723 2058 3779 per
2089 3717 2160 3776 te,
2188 3708 2288 3762 nisi
2322 3708 2551 3763 Domino
2576 3706 2948 3772 benedicente,
2972 3704 3254 3759 Benedicat
3282 3716 3348 3769 te,
3376 3704 3429 3760 id
3459 3716 3547 3759 est

1961 3799 2212 3855 sublimet
2237 3809 2288 3855 te
2334 3801 2387 3854 in
2435 3798 2727 3854 virtutibus
2758 3797 3015 3851 Dominus
3045 3794 3297 3852 Christus
3321 3813 3385 3851 ea:
3416 3796 3549 3853 Sion

1962 3890 2278 3961 procedens,
2307 3890 2357 3945 id
2380 3898 2464 3945 est
2487 3906 2549 3944 ex
2582 3887 2777 3959 populo
2803 3886 3047 3953 Judaieo,
3077 3889 3371 3944 secundum
3403 3886 3547 3956 quod

1961 3979 2160 4046 homo,
2214 3979 2306 4049 qui
2367 3979 2664 4034 secundum
2737 3980 2880 4051 quod
2931 3978 3071 4033 Deus
3100 3978 3223 4047 fecit
3279 3976 3461 4031 caelum
3499 3986 3549 4029 et

1962 4082 2175 4137 terram,
2210 4070 2263 4127 id
2311 4078 2397 4127 est
2424 4068 2657 4139 majores
2687 4079 2742 4126 et
2794 4069 3054 4134 minores,
3102 4066 3333 4135 ideoque
3381 4066 3519 4121 bene

1963 4167 2142 4223 dicere
2193 4172 2389 4236 potest,
2446 4164 2571 4234 quia
2603 4164 2744 4218 Deus
2778 4170 2832 4216 et
2861 4162 3052 4226 homo;
3081 4159 3164 4213 vel
3205 4158 3469 4212 benedicat
3501 4168 3550 4212 te

1964 4256 2238 4320 Dominus,
2266 4255 2315 4308 id
2340 4261 2423 4308 est
2450 4253 2621 4324 magis
2643 4263 2697 4306 et
2720 4252 2894 4324 magis
2918 4252 2969 4306 in
2994 4249 3287 4305 virtutibus
3312 4249 3545 4304 exaltet:

1963 4353 2020 4399 et
2070 4345 2173 4399 hoc
2222 4344 2499 4413 contingat
2539 4358 2604 4396 ex
2635 4341 2785 4406 Sion,
2821 4343 2872 4397 id
2916 4352 2994 4395 est
3025 4342 3149 4396 inde
3184 4340 3310 4409 quia
3341 4338 3454 4407 jam
3487 4353 3549 4394 es

266 4438 357 4492 illa
382 4436 926 4505 habitationelegavit
944 4434 1223 4502 Dominus,
1243 4435 1627 4490 sublimitatem
1652 4436 1861 4492 scilicet
1889 4442 1938 4502 ι)
1965 4435 2117 4502 Sion,
2147 4435 2431 4506 speculans
2457 4434 2654 4497 futura,
2688 4451 2790 4488 non
2818 4432 3100 4488 attendens
3128 4432 3436 4504 praesentia.

266 4529 421 4584 dedit
441 4527 519 4581 eis
540 4536 757 4597 propter
780 4527 922 4581 hanc
945 4525 1404 4582 cohabitationem
1436 4525 1821 4582 sublimitatem
1839 4569 1855 4597 ,

267 4620 322 4674 in
351 4619 643 4673 virtutibus
672 4626 726 4673 et
764 4619 919 4673 bonis
951 4617 1233 4688 operibus,
1277 4626 1324 4671 et
1367 4616 1654 4681 mandavit,
1697 4618 1749 4673 id
1778 4627 1860 4675 est

264 4706 473 4778 legabit
507 4707 585 4761 eis
614 4707 771 4760 vitam
802 4707 853 4761 in
876 4706 1057 4762 futuro
1087 4706 1405 4762 duraturam
1429 4722 1589 4777 usque
1616 4707 1670 4762 in
1690 4725 1859 4763 διεσα-

265 4796 406 4865 lum,
436 4796 487 4852 id
526 4805 609 4853 est
629 4806 915 4852 :eternum.

595 4888 757 4961 536
794 4889 859 4943 IN
893 4887 1220 4945 PSALMUM
1258 4886 1536 4944 CXXXIII.

342 4980 544 5036 Psalmi
570 4980 852 5037 centesimi
885 4981 1140 5036 tricesimi
1171 4980 1317 5035 tertii
1350 4978 1557 5033 titulus.
1583 4978 1859 5034 Canticum

268 5075 556 5145 graduum.
585 5073 880 5144 Postquam
943 5074 1010 5129 de
1053 5074 1224 5145 gradu
1269 5082 1464 5143 quarto
1502 5072 1709 5127 decimo
1734 5089 1857 5143 per-

271 5166 402 5221 fecti
430 5167 495 5221 ad
517 5166 824 5222 auditorum
854 5168 1265 5225 instructionem
1290 5175 1541 5237 egerunt,
1558 5165 1624 5221 de
1647 5166 1858 5235 ultimo,

271 5257 677 5327 quintadecimo
733 5258 942 5313 scilicet
1000 5272 1188 5330 agunt,
1239 5260 1330 5332 qui
1380 5258 1513 5314 nihil
1554 5258 1697 5312 aliud
1753 5271 1857 5327 est,

271 5362 439 5417 quam
468 5356 751 5416 postquam
795 5347 893 5401 hos
921 5349 1119 5419 gradus
1145 5350 1507 5416 ascenderint,
1548 5350 1647 5405 bos
1670 5365 1860 5406 omnes

272 5454 384 5494 non
433 5440 558 5504 sibi,
608 5439 702 5496 sed
756 5440 981 5494 Domino
1024 5442 1320 5508 ascribere,
1376 5453 1431 5499 et
1478 5444 1659 5500 omnia
1718 5444 1856 5498 bona

272 5547 438 5603 opera
473 5541 721 5602 respectu
759 5531 1001 5587 caelestis
1044 5534 1234 5601 patriae
1269 5534 1467 5601 facere,
1498 5546 1554 5591 ει
1577 5538 1654 5592 sic
1689 5539 1855 5592 Deum

272 5623 616 5681 benedicere.
653 5622 735 5677 Ad
787 5622 932 5677 hunc
977 5632 1155 5676 autem
1214 5624 1438 5693 gradum
1492 5626 1714 5694 perfecti
1753 5614 1858 5681 'hic

276 5725 517 5785 agentes,
548 5715 824 5771 auditores
855 5712 1148 5767 ascendere
1176 5712 1428 5768 invitant.
1461 5714 1569 5769 sic:

2369 4521 2589 4577 Finiunt
2616 4524 2821 4577 cantica
2850 4522 3144 4577 Graduum.

2372 4612 2440 4668 IN
2477 4612 2807 4669 PSALMUM
2846 4611 3130 4668 CXXXIV.

2032 4704 2230 4760 Psalmi
2256 4706 2539 4762 centesimi
2562 4705 2821 4760 tricesitui
2849 4706 3026 4775 quarti
3056 4704 3262 4760 titulus.
3296 4704 3545 4761 Alleluia.

1963 4796 2076 4852 Vox
2103 4799 2383 4868 Propheta:
2414 4798 2757 4853 adhortantis
2779 4813 2968 4853 omnes
3001 4798 3053 4851 in
3077 4798 3317 4853 humano
3346 4811 3548 4868 genere

1965 4888 2148 4944 fideles
2176 4890 2242 4943 ad
2276 4889 2484 4943 laudem
2518 4889 2753 4954 Domini,
2778 4889 2904 4960 quia
2936 4890 3121 4956 bonus,
3155 4898 3210 4944 et
3240 4889 3364 4959 quia
3395 4888 3549 4959 elegit

1961 4980 2127 5036 Iacob
2173 4992 2219 5036 et
2255 4982 2539 5037 Israel:et
2598 4983 2721 5051 quia
2776 4983 2952 5038 omnia
3001 4998 3325 5053 quascunque
3381 4983 3547 5037 uoluit

1962 5074 2105 5143 fecit,
2136 5088 2256 5143 qua:
2293 5074 2456 5128 etiam
2489 5074 2865 5144 multipliciter
2896 5073 3153 5140 ostendit,
3179 5082 3239 5129 ut
3274 5072 3549 5129 auditores

1962 5166 2133 5235 magis
2169 5167 2406 5220 attrahat
2434 5166 2501 5220 ad
2534 5166 2742 5220 laudem
2771 5165 3005 5219 Domini.

2033 5255 2271 5312 Laudale
2322 5275 2507 5312 nomen
2560 5258 2792 5320 Domini,
2834 5257 2884 5310 id
2918 5264 3003 5310 est
3042 5255 3259 5309 laudate
3306 5270 3439 5311 voce
3494 5264 3551 5309 et

1962 5349 2247 5404 affectione
2281 5349 2560 5403 Dominum
2589 5348 2865 5402 Christum
2898 5347 3143 5401 contuitu
3170 5344 3407 5401 nominis
3432 5342 3550 5413 ejus

1963 5442 2106 5513 quod
2133 5453 2217 5499 est
2245 5443 2527 5508 Dominus,
2552 5441 2789 5506 laudate,
2820 5440 3064 5510 inquam,
3087 5440 3217 5494 servi
3245 5438 3544 5493 Dominum.

1961 5536 2040 5593 Ae
2070 5536 2113 5592 si
2152 5538 2295 5592 dicat
2324 5552 2337 5588 :
2367 5535 2610 5589 Laudare
2640 5549 2762 5589 eum
2817 5533 3050 5597 debetis,
3084 5548 3207 5589 cum
3254 5530 3377 5586 silis
3426 5526 3549 5596 ejus

1964 5626 2127 5690 servi,
2154 5625 2202 5679 id
2226 5634 2310 5679 est
2360 5623 2503 5677 illius
2526 5623 2780 5693 potestati
2815 5622 3041 5683 subditi,
3069 5633 3125 5679 et
3149 5622 3264 5692 ipse
3281 5618 3549 5675 Dominus

1964 5718 2224 5772 omnium.
2243 5715 2350 5771 Vos
2373 5715 2493 5772 dico
2514 5715 2750 5783 laudate,
2775 5718 2863 5789 qui
2889 5718 2941 5772 in
2967 5717 3071 5771 fide
3099 5723 3376 5772 manentes
3398 5716 3546 5771 s'a'is
