3962 6318
453 224 587 280 15ὶῖ

1037 219 1095 275 S.
1138 219 1482 276 iil‘tlINON‘lS
1516 218 2155 278 CARTllUSlANORUM
2193 218 2678 276 INSTI'I‘UTORIS
2717 220 2866 276 OPP.
2913 222 3089 277 PARS
3117 223 3158 278 l.

3583 229 3706 288 llis

452 342 504 392 in
535 338 690 390 domo
721 333 951 399 Domini,
983 342 1028 388 et
1065 336 1124 388 in
1163 335 1315 388 atriis
1349 335 1534 388 domus
1583 335 1674 387 Dei
1712 335 1899 387 nostri.
1938 331 2035 386 llic
2065 338 2112 394 Α
2140 330 2261 398 fecit
2287 329 2520 399 fulgura,
2551 330 2606 384 id
2629 341 2714 386 est
2743 331 3192 388 illuminatinnem
3219 335 3546 406 cognitionis
3575 355 3702 396 sum:

451 443 642 486 versus
674 428 773 493 ita,
805 435 864 479 ut
888 426 938 479 iu
981 425 1187 496 psalmo
1228 427 1514 496 superiori,
1548 426 1856 496 exponitur.
1891 423 2034 477 Lau-

451 525 594 585 date,
620 521 864 589 inquam,
896 517 1180 572 Dominum
1209 533 1338 574 voce
1359 529 1414 574 et
1435 519 1737 580 affectione,
1777 517 2032 582 quoniam

451 619 614 670 bonus
644 623 727 668 est
749 613 800 666 iu
819 621 1104 678 natura,et
1121 611 1327 681 psallite
1351 610 1545 665 nomini
1566 610 1700 678 ejus,
1727 607 1778 662 id
1801 617 1881 662 est
1896 607 2034 664 bene

451 704 750 775 operamini
782 705 849 758 ad
897 705 1157 759 honorem
1189 701 1324 770 ejus,
1360 698 1602 754 contuitu
1644 695 1879 754 nominis
1915 698 2032 770 ejus

451 793 594 862 quod
632 804 714 847 est
751 792 1030 858 Dominus,
1066 790 1314 854 quoniam
1354 803 1546 841 nomen
1576 787 1691 858 ejus
1726 804 1892 842 suave
1927 797 2028 854 est,

453 888 505 939 id
533 895 852 940 estsuavcm
876 896 929 940 et
959 887 1138 939 mitem
1169 898 1278 935 rem
1309 881 1600 952 signiﬁcat,
1625 895 1729 935 non
1763 881 2032 951 signillt-at

452 976 612 1048 537
644 993 756 1032 rem
785 993 1030 1046 asperam
1061 985 1116 1028 et
1138 973 1388 1028 odibilcm
1421 975 1561 1027 sicut
1589 973 1641 1026 in
1665 973 2019 1027 srecularibus

452 1070 707 1125 dominis.
756 1068 1022 1129 Landate,
1067 1067 1308 1135 inquam,
1357 1065 1663 1130 Dominum,
1711 1073 1766 1119 et
1819 1065 2031 1134 psallite

454 1159 652 1212 nomini
693 1157 827 1228 ejus,
858 1167 911 1209 et
937 1159 1037 1210 hoc
1065 1170 1128 1209 eo
1155 1155 1400 1209 contuitu
1433 1155 1619 1219 etiam,
1643 1157 1891 1225 quoniam
1922 1156 2032 1208 Do-

454 1249 634 1301 minus
656 1248 886 1318 gratuita
920 1245 1288 1299 misericordia
1323 1246 1471 1314 elegit
1501 1246 1598 1300 sibi
1627 1243 1797 1299 Jacob
1829 1247 1881 1300 in
1909 1264 2032 1317 pos-

451 1341 749 1403 sessionem,
784 1339 835 1392 id
879 1347 960 1392 est
992 1337 1108 1393 illus
1145 1339 1234 1407 qui
1272 1339 1448 1392 adhuc
1479 1339 1529 1391 in
1574 1339 1748 1392 activa
1790 1341 1900 1394 vita
1933 1341 2022 1394 dc-

452 1440 637 1501 gentes
664 1439 851 1482 contra
877 1429 1007 1483 vitia
1029 1438 1155 1483 sunt
1181 1430 1405 1484 viriliter
1433 1429 1728 1497 luctantes;
1754 1442 1800 1486 et
1833 1431 2028 1498 Israel,

452 1521 504 1574 id
551 1530 635 1576 est
671 1520 791 1575 illos
835 1520 924 1590 qui
970 1519 1083 1589 jam
1132 1521 1184 1575 in
1237 1522 1655 1592 contemplativa
1708 1525 1818 1576 vita
1867 1523 2030 1592 positi

451 1617 578 1664 sunt.
621 1610 785 1663 Deum
825 1611 1091 1672 videntes,
1124 1609 1273 1680 elegit
1307 1610 1408 1664 sibi
1435 1613 1487 1664 in
1528 1612 1924 1679 possessionem,
1972 1620 2031 1666 ut

2137 435 2256 488 qua:
2307 435 2404 490 per
2434 420 2642 491 fulgura
2678 421 2968 476 denotatur
3003 439 3068 478 eo
3099 427 3242 494 quod
3281 425 3552 482 luculenta
3575 443 3702 487 sunt.

2137 511 2376 584 Fulgura
2415 513 2696 584 pluraliter
2729 517 2912 585 ponit,
2959 528 3188 587 propter
3229 519 3414 588 plures
3464 534 3708 591 personas

2137 605 2488 662 illuminatas.
2522 604 2758 679 Fulgura
2779 650 2793 673 ,
2822 608 3069 679 inquam,
3103 611 3384 665 tendentia
3411 614 3467 667 in
3488 613 3703 683 plurim

2134 693 2416 761 doctrinae,
2448 696 2654 752 scilicet
2695 713 2814 768 quze
2865 701 2932 753 ad
2974 701 3080 756 hoc
3117 699 3172 756 in
3219 702 3301 757 eis
3332 703 3479 767 fecit,
3516 714 3572 758 ut
3620 723 3706 776 per

2135 787 2278 856 ipsas
2317 787 2739 843 illuminationcs
2773 789 2908 844 alios
2945 791 3190 846 doctrina
3235 807 3336 847 sua
3385 795 3702 862 compluanl,

2133 879 2275 947 quod
2316 878 2536 933 minime
2580 879 2762 935 facere
2794 892 3034 951 possent,
3089 883 3190 936 nisi
3236 883 3528 940 illuminati
3571 889 3706 956 prius

2133 987 2330 1031 essent.
2362 976 2489 1032 Dico
2519 976 2777 1032 Dominus
2809 981 2928 1048 fecit
2959 981 3134 1035 omnia
3161 994 3490 1049 qua-cunque
3517 977 3698 1032 voluit:

2132 1065 2355 1121 etiucens
2384 1068 2542 1122 nubes
2571 1069 2634 1122 ab
2673 1071 2918 1124 extremis
2959 1082 3131 1124 terrm.
3166 1070 3272 1134 Qui
3316 1068 3573 1122 DominUs
3596 1083 3709 1136 pro-

2132 1158 2272 1210 ducit
2304 1159 2367 1212 de
2413 1159 2672 1212 thesauris
2707 1161 2852 1222 suis,
2899 1161 2951 1215 id
2989 1170 3074 1214 est
3115 1162 3182 1214 de
3225 1157 3460 1214 occultis
3500 1156 3710 1214 arcanis

2133 1247 2502 1318 dispositionis
2543 1266 2674 1314 sua),
2708 1266 2827 1320 qua:
2872 1251 3114 1306 thesauri
3143 1252 3429 1311 dicuntur,
3473 1264 3538 1303 eo
3572 1252 3705 1317 quod

2135 1342 2450 1396 abscondita
2475 1353 2604 1396 sunt
2634 1351 2689 1396 ut
2717 1343 2989 1400 thesauri:
3020 1352 3218 1406 ventos,
3250 1343 3302 1396 id
3333 1349 3418 1396 est
3447 1340 3568 1395 illos
3598 1342 3704 1410 spi-

2135 1433 2320 1488 ritales
2360 1434 2525 1499 viros,
2564 1450 2700 1504 quos
2736 1435 2990 1505 superius
3022 1436 3194 1490 nubes
3229 1435 3410 1488 dixit:
3443 1435 3535 1503 qui
3571 1435 3708 1487 venti

2135 1525 2406 1592 dicuntur,
2437 1541 2504 1581 eo
2535 1528 2677 1597 quod
2714 1529 2782 1582 ad
2813 1530 3030 1582 modum
3066 1537 3352 1582 ventorum
3396 1525 3565 1597 agiles
3593 1538 3711 1581 sunt

2136 1617 2204 1670 ad
2252 1617 2418 1672 Deum
2458 1619 2953 1689 contemplandum.
3011 1619 3166 1686 Quod
3212 1627 3298 1674 est
3345 1620 3561 1672 dicere:
3609 1618 3712 1673 Hoc

451 1697 702 1753 videlicet
745 1713 840 1753 eos
881 1715 976 1768 per
1016 1698 1412 1753 inhabitantem
1449 1701 1682 1770 gratiam
1721 1701 2026 1770 possideat,
2063 1680 2110 1740 Β
2136 1710 2277 1778 quod
2309 1709 2452 1762 venti
2495 1680 2826 1776 efﬁciuntur,
2870 1680 3138 1780 contingit
3179 1709 3248 1764 ab
3294 1708 3509 1764 occulta
3542 1707 3711 1776 dispo—

450 1789 730 1859 dirigeudo
753 1788 819 1843 de
845 1789 983 1843 bono
1009 1790 1059 1842 in
1098 1788 1304 1844 melius.
1333 1788 1462 1843 Dico
1487 1789 1699 1844 laudate
1728 1798 1784 1844 et
1801 1789 2028 1860 psallite,

450 1889 505 1934 et
532 1881 648 1935 idco
671 1895 766 1935 vos
797 1881 876 1935 sic
896 1881 1153 1935 adhortor
1177 1899 1189 1934 :
1212 1881 1332 1950 quia
1360 1897 1453 1950 ego
1476 1881 1565 1950 qui
1595 1883 1854 1951 propheta
1888 1897 2029 1950 sum,

450 1969 602 2039 cujus
633 1971 944 2026 auctoritati
982 1970 1308 2025 credendum
1342 1980 1448 2036 est,
1479 1973 1692 2041 cognovi
1713 1988 1741 2025 a
1774 1973 2030 2043 magistra

451 2060 716 2128 Veritate,
760 2062 890 2116 mihi
943 2061 1170 2116 interius
1199 2062 1545 2130 praesidente,
1590 2061 1728 2130 quod
1774 2061 2031 2115 Dominus

447 2169 669 2222 magnus
696 2164 767 2206 est
794 2154 846 2207 in
872 2154 1130 2223 potentia,
1159 2153 1204 2207 el
1233 2155 1312 2208 sic
1339 2169 1558 2223 magnus
1580 2153 1723 2222 quod
1754 2153 1865 2223 ipse
1891 2153 2029 2206 Dens

451 2247 629 2297 noster
668 2243 932 2306 existens,
961 2243 1052 2314 qui
1099 2252 1249 2297 tanto
1283 2253 1408 2297 ante
1454 2253 1693 2314 tempore
1723 2243 2028 2307 existitnus,

452 2347 556 2387 nou
594 2348 782 2388 recens
818 2333 976 2395 Deus,
1016 2332 1228 2388 scilicet
1257 2349 1482 2404 magnus
1517 2345 1605 2388 est
1647 2351 1757 2403 pra:
1793 2334 2032 2388 antinous

451 2423 575 2488 diis,
609 2424 658 2477 id
703 2433 786 2479 est
829 2441 990 2494 super
1037 2439 1227 2478 omnes
1258 2435 1476 2479 sanctos
1515 2425 1581 2478 ab
1621 2440 1686 2479 eo
1728 2425 2030 2492 deiﬁcatos,

452 2514 543 2582 qui
581 2521 760 2568 tamen
785 2514 936 2567 valde
962 2515 1135 2584 magni
1170 2524 1298 2567 sunt
1328 2524 1385 2568 ut
1419 2513 1628 2584 Moyses
1657 2524 1706 2568 et
1731 2514 2029 2580 Abraham,

451 2613 508 2658 et
536 2605 717 2660 caeteri
743 2609 831 2676 qui
871 2607 941 2660 dii
978 2607 1103 2660 facti
1133 2617 1258 2662 Sunt
1282 2622 1378 2675 per
1407 2608 1660 2678 gratiam.
1691 2607 1810 2676 Ipse
1834 2609 2033 2678 quippe

455 2696 595 2752 Deus
637 2709 720 2753 est
765 2714 863 2767 per
899 2711 1186 2764 naturam,
1228 2699 1456 2768 ideoque
1496 2701 1686 2769 major.
1739 2701 1870 2755 Cum
1903 2700 2034 2756 dicit

452 2787 594 2842 Deus
617 2799 810 2852 noster,
835 2791 986 2860 ponit
1017 2791 1116 2846 hoc
1157 2791 1224 2845 ad
1247 2789 1460 2845 Judmos
1509 2791 1814 2847 incredulos
1841 2793 2031 2849 devin-

450 2880 703 2943 cendum,
750 2881 840 2952 qui
896 2897 1018 2935 eum
1047 2883 1210 2936 Deum
1256 2897 1377 2938 esse
1429 2884 1851 2954 denegaverttut.
1906 2886 2033 2940 Inde

453 2987 582 3026 vero
613 2989 830 3042 magnus
867 2974 1191 3039 ostenditur,
1223 2975 1346 3044 quia
1390 2976 1564 3029 omnia
1591 2993 1914 3047 qntrcunque
1941 2993 2031 3030 vo-

453 3064 549 3116 luit
602 3064 880 3129 Dominus,
913 3067 962 3120 id
994 3078 1079 3121 est
1123 3067 1234 3121 sola
1268 3066 1540 3121 voluntate
1587 3070 1732 3138 fecit,
1765 3079 1818 3123 et
1855 3070 2031 3124 omnia

451 3171 772 3227 qtttt'cunque
819 3157 977 3210 voluit
1034 3165 1093 3212 ut
1155 3157 1288 3212 nihil
1341 3159 1711 3228 exciperetur.
1769 3159 2033 3216 Voluntas

450 3246 596 3299 enim
635 3244 771 3313 ejus,
823 3245 998 3301 facere
1038 3255 1144 3302 est.
1195 3246 1363 3311 Fecit,
1399 3249 1640 3318 inquam,
1682 3252 1857 3304 omnia
1885 3269 2032 3318 qure-

453 3351 656 3406 runque
695 3336 854 3390 voluit
891 3351 907 3389 :
941 3339 994 3392 in
1027 3337 1152 3393 caelo
1187 3338 1400 3394 scilicet
1427 3351 1472 3393 et
1501 3341 1553 3392 in
1584 3350 1746 3405 terra,
1779 3341 1832 3395 id
1855 3351 1950 3413 .est
1981 3352 2036 3397 rt

455 3426 508 3480 in
542 3425 838 3496 majoribus
873 3429 1118 3486 ﬁdelibus
1158 3439 1213 3486 et
1244 3432 1297 3486 in
1332 3433 1634 3487 minoribus
1663 3452 1676 3487 :
1720 3434 1848 3488 illud
1886 3435 2036 3490 vidc-

456 3519 580 3572 licet
613 3521 726 3590 ipse
766 3523 819 3576 in
853 3523 930 3577 eis
961 3538 1058 3592 per
1079 3526 1310 3595 gratiam
1345 3525 1492 3590 fecit,
1519 3527 1662 3595 quod
1700 3527 1786 3582 isti
1813 3528 2034 3594 emtum,

456 3611 531 3664 illi
560 3627 689 3666 vero
716 3623 858 3670 terra
886 3617 1003 3686 ejus
1045 3627 1209 3672 sunt:
1257 3628 1311 3674 et
1340 3619 1466 3674 fecit
1502 3635 1839 3691 quacunque
1869 3622 2040 3676 voluit.

456 3707 512 3761 in
545 3711 700 3775 mari,
733 3709 786 3765 id
822 3723 906 3766 cst
945 3713 995 3766 in
1030 3715 1326 3770 minoribus
1364 3715 1540 3786 impiis
1573 3732 1694 3772 cum
1733 3717 2038 3772 amarican-

457 3799 624 3865 tibus,
655 3810 700 3854 et
733 3802 789 3856 in
826 3805 1061 3859 omnibus
1092 3808 1314 3876 abyssis,
1346 3807 1395 3862 id
1427 3817 1510 3862 est
1546 3809 1597 3862 in
1645 3809 1895 3864 omnibus
1925 3826 2037 3864 tua-

447 3890 662 3960 joribus
699 3897 1158 3964 amaricantibus,
1201 3899 1292 3968 qui
1342 3909 1468 3952 sunt
1507 3900 1724 3971 abyssi,
1762 3901 1813 3954 id
1859 3911 1941 3955 est
1985 3902 2036 3954 in

459 3984 696 4051 nequitia
721 3985 993 4055 profundi.
1029 3987 1142 4042 lloc
1168 3988 1312 4041 enim
1347 3989 1396 4040 in
1430 3990 1508 4042 eis
1534 3988 1713 4044 ellecit
1748 3998 1806 4043 ut
1851 4004 2037 4058 perse-

457 4072 604 4125 cutio
627 4087 810 4127 eorum
837 4076 1056 4131 cederet
1080 4077 1145 4130 ad
1179 4077 1464 4131 utilitatem
1491 4093 1734 4144 suorum,
1767 4093 1905 4148 quos
1939 4095 2036 4149 pro

457 4179 522 4217 eo
567 4178 984 4236 persequuntur.
1045 4168 1178 4224 Nam
1237 4169 1428 4240 impius
1473 4171 1560 4240 pio
1609 4171 1750 4224 vivit.
1811 4170 2042 4240 Exponit

459 4267 636 4310 autem
669 4274 788 4326 qum
832 4259 941 4314 sint
968 4260 1053 4314 illa
1091 4277 1211 4331 quae
1243 4260 1370 4316 fecit
1416 4262 1467 4316 in
1516 4263 1654 4318 ccelo
1699 4272 1754 4318 et
1785 4263 1836 4317 in
1872 4273 2039 4328 terra,

2143 1799 2342 1853 sitione
2369 1797 2485 1863 Dei,
2519 1799 2611 1868 qui
2645 1808 2794 1852 tanto
2833 1798 3152 1853 laudabilior
3176 1807 3381 1867 quanto
3421 1801 3712 1864 incompre—

2135 1890 2474 1946 ltensibtlior.
2501 1889 2594 1946 Vel
2622 1891 2738 1946 sic:
2777 1890 2880 1955 Qui
2900 1890 3140 1960 producit
3166 1890 3230 1942 de
3271 1887 3539 1941 thesauris
3578 1887 3711 1948 suis,

2135 1983 2188 2036 id
2214 1990 2296 2037 est
2337 1983 2402 2036 de
2447 1981 2668 2037 sedibus
2697 1980 3028 2044 caelestibus,
3061 1990 3260 2045 ventos,
3292 1977 3348 2033 id
3385 1987 3472 2032 est
3498 1975 3715 2045 angelos

2133 2075 2202 2132 ad
2229 2078 2332 2132 hoc
2358 2084 2415 2130 ut
2445 2091 2633 2132 eorum
2665 2075 3049 2131 obicio'nubes
3079 2075 3307 2135 eductai,
3351 2075 3420 2128 ab
3458 2072 3714 2128 extremis

2136 2177 2294 2224 terrae
2333 2168 2400 2223 ad
2451 2167 2855 2239 praedicandum
2915 2179 2966 2223 et
3015 2177 3214 2222 caetera
3260 2168 3401 2221 bona
3452 2169 3714 2238 agendum

2136 2271 2578 2330 promoveantur.
2638 2260 2681 2312 A
2741 2257 3100 2314 similitudine
3158 2265 3492 2320 ventorum,
3549 2259 3714 2312 nubes

2135 2350 2266 2405 flatu
2294 2367 2392 2408 suo
2414 2352 2869 2420 promoventium.
2899 2349 3056 2404 Venti
3083 2363 3210 2402 vero
3237 2348 3414 2420 angeli
3448 2348 3713 2413 dicuntur,

2135 2451 2190 2494 et
2219 2442 2344 2510 quia
2378 2439 2677 2496 invisibiles
2707 2449 2833 2495 sunt
2857 2439 2923 2494 ad
2949 2437 3366 2494 similitudinem
3402 2449 3710 2502 ventorum,

2135 2540 2188 2586 et
2216 2531 2340 2600 quia
2363 2529 2530 2602 agiles
2557 2532 2625 2586 ad
2647 2530 2884 2585 olIicium
2922 2528 3025 2583 sibi
3071 2527 3373 2598 injunctum
3413 2543 3732 2598 exsequen-

2135 2622 2284 2684 dum,
2317 2631 2372 2678 et
2399 2622 2465 2677 ad
2490 2625 2656 2677 Deum
2687 2619 3187 2691 contemplandum.
3227 2619 3298 2673 Et
3324 2621 3420 2690 qui
3455 2620 3712 2674 Dominus

2134 2717 2405 2784 percussit,
2457 2715 2508 2770 id
2553 2724 2638 2769 est
2682 2723 2855 2769 morte
2905 2729 3001 2768 sua
3053 2712 3321 2768 destruxit
3377 2713 3719 2782 pn'tttogettils

2136 2805 2356 2877 Αἴθρη)ιὶ
2387 2807 2438 2861 in
2487 2807 2776 2877 baptismo,
2811 2806 2864 2860 id
2912 2813 2996 2860 est
3028 2805 3318 2876 originalia
3367 2812 3595 2873 peccata
3629 2819 3717 2875 ge-

2137 2899 2286 2951 neris
2321 2899 2541 2951 humani
2574 2912 2696 2967 quae
2733 2897 3089 2967 primogenita
3127 2895 3294 2966 538
3327 2896 3619 2959 dicuntur,
3658 2911 3719 2949 eo

2137 2987 2279 3058 quod
2308 3004 2338 3042 a
2394 2989 2690 3058 primordio
2722 2987 3024 3042 nativitatis
3061 2987 3219 3058 quasi
3257 2986 3602 3041 baereditarie
3623 2987 3718 3057 ipsi

2137 3082 2319 3152 generi
2354 3081 2591 3135 humano
2627 3081 3097 3151 principabantur,
3148 3080 3292 3149 quod
3332 3078 3599 3149 Egyptus
3640 3079 3721 3133 di-

2135 3175 2296 3237 citur,
2324 3187 2390 3227 eo
2410 3174 2552 3242 qqu
2579 3173 2630 3226 in
2657 3171 2943 3227 alllictione
2971 3181 3022 3225 et
3051 3172 3102 3226 in
3129 3170 3370 3225 tenebris
3402 3170 3720 3240 ignorantia:

2135 3264 2499 3318 detinebatur.
2534 3263 2800 3334 Egyptus
2827 3263 3026 3333 quippe
3056 3265 3278 3316 tenebris:
3303 3261 3392 3316 vel
3418 3261 3720 3332 afflictioin-

2141 3363 2488 3423 terpretatur.
2519 3354 2802 3419 Percussit,
2828 3354 3067 3422 inquam,
3090 3351 3436 3421 primogenita
3471 3351 3687 3420 ιιΕςῃρίὶ
3701 3366 3719 3404 ;

2141 3445 2409 3517 incipiens
2446 3445 2510 3498 ab
2542 3447 2749 3498 homine
2791 3454 2848 3499 et
2887 3446 3186 3514 perducens
3227 3459 3391 3511 usque
3429 3443 3501 3495 ad
3537 3457 3713 3510 pecus,

2141 3537 2193 3592 id
2249 3546 2333 3592 cst
2383 3545 2436 3591 et
2477 3537 2530 3590 in
2572 3535 2677 3590 bon
2704 3535 2879 3589 inibus
2929 3535 3196 3604 percussit
3239 3543 3292 3588 et
3334 3534 3388 3587 in
3433 3535 3722 3604 pecudibus

2140 3629 2229 3684 illa
2261 3629 2640 3698 primogenita,
2686 3627 2893 3682 scilicet
2923 3637 2975 3680 et
3022 3629 3072 3680 in
3108 3626 3448 3697 sapientibus
3485 3625 3718 3679 rationa-

2139 3719 2336 3784 biliter,
2371 3727 2430 3772 ut
2460 3718 2708 3772 homines
2748 3733 2805 3772 se
2850 3717 3190 3780 habentibus,
3238 3726 3292 3770 et
3333 3716 3387 3769 in
3423 3716 3602 3769 idiotis
3629 3715 3716 3782 qui

2137 3810 2282 3866 bruti
2322 3819 2474 3864 erant
2525 3819 2584 3864 ut
2622 3809 2876 3879 pecudes.
2927 3809 3079 3875 Quod
3113 3808 3359 3877 praesign;
3386 3815 3500 3860 tum
3538 3815 3620 3861 est
3665 3805 3716 3859 ia

2139 3901 2499 3972 percussione
2530 3900 3012 3970 primogenitorum
3041 3898 3259 3968 Aigypti
3285 3898 3386 3951 sub
3415 3896 3615 3966 Moyse.

2211 3990 2327 4046 Non
2357 3992 2532 4046 solum
2572 4003 2750 4044 autern
2776 3991 3026 4060 percussit
3065 3991 3328 4044 Dominus
3347 3988 3715 4058 primogenita,

2141 4087 2237 4139 sed
2283 4085 2446 4139 etiam
2479 4085 2675 4148 emisit,
2709 4083 2759 4137 id
2788 4093 2871 4137 est
2897 4093 3046 4136 extra
3099 4082 3247 4136 misit
3279 4080 3586 4142 manifeste,
3615 4080 3718 4132 sei-

2144 4173 2268 4229 licet
2320 4174 2465 4228 misit
2505 4178 2675 4244 signa,
2726 4183 2772 4226 et
2828 4191 2933 4228 non
2977 4174 3377 4242 qualiacunque
3415 4172 3594 4242 signa,
3627 4172 3716 4223 sed

2143 4265 2403 4334 prodigia,
2431 4266 2480 4318 id
2507 4275 2589 4319 est
2619 4265 2852 4318 maxima
2882 4265 3035 4333 signa
3065 4265 3116 4317 in
3142 4265 3312 4317 medio
3343 4264 3438 4322 tui,
3471 4262 3714 4332 .fgypte.

459 4364 581 4402 cum
632 4351 762 4405 dicit
803 4353 1047 4411 educens.
1097 4362 1152 4409 et
1198 4363 1394 4410 cmtera
1451 4371 1620 4425 usque
1677 4355 1743 4408 ad
1797 4354 2036 4419 Domine,
2072 4368 2116 4422 Ῑ)
2144 4355 2194 4410 id
2231 4366 2315 4410 est
2353 4357 2404 4410 in
2438 4357 2709 4410 communi
2737 4357 2955 4426 generis
3005 4355 3246 4408 humani.
3284 4354 3714 4423 Exponitautem

460 4456 647 4496 nomen
661 4435 840 4498 tuum.

535 4530 664 4584 Dico
698 4534 841 4600 quod
889 4533 1153 4591 Dominus
1200 4536 1326 4592 fecit
1371 4535 1552 4590 omnia
1585 4550 1922 4606 quacunque
1949 4551 2042 4591 vo-

462 4620 582 4676 luit.
625 4624 906 4695 Dominus,
944 4629 1188 4698 inquam,
1230 4631 1453 4684 educens
1498 4631 1563 4684 ab
1607 4632 1848 4685 extremis
1890 4641 2042 4685 terra:

461 4715 641 4780 nubes,
689 4717 739 4770 id
787 4729 870 4774 est
911 4737 974 4776 ex
1024 4723 1128 4776 illis
1176 4723 1266 4792 qui
1306 4733 1464 4777 erant
1504 4723 1731 4779 extremi
1774 4732 1953 4785 terrm,
1987 4723 2041 4777 id

373 4799 388 4816 “
459 4817 544 4862 est
575 4808 706 4864 viles
747 4810 889 4866 inter
921 4822 1168 4868 terrenus
1203 4823 1258 4868 et
1295 4815 1526 4869 extremi
1561 4815 1612 4870 in
1652 4817 1855 4871 divitiis
1891 4825 1947 4872 et
1986 4815 2039 4869 in

461 4912 620 4952 sensu
652 4909 707 4953 et
730 4901 782 4954 in
815 4917 1034 4972 genere,
1065 4905 1206 4958 sicut
1237 4905 1433 4960 Petrus
1457 4915 1512 4960 et
1535 4906 1780 4960 Andreas
1804 4907 2040 4976 piscato-

465 5003 548 5040 res
570 4991 921 5058 pauperrimi,
947 5000 1001 5044 et
1027 4994 1206 5046 cancri
1233 4994 1493 5063 ignobiles
1517 4995 1762 5064 discipuli
1785 4995 2037 5050 fuerunt:

463 5075 579 5144 fecit
616 5083 808 5146 nubes,
849 5082 904 5136 id
950 5091 1033 5137 est
1074 5083 1202 5138 fecit
1235 5099 1327 5139 eos
1363 5087 1619 5142 sublimes
1663 5088 1714 5141 in
1753 5089 2044 5142 sanctitate

463 5167 530 5220 ad
566 5170 779 5224 modum
817 5172 1062 5233 nubium,
1095 5185 1149 5228 et
1176 5173 1322 5230 dedit
1355 5175 1435 5230 eis
1459 5177 1695 5231 ollicium
1730 5178 1866 5232 alios
1893 5193 2043 5234 com-

465 5259 676 5327 plucndi
705 5262 946 5316 doctrina
973 5278 1098 5328 sua;
1127 5279 1155 5316 a
1187 5265 1538 5320 sin'tilitudine
1567 5267 1813 5332 nubimn,
1840 5276 2040 5323 terram

464 5348 884 5417 compluentium
912 5369 924 5405 :
957 5359 1006 5405 et
1041 5351 1175 5406 bene
1220 5354 1371 5424 ponit
1419 5355 1642 5410 educens
1682 5369 1704 5423 ε,
1738 5373 1860 5411 cum
1898 5375 2041 5413 enim

468 5437 616 5504 prius
660 5448 844 5493 essent
889 5441 1143 5505 extremi,
1180 5445 1247 5498 ab
1286 5447 1633 5503 extremitate
1675 5447 1794 5502 illos
1835 5449 2040 5514 eduxit,

467 5541 588 5580 cum
634 5543 728 5584 eos
756 5532 827 5584 ita
878 5532 929 5584 in
958 5533 1249 5588 sanctitate
1277 5535 1612 5606 sublimavit,
1652 5547 1708 5593 ut
1752 5540 1892 5593 inter
1939 5540 2038 5594 ho-

470 5617 640 5671 miucs
675 5617 976 5674 habeantur
1011 5623 1288 5690 Dt‘u'ciptti.
1337 5625 1392 5678 In
1433 5625 1540 5680 illis
1575 5633 1764 5683 autem
1814 5627 2044 5684 nubibus

2142 4463 2262 4517 qua:
2309 4448 2462 4516 signa
2497 4446 2742 4501 addendo
2771 4447 2866 4502 sic.
2918 4444 3127 4512 Emisit,
3165 4442 3421 4515 inquam,
3452 4446 3622 4514 signa,
3665 4443 3717 4495 in

2143 4537 2468 4592 destruendo
2515 4535 2842 4590 Pharaonem
2890 4545 2938 4590 et
2980 4552 3157 4590 omnes
3201 4552 3376 4588 servos
3422 4535 3556 4599 ejus.
3599 4531 3716 4586 H:ec

2143 4631 2351 4684 scilicet
2381 4629 2596 4682 fuerunt
2633 4630 2782 4698 signa
2808 4629 2949 4698 quod
2977 4628 3247 4682 destruxit
3285 4625 3626 4682 Pharaonem
3664 4632 3716 4678 et

2142 4733 2331 4774 omnes
2384 4732 2570 4773 servos
2619 4719 2735 4788 cjus
2788 4719 2840 4772 in
2887 4718 3188 4785 baptismo,
3227 4717 3279 4770 id
3329 4725 3414 4769 est
3465 4711 3719 4769 desrruxit

2143 4827 2249 4866 non
2275 4813 2640 4866 essentialiter
2669 4811 2762 4865 sed
2793 4809 3167 4879 potentialiter
3193 4807 3494 4872 diabolum,
3524 4815 3579 4860 et
3605 4819 3714 4859 om-

2143 4916 2238 4956 nes
2268 4901 2532 4971 maliguos
2570 4899 2814 4970 spiritus.
2853 4897 3006 4965 Quod
3045 4906 3524 4968 prarmoustratum
3562 4905 3638 4949 est
3662 4893 3714 4946 in

2143 4987 2449 5055 Phan-one,
2494 4991 2587 5061 qui
2639 4992 2692 5044 in
2745 4990 2878 5044 mari
2929 4989 3115 5044 Rubro
3161 5004 3283 5043 cum
3327 4987 3570 5042 exercitu
3616 4983 3713 5036 fuit

2143 5081 2474 5137 submersus.
2507 5083 2780 5137 Destruxit
2817 5092 3000 5136 autem
3035 5081 3178 5136 Deus
3203 5078 3578 5150 potentialiter
3605 5077 3716 5129 dia-

2143 5173 2322 5229 bolum
2347 5189 2469 5228 cum
2500 5175 2752 5229 omnibus
2782 5173 3046 5228 ministris
3087 5171 3227 5242 ejus,
3256 5185 3381 5224 cum
3410 5185 3518 5225 non
3550 5167 3712 5222 solum

2142 5266 2447 5336 originalia,
2481 5266 2572 5321 sed
2601 5267 2764 5321 etiam
2791 5264 3027 5321 actualia
3059 5271 3280 5334 peccata
3313 5263 3368 5316 in
3398 5261 3712 5328 baptismate

2144 5358 2450 5421 remittens,
2488 5358 2786 5428 potentiam
2817 5374 2980 5427 quam
3013 5373 3108 5428 per
3137 5357 3250 5427 ipsa
3279 5365 3509 5426 peccata
3535 5355 3583 5408 in
3622 5352 3715 5405 bc—

2145 5448 2382 5504 minilms
2403 5450 2699 5514 habebant,
2731 5451 2798 5504 ad
2832 5450 3062 5505 nihilum
3092 5449 3318 5519 redegit.
3361 5447 3607 5502 Dia‘bolus
3631 5443 3716 5498 ni-

2147 5542 2341 5596 mirum
2376 5552 2520 5596 recte
2553 5542 2766 5596 Pharao
2794 5543 3012 5606 dicitur,
3041 5559 3105 5596 eo
3137 5542 3278 5611 quod
3317 5542 3420 5594 sibi
3450 5538 3712 5593 subditum

2149 5648 2320 5704 genus
2354 5649 2644 5688 humanum
2670 5635 2870 5690 acriter
2897 5635 3141 5705 urgebat,
3176 5635 3318 5688 sicut
3349 5634 3556 5688 Pharao
3587 5629 3718 5683 ﬁlius
