  <div class='ocr_page' id='page_1' title='image "/cluster/home/n/w/nwhite01/storage/ocr_20150623/152/hvd.32044015473804/681.png"; bbox 0 0 3978 6328; ppageno 0'>
   <div class='ocr_carea' id='block_1_1' title="bbox 547 261 672 318">
    <p class='ocr_par' dir='ltr' id='par_1_1' title="bbox 547 261 672 318">
     <span class='ocr_line' id='line_1_1' title="bbox 547 261 672 318; baseline -0.024 0"><span class='ocrx_word' id='word_1_1' title='bbox 547 261 672 318; x_wconf 62' lang='grc'><strong>1531</strong></span> 
     </span>
    </p>
   </div>
   <div class='ocr_carea' id='block_1_2' title="bbox 1055 249 3147 312">
    <p class='ocr_par' dir='ltr' id='par_1_2' title="bbox 1055 249 3147 312">
     <span class='ocr_line' id='line_1_2' title="bbox 1055 249 3147 312; baseline -0.005 0"><span class='ocrx_word' id='word_1_2' title='bbox 1055 257 1113 312; x_wconf 82' lang='grc'><strong>8.</strong></span> <span class='ocrx_word' id='word_1_3' title='bbox 1156 256 1497 311; x_wconf 65' lang='grc' dir='ltr'><strong>ΒιιυΝΟΝιδ</strong></span> <span class='ocrx_word' id='word_1_4' title='bbox 1536 252 2174 311; x_wconf 66' lang='grc' dir='ltr'><strong>(ᾺΙΠΙΙυὸΙΑΝΟῐὶυΜ</strong></span> <span class='ocrx_word' id='word_1_5' title='bbox 2209 249 2688 308; x_wconf 64' lang='grc' dir='ltr'><strong>ΙΝΒΤΙΊῊΤΟΒΝ</strong></span> <span class='ocrx_word' id='word_1_6' title='bbox 2722 249 2873 308; x_wconf 82' lang='grc' dir='ltr'><strong>ΟΡΡ.</strong></span> <span class='ocrx_word' id='word_1_7' title='bbox 2907 250 3085 307; x_wconf 79' lang='lat' dir='ltr'><strong>PARS</strong></span> <span class='ocrx_word' id='word_1_8' title='bbox 3108 251 3147 306; x_wconf 87' lang='grc'><strong>1.</strong></span> 
     </span>
    </p>
   </div>
   <div class='ocr_carea' id='block_1_3' title="bbox 3613 261 3731 323">
    <p class='ocr_par' dir='ltr' id='par_1_3' title="bbox 3613 261 3731 323">
     <span class='ocr_line' id='line_1_3' title="bbox 3613 261 3731 323; baseline 0.034 -4"><span class='ocrx_word' id='word_1_9' title='bbox 3613 261 3731 323; x_wconf 70' lang='grc'><strong>1352</strong></span> 
     </span>
    </p>
   </div>
   <div class='ocr_carea' id='block_1_4' title="bbox 544 365 3729 448">
    <p class='ocr_par' dir='ltr' id='par_1_4' title="bbox 544 365 3729 448">
     <span class='ocr_line' id='line_1_4' title="bbox 544 365 3729 448; baseline -0.001 -15"><span class='ocrx_word' id='word_1_10' title='bbox 544 379 769 433; x_wconf 84' lang='lat' dir='ltr'><strong>actuatia</strong></span> <span class='ocrx_word' id='word_1_11' title='bbox 792 382 1005 444; x_wconf 86' lang='lat' dir='ltr'><strong>peccata</strong></span> <span class='ocrx_word' id='word_1_12' title='bbox 1031 372 1415 442; x_wconf 83' lang='lat' dir='ltr'><strong>intelliguntur,</strong></span> <span class='ocrx_word' id='word_1_13' title='bbox 1451 372 1504 425; x_wconf 89' lang='lat' dir='ltr'><strong>in</strong></span> <span class='ocrx_word' id='word_1_14' title='bbox 1536 372 1799 439; x_wconf 88' lang='lat' dir='ltr'><strong>baptismo</strong></span> <span class='ocrx_word' id='word_1_15' title='bbox 1824 384 2099 439; x_wconf 70' lang='lat' dir='ltr'><strong>percussa,</strong></span> <span class='ocrx_word' id='word_1_16' title='bbox 2133 371 2183 427; x_wconf 78' lang='grc' dir='ltr'><strong>Α</strong></span> <span class='ocrx_word' id='word_1_17' title='bbox 2211 382 2335 421; x_wconf 91' lang='lat' dir='ltr'><strong>num</strong></span> <span class='ocrx_word' id='word_1_18' title='bbox 2365 365 2638 422; x_wconf 90' lang='lat' dir='ltr'><strong>Christum</strong></span> <span class='ocrx_word' id='word_1_19' title='bbox 2669 384 2831 438; x_wconf 87' lang='lat' dir='ltr'><strong>opere</strong></span> <span class='ocrx_word' id='word_1_20' title='bbox 2863 379 2918 425; x_wconf 88' lang='lat' dir='ltr'><strong>et</strong></span> <span class='ocrx_word' id='word_1_21' title='bbox 2938 370 3131 437; x_wconf 86' lang='lat' dir='ltr'><strong>corde;</strong></span> <span class='ocrx_word' id='word_1_22' title='bbox 3164 379 3219 426; x_wconf 90' lang='lat' dir='ltr'><strong>et</strong></span> <span class='ocrx_word' id='word_1_23' title='bbox 3238 385 3334 426; x_wconf 79' lang='lat' dir='ltr'><strong>vos</strong></span> <span class='ocrx_word' id='word_1_24' title='bbox 3363 372 3534 428; x_wconf 84' lang='lat' dir='ltr'><strong>domus</strong></span> <span class='ocrx_word' id='word_1_25' title='bbox 3560 377 3729 448; x_wconf 77' lang='lat' dir='ltr'><strong>Aaron,</strong></span> 
     </span>
    </p>
   </div>
   <div class='ocr_carea' id='block_1_5' title="bbox 541 460 2115 532">
    <p class='ocr_par' dir='ltr' id='par_1_5' title="bbox 541 460 2115 532">
     <span class='ocr_line' id='line_1_5' title="bbox 541 460 2115 532; baseline -0.01 -7"><span class='ocrx_word' id='word_1_26' title='bbox 541 483 837 525; x_wconf 74' lang='lat' dir='ltr'><strong>consensus</strong></span> <span class='ocrx_word' id='word_1_27' title='bbox 864 464 1109 519; x_wconf 89' lang='lat' dir='ltr'><strong>videlicet</strong></span> <span class='ocrx_word' id='word_1_28' title='bbox 1139 474 1193 517; x_wconf 92' lang='lat' dir='ltr'><strong>et</strong></span> <span class='ocrx_word' id='word_1_29' title='bbox 1220 463 1463 532; x_wconf 72' lang='lat' dir='ltr'><strong>operatio</strong></span> <span class='ocrx_word' id='word_1_30' title='bbox 1496 472 1550 516; x_wconf 89' lang='lat' dir='ltr'><strong>et</strong></span> <span class='ocrx_word' id='word_1_31' title='bbox 1577 460 1929 516; x_wconf 80' lang='lat' dir='ltr'><strong>consuetudo.</strong></span> <span class='ocrx_word' id='word_1_32' title='bbox 1972 460 2115 525; x_wconf 87' lang='lat' dir='ltr'><strong>Quo-</strong></span> 
     </span>
    </p>
   </div>
   <div class='ocr_carea' id='block_1_6' title="bbox 541 551 2115 624">
    <p class='ocr_par' dir='ltr' id='par_1_6' title="bbox 541 551 2115 624">
     <span class='ocr_line' id='line_1_6' title="bbox 541 551 2115 624; baseline -0.007 -13"><span class='ocrx_word' id='word_1_33' title='bbox 541 558 687 612; x_wconf 76' lang='lat' dir='ltr'><strong>niam</strong></span> <span class='ocrx_word' id='word_1_34' title='bbox 710 571 840 624; x_wconf 85' lang='lat' dir='ltr'><strong>ergo</strong></span> <span class='ocrx_word' id='word_1_35' title='bbox 875 562 1059 624; x_wconf 76' lang='lat' dir='ltr'><strong>gentes</strong></span> <span class='ocrx_word' id='word_1_36' title='bbox 1081 559 1136 605; x_wconf 89' lang='lat' dir='ltr'><strong>et</strong></span> <span class='ocrx_word' id='word_1_37' title='bbox 1165 566 1313 621; x_wconf 83' lang='lat' dir='ltr'><strong>reges</strong></span> <span class='ocrx_word' id='word_1_38' title='bbox 1340 551 1673 618; x_wconf 72' lang='lat' dir='ltr'><strong>percussisti,</strong></span> <span class='ocrx_word' id='word_1_39' title='bbox 1705 560 1759 603; x_wconf 88' lang='lat' dir='ltr'><strong>et</strong></span> <span class='ocrx_word' id='word_1_40' title='bbox 1788 557 1980 602; x_wconf 89' lang='lat' dir='ltr'><strong>cuncta</strong></span> <span class='ocrx_word' id='word_1_41' title='bbox 2025 562 2115 601; x_wconf 89' lang='lat' dir='ltr'><strong>su-</strong></span> 
     </span>
    </p>
   </div>
   <div class='ocr_carea' id='block_1_7' title="bbox 543 642 2108 717">
    <p class='ocr_par' dir='ltr' id='par_1_7' title="bbox 543 642 2108 717">
     <span class='ocr_line' id='line_1_7' title="bbox 543 642 2108 717; baseline -0.008 -16"><span class='ocrx_word' id='word_1_42' title='bbox 543 646 723 717; x_wconf 90' lang='lat' dir='ltr'><strong>perius</strong></span> <span class='ocrx_word' id='word_1_43' title='bbox 767 656 982 701; x_wconf 86' lang='lat' dir='ltr'><strong>ostensa</strong></span> <span class='ocrx_word' id='word_1_44' title='bbox 1016 642 1208 707; x_wconf 75' lang='lat' dir='ltr'><strong>fecisti,</strong></span> <span class='ocrx_word' id='word_1_45' title='bbox 1237 661 1269 694; x_wconf 89' lang='lat' dir='ltr'><strong>o</strong></span> <span class='ocrx_word' id='word_1_46' title='bbox 1300 642 1539 703; x_wconf 84' lang='lat' dir='ltr'><strong>Domine,</strong></span> <span class='ocrx_word' id='word_1_47' title='bbox 1573 656 1755 693; x_wconf 88' lang='lat' dir='ltr'><strong>nomen</strong></span> <span class='ocrx_word' id='word_1_48' title='bbox 1794 651 1937 691; x_wconf 87' lang='lat' dir='ltr'><strong>tuum</strong></span> <span class='ocrx_word' id='word_1_49' title='bbox 1956 648 2108 691; x_wconf 73' lang='lat' dir='ltr'><strong>(eler-</strong></span> 
     </span>
    </p>
   </div>
   <div class='ocr_carea' id='block_1_8' title="bbox 543 729 2113 803">
    <p class='ocr_par' dir='ltr' id='par_1_8' title="bbox 543 729 2113 803">
     <span class='ocr_line' id='line_1_8' title="bbox 543 729 2113 803; baseline -0.005 -16"><span class='ocrx_word' id='word_1_50' title='bbox 543 750 663 787; x_wconf 88' lang='lat' dir='ltr'><strong>num</strong></span> <span class='ocrx_word' id='word_1_51' title='bbox 698 732 1172 803; x_wconf 70' lang='lat' dir='ltr'><strong>durabit,‘sciliccl</strong></span> <span class='ocrx_word' id='word_1_52' title='bbox 1201 729 1644 784; x_wconf 88' lang='lat' dir='ltr'><strong>contuituhorutn</strong></span> <span class='ocrx_word' id='word_1_53' title='bbox 1681 729 2113 796; x_wconf 80' lang='lat' dir='ltr'><strong>supradictorum</strong></span> 
     </span>
    </p>
   </div>
   <div class='ocr_carea' id='block_1_9' title="bbox 542 804 2112 892">
    <p class='ocr_par' dir='ltr' id='par_1_9' title="bbox 542 804 2112 892">
     <span class='ocr_line' id='line_1_9' title="bbox 542 804 2112 892; baseline -0.004 -17"><span class='ocrx_word' id='word_1_54' title='bbox 542 824 609 877; x_wconf 88' lang='lat' dir='ltr'><strong>ab</strong></span> <span class='ocrx_word' id='word_1_55' title='bbox 650 804 955 877; x_wconf 81' lang='lat' dir='ltr'><strong>hominibus</strong></span> <span class='ocrx_word' id='word_1_56' title='bbox 1007 820 1418 892; x_wconf 82' lang='lat' dir='ltr'><strong>gloriﬁcaberis,</strong></span> <span class='ocrx_word' id='word_1_57' title='bbox 1471 826 1525 872; x_wconf 90' lang='lat' dir='ltr'><strong>et</strong></span> <span class='ocrx_word' id='word_1_58' title='bbox 1576 818 1663 871; x_wconf 88' lang='lat' dir='ltr'><strong>illa</strong></span> <span class='ocrx_word' id='word_1_59' title='bbox 1705 817 1875 886; x_wconf 81' lang='lat' dir='ltr'><strong>gloria</strong></span> <span class='ocrx_word' id='word_1_60' title='bbox 1936 826 2021 871; x_wconf 87' lang='lat' dir='ltr'><strong>tua</strong></span> <span class='ocrx_word' id='word_1_61' title='bbox 2060 817 2112 870; x_wconf 89' lang='lat' dir='ltr'><strong>in</strong></span> 
     </span>
    </p>
   </div>
   <div class='ocr_carea' id='block_1_10' title="bbox 540 904 2113 977">
    <p class='ocr_par' dir='ltr' id='par_1_10' title="bbox 540 904 2113 977">
     <span class='ocr_line' id='line_1_10' title="bbox 540 904 2113 977; baseline -0.006 -11"><span class='ocrx_word' id='word_1_62' title='bbox 540 922 800 967; x_wconf 74' lang='lat' dir='ltr'><strong>:eteruum</strong></span> <span class='ocrx_word' id='word_1_63' title='bbox 834 911 1042 965; x_wconf 80' lang='lat' dir='ltr'><strong>durabit</strong></span> <span class='ocrx_word' id='word_1_64' title='bbox 1072 924 1085 961; x_wconf 90' lang='lat'>:</span> <span class='ocrx_word' id='word_1_65' title='bbox 1114 918 1163 963; x_wconf 86' lang='lat' dir='ltr'><strong>et</strong></span> <span class='ocrx_word' id='word_1_66' title='bbox 1190 908 1309 961; x_wconf 88' lang='lat' dir='ltr'><strong>inde</strong></span> <span class='ocrx_word' id='word_1_67' title='bbox 1328 904 1762 977; x_wconf 38' lang='lat' dir='ltr'><strong>continget‘quod</strong></span> <span class='ocrx_word' id='word_1_68' title='bbox 1786 908 1839 960; x_wconf 88' lang='lat' dir='ltr'><strong>in</strong></span> <span class='ocrx_word' id='word_1_69' title='bbox 1862 916 2113 960; x_wconf 63' lang='lat' dir='ltr'><strong>a’ternum</strong></span> 
     </span>
    </p>
   </div>
   <div class='ocr_carea' id='block_1_11' title="bbox 540 997 2115 1075">
    <p class='ocr_par' dir='ltr' id='par_1_11' title="bbox 540 997 2115 1075">
     <span class='ocr_line' id='line_1_11' title="bbox 540 997 2115 1075; baseline -0.006 -15"><span class='ocrx_word' id='word_1_70' title='bbox 540 1006 645 1060; x_wconf 87' lang='lat' dir='ltr'><strong>erit</strong></span> <span class='ocrx_word' id='word_1_71' title='bbox 688 1005 1006 1075; x_wconf 83' lang='lat' dir='ltr'><strong>:quonian,</strong></span> <span class='ocrx_word' id='word_1_72' title='bbox 1038 1017 1070 1055; x_wconf 96' lang='lat' dir='ltr'><strong>o</strong></span> <span class='ocrx_word' id='word_1_73' title='bbox 1128 1000 1373 1064; x_wconf 79' lang='lat' dir='ltr'><strong>Domine,</strong></span> <span class='ocrx_word' id='word_1_74' title='bbox 1412 999 1712 1053; x_wconf 87' lang='lat' dir='ltr'><strong>memoriale</strong></span> <span class='ocrx_word' id='word_1_75' title='bbox 1755 1009 1902 1052; x_wconf 87' lang='lat' dir='ltr'><strong>tuum</strong></span> <span class='ocrx_word' id='word_1_76' title='bbox 1955 997 2115 1069; x_wconf 67' lang='grc'><strong>540</strong></span> 
     </span>
    </p>
   </div>
   <div class='ocr_carea' id='block_1_12' title="bbox 540 1090 2116 1163">
    <p class='ocr_par' dir='ltr' id='par_1_12' title="bbox 540 1090 2116 1163">
     <span class='ocr_line' id='line_1_12' title="bbox 540 1090 2116 1163; baseline -0.004 -14"><span class='ocrx_word' id='word_1_77' title='bbox 540 1096 752 1149; x_wconf 85' lang='lat' dir='ltr'><strong>duravit</strong></span> <span class='ocrx_word' id='word_1_78' title='bbox 774 1095 822 1146; x_wconf 85' lang='lat' dir='ltr'><strong>in</strong></span> <span class='ocrx_word' id='word_1_79' title='bbox 849 1092 1177 1163; x_wconf 84' lang='lat' dir='ltr'><strong>generatione</strong></span> <span class='ocrx_word' id='word_1_80' title='bbox 1200 1091 1297 1144; x_wconf 86' lang='lat' dir='ltr'><strong>hac</strong></span> <span class='ocrx_word' id='word_1_81' title='bbox 1324 1090 1593 1159; x_wconf 82' lang='lat' dir='ltr'><strong>praesenti,</strong></span> <span class='ocrx_word' id='word_1_82' title='bbox 1627 1100 1673 1143; x_wconf 88' lang='lat' dir='ltr'><strong>et</strong></span> <span class='ocrx_word' id='word_1_83' title='bbox 1705 1105 1872 1158; x_wconf 88' lang='lat' dir='ltr'><strong>usque</strong></span> <span class='ocrx_word' id='word_1_84' title='bbox 1894 1090 2116 1159; x_wconf 87' lang='lat' dir='ltr'><strong>ingene-</strong></span> 
     </span>
    </p>
   </div>
   <div class='ocr_carea' id='block_1_13' title="bbox 543 1180 2111 1251">
    <p class='ocr_par' dir='ltr' id='par_1_13' title="bbox 543 1180 2111 1251">
     <span class='ocr_line' id='line_1_13' title="bbox 543 1180 2111 1251; baseline -0.003 -14"><span class='ocrx_word' id='word_1_85' title='bbox 543 1187 792 1237; x_wconf 88' lang='lat' dir='ltr'><strong>rationem</strong></span> <span class='ocrx_word' id='word_1_86' title='bbox 810 1184 1069 1247; x_wconf 84' lang='lat' dir='ltr'><strong>ultimam,</strong></span> <span class='ocrx_word' id='word_1_87' title='bbox 1096 1180 1302 1235; x_wconf 82' lang='lat' dir='ltr'><strong>scilicet</strong></span> <span class='ocrx_word' id='word_1_88' title='bbox 1323 1182 1597 1249; x_wconf 79' lang='lat' dir='ltr'><strong>percussio</strong></span> <span class='ocrx_word' id='word_1_89' title='bbox 1610 1180 1846 1251; x_wconf 81' lang='lat' dir='ltr'><strong>gentium</strong></span> <span class='ocrx_word' id='word_1_90' title='bbox 1863 1191 1916 1234; x_wconf 90' lang='lat' dir='ltr'><strong>ct</strong></span> <span class='ocrx_word' id='word_1_91' title='bbox 1930 1195 2111 1248; x_wconf 78' lang='lat' dir='ltr'><strong>regum</strong></span> 
     </span>
    </p>
   </div>
   <div class='ocr_carea' id='block_1_14' title="bbox 544 1271 2111 1342">
    <p class='ocr_par' dir='ltr' id='par_1_14' title="bbox 544 1271 2111 1342">
     <span class='ocr_line' id='line_1_14' title="bbox 544 1271 2111 1342; baseline -0.006 -11"><span class='ocrx_word' id='word_1_92' title='bbox 544 1278 635 1331; x_wconf 90' lang='lat' dir='ltr'><strong>ﬁet</strong></span> <span class='ocrx_word' id='word_1_93' title='bbox 680 1292 707 1329; x_wconf 91' lang='lat' dir='ltr'><strong>a</strong></span> <span class='ocrx_word' id='word_1_94' title='bbox 742 1285 791 1328; x_wconf 88' lang='lat' dir='ltr'><strong>te</strong></span> <span class='ocrx_word' id='word_1_95' title='bbox 839 1274 889 1327; x_wconf 91' lang='lat' dir='ltr'><strong>in</strong></span> <span class='ocrx_word' id='word_1_96' title='bbox 934 1272 1184 1326; x_wconf 86' lang='lat' dir='ltr'><strong>omnibus</strong></span> <span class='ocrx_word' id='word_1_97' title='bbox 1221 1271 1652 1342; x_wconf 62' lang='lat' dir='ltr'><strong>generationibus</strong></span> <span class='ocrx_word' id='word_1_98' title='bbox 1696 1271 1853 1340; x_wconf 85' lang='lat' dir='ltr'><strong>hujus</strong></span> <span class='ocrx_word' id='word_1_99' title='bbox 1878 1271 2025 1333; x_wconf 70' lang='lat' dir='ltr'><strong>vitae,</strong></span> <span class='ocrx_word' id='word_1_100' title='bbox 2059 1271 2111 1322; x_wconf 90' lang='lat' dir='ltr'><strong>in</strong></span> 
     </span>
    </p>
   </div>
   <div class='ocr_carea' id='block_1_15' title="bbox 546 1363 2115 1436">
    <p class='ocr_par' dir='ltr' id='par_1_15' title="bbox 546 1363 2115 1436">
     <span class='ocr_line' id='line_1_15' title="bbox 546 1363 2115 1436; baseline -0.003 -14"><span class='ocrx_word' id='word_1_101' title='bbox 546 1366 771 1422; x_wconf 84' lang='lat' dir='ltr'><strong>diversis</strong></span> <span class='ocrx_word' id='word_1_102' title='bbox 801 1365 1043 1420; x_wconf 78' lang='lat' dir='ltr'><strong>ﬁdelibus</strong></span> <span class='ocrx_word' id='word_1_103' title='bbox 1074 1365 1264 1420; x_wconf 75' lang='lat' dir='ltr'><strong>futuris</strong></span> <span class='ocrx_word' id='word_1_104' title='bbox 1288 1366 1398 1436; x_wconf 82' lang='lat' dir='ltr'><strong>jam</strong></span> <span class='ocrx_word' id='word_1_105' title='bbox 1426 1366 1565 1420; x_wconf 86' lang='lat' dir='ltr'><strong>natis</strong></span> <span class='ocrx_word' id='word_1_106' title='bbox 1615 1373 1669 1419; x_wconf 91' lang='lat' dir='ltr'><strong>et</strong></span> <span class='ocrx_word' id='word_1_107' title='bbox 1705 1365 1879 1419; x_wconf 89' lang='lat' dir='ltr'><strong>adhuc</strong></span> <span class='ocrx_word' id='word_1_108' title='bbox 1941 1363 2115 1418; x_wconf 72' lang='lat' dir='ltr'><strong>nasd-</strong></span> 
     </span>
    </p>
   </div>
   <div class='ocr_carea' id='block_1_16' title="bbox 548 1453 2111 1526">
    <p class='ocr_par' dir='ltr' id='par_1_16' title="bbox 548 1453 2111 1526">
     <span class='ocr_line' id='line_1_16' title="bbox 548 1453 2111 1526; baseline -0.003 -15"><span class='ocrx_word' id='word_1_109' title='bbox 548 1458 775 1523; x_wconf 88' lang='lat' dir='ltr'><strong>turis,et</strong></span> <span class='ocrx_word' id='word_1_110' title='bbox 807 1458 930 1511; x_wconf 86' lang='lat' dir='ltr'><strong>inde</strong></span> <span class='ocrx_word' id='word_1_111' title='bbox 945 1473 1160 1526; x_wconf 82' lang='lat' dir='ltr'><strong>semper</strong></span> <span class='ocrx_word' id='word_1_112' title='bbox 1187 1458 1252 1511; x_wconf 87' lang='lat' dir='ltr'><strong>ab</strong></span> <span class='ocrx_word' id='word_1_113' title='bbox 1281 1456 1406 1525; x_wconf 85' lang='lat' dir='ltr'><strong>ipsis</strong></span> <span class='ocrx_word' id='word_1_114' title='bbox 1439 1455 1681 1510; x_wconf 84' lang='lat' dir='ltr'><strong>ﬁdelibus</strong></span> <span class='ocrx_word' id='word_1_115' title='bbox 1704 1453 2111 1523; x_wconf 68' lang='lat' dir='ltr'><strong>gloriﬁcarcris.</strong></span> 
     </span>
    </p>
   </div>
   <div class='ocr_carea' id='block_1_17' title="bbox 542 1545 2109 1617">
    <p class='ocr_par' dir='ltr' id='par_1_17' title="bbox 542 1545 2109 1617">
     <span class='ocr_line' id='line_1_17' title="bbox 542 1545 2109 1617; baseline -0.002 -16"><span class='ocrx_word' id='word_1_116' title='bbox 542 1549 750 1603; x_wconf 88' lang='lat' dir='ltr'><strong>Dicitur</strong></span> <span class='ocrx_word' id='word_1_117' title='bbox 771 1560 948 1602; x_wconf 88' lang='lat' dir='ltr'><strong>autem</strong></span> <span class='ocrx_word' id='word_1_118' title='bbox 983 1549 1258 1617; x_wconf 75' lang='lat' dir='ltr'><strong>percussio</strong></span> <span class='ocrx_word' id='word_1_119' title='bbox 1282 1558 1628 1617; x_wconf 70' lang='lat' dir='ltr'><strong>peccatorum</strong></span> <span class='ocrx_word' id='word_1_120' title='bbox 1655 1546 1953 1599; x_wconf 86' lang='lat' dir='ltr'><strong>memoriale</strong></span> <span class='ocrx_word' id='word_1_121' title='bbox 1992 1545 2109 1613; x_wconf 89' lang='lat' dir='ltr'><strong>Dei,</strong></span> 
     </span>
    </p>
   </div>
   <div class='ocr_carea' id='block_1_18' title="bbox 538 1640 2111 1723">
    <p class='ocr_par' dir='ltr' id='par_1_18' title="bbox 538 1640 2111 1723">
     <span class='ocr_line' id='line_1_18' title="bbox 538 1640 2111 1723; baseline -0.001 -27"><span class='ocrx_word' id='word_1_122' title='bbox 538 1658 605 1697; x_wconf 86' lang='lat' dir='ltr'><strong>eo</strong></span> <span class='ocrx_word' id='word_1_123' title='bbox 630 1641 773 1710; x_wconf 90' lang='lat' dir='ltr'><strong>quod</strong></span> <span class='ocrx_word' id='word_1_124' title='bbox 808 1656 970 1694; x_wconf 82' lang='lat' dir='ltr'><strong>cuma</strong></span> <span class='ocrx_word' id='word_1_125' title='bbox 998 1641 1105 1694; x_wconf 84' lang='lat' dir='ltr'><strong>Deo</strong></span> <span class='ocrx_word' id='word_1_126' title='bbox 1139 1641 1252 1706; x_wconf 88' lang='lat' dir='ltr'><strong>ﬁat,</strong></span> <span class='ocrx_word' id='word_1_127' title='bbox 1276 1650 1332 1695; x_wconf 93' lang='lat' dir='ltr'><strong>et</strong></span> <span class='ocrx_word' id='word_1_128' title='bbox 1360 1641 1734 1723; x_wconf 50' lang='lat' dir='ltr'><strong>signiﬁcatum.</strong></span> <span class='ocrx_word' id='word_1_129' title='bbox 1758 1640 1827 1695; x_wconf 85' lang='lat' dir='ltr'><strong>sit</strong></span> <span class='ocrx_word' id='word_1_130' title='bbox 1850 1640 1988 1694; x_wconf 90' lang='lat' dir='ltr'><strong>illius</strong></span> <span class='ocrx_word' id='word_1_131' title='bbox 2019 1655 2111 1695; x_wconf 88' lang='lat' dir='ltr'><strong>oc-</strong></span> 
     </span>
    </p>
   </div>
   <div class='ocr_carea' id='block_1_19' title="bbox 2215 454 3731 526">
    <p class='ocr_par' dir='ltr' id='par_1_19' title="bbox 2215 454 3731 526">
     <span class='ocr_line' id='line_1_19' title="bbox 2215 454 3731 526; baseline 0.009 -18"><span class='ocrx_word' id='word_1_132' title='bbox 2215 454 2267 508; x_wconf 93' lang='lat' dir='ltr'><strong>id</strong></span> <span class='ocrx_word' id='word_1_133' title='bbox 2295 463 2378 509; x_wconf 88' lang='lat' dir='ltr'><strong>est</strong></span> <span class='ocrx_word' id='word_1_134' title='bbox 2402 454 2603 509; x_wconf 78' lang='lat' dir='ltr'><strong>familia</strong></span> <span class='ocrx_word' id='word_1_135' title='bbox 2628 457 2970 526; x_wconf 79' lang='lat' dir='ltr'><strong>praelatorum</strong></span> <span class='ocrx_word' id='word_1_136' title='bbox 3008 456 3267 526; x_wconf 82' lang='lat' dir='ltr'><strong>majorum</strong></span> <span class='ocrx_word' id='word_1_137' title='bbox 3307 460 3526 517; x_wconf 90' lang='lat' dir='ltr'><strong>ﬁdelium</strong></span> <span class='ocrx_word' id='word_1_138' title='bbox 3570 481 3628 520; x_wconf 78' lang='lat' dir='ltr'><strong>ex</strong></span> <span class='ocrx_word' id='word_1_139' title='bbox 3654 467 3731 522; x_wconf 85' lang='lat' dir='ltr'><strong>Ju-</strong></span> 
     </span>
    </p>
   </div>
   <div class='ocr_carea' id='block_1_20' title="bbox 2215 543 3729 625">
    <p class='ocr_par' dir='ltr' id='par_1_20' title="bbox 2215 543 3729 625">
     <span class='ocr_line' id='line_1_20' title="bbox 2215 543 3729 625; baseline 0.009 -28"><span class='ocrx_word' id='word_1_140' title='bbox 2215 543 2365 611; x_wconf 74' lang='lat' dir='ltr'><strong>dzeis,</strong></span> <span class='ocrx_word' id='word_1_141' title='bbox 2397 544 2681 601; x_wconf 67' lang='lat' dir='ltr'><strong>benedicite</strong></span> <span class='ocrx_word' id='word_1_142' title='bbox 2708 546 2991 601; x_wconf 86' lang='lat' dir='ltr'><strong>Dominum</strong></span> <span class='ocrx_word' id='word_1_143' title='bbox 3019 562 3032 601; x_wconf 89' lang='lat'>:</span> <span class='ocrx_word' id='word_1_144' title='bbox 3077 559 3133 603; x_wconf 88' lang='lat' dir='ltr'><strong>et</strong></span> <span class='ocrx_word' id='word_1_145' title='bbox 3162 564 3255 604; x_wconf 83' lang='lat' dir='ltr'><strong>vos</strong></span> <span class='ocrx_word' id='word_1_146' title='bbox 3302 551 3354 605; x_wconf 92' lang='lat' dir='ltr'><strong>in</strong></span> <span class='ocrx_word' id='word_1_147' title='bbox 3395 553 3620 620; x_wconf 76' lang='lat' dir='ltr'><strong>gentibus</strong></span> <span class='ocrx_word' id='word_1_148' title='bbox 3654 560 3729 625; x_wconf 87' lang='lat' dir='ltr'><strong>qui</strong></span> 
     </span>
    </p>
   </div>
   <div class='ocr_carea' id='block_1_21' title="bbox 2215 636 3728 714">
    <p class='ocr_par' dir='ltr' id='par_1_21' title="bbox 2215 636 3728 714">
     <span class='ocr_line' id='line_1_21' title="bbox 2215 636 3728 714; baseline 0.008 -26"><span class='ocrx_word' id='word_1_149' title='bbox 2215 636 2413 689; x_wconf 89' lang='lat' dir='ltr'><strong>timetis</strong></span> <span class='ocrx_word' id='word_1_150' title='bbox 2456 637 2738 691; x_wconf 85' lang='lat' dir='ltr'><strong>Dominum</strong></span> <span class='ocrx_word' id='word_1_151' title='bbox 2770 646 2923 693; x_wconf 90' lang='lat' dir='ltr'><strong>casto</strong></span> <span class='ocrx_word' id='word_1_152' title='bbox 2951 639 3166 706; x_wconf 85' lang='lat' dir='ltr'><strong>timore,</strong></span> <span class='ocrx_word' id='word_1_153' title='bbox 3217 650 3325 694; x_wconf 87' lang='lat' dir='ltr'><strong>tam</strong></span> <span class='ocrx_word' id='word_1_154' title='bbox 3358 642 3549 710; x_wconf 66' lang='lat' dir='ltr'><strong>praelati</strong></span> <span class='ocrx_word' id='word_1_155' title='bbox 3596 661 3728 714; x_wconf 88' lang='lat' dir='ltr'><strong>quam</strong></span> 
     </span>
    </p>
   </div>
   <div class='ocr_carea' id='block_1_22' title="bbox 2214 726 3735 796">
    <p class='ocr_par' dir='ltr' id='par_1_22' title="bbox 2214 726 3735 796">
     <span class='ocr_line' id='line_1_22' title="bbox 2214 726 3735 796; baseline 0.008 -15"><span class='ocrx_word' id='word_1_156' title='bbox 2214 726 2435 793; x_wconf 78' lang='lat' dir='ltr'><strong>Subditi,</strong></span> <span class='ocrx_word' id='word_1_157' title='bbox 2497 728 2779 782; x_wconf 82' lang='lat' dir='ltr'><strong>benedicite</strong></span> <span class='ocrx_word' id='word_1_158' title='bbox 2815 729 3095 784; x_wconf 89' lang='lat' dir='ltr'><strong>Dominum</strong></span> <span class='ocrx_word' id='word_1_159' title='bbox 3128 746 3148 784; x_wconf 91' lang='lat'><strong><em>:</em></strong></span> <span class='ocrx_word' id='word_1_160' title='bbox 3179 734 3417 791; x_wconf 82' lang='lat' dir='ltr'><strong>dicentes</strong></span> <span class='ocrx_word' id='word_1_161' title='bbox 3441 738 3585 791; x_wconf 89' lang='lat' dir='ltr'><strong>etiam</strong></span> <span class='ocrx_word' id='word_1_162' title='bbox 3612 753 3735 796; x_wconf 77' lang='lat' dir='ltr'><strong>extr-</strong></span> 
     </span>
    </p>
   </div>
   <div class='ocr_carea' id='block_1_23' title="bbox 2214 813 3733 891">
    <p class='ocr_par' dir='ltr' id='par_1_23' title="bbox 2214 813 3733 891">
     <span class='ocr_line' id='line_1_23' title="bbox 2214 813 3733 891; baseline 0.016 -25"><span class='ocrx_word' id='word_1_163' title='bbox 2214 813 2327 868; x_wconf 89' lang='lat' dir='ltr'><strong>rius</strong></span> <span class='ocrx_word' id='word_1_164' title='bbox 2368 814 2860 881; x_wconf 78' lang='lat' dir='ltr'><strong>orezBenedictus,</strong></span> <span class='ocrx_word' id='word_1_165' title='bbox 2912 818 2965 872; x_wconf 92' lang='lat' dir='ltr'><strong>id</strong></span> <span class='ocrx_word' id='word_1_166' title='bbox 3006 826 3089 874; x_wconf 89' lang='lat' dir='ltr'><strong>est</strong></span> <span class='ocrx_word' id='word_1_167' title='bbox 3128 819 3181 875; x_wconf 90' lang='lat' dir='ltr'><strong>in</strong></span> <span class='ocrx_word' id='word_1_168' title='bbox 3223 830 3474 881; x_wconf 64' lang='lat' dir='ltr'><strong>aeternum</strong></span> <span class='ocrx_word' id='word_1_169' title='bbox 3510 831 3733 891; x_wconf 78' lang='lat' dir='ltr'><strong>exaltatus</strong></span> 
     </span>
    </p>
   </div>
   <div class='ocr_carea' id='block_1_24' title="bbox 2214 906 3735 979">
    <p class='ocr_par' dir='ltr' id='par_1_24' title="bbox 2214 906 3735 979">
     <span class='ocr_line' id='line_1_24' title="bbox 2214 906 3735 979; baseline 0.014 -20"><span class='ocrx_word' id='word_1_170' title='bbox 2214 906 2285 960; x_wconf 89' lang='lat' dir='ltr'><strong>sit</strong></span> <span class='ocrx_word' id='word_1_171' title='bbox 2313 906 2563 961; x_wconf 77' lang='lat' dir='ltr'><strong>Dominus</strong></span> <span class='ocrx_word' id='word_1_172' title='bbox 2584 908 2831 963; x_wconf 81' lang='lat' dir='ltr'><strong>Christus</strong></span> <span class='ocrx_word' id='word_1_173' title='bbox 2859 925 2925 963; x_wconf 77' lang='lat' dir='ltr'><strong>ea:</strong></span> <span class='ocrx_word' id='word_1_174' title='bbox 2953 909 3101 975; x_wconf 87' lang='lat' dir='ltr'><strong>Sion,</strong></span> <span class='ocrx_word' id='word_1_175' title='bbox 3126 912 3179 968; x_wconf 90' lang='lat' dir='ltr'><strong>id</strong></span> <span class='ocrx_word' id='word_1_176' title='bbox 3201 924 3371 971; x_wconf 79' lang='lat' dir='ltr'><strong>estex</strong></span> <span class='ocrx_word' id='word_1_177' title='bbox 3408 917 3589 977; x_wconf 63' lang='lat' dir='ltr'><strong>Judais</strong></span> <span class='ocrx_word' id='word_1_178' title='bbox 3634 940 3735 979; x_wconf 84' lang='lat' dir='ltr'><strong>nas-</strong></span> 
     </span>
    </p>
   </div>
   <div class='ocr_carea' id='block_1_25' title="bbox 2216 1000 3733 1073">
    <p class='ocr_par' dir='ltr' id='par_1_25' title="bbox 2216 1000 3733 1073">
     <span class='ocr_line' id='line_1_25' title="bbox 2216 1000 3733 1073; baseline 0.013 -22"><span class='ocrx_word' id='word_1_179' title='bbox 2216 1011 2344 1052; x_wconf 88' lang='lat' dir='ltr'><strong>cens</strong></span> <span class='ocrx_word' id='word_1_180' title='bbox 2388 1000 2684 1053; x_wconf 88' lang='lat' dir='ltr'><strong>secundum</strong></span> <span class='ocrx_word' id='word_1_181' title='bbox 2714 1000 2855 1068; x_wconf 89' lang='lat' dir='ltr'><strong>quod</strong></span> <span class='ocrx_word' id='word_1_182' title='bbox 2906 1001 3069 1057; x_wconf 88' lang='lat' dir='ltr'><strong>homo</strong></span> <span class='ocrx_word' id='word_1_183' title='bbox 3132 1006 3222 1073; x_wconf 86' lang='lat' dir='ltr'><strong>qui</strong></span> <span class='ocrx_word' id='word_1_184' title='bbox 3277 1008 3435 1063; x_wconf 84' lang='lat' dir='ltr'><strong>etiam</strong></span> <span class='ocrx_word' id='word_1_185' title='bbox 3480 1015 3733 1071; x_wconf 82' lang='lat' dir='ltr'><strong>secundum</strong></span> 
     </span>
    </p>
   </div>
   <div class='ocr_carea' id='block_1_26' title="bbox 2215 1088 3736 1162">
    <p class='ocr_par' dir='ltr' id='par_1_26' title="bbox 2215 1088 3736 1162">
     <span class='ocr_line' id='line_1_26' title="bbox 2215 1088 3736 1162; baseline 0.012 -22"><span class='ocrx_word' id='word_1_186' title='bbox 2215 1088 2357 1157; x_wconf 88' lang='lat' dir='ltr'><strong>quod</strong></span> <span class='ocrx_word' id='word_1_187' title='bbox 2389 1090 2532 1144; x_wconf 89' lang='lat' dir='ltr'><strong>Deus</strong></span> <span class='ocrx_word' id='word_1_188' title='bbox 2568 1090 2766 1143; x_wconf 79' lang='lat' dir='ltr'><strong>habitat</strong></span> <span class='ocrx_word' id='word_1_189' title='bbox 2790 1091 2845 1144; x_wconf 89' lang='lat' dir='ltr'><strong>in</strong></span> <span class='ocrx_word' id='word_1_190' title='bbox 2871 1089 3225 1160; x_wconf 77' lang='lat' dir='ltr'><strong>Hierusalem,</strong></span> <span class='ocrx_word' id='word_1_191' title='bbox 3247 1094 3301 1151; x_wconf 88' lang='lat' dir='ltr'><strong>id</strong></span> <span class='ocrx_word' id='word_1_192' title='bbox 3350 1108 3431 1153; x_wconf 90' lang='lat' dir='ltr'><strong>est</strong></span> <span class='ocrx_word' id='word_1_193' title='bbox 3473 1103 3736 1162; x_wconf 83' lang='lat' dir='ltr'><strong>dominatur</strong></span> 
     </span>
    </p>
   </div>
   <div class='ocr_carea' id='block_1_27' title="bbox 2216 1179 3731 1252">
    <p class='ocr_par' dir='ltr' id='par_1_27' title="bbox 2216 1179 3731 1252">
     <span class='ocr_line' id='line_1_27' title="bbox 2216 1179 3731 1252; baseline 0.013 -20"><span class='ocrx_word' id='word_1_194' title='bbox 2216 1179 2267 1232; x_wconf 89' lang='lat' dir='ltr'><strong>in</strong></span> <span class='ocrx_word' id='word_1_195' title='bbox 2292 1180 2501 1234; x_wconf 88' lang='lat' dir='ltr'><strong>civibus</strong></span> <span class='ocrx_word' id='word_1_196' title='bbox 2532 1180 2770 1236; x_wconf 68' lang='lat' dir='ltr'><strong>cmlestis</strong></span> <span class='ocrx_word' id='word_1_197' title='bbox 2815 1182 3176 1239; x_wconf 76' lang='lat' dir='ltr'><strong>Hierusalem.</strong></span> <span class='ocrx_word' id='word_1_198' title='bbox 3222 1186 3373 1251; x_wconf 85' lang='lat' dir='ltr'><strong>Quod</strong></span> <span class='ocrx_word' id='word_1_199' title='bbox 3411 1199 3492 1244; x_wconf 89' lang='lat' dir='ltr'><strong>est</strong></span> <span class='ocrx_word' id='word_1_200' title='bbox 3517 1192 3673 1250; x_wconf 84' lang='lat' dir='ltr'><strong>dicere</strong></span> <span class='ocrx_word' id='word_1_201' title='bbox 3719 1213 3731 1252; x_wconf 88' lang='lat'><strong>:</strong></span> 
     </span>
    </p>
   </div>
   <div class='ocr_carea' id='block_1_28' title="bbox 2214 1268 3732 1339">
    <p class='ocr_par' dir='ltr' id='par_1_28' title="bbox 2214 1268 3732 1339">
     <span class='ocr_line' id='line_1_28' title="bbox 2214 1268 3732 1339; baseline 0.011 -18"><span class='ocrx_word' id='word_1_202' title='bbox 2214 1268 2618 1324; x_wconf 89' lang='lat' dir='ltr'><strong>Benedicendus</strong></span> <span class='ocrx_word' id='word_1_203' title='bbox 2645 1278 2750 1334; x_wconf 90' lang='lat' dir='ltr'><strong>est,</strong></span> <span class='ocrx_word' id='word_1_204' title='bbox 2773 1272 2915 1339; x_wconf 91' lang='lat' dir='ltr'><strong>quod</strong></span> <span class='ocrx_word' id='word_1_205' title='bbox 2938 1272 3079 1329; x_wconf 87' lang='lat' dir='ltr'><strong>Deus</strong></span> <span class='ocrx_word' id='word_1_206' title='bbox 3094 1284 3176 1329; x_wconf 87' lang='lat' dir='ltr'><strong>est</strong></span> <span class='ocrx_word' id='word_1_207' title='bbox 3196 1286 3251 1330; x_wconf 88' lang='lat' dir='ltr'><strong>et</strong></span> <span class='ocrx_word' id='word_1_208' title='bbox 3271 1276 3445 1332; x_wconf 85' lang='lat' dir='ltr'><strong>homo.</strong></span> <span class='ocrx_word' id='word_1_209' title='bbox 3468 1279 3564 1335; x_wconf 87' lang='lat' dir='ltr'><strong>Per</strong></span> <span class='ocrx_word' id='word_1_210' title='bbox 3581 1282 3732 1338; x_wconf 83' lang='lat' dir='ltr'><strong>Aaron</strong></span> 
     </span>
    </p>
   </div>
   <div class='ocr_carea' id='block_1_29' title="bbox 2215 1358 3732 1438">
    <p class='ocr_par' dir='ltr' id='par_1_29' title="bbox 2215 1358 3732 1438">
     <span class='ocr_line' id='line_1_29' title="bbox 2215 1358 3732 1438; baseline 0.013 -27"><span class='ocrx_word' id='word_1_211' title='bbox 2215 1358 2445 1427; x_wconf 80' lang='lat' dir='ltr'><strong>majores</strong></span> <span class='ocrx_word' id='word_1_212' title='bbox 2474 1360 2680 1430; x_wconf 63' lang='lat' dir='ltr'><strong>praelati</strong></span> <span class='ocrx_word' id='word_1_213' title='bbox 2709 1362 3065 1432; x_wconf 89' lang='lat' dir='ltr'><strong>accipiuntur,</strong></span> <span class='ocrx_word' id='word_1_214' title='bbox 3097 1379 3196 1435; x_wconf 92' lang='lat' dir='ltr'><strong>per</strong></span> <span class='ocrx_word' id='word_1_215' title='bbox 3222 1365 3350 1421; x_wconf 86' lang='lat' dir='ltr'><strong>Levi</strong></span> <span class='ocrx_word' id='word_1_216' title='bbox 3377 1371 3616 1438; x_wconf 87' lang='lat' dir='ltr'><strong>minores,</strong></span> <span class='ocrx_word' id='word_1_217' title='bbox 3632 1388 3732 1430; x_wconf 86' lang='lat' dir='ltr'><strong>cum</strong></span> 
     </span>
    </p>
   </div>
   <div class='ocr_carea' id='block_1_30' title="bbox 2217 1453 3734 1521">
    <p class='ocr_par' dir='ltr' id='par_1_30' title="bbox 2217 1453 3734 1521">
     <span class='ocr_line' id='line_1_30' title="bbox 2217 1453 3734 1521; baseline 0.011 -16"><span class='ocrx_word' id='word_1_218' title='bbox 2217 1460 2393 1507; x_wconf 89' lang='lat' dir='ltr'><strong>tamen</strong></span> <span class='ocrx_word' id='word_1_219' title='bbox 2423 1453 2605 1508; x_wconf 83' lang='lat' dir='ltr'><strong>Aaron</strong></span> <span class='ocrx_word' id='word_1_220' title='bbox 2637 1453 2809 1509; x_wconf 90' lang='lat' dir='ltr'><strong>tribus</strong></span> <span class='ocrx_word' id='word_1_221' title='bbox 2840 1470 2907 1510; x_wconf 80' lang='lat' dir='ltr'><strong>ex</strong></span> <span class='ocrx_word' id='word_1_222' title='bbox 2937 1456 3080 1510; x_wconf 89' lang='lat' dir='ltr'><strong>tribu</strong></span> <span class='ocrx_word' id='word_1_223' title='bbox 3110 1456 3242 1512; x_wconf 86' lang='lat' dir='ltr'><strong>Levi</strong></span> <span class='ocrx_word' id='word_1_224' title='bbox 3291 1459 3470 1515; x_wconf 84' lang='lat' dir='ltr'><strong>fuerit.</strong></span> <span class='ocrx_word' id='word_1_225' title='bbox 3499 1461 3595 1518; x_wconf 86' lang='lat' dir='ltr'><strong>Sed</strong></span> <span class='ocrx_word' id='word_1_226' title='bbox 3636 1481 3734 1521; x_wconf 86' lang='lat' dir='ltr'><strong>cum</strong></span> 
     </span>
    </p>
   </div>
   <div class='ocr_carea' id='block_1_31' title="bbox 2215 1544 3737 1625">
    <p class='ocr_par' dir='ltr' id='par_1_31' title="bbox 2215 1544 3737 1625">
     <span class='ocr_line' id='line_1_31' title="bbox 2215 1544 3737 1625; baseline 0.006 -25"><span class='ocrx_word' id='word_1_227' title='bbox 2215 1544 2426 1613; x_wconf 82' lang='lat' dir='ltr'><strong>dignior</strong></span> <span class='ocrx_word' id='word_1_228' title='bbox 2450 1559 2577 1613; x_wconf 84' lang='lat' dir='ltr'><strong>pars</strong></span> <span class='ocrx_word' id='word_1_229' title='bbox 2607 1545 2782 1601; x_wconf 90' lang='lat' dir='ltr'><strong>tribus</strong></span> <span class='ocrx_word' id='word_1_230' title='bbox 2808 1545 2959 1614; x_wconf 85' lang='lat' dir='ltr'><strong>Levi,</strong></span> <span class='ocrx_word' id='word_1_231' title='bbox 3013 1548 3189 1604; x_wconf 87' lang='lat' dir='ltr'><strong>tribus</strong></span> <span class='ocrx_word' id='word_1_232' title='bbox 3230 1548 3410 1605; x_wconf 85' lang='lat' dir='ltr'><strong>Aaron</strong></span> <span class='ocrx_word' id='word_1_233' title='bbox 3448 1552 3622 1619; x_wconf 81' lang='lat' dir='ltr'><strong>fuerit,</strong></span> <span class='ocrx_word' id='word_1_234' title='bbox 3659 1570 3737 1625; x_wconf 84' lang='lat' dir='ltr'><strong>per</strong></span> 
     </span>
    </p>
   </div>
   <div class='ocr_carea' id='block_1_32' title="bbox 2216 1636 3733 1714">
    <p class='ocr_par' dir='ltr' id='par_1_32' title="bbox 2216 1636 3733 1714">
     <span class='ocr_line' id='line_1_32' title="bbox 2216 1636 3733 1714; baseline 0.007 -25"><span class='ocrx_word' id='word_1_235' title='bbox 2216 1636 2412 1689; x_wconf 87' lang='lat' dir='ltr'><strong>tribum</strong></span> <span class='ocrx_word' id='word_1_236' title='bbox 2443 1637 2622 1691; x_wconf 84' lang='lat' dir='ltr'><strong>Aaron</strong></span> <span class='ocrx_word' id='word_1_237' title='bbox 2651 1650 2889 1707; x_wconf 79' lang='lat' dir='ltr'><strong>congrue</strong></span> <span class='ocrx_word' id='word_1_238' title='bbox 2904 1637 3136 1705; x_wconf 90' lang='lat' dir='ltr'><strong>majores</strong></span> <span class='ocrx_word' id='word_1_239' title='bbox 3154 1641 3360 1709; x_wconf 70' lang='lat' dir='ltr'><strong>praelati</strong></span> <span class='ocrx_word' id='word_1_240' title='bbox 3393 1642 3733 1714; x_wconf 75' lang='lat' dir='ltr'><strong>intelligun&#39;u‘;</strong></span> 
     </span>
    </p>
   </div>
   <div class='ocr_carea' id='block_1_33' title="bbox 536 1705 3739 1805">
    <p class='ocr_par' dir='ltr' id='par_1_33' title="bbox 536 1705 3739 1805">
     <span class='ocr_line' id='line_1_33' title="bbox 536 1705 3739 1805; baseline -0 -15"><span class='ocrx_word' id='word_1_241' title='bbox 536 1734 757 1790; x_wconf 87' lang='lat' dir='ltr'><strong>cisionis</strong></span> <span class='ocrx_word' id='word_1_242' title='bbox 792 1749 969 1801; x_wconf 83' lang='lat' dir='ltr'><strong>regem</strong></span> <span class='ocrx_word' id='word_1_243' title='bbox 995 1745 1041 1787; x_wconf 89' lang='lat' dir='ltr'><strong>et</strong></span> <span class='ocrx_word' id='word_1_244' title='bbox 1072 1735 1334 1802; x_wconf 82' lang='lat' dir='ltr'><strong>gentium,</strong></span> <span class='ocrx_word' id='word_1_245' title='bbox 1368 1750 1486 1803; x_wconf 81' lang='lat' dir='ltr'><strong>quae</strong></span> <span class='ocrx_word' id='word_1_246' title='bbox 1499 1708 1803 1805; x_wconf 48' lang='lat' dir='ltr'><strong>contigit&#39;ad</strong></span> <span class='ocrx_word' id='word_1_247' title='bbox 1831 1733 2111 1787; x_wconf 84' lang='lat' dir='ltr'><strong>historiam</strong></span> <span class='ocrx_word' id='word_1_248' title='bbox 2146 1705 2189 1758; x_wconf 78' lang='grc' dir='ltr'>Β</span> <span class='ocrx_word' id='word_1_249' title='bbox 2216 1727 2447 1796; x_wconf 88' lang='lat' dir='ltr'><strong>ideoque</strong></span> <span class='ocrx_word' id='word_1_250' title='bbox 2469 1742 2572 1781; x_wconf 77' lang='lat' dir='ltr'><strong>vox</strong></span> <span class='ocrx_word' id='word_1_251' title='bbox 2598 1727 2697 1781; x_wconf 90' lang='lat' dir='ltr'><strong>ista</strong></span> <span class='ocrx_word' id='word_1_252' title='bbox 2723 1742 2843 1797; x_wconf 71' lang='lat' dir='ltr'><strong>quae</strong></span> <span class='ocrx_word' id='word_1_253' title='bbox 2870 1735 2956 1784; x_wconf 87' lang='lat' dir='ltr'><strong>est</strong></span> <span class='ocrx_word' id='word_1_254' title='bbox 2982 1727 3113 1784; x_wconf 83' lang='lat' dir='ltr'><strong>Levi</strong></span> <span class='ocrx_word' id='word_1_255' title='bbox 3138 1730 3207 1786; x_wconf 88' lang='lat' dir='ltr'><strong>ad</strong></span> <span class='ocrx_word' id='word_1_256' title='bbox 3252 1705 3635 1802; x_wconf 74' lang='lat' dir='ltr'><strong>signiﬁcandum</strong></span> <span class='ocrx_word' id='word_1_257' title='bbox 3659 1735 3739 1789; x_wconf 87' lang='lat' dir='ltr'><strong>tui-</strong></span> 
     </span>
    </p>
   </div>
   <div class='ocr_carea' id='block_1_34' title="bbox 541 1817 2110 1895">
    <p class='ocr_par' dir='ltr' id='par_1_34' title="bbox 541 1817 2110 1895">
     <span class='ocr_line' id='line_1_34' title="bbox 541 1817 2110 1895; baseline 0.001 -17"><span class='ocrx_word' id='word_1_258' title='bbox 541 1817 967 1894; x_wconf 82' lang='lat' dir='ltr'><strong>iugredientihus</strong></span> <span class='ocrx_word' id='word_1_259' title='bbox 988 1825 1115 1893; x_wconf 76' lang='lat' dir='ltr'><strong>ﬁliis</strong></span> <span class='ocrx_word' id='word_1_260' title='bbox 1148 1824 1311 1881; x_wconf 86' lang='lat' dir='ltr'><strong>lsrael</strong></span> <span class='ocrx_word' id='word_1_261' title='bbox 1349 1825 1405 1880; x_wconf 87' lang='lat' dir='ltr'><strong>in</strong></span> <span class='ocrx_word' id='word_1_262' title='bbox 1456 1833 1656 1879; x_wconf 87' lang='lat' dir='ltr'><strong>terram</strong></span> <span class='ocrx_word' id='word_1_263' title='bbox 1713 1824 2110 1895; x_wconf 86' lang='lat' dir='ltr'><strong>promissionis,</strong></span> 
     </span>
    </p>
   </div>
   <div class='ocr_carea' id='block_1_35' title="bbox 538 1912 2113 1983">
    <p class='ocr_par' dir='ltr' id='par_1_35' title="bbox 538 1912 2113 1983">
     <span class='ocr_line' id='line_1_35' title="bbox 538 1912 2113 1983; baseline 0.001 -16"><span class='ocrx_word' id='word_1_264' title='bbox 538 1912 687 1967; x_wconf 83' lang='lat' dir='ltr'><strong>illam</strong></span> <span class='ocrx_word' id='word_1_265' title='bbox 737 1913 1018 1968; x_wconf 82' lang='lat' dir='ltr'><strong>historiam</strong></span> <span class='ocrx_word' id='word_1_266' title='bbox 1072 1915 1265 1983; x_wconf 74' lang='lat' dir='ltr'><strong>szrpins</strong></span> <span class='ocrx_word' id='word_1_267' title='bbox 1291 1916 1357 1968; x_wconf 90' lang='lat' dir='ltr'><strong>ad</strong></span> <span class='ocrx_word' id='word_1_268' title='bbox 1390 1915 1706 1970; x_wconf 84' lang='lat' dir='ltr'><strong>memoriam</strong></span> <span class='ocrx_word' id='word_1_269' title='bbox 1738 1914 1965 1969; x_wconf 86' lang='lat' dir='ltr'><strong>reducit.</strong></span> <span class='ocrx_word' id='word_1_270' title='bbox 1995 1914 2113 1969; x_wconf 81' lang='lat' dir='ltr'><strong>Non</strong></span> 
     </span>
    </p>
   </div>
   <div class='ocr_carea' id='block_1_36' title="bbox 541 2005 2116 2077">
    <p class='ocr_par' dir='ltr' id='par_1_36' title="bbox 541 2005 2116 2077">
     <span class='ocr_line' id='line_1_36' title="bbox 541 2005 2116 2077; baseline 0 -18"><span class='ocrx_word' id='word_1_271' title='bbox 541 2005 715 2059; x_wconf 86' lang='lat' dir='ltr'><strong>solum</strong></span> <span class='ocrx_word' id='word_1_272' title='bbox 778 2016 998 2071; x_wconf 86' lang='lat' dir='ltr'><strong>autem,</strong></span> <span class='ocrx_word' id='word_1_273' title='bbox 1061 2006 1414 2069; x_wconf 87' lang='lat' dir='ltr'><strong>oauditores,</strong></span> <span class='ocrx_word' id='word_1_274' title='bbox 1460 2006 1566 2060; x_wconf 89' lang='lat' dir='ltr'><strong>erit</strong></span> <span class='ocrx_word' id='word_1_275' title='bbox 1617 2006 1783 2077; x_wconf 82' lang='lat' dir='ltr'><strong>gloria</strong></span> <span class='ocrx_word' id='word_1_276' title='bbox 1810 2005 2021 2060; x_wconf 90' lang='lat' dir='ltr'><strong>Domini</strong></span> <span class='ocrx_word' id='word_1_277' title='bbox 2061 2007 2116 2059; x_wconf 91' lang='lat' dir='ltr'><strong>in</strong></span> 
     </span>
    </p>
   </div>
   <div class='ocr_carea' id='block_1_37' title="bbox 542 2092 2116 2167">
    <p class='ocr_par' dir='ltr' id='par_1_37' title="bbox 542 2092 2116 2167">
     <span class='ocr_line' id='line_1_37' title="bbox 542 2092 2116 2167; baseline 0.003 -18"><span class='ocrx_word' id='word_1_278' title='bbox 542 2092 792 2149; x_wconf 72' lang='lat' dir='ltr'><strong>a&#39;lernam</strong></span> <span class='ocrx_word' id='word_1_279' title='bbox 818 2108 1036 2167; x_wconf 84' lang='lat' dir='ltr'><strong>prepter</strong></span> <span class='ocrx_word' id='word_1_280' title='bbox 1062 2095 1371 2166; x_wconf 82' lang='lat' dir='ltr'><strong>supradicta</strong></span> <span class='ocrx_word' id='word_1_281' title='bbox 1413 2097 1807 2162; x_wconf 86' lang='lat' dir='ltr'><strong>beneﬁcia,sed</strong></span> <span class='ocrx_word' id='word_1_282' title='bbox 1836 2097 1955 2151; x_wconf 89' lang='lat' dir='ltr'><strong>ideo</strong></span> <span class='ocrx_word' id='word_1_283' title='bbox 1982 2110 2116 2166; x_wconf 81' lang='lat' dir='ltr'><strong>quo-</strong></span> 
     </span>
    </p>
   </div>
   <div class='ocr_carea' id='block_1_38' title="bbox 543 2187 2116 2258">
    <p class='ocr_par' dir='ltr' id='par_1_38' title="bbox 543 2187 2116 2258">
     <span class='ocr_line' id='line_1_38' title="bbox 543 2187 2116 2258; baseline 0.004 -21"><span class='ocrx_word' id='word_1_284' title='bbox 543 2200 670 2255; x_wconf 84' lang='lat' dir='ltr'><strong>que,</strong></span> <span class='ocrx_word' id='word_1_285' title='bbox 710 2189 834 2258; x_wconf 87' lang='lat' dir='ltr'><strong>quia</strong></span> <span class='ocrx_word' id='word_1_286' title='bbox 869 2187 1120 2241; x_wconf 85' lang='lat' dir='ltr'><strong>Dominus</strong></span> <span class='ocrx_word' id='word_1_287' title='bbox 1142 2187 1427 2257; x_wconf 84' lang='lat' dir='ltr'><strong>judicabit,</strong></span> <span class='ocrx_word' id='word_1_288' title='bbox 1453 2188 1503 2242; x_wconf 90' lang='lat' dir='ltr'><strong>id</strong></span> <span class='ocrx_word' id='word_1_289' title='bbox 1532 2199 1617 2242; x_wconf 81' lang='lat' dir='ltr'><strong>est</strong></span> <span class='ocrx_word' id='word_1_290' title='bbox 1637 2188 2116 2258; x_wconf 87' lang='lat' dir='ltr'><strong>justojudiciosno</strong></span> 
     </span>
    </p>
   </div>
   <div class='ocr_carea' id='block_1_39' title="bbox 544 2278 2116 2350">
    <p class='ocr_par' dir='ltr' id='par_1_39' title="bbox 544 2278 2116 2350">
     <span class='ocr_line' id='line_1_39' title="bbox 544 2278 2116 2350; baseline 0.001 -18"><span class='ocrx_word' id='word_1_291' title='bbox 544 2279 806 2349; x_wconf 82' lang='lat' dir='ltr'><strong>dignitate</strong></span> <span class='ocrx_word' id='word_1_292' title='bbox 834 2289 887 2333; x_wconf 90' lang='lat' dir='ltr'><strong>ct</strong></span> <span class='ocrx_word' id='word_1_293' title='bbox 910 2279 1075 2349; x_wconf 78' lang='lat' dir='ltr'><strong>gloria</strong></span> <span class='ocrx_word' id='word_1_294' title='bbox 1116 2278 1425 2335; x_wconf 85' lang='lat' dir='ltr'><strong>sublimabit</strong></span> <span class='ocrx_word' id='word_1_295' title='bbox 1456 2279 1703 2348; x_wconf 86' lang='lat' dir='ltr'><strong>papulum</strong></span> <span class='ocrx_word' id='word_1_296' title='bbox 1727 2296 1878 2334; x_wconf 85' lang='lat' dir='ltr'><strong>suum</strong></span> <span class='ocrx_word' id='word_1_297' title='bbox 1902 2320 1917 2345; x_wconf 95' lang='lat'><strong>,</strong></span> <span class='ocrx_word' id='word_1_298' title='bbox 1947 2296 2116 2350; x_wconf 87' lang='lat' dir='ltr'><strong>popu-</strong></span> 
     </span>
    </p>
   </div>
   <div class='ocr_carea' id='block_1_40' title="bbox 542 2366 2114 2440">
    <p class='ocr_par' dir='ltr' id='par_1_40' title="bbox 542 2366 2114 2440">
     <span class='ocr_line' id='line_1_40' title="bbox 542 2366 2114 2440; baseline 0.004 -21"><span class='ocrx_word' id='word_1_299' title='bbox 542 2366 652 2422; x_wconf 89' lang='lat' dir='ltr'><strong>lum</strong></span> <span class='ocrx_word' id='word_1_300' title='bbox 703 2368 908 2423; x_wconf 81' lang='lat' dir='ltr'><strong>scilicet</strong></span> <span class='ocrx_word' id='word_1_301' title='bbox 941 2370 1198 2433; x_wconf 75' lang='lat' dir='ltr'><strong>lidclium,</strong></span> <span class='ocrx_word' id='word_1_302' title='bbox 1231 2377 1515 2440; x_wconf 84' lang='lat' dir='ltr'><strong>postquam</strong></span> <span class='ocrx_word' id='word_1_303' title='bbox 1543 2372 1610 2423; x_wconf 88' lang='lat' dir='ltr'><strong>ab</strong></span> <span class='ocrx_word' id='word_1_304' title='bbox 1642 2370 1743 2425; x_wconf 88' lang='lat' dir='ltr'><strong>hac</strong></span> <span class='ocrx_word' id='word_1_305' title='bbox 1770 2371 1880 2425; x_wconf 91' lang='lat' dir='ltr'><strong>vita</strong></span> <span class='ocrx_word' id='word_1_306' title='bbox 1915 2371 2114 2425; x_wconf 88' lang='lat' dir='ltr'><strong>disces-</strong></span> 
     </span>
    </p>
   </div>
   <div class='ocr_carea' id='block_1_41' title="bbox 541 2458 2116 2530">
    <p class='ocr_par' dir='ltr' id='par_1_41' title="bbox 541 2458 2116 2530">
     <span class='ocr_line' id='line_1_41' title="bbox 541 2458 2116 2530; baseline 0.003 -19"><span class='ocrx_word' id='word_1_307' title='bbox 541 2458 735 2523; x_wconf 85' lang='lat' dir='ltr'><strong>serint,</strong></span> <span class='ocrx_word' id='word_1_308' title='bbox 790 2458 930 2512; x_wconf 89' lang='lat' dir='ltr'><strong>unde</strong></span> <span class='ocrx_word' id='word_1_309' title='bbox 955 2459 1020 2512; x_wconf 91' lang='lat' dir='ltr'><strong>ab</strong></span> <span class='ocrx_word' id='word_1_310' title='bbox 1082 2458 1389 2513; x_wconf 85' lang='lat' dir='ltr'><strong>hominibus</strong></span> <span class='ocrx_word' id='word_1_311' title='bbox 1418 2458 1470 2512; x_wconf 91' lang='lat' dir='ltr'><strong>in</strong></span> <span class='ocrx_word' id='word_1_312' title='bbox 1505 2458 1607 2514; x_wconf 89' lang='lat' dir='ltr'><strong>hac</strong></span> <span class='ocrx_word' id='word_1_313' title='bbox 1636 2460 1744 2513; x_wconf 87' lang='lat' dir='ltr'><strong>vita</strong></span> <span class='ocrx_word' id='word_1_314' title='bbox 1798 2460 2116 2530; x_wconf 78' lang='lat' dir='ltr'><strong>degentibus</strong></span> 
     </span>
    </p>
   </div>
   <div class='ocr_carea' id='block_1_42' title="bbox 540 2546 2114 2619">
    <p class='ocr_par' dir='ltr' id='par_1_42' title="bbox 540 2546 2114 2619">
     <span class='ocr_line' id='line_1_42' title="bbox 540 2546 2114 2619; baseline 0.004 -18"><span class='ocrx_word' id='word_1_315' title='bbox 540 2546 968 2619; x_wconf 85' lang='lat' dir='ltr'><strong>glorilicahitur;</strong></span> <span class='ocrx_word' id='word_1_316' title='bbox 1010 2560 1056 2603; x_wconf 85' lang='lat' dir='ltr'><strong>et</strong></span> <span class='ocrx_word' id='word_1_317' title='bbox 1104 2550 1241 2604; x_wconf 85' lang='lat' dir='ltr'><strong>adeo</strong></span> <span class='ocrx_word' id='word_1_318' title='bbox 1270 2549 1519 2619; x_wconf 77' lang='lat' dir='ltr'><strong>populant</strong></span> <span class='ocrx_word' id='word_1_319' title='bbox 1574 2566 1854 2605; x_wconf 82' lang='lat' dir='ltr'><strong>servorum</strong></span> <span class='ocrx_word' id='word_1_320' title='bbox 1896 2566 2114 2607; x_wconf 90' lang='lat' dir='ltr'><strong>suorum</strong></span> 
     </span>
    </p>
   </div>
   <div class='ocr_carea' id='block_1_43' title="bbox 535 2639 2116 2711">
    <p class='ocr_par' dir='ltr' id='par_1_43' title="bbox 535 2639 2116 2711">
     <span class='ocr_line' id='line_1_43' title="bbox 535 2639 2116 2711; baseline 0.001 -16"><span class='ocrx_word' id='word_1_321' title='bbox 535 2639 909 2711; x_wconf 65' lang='lat' dir='ltr'><strong>juslojudirio</strong></span> <span class='ocrx_word' id='word_1_322' title='bbox 941 2640 1272 2702; x_wconf 90' lang='lat' dir='ltr'><strong>sublimabit,</strong></span> <span class='ocrx_word' id='word_1_323' title='bbox 1299 2642 1440 2710; x_wconf 89' lang='lat' dir='ltr'><strong>quod</strong></span> <span class='ocrx_word' id='word_1_324' title='bbox 1464 2643 1516 2694; x_wconf 88' lang='lat' dir='ltr'><strong>in</strong></span> <span class='ocrx_word' id='word_1_325' title='bbox 1550 2642 1655 2696; x_wconf 90' lang='lat' dir='ltr'><strong>illis</strong></span> <span class='ocrx_word' id='word_1_326' title='bbox 1700 2644 1859 2696; x_wconf 80' lang='lat' dir='ltr'><strong>servis</strong></span> <span class='ocrx_word' id='word_1_327' title='bbox 1891 2645 1998 2697; x_wconf 87' lang='lat' dir='ltr'><strong>suis</strong></span> <span class='ocrx_word' id='word_1_328' title='bbox 2026 2644 2116 2697; x_wconf 87' lang='lat' dir='ltr'><strong>de-</strong></span> 
     </span>
    </p>
   </div>
   <div class='ocr_carea' id='block_1_44' title="bbox 542 2729 2113 2803">
    <p class='ocr_par' dir='ltr' id='par_1_44' title="bbox 542 2729 2113 2803">
     <span class='ocr_line' id='line_1_44' title="bbox 542 2729 2113 2803; baseline 0.003 -19"><span class='ocrx_word' id='word_1_329' title='bbox 542 2731 864 2803; x_wconf 76' lang='lat' dir='ltr'><strong>precabitur,</strong></span> <span class='ocrx_word' id='word_1_330' title='bbox 903 2729 956 2784; x_wconf 88' lang='lat' dir='ltr'><strong>id</strong></span> <span class='ocrx_word' id='word_1_331' title='bbox 996 2738 1081 2784; x_wconf 81' lang='lat' dir='ltr'><strong>est</strong></span> <span class='ocrx_word' id='word_1_332' title='bbox 1116 2729 1470 2799; x_wconf 83' lang='lat' dir='ltr'><strong>deprecabilis</strong></span> <span class='ocrx_word' id='word_1_333' title='bbox 1508 2731 1611 2784; x_wconf 88' lang='lat' dir='ltr'><strong>erit</strong></span> <span class='ocrx_word' id='word_1_334' title='bbox 1661 2734 2010 2801; x_wconf 84' lang='lat' dir='ltr'><strong>poscentibus</strong></span> <span class='ocrx_word' id='word_1_335' title='bbox 2060 2732 2113 2789; x_wconf 85' lang='lat' dir='ltr'><strong>in</strong></span> 
     </span>
    </p>
   </div>
   <div class='ocr_carea' id='block_1_45' title="bbox 538 2824 2116 2899">
    <p class='ocr_par' dir='ltr' id='par_1_45' title="bbox 538 2824 2116 2899">
     <span class='ocr_line' id='line_1_45' title="bbox 538 2824 2116 2899; baseline -0.002 -18"><span class='ocrx_word' id='word_1_336' title='bbox 538 2824 755 2882; x_wconf 85' lang='lat' dir='ltr'><strong>meritis</strong></span> <span class='ocrx_word' id='word_1_337' title='bbox 783 2838 1061 2899; x_wconf 86' lang='lat' dir='ltr'><strong>servorum</strong></span> <span class='ocrx_word' id='word_1_338' title='bbox 1090 2837 1330 2889; x_wconf 88' lang='lat' dir='ltr'><strong>suorum,</strong></span> <span class='ocrx_word' id='word_1_339' title='bbox 1358 2832 1418 2876; x_wconf 90' lang='lat' dir='ltr'><strong>ut</strong></span> <span class='ocrx_word' id='word_1_340' title='bbox 1442 2824 1518 2877; x_wconf 91' lang='lat' dir='ltr'><strong>eis</strong></span> <span class='ocrx_word' id='word_1_341' title='bbox 1547 2838 1735 2879; x_wconf 89' lang='lat' dir='ltr'><strong>eorum</strong></span> <span class='ocrx_word' id='word_1_342' title='bbox 1776 2826 2116 2880; x_wconf 66' lang='lat' dir='ltr'><strong>interceden-</strong></span> 
     </span>
    </p>
   </div>
   <div class='ocr_carea' id='block_1_46' title="bbox 539 2910 2110 2985">
    <p class='ocr_par' dir='ltr' id='par_1_46' title="bbox 539 2910 2110 2985">
     <span class='ocr_line' id='line_1_46' title="bbox 539 2910 2110 2985; baseline 0.001 -19"><span class='ocrx_word' id='word_1_343' title='bbox 539 2913 686 2967; x_wconf 91' lang='lat' dir='ltr'><strong>tibus</strong></span> <span class='ocrx_word' id='word_1_344' title='bbox 708 2911 917 2967; x_wconf 89' lang='lat' dir='ltr'><strong>meritis</strong></span> <span class='ocrx_word' id='word_1_345' title='bbox 954 2911 1211 2965; x_wconf 86' lang='lat' dir='ltr'><strong>concedat</strong></span> <span class='ocrx_word' id='word_1_346' title='bbox 1234 2910 1375 2979; x_wconf 90' lang='lat' dir='ltr'><strong>quod</strong></span> <span class='ocrx_word' id='word_1_347' title='bbox 1410 2913 1781 2982; x_wconf 83' lang='lat' dir='ltr'><strong>postulabunt.</strong></span> <span class='ocrx_word' id='word_1_348' title='bbox 1815 2914 1962 2969; x_wconf 89' lang='lat' dir='ltr'><strong>Unde</strong></span> <span class='ocrx_word' id='word_1_349' title='bbox 1988 2915 2110 2985; x_wconf 87' lang='lat' dir='ltr'><strong>qni-</strong></span> 
     </span>
    </p>
   </div>
   <div class='ocr_carea' id='block_1_47' title="bbox 538 2994 2182 3099">
    <p class='ocr_par' dir='ltr' id='par_1_47' title="bbox 538 2994 2182 3099">
     <span class='ocr_line' id='line_1_47' title="bbox 538 2994 2182 3099; baseline -0.001 -40"><span class='ocrx_word' id='word_1_350' title='bbox 538 3005 664 3059; x_wconf 89' lang='lat' dir='ltr'><strong>dem</strong></span> <span class='ocrx_word' id='word_1_351' title='bbox 715 3004 879 3059; x_wconf 83' lang='lat' dir='ltr'><strong>habet</strong></span> <span class='ocrx_word' id='word_1_352' title='bbox 922 3018 1051 3057; x_wconf 84' lang='lat' dir='ltr'><strong>usus</strong></span> <span class='ocrx_word' id='word_1_353' title='bbox 1099 3004 1346 3057; x_wconf 91' lang='lat' dir='ltr'><strong>vivorum</strong></span> <span class='ocrx_word' id='word_1_354' title='bbox 1386 3003 1645 3070; x_wconf 91' lang='lat' dir='ltr'><strong>ﬁdelium,</strong></span> <span class='ocrx_word' id='word_1_355' title='bbox 1683 2994 1739 3058; x_wconf 87' lang='lat' dir='ltr'><strong>ut</strong></span> <span class='ocrx_word' id='word_1_356' title='bbox 1766 3016 1981 3060; x_wconf 81' lang='lat' dir='ltr'><strong>sanctos</strong></span> <span class='ocrx_word' id='word_1_357' title='bbox 2018 3004 2108 3075; x_wconf 86' lang='lat' dir='ltr'><strong>qui</strong></span> <span class='ocrx_word' id='word_1_358' title='bbox 2136 3036 2182 3099; x_wconf 66' lang='grc' dir='ltr'>ο</span> 
     </span>
    </p>
   </div>
   <div class='ocr_carea' id='block_1_48' title="bbox 532 3095 2111 3167">
    <p class='ocr_par' dir='ltr' id='par_1_48' title="bbox 532 3095 2111 3167">
     <span class='ocr_line' id='line_1_48' title="bbox 532 3095 2111 3167; baseline 0.001 -15"><span class='ocrx_word' id='word_1_359' title='bbox 532 3095 646 3167; x_wconf 87' lang='lat' dir='ltr'><strong>jam</strong></span> <span class='ocrx_word' id='word_1_360' title='bbox 674 3097 743 3152; x_wconf 87' lang='lat' dir='ltr'><strong>ab</strong></span> <span class='ocrx_word' id='word_1_361' title='bbox 773 3097 875 3151; x_wconf 82' lang='lat' dir='ltr'><strong>hac</strong></span> <span class='ocrx_word' id='word_1_362' title='bbox 907 3095 1015 3150; x_wconf 81' lang='lat' dir='ltr'><strong>vita</strong></span> <span class='ocrx_word' id='word_1_363' title='bbox 1046 3095 1401 3162; x_wconf 87' lang='lat' dir='ltr'><strong>diccsserunt,</strong></span> <span class='ocrx_word' id='word_1_364' title='bbox 1440 3112 1540 3167; x_wconf 92' lang='lat' dir='ltr'><strong>pro</strong></span> <span class='ocrx_word' id='word_1_365' title='bbox 1563 3113 1622 3153; x_wconf 86' lang='lat' dir='ltr'><strong>se</strong></span> <span class='ocrx_word' id='word_1_366' title='bbox 1653 3098 1935 3167; x_wconf 86' lang='lat' dir='ltr'><strong>Dominum</strong></span> <span class='ocrx_word' id='word_1_367' title='bbox 1952 3113 2111 3154; x_wconf 85' lang='lat' dir='ltr'><strong>orare</strong></span> 
     </span>
    </p>
   </div>
   <div class='ocr_carea' id='block_1_49' title="bbox 537 3199 749 3260">
    <p class='ocr_par' dir='ltr' id='par_1_49' title="bbox 537 3199 749 3260">
     <span class='ocr_line' id='line_1_49' title="bbox 537 3199 749 3260; baseline -0.005 -14"><span class='ocrx_word' id='word_1_368' title='bbox 537 3199 749 3260; x_wconf 78' lang='lat' dir='ltr'><strong>rogent.</strong></span> 
     </span>
    </p>
   </div>
   <div class='ocr_carea' id='block_1_50' title="bbox 610 3280 2108 3347">
    <p class='ocr_par' dir='ltr' id='par_1_50' title="bbox 610 3280 2108 3347">
     <span class='ocr_line' id='line_1_50' title="bbox 610 3280 2108 3347; baseline -0.001 -11"><span class='ocrx_word' id='word_1_369' title='bbox 610 3283 775 3337; x_wconf 84' lang='lat' dir='ltr'><strong>Facta</strong></span> <span class='ocrx_word' id='word_1_370' title='bbox 806 3280 1188 3337; x_wconf 80' lang='lat' dir='ltr'><strong>exhortatione</strong></span> <span class='ocrx_word' id='word_1_371' title='bbox 1216 3296 1311 3337; x_wconf 83' lang='lat' dir='ltr'><strong>sua</strong></span> <span class='ocrx_word' id='word_1_372' title='bbox 1335 3280 1402 3337; x_wconf 85' lang='lat' dir='ltr'><strong>ad</strong></span> <span class='ocrx_word' id='word_1_373' title='bbox 1440 3281 1769 3336; x_wconf 88' lang='lat' dir='ltr'><strong>laudandum</strong></span> <span class='ocrx_word' id='word_1_374' title='bbox 1800 3280 2108 3347; x_wconf 91' lang='lat' dir='ltr'><strong>Dominum,</strong></span> 
     </span>
    </p>
   </div>
   <div class='ocr_carea' id='block_1_51' title="bbox 540 3369 2112 3441">
    <p class='ocr_par' dir='ltr' id='par_1_51' title="bbox 540 3369 2112 3441">
     <span class='ocr_line' id='line_1_51' title="bbox 540 3369 2112 3441; baseline 0.001 -16"><span class='ocrx_word' id='word_1_375' title='bbox 540 3381 601 3426; x_wconf 91' lang='lat' dir='ltr'><strong>ut</strong></span> <span class='ocrx_word' id='word_1_376' title='bbox 631 3370 904 3425; x_wconf 85' lang='lat' dir='ltr'><strong>auditores</strong></span> <span class='ocrx_word' id='word_1_377' title='bbox 937 3370 1003 3424; x_wconf 90' lang='lat' dir='ltr'><strong>ah</strong></span> <span class='ocrx_word' id='word_1_378' title='bbox 1046 3369 1348 3423; x_wconf 86' lang='lat' dir='ltr'><strong>idololatria</strong></span> <span class='ocrx_word' id='word_1_379' title='bbox 1400 3370 1615 3441; x_wconf 89' lang='lat' dir='ltr'><strong>penitus</strong></span> <span class='ocrx_word' id='word_1_380' title='bbox 1653 3372 1978 3435; x_wconf 84' lang='lat' dir='ltr'><strong>revocando,</strong></span> <span class='ocrx_word' id='word_1_381' title='bbox 2018 3384 2112 3427; x_wconf 89' lang='lat' dir='ltr'><strong>eos</strong></span> 
     </span>
    </p>
   </div>
   <div class='ocr_carea' id='block_1_52' title="bbox 542 3458 2112 3530">
    <p class='ocr_par' dir='ltr' id='par_1_52' title="bbox 542 3458 2112 3530">
     <span class='ocr_line' id='line_1_52' title="bbox 542 3458 2112 3530; baseline 0 -16"><span class='ocrx_word' id='word_1_382' title='bbox 542 3459 715 3530; x_wconf 85' lang='lat' dir='ltr'><strong>magis</strong></span> <span class='ocrx_word' id='word_1_383' title='bbox 744 3459 811 3513; x_wconf 89' lang='lat' dir='ltr'><strong>ad</strong></span> <span class='ocrx_word' id='word_1_384' title='bbox 847 3458 941 3513; x_wconf 88' lang='lat' dir='ltr'><strong>Dei</strong></span> <span class='ocrx_word' id='word_1_385' title='bbox 967 3458 1177 3514; x_wconf 89' lang='lat' dir='ltr'><strong>laudem</strong></span> <span class='ocrx_word' id='word_1_386' title='bbox 1208 3459 1469 3525; x_wconf 88' lang='lat' dir='ltr'><strong>attrahat,</strong></span> <span class='ocrx_word' id='word_1_387' title='bbox 1495 3458 1815 3514; x_wconf 88' lang='lat' dir='ltr'><strong>immoratur</strong></span> <span class='ocrx_word' id='word_1_388' title='bbox 1860 3460 1913 3514; x_wconf 89' lang='lat' dir='ltr'><strong>in</strong></span> <span class='ocrx_word' id='word_1_389' title='bbox 1945 3460 2112 3515; x_wconf 79' lang='lat' dir='ltr'><strong>idolo~</strong></span> 
     </span>
    </p>
   </div>
   <div class='ocr_carea' id='block_1_53' title="bbox 542 3547 2113 3619">
    <p class='ocr_par' dir='ltr' id='par_1_53' title="bbox 542 3547 2113 3619">
     <span class='ocr_line' id='line_1_53' title="bbox 542 3547 2113 3619; baseline 0.003 -18"><span class='ocrx_word' id='word_1_390' title='bbox 542 3562 659 3601; x_wconf 90' lang='lat' dir='ltr'><strong>rum</strong></span> <span class='ocrx_word' id='word_1_391' title='bbox 686 3548 1047 3616; x_wconf 89' lang='lat' dir='ltr'><strong>depressione,</strong></span> <span class='ocrx_word' id='word_1_392' title='bbox 1079 3547 1158 3602; x_wconf 89' lang='lat' dir='ltr'><strong>sic</strong></span> <span class='ocrx_word' id='word_1_393' title='bbox 1197 3565 1213 3603; x_wconf 88' lang='lat'><strong>:</strong></span> <span class='ocrx_word' id='word_1_394' title='bbox 1250 3547 1373 3601; x_wconf 74' lang='lat' dir='ltr'><strong>Dixi</strong></span> <span class='ocrx_word' id='word_1_395' title='bbox 1405 3588 1418 3612; x_wconf 87' lang='lat'><strong>,</strong></span> <span class='ocrx_word' id='word_1_396' title='bbox 1449 3563 1482 3603; x_wconf 94' lang='lat' dir='ltr'><strong>o</strong></span> <span class='ocrx_word' id='word_1_397' title='bbox 1508 3548 1805 3615; x_wconf 86' lang='lat' dir='ltr'><strong>auditores,</strong></span> <span class='ocrx_word' id='word_1_398' title='bbox 1831 3550 1972 3619; x_wconf 85' lang='lat' dir='ltr'><strong>quod</strong></span> <span class='ocrx_word' id='word_1_399' title='bbox 2011 3550 2113 3605; x_wconf 80' lang='lat' dir='ltr'><strong>Do-</strong></span> 
     </span>
    </p>
   </div>
   <div class='ocr_carea' id='block_1_54' title="bbox 545 3635 2112 3711">
    <p class='ocr_par' dir='ltr' id='par_1_54' title="bbox 545 3635 2112 3711">
     <span class='ocr_line' id='line_1_54' title="bbox 545 3635 2112 3711; baseline 0.004 -23"><span class='ocrx_word' id='word_1_400' title='bbox 545 3635 723 3689; x_wconf 88' lang='lat' dir='ltr'><strong>minus</strong></span> <span class='ocrx_word' id='word_1_401' title='bbox 769 3637 901 3690; x_wconf 89' lang='lat' dir='ltr'><strong>adeo</strong></span> <span class='ocrx_word' id='word_1_402' title='bbox 956 3647 1143 3707; x_wconf 90' lang='lat' dir='ltr'><strong>potens</strong></span> <span class='ocrx_word' id='word_1_403' title='bbox 1199 3645 1284 3692; x_wconf 90' lang='lat' dir='ltr'><strong>est</strong></span> <span class='ocrx_word' id='word_1_404' title='bbox 1344 3637 1487 3707; x_wconf 87' lang='lat' dir='ltr'><strong>quod</strong></span> <span class='ocrx_word' id='word_1_405' title='bbox 1544 3640 1717 3693; x_wconf 78' lang='lat' dir='ltr'><strong>ontnia</strong></span> <span class='ocrx_word' id='word_1_406' title='bbox 1782 3655 2112 3711; x_wconf 76' lang='lat' dir='ltr'><strong>quecounque</strong></span> 
     </span>
    </p>
   </div>
   <div class='ocr_carea' id='block_1_55' title="bbox 544 3724 2101 3800">
    <p class='ocr_par' dir='ltr' id='par_1_55' title="bbox 544 3724 2101 3800">
     <span class='ocr_line' id='line_1_55' title="bbox 544 3724 2101 3800; baseline 0.004 -20"><span class='ocrx_word' id='word_1_407' title='bbox 544 3724 704 3780; x_wconf 78' lang='lat' dir='ltr'><strong>uoluit</strong></span> <span class='ocrx_word' id='word_1_408' title='bbox 733 3726 877 3794; x_wconf 76' lang='lat' dir='ltr'><strong>fecit,</strong></span> <span class='ocrx_word' id='word_1_409' title='bbox 912 3735 969 3780; x_wconf 91' lang='lat' dir='ltr'><strong>ut</strong></span> <span class='ocrx_word' id='word_1_410' title='bbox 1006 3729 1167 3783; x_wconf 88' lang='lat' dir='ltr'><strong>etiam</strong></span> <span class='ocrx_word' id='word_1_411' title='bbox 1199 3744 1293 3800; x_wconf 86' lang='lat' dir='ltr'><strong>per</strong></span> <span class='ocrx_word' id='word_1_412' title='bbox 1320 3740 1501 3799; x_wconf 89' lang='lat' dir='ltr'><strong>partes</strong></span> <span class='ocrx_word' id='word_1_413' title='bbox 1537 3739 1810 3786; x_wconf 86' lang='lat' dir='ltr'><strong>ostensum</strong></span> <span class='ocrx_word' id='word_1_414' title='bbox 1851 3743 1966 3798; x_wconf 90' lang='lat' dir='ltr'><strong>est;</strong></span> <span class='ocrx_word' id='word_1_415' title='bbox 2007 3733 2101 3787; x_wconf 82' lang='lat' dir='ltr'><strong>sed</strong></span> 
     </span>
    </p>
   </div>
   <div class='ocr_carea' id='block_1_56' title="bbox 555 3813 2112 3889">
    <p class='ocr_par' dir='ltr' id='par_1_56' title="bbox 555 3813 2112 3889">
     <span class='ocr_line' id='line_1_56' title="bbox 555 3813 2112 3889; baseline 0.004 -16"><span class='ocrx_word' id='word_1_416' title='bbox 555 3819 632 3873; x_wconf 85' lang='lat' dir='ltr'><strong>dii</strong></span> <span class='ocrx_word' id='word_1_417' title='bbox 664 3820 917 3889; x_wconf 82' lang='lat' dir='ltr'><strong>gentium,</strong></span> <span class='ocrx_word' id='word_1_418' title='bbox 947 3819 1035 3888; x_wconf 88' lang='lat' dir='ltr'><strong>qui</strong></span> <span class='ocrx_word' id='word_1_419' title='bbox 1064 3836 1161 3875; x_wconf 84' lang='lat' dir='ltr'><strong>nec</strong></span> <span class='ocrx_word' id='word_1_420' title='bbox 1182 3813 1345 3876; x_wconf 78' lang='lat' dir='ltr'><strong>etiam</strong></span> <span class='ocrx_word' id='word_1_421' title='bbox 1366 3824 1462 3889; x_wconf 92' lang='lat' dir='ltr'><strong>dii,</strong></span> <span class='ocrx_word' id='word_1_422' title='bbox 1485 3824 1870 3879; x_wconf 87' lang='lat' dir='ltr'><strong>sedsimulacra</strong></span> <span class='ocrx_word' id='word_1_423' title='bbox 1899 3825 2112 3879; x_wconf 86' lang='lat' dir='ltr'><strong>dicendi</strong></span> 
     </span>
    </p>
   </div>
   <div class='ocr_carea' id='block_1_57' title="bbox 541 3910 2109 3987">
    <p class='ocr_par' dir='ltr' id='par_1_57' title="bbox 541 3910 2109 3987">
     <span class='ocr_line' id='line_1_57' title="bbox 541 3910 2109 3987; baseline 0.003 -21"><span class='ocrx_word' id='word_1_424' title='bbox 541 3919 686 3974; x_wconf 88' lang='lat' dir='ltr'><strong>sunt,</strong></span> <span class='ocrx_word' id='word_1_425' title='bbox 712 3925 886 3980; x_wconf 86' lang='lat' dir='ltr'><strong>neque</strong></span> <span class='ocrx_word' id='word_1_426' title='bbox 926 3910 1126 3980; x_wconf 83' lang='lat' dir='ltr'><strong>aliquid</strong></span> <span class='ocrx_word' id='word_1_427' title='bbox 1172 3912 1360 3967; x_wconf 81' lang='lat' dir='ltr'><strong>volunt</strong></span> <span class='ocrx_word' id='word_1_428' title='bbox 1402 3930 1576 3983; x_wconf 86' lang='lat' dir='ltr'><strong>neque</strong></span> <span class='ocrx_word' id='word_1_429' title='bbox 1614 3916 1815 3987; x_wconf 88' lang='lat' dir='ltr'><strong>aliquid</strong></span> <span class='ocrx_word' id='word_1_430' title='bbox 1866 3925 2109 3986; x_wconf 88' lang='lat' dir='ltr'><strong>possunt.</strong></span> 
     </span>
    </p>
   </div>
   <div class='ocr_carea' id='block_1_58' title="bbox 542 4002 2109 4077">
    <p class='ocr_par' dir='ltr' id='par_1_58' title="bbox 542 4002 2109 4077">
     <span class='ocr_line' id='line_1_58' title="bbox 542 4002 2109 4077; baseline 0.003 -21"><span class='ocrx_word' id='word_1_431' title='bbox 542 4002 671 4057; x_wconf 87' lang='lat' dir='ltr'><strong>lude</strong></span> <span class='ocrx_word' id='word_1_432' title='bbox 711 4017 841 4056; x_wconf 85' lang='lat' dir='ltr'><strong>vero</strong></span> <span class='ocrx_word' id='word_1_433' title='bbox 868 4016 989 4056; x_wconf 89' lang='lat' dir='ltr'><strong>esse</strong></span> <span class='ocrx_word' id='word_1_434' title='bbox 1038 4002 1358 4071; x_wconf 86' lang='lat' dir='ltr'><strong>impotentia</strong></span> <span class='ocrx_word' id='word_1_435' title='bbox 1409 4007 1824 4072; x_wconf 86' lang='lat' dir='ltr'><strong>convincuntur,</strong></span> <span class='ocrx_word' id='word_1_436' title='bbox 1855 4011 2109 4077; x_wconf 86' lang='lat' dir='ltr'><strong>quoniam</strong></span> 
     </span>
    </p>
   </div>
   <div class='ocr_carea' id='block_1_59' title="bbox 543 4091 2113 4163">
    <p class='ocr_par' dir='ltr' id='par_1_59' title="bbox 543 4091 2113 4163">
     <span class='ocr_line' id='line_1_59' title="bbox 543 4091 2113 4163; baseline 0.001 -17"><span class='ocrx_word' id='word_1_437' title='bbox 543 4093 656 4163; x_wconf 87' lang='lat' dir='ltr'><strong>ipsa</strong></span> <span class='ocrx_word' id='word_1_438' title='bbox 694 4091 978 4146; x_wconf 82' lang='lat' dir='ltr'><strong>simulacra</strong></span> <span class='ocrx_word' id='word_1_439' title='bbox 1012 4091 1249 4162; x_wconf 84' lang='lat' dir='ltr'><strong>gentium</strong></span> <span class='ocrx_word' id='word_1_440' title='bbox 1275 4104 1546 4161; x_wconf 84' lang='lat' dir='ltr'><strong>argentum</strong></span> <span class='ocrx_word' id='word_1_441' title='bbox 1576 4104 1621 4148; x_wconf 89' lang='lat' dir='ltr'><strong>et</strong></span> <span class='ocrx_word' id='word_1_442' title='bbox 1656 4111 1845 4149; x_wconf 85' lang='lat' dir='ltr'><strong>aurum</strong></span> <span class='ocrx_word' id='word_1_443' title='bbox 1872 4096 2113 4149; x_wconf 79' lang='lat' dir='ltr'><strong>existen-</strong></span> 
     </span>
    </p>
   </div>
   <div class='ocr_carea' id='block_1_60' title="bbox 544 4183 2110 4254">
    <p class='ocr_par' dir='ltr' id='par_1_60' title="bbox 544 4183 2110 4254">
     <span class='ocr_line' id='line_1_60' title="bbox 544 4183 2110 4254; baseline 0.001 -16"><span class='ocrx_word' id='word_1_444' title='bbox 544 4187 616 4239; x_wconf 87' lang='lat' dir='ltr'><strong>tia</strong></span> <span class='ocrx_word' id='word_1_445' title='bbox 656 4185 952 4239; x_wconf 86' lang='lat' dir='ltr'><strong>secundum</strong></span> <span class='ocrx_word' id='word_1_446' title='bbox 981 4183 1260 4237; x_wconf 81' lang='lat' dir='ltr'><strong>materiam</strong></span> <span class='ocrx_word' id='word_1_447' title='bbox 1289 4195 1344 4239; x_wconf 90' lang='lat' dir='ltr'><strong>ct</strong></span> <span class='ocrx_word' id='word_1_448' title='bbox 1367 4200 1525 4254; x_wconf 85' lang='lat' dir='ltr'><strong>opera</strong></span> <span class='ocrx_word' id='word_1_449' title='bbox 1555 4201 1808 4239; x_wconf 85' lang='lat' dir='ltr'><strong>manuum</strong></span> <span class='ocrx_word' id='word_1_450' title='bbox 1836 4186 2110 4240; x_wconf 80' lang='lat' dir='ltr'><strong>hominum</strong></span> 
     </span>
    </p>
   </div>
   <div class='ocr_carea' id='block_1_61' title="bbox 542 4272 2111 4346">
    <p class='ocr_par' dir='ltr' id='par_1_61' title="bbox 542 4272 2111 4346">
     <span class='ocr_line' id='line_1_61' title="bbox 542 4272 2111 4346; baseline -0.001 -14"><span class='ocrx_word' id='word_1_451' title='bbox 542 4277 837 4331; x_wconf 87' lang='lat' dir='ltr'><strong>sccnndmn</strong></span> <span class='ocrx_word' id='word_1_452' title='bbox 880 4272 1135 4329; x_wconf 78' lang='lat' dir='ltr'><strong>formam.</strong></span> <span class='ocrx_word' id='word_1_453' title='bbox 1187 4273 1260 4327; x_wconf 88' lang='lat' dir='ltr'><strong>0s</strong></span> <span class='ocrx_word' id='word_1_454' title='bbox 1303 4274 1679 4346; x_wconf 88' lang='lat' dir='ltr'><strong>imaginarium</strong></span> <span class='ocrx_word' id='word_1_455' title='bbox 1711 4276 1899 4329; x_wconf 80' lang='lat' dir='ltr'><strong>habent</strong></span> <span class='ocrx_word' id='word_1_456' title='bbox 1940 4286 2111 4332; x_wconf 81' lang='lat' dir='ltr'><strong>etnon</strong></span> 
     </span>
    </p>
   </div>
   <div class='ocr_carea' id='block_1_62' title="bbox 2216 1818 3047 1890">
    <p class='ocr_par' dir='ltr' id='par_1_62' title="bbox 2216 1818 3047 1890">
     <span class='ocr_line' id='line_1_62' title="bbox 2216 1818 3047 1890; baseline 0.002 -18"><span class='ocrx_word' id='word_1_457' title='bbox 2216 1832 2375 1873; x_wconf 87' lang='lat' dir='ltr'><strong>nores</strong></span> <span class='ocrx_word' id='word_1_458' title='bbox 2402 1818 2651 1890; x_wconf 63' lang='lat' dir='ltr'><strong>praelatos</strong></span> <span class='ocrx_word' id='word_1_459' title='bbox 2679 1818 3047 1887; x_wconf 79' lang='lat' dir='ltr'><strong>restringitur.</strong></span> 
     </span>
    </p>
   </div>
   <div class='ocr_carea' id='block_1_63' title="bbox 2639 1906 3371 1965">
    <p class='ocr_par' dir='ltr' id='par_1_63' title="bbox 2639 1906 3371 1965">
     <span class='ocr_line' id='line_1_63' title="bbox 2639 1906 3371 1965; baseline 0.005 -4"><span class='ocrx_word' id='word_1_460' title='bbox 2639 1907 2703 1962; x_wconf 83' lang='grc' dir='ltr'><strong>ΙΝ</strong></span> <span class='ocrx_word' id='word_1_461' title='bbox 2740 1906 3069 1963; x_wconf 81' lang='lat' dir='ltr'><strong>PSALMUM</strong></span> <span class='ocrx_word' id='word_1_462' title='bbox 3108 1908 3371 1965; x_wconf 80' lang='lat' dir='ltr'><strong>CXXXV.</strong></span> 
     </span>
    </p>
   </div>
   <div class='ocr_carea' id='block_1_64' title="bbox 2286 1995 3738 2070">
    <p class='ocr_par' dir='ltr' id='par_1_64' title="bbox 2286 1995 3738 2070">
     <span class='ocr_line' id='line_1_64' title="bbox 2286 1995 3738 2070; baseline 0.004 -18"><span class='ocrx_word' id='word_1_463' title='bbox 2286 1995 2497 2054; x_wconf 91' lang='lat' dir='ltr'><strong>Titulus</strong></span> <span class='ocrx_word' id='word_1_464' title='bbox 2523 1999 2806 2054; x_wconf 86' lang='lat' dir='ltr'><strong>centesimi</strong></span> <span class='ocrx_word' id='word_1_465' title='bbox 2847 2000 3107 2054; x_wconf 85' lang='lat' dir='ltr'><strong>tricesimi</strong></span> <span class='ocrx_word' id='word_1_466' title='bbox 3148 2002 3346 2070; x_wconf 89' lang='lat' dir='ltr'><strong>quinti.</strong></span> <span class='ocrx_word' id='word_1_467' title='bbox 3400 2001 3625 2067; x_wconf 80' lang='lat' dir='ltr'><strong>Alleluia,</strong></span> <span class='ocrx_word' id='word_1_468' title='bbox 3656 2018 3738 2058; x_wconf 74' lang='lat' dir='ltr'><strong>vos</strong></span> 
     </span>
    </p>
   </div>
   <div class='ocr_carea' id='block_1_65' title="bbox 2215 2089 3735 2160">
    <p class='ocr_par' dir='ltr' id='par_1_65' title="bbox 2215 2089 3735 2160">
     <span class='ocr_line' id='line_1_65' title="bbox 2215 2089 3735 2160; baseline 0 -15"><span class='ocrx_word' id='word_1_469' title='bbox 2215 2089 2498 2160; x_wconf 66' lang='lat' dir='ltr'><strong>Prophetas</strong></span> <span class='ocrx_word' id='word_1_470' title='bbox 2526 2090 2872 2145; x_wconf 87' lang='lat' dir='ltr'><strong>adhortantis</strong></span> <span class='ocrx_word' id='word_1_471' title='bbox 2890 2105 3080 2146; x_wconf 90' lang='lat' dir='ltr'><strong>omnes</strong></span> <span class='ocrx_word' id='word_1_472' title='bbox 3106 2092 3175 2146; x_wconf 88' lang='lat' dir='ltr'><strong>ad</strong></span> <span class='ocrx_word' id='word_1_473' title='bbox 3211 2092 3566 2146; x_wconf 80' lang='lat' dir='ltr'><strong>conﬁtendum</strong></span> <span class='ocrx_word' id='word_1_474' title='bbox 3594 2094 3735 2147; x_wconf 84' lang='lat' dir='ltr'><strong>Domi-</strong></span> 
     </span>
    </p>
   </div>
   <div class='ocr_carea' id='block_1_66' title="bbox 2216 2181 3736 2252">
    <p class='ocr_par' dir='ltr' id='par_1_66' title="bbox 2216 2181 3736 2252">
     <span class='ocr_line' id='line_1_66' title="bbox 2216 2181 3736 2252; baseline 0.001 -17"><span class='ocrx_word' id='word_1_475' title='bbox 2216 2195 2287 2235; x_wconf 88' lang='lat' dir='ltr'><strong>no</strong></span> <span class='ocrx_word' id='word_1_476' title='bbox 2308 2218 2323 2247; x_wconf 89' lang='lat'><strong>,</strong></span> <span class='ocrx_word' id='word_1_477' title='bbox 2360 2189 2473 2235; x_wconf 91' lang='lat' dir='ltr'><strong>tum</strong></span> <span class='ocrx_word' id='word_1_478' title='bbox 2501 2182 2627 2250; x_wconf 88' lang='lat' dir='ltr'><strong>quia</strong></span> <span class='ocrx_word' id='word_1_479' title='bbox 2654 2182 2827 2236; x_wconf 90' lang='lat' dir='ltr'><strong>bonus</strong></span> <span class='ocrx_word' id='word_1_480' title='bbox 2855 2181 2911 2236; x_wconf 92' lang='lat' dir='ltr'><strong>in</strong></span> <span class='ocrx_word' id='word_1_481' title='bbox 2924 2191 3140 2247; x_wconf 91' lang='lat' dir='ltr'><strong>natura,</strong></span> <span class='ocrx_word' id='word_1_482' title='bbox 3167 2191 3280 2236; x_wconf 90' lang='lat' dir='ltr'><strong>tum</strong></span> <span class='ocrx_word' id='word_1_483' title='bbox 3304 2184 3427 2252; x_wconf 88' lang='lat' dir='ltr'><strong>quia</strong></span> <span class='ocrx_word' id='word_1_484' title='bbox 3446 2184 3494 2236; x_wconf 87' lang='lat' dir='ltr'><strong>in</strong></span> <span class='ocrx_word' id='word_1_485' title='bbox 3516 2194 3736 2238; x_wconf 75' lang='lat' dir='ltr'><strong>atcrnum</strong></span> 
     </span>
    </p>
   </div>
   <div class='ocr_carea' id='block_1_67' title="bbox 2214 2272 3738 2344">
    <p class='ocr_par' dir='ltr' id='par_1_67' title="bbox 2214 2272 3738 2344">
     <span class='ocr_line' id='line_1_67' title="bbox 2214 2272 3738 2344; baseline -0.002 -15"><span class='ocrx_word' id='word_1_486' title='bbox 2214 2283 2299 2329; x_wconf 89' lang='lat' dir='ltr'><strong>est</strong></span> <span class='ocrx_word' id='word_1_487' title='bbox 2328 2273 2701 2328; x_wconf 86' lang='lat' dir='ltr'><strong>misericordia</strong></span> <span class='ocrx_word' id='word_1_488' title='bbox 2735 2272 2872 2341; x_wconf 88' lang='lat' dir='ltr'><strong>ejus,</strong></span> <span class='ocrx_word' id='word_1_489' title='bbox 2907 2282 3020 2328; x_wconf 91' lang='lat' dir='ltr'><strong>tum</strong></span> <span class='ocrx_word' id='word_1_490' title='bbox 3043 2275 3209 2329; x_wconf 91' lang='lat' dir='ltr'><strong>etiam</strong></span> <span class='ocrx_word' id='word_1_491' title='bbox 3241 2275 3368 2344; x_wconf 87' lang='lat' dir='ltr'><strong>quia</strong></span> <span class='ocrx_word' id='word_1_492' title='bbox 3404 2275 3536 2329; x_wconf 83' lang='lat' dir='ltr'><strong>Deus</strong></span> <span class='ocrx_word' id='word_1_493' title='bbox 3555 2276 3738 2329; x_wconf 87' lang='lat' dir='ltr'><strong>deorum</strong></span> 
     </span>
    </p>
   </div>
   <div class='ocr_carea' id='block_1_68' title="bbox 2215 2362 3739 2433">
    <p class='ocr_par' dir='ltr' id='par_1_68' title="bbox 2215 2362 3739 2433">
     <span class='ocr_line' id='line_1_68' title="bbox 2215 2362 3739 2433; baseline -0.001 -14"><span class='ocrx_word' id='word_1_494' title='bbox 2215 2374 2271 2419; x_wconf 89' lang='lat' dir='ltr'><strong>et</strong></span> <span class='ocrx_word' id='word_1_495' title='bbox 2308 2364 2581 2418; x_wconf 85' lang='lat' dir='ltr'><strong>Dominus</strong></span> <span class='ocrx_word' id='word_1_496' title='bbox 2612 2363 2980 2428; x_wconf 86' lang='lat' dir='ltr'><strong>dominorum,</strong></span> <span class='ocrx_word' id='word_1_497' title='bbox 3029 2370 3086 2417; x_wconf 90' lang='lat' dir='ltr'><strong>et</strong></span> <span class='ocrx_word' id='word_1_498' title='bbox 3132 2363 3263 2433; x_wconf 89' lang='lat' dir='ltr'><strong>quia</strong></span> <span class='ocrx_word' id='word_1_499' title='bbox 3321 2363 3450 2418; x_wconf 82' lang='lat' dir='ltr'><strong>facit</strong></span> <span class='ocrx_word' id='word_1_500' title='bbox 3507 2362 3739 2418; x_wconf 81' lang='lat' dir='ltr'><strong>mirabilia</strong></span> 
     </span>
    </p>
   </div>
   <div class='ocr_carea' id='block_1_69' title="bbox 2216 2454 3741 2528">
    <p class='ocr_par' dir='ltr' id='par_1_69' title="bbox 2216 2454 3741 2528">
     <span class='ocr_line' id='line_1_69' title="bbox 2216 2454 3741 2528; baseline -0.001 -16"><span class='ocrx_word' id='word_1_501' title='bbox 2216 2471 2435 2527; x_wconf 82' lang='lat' dir='ltr'><strong>magna,</strong></span> <span class='ocrx_word' id='word_1_502' title='bbox 2485 2472 2604 2526; x_wconf 78' lang='lat' dir='ltr'><strong>qua:</strong></span> <span class='ocrx_word' id='word_1_503' title='bbox 2636 2472 2731 2526; x_wconf 88' lang='lat' dir='ltr'><strong>per</strong></span> <span class='ocrx_word' id='word_1_504' title='bbox 2758 2464 2927 2511; x_wconf 91' lang='lat' dir='ltr'><strong>totum</strong></span> <span class='ocrx_word' id='word_1_505' title='bbox 2957 2454 3070 2511; x_wconf 84' lang='lat' dir='ltr'><strong>fere</strong></span> <span class='ocrx_word' id='word_1_506' title='bbox 3100 2457 3373 2527; x_wconf 87' lang='lat' dir='ltr'><strong>psalmum</strong></span> <span class='ocrx_word' id='word_1_507' title='bbox 3427 2456 3494 2512; x_wconf 84' lang='lat' dir='ltr'><strong>ad</strong></span> <span class='ocrx_word' id='word_1_508' title='bbox 3530 2456 3741 2528; x_wconf 83' lang='lat' dir='ltr'><strong>ejuslau-</strong></span> 
     </span>
    </p>
   </div>
   <div class='ocr_carea' id='block_1_70' title="bbox 2217 2548 2627 2606">
    <p class='ocr_par' dir='ltr' id='par_1_70' title="bbox 2217 2548 2627 2606">
     <span class='ocr_line' id='line_1_70' title="bbox 2217 2548 2627 2606; baseline -0.01 0"><span class='ocrx_word' id='word_1_509' title='bbox 2217 2550 2341 2606; x_wconf 87' lang='lat' dir='ltr'><strong>dem</strong></span> <span class='ocrx_word' id='word_1_510' title='bbox 2368 2548 2627 2603; x_wconf 91' lang='lat' dir='ltr'><strong>ostendit.</strong></span> 
     </span>
    </p>
   </div>
   <div class='ocr_carea' id='block_1_71' title="bbox 2286 2636 3738 2712">
    <p class='ocr_par' dir='ltr' id='par_1_71' title="bbox 2286 2636 3738 2712">
     <span class='ocr_line' id='line_1_71' title="bbox 2286 2636 3738 2712; baseline -0.001 -17"><span class='ocrx_word' id='word_1_511' title='bbox 2286 2637 2441 2712; x_wconf 67' lang='grc'><strong>541</strong></span> <span class='ocrx_word' id='word_1_512' title='bbox 2480 2638 2808 2707; x_wconf 80' lang='lat' dir='ltr'><strong>Couﬁtemini</strong></span> <span class='ocrx_word' id='word_1_513' title='bbox 2842 2636 3067 2694; x_wconf 85' lang='lat' dir='ltr'><strong>Domino</strong></span> <span class='ocrx_word' id='word_1_514' title='bbox 3095 2636 3269 2705; x_wconf 82' lang='lat' dir='ltr'><strong>Patri,</strong></span> <span class='ocrx_word' id='word_1_515' title='bbox 3294 2638 3377 2694; x_wconf 91' lang='lat' dir='ltr'><strong>vel</strong></span> <span class='ocrx_word' id='word_1_516' title='bbox 3401 2640 3610 2695; x_wconf 88' lang='lat' dir='ltr'><strong>Domino</strong></span> <span class='ocrx_word' id='word_1_517' title='bbox 3629 2638 3738 2694; x_wconf 83' lang='lat' dir='ltr'><strong>Filio</strong></span> 
     </span>
    </p>
   </div>
   <div class='ocr_carea' id='block_1_72' title="bbox 2214 2727 3741 2798">
    <p class='ocr_par' dir='ltr' id='par_1_72' title="bbox 2214 2727 3741 2798">
     <span class='ocr_line' id='line_1_72' title="bbox 2214 2727 3741 2798; baseline -0.001 -14"><span class='ocrx_word' id='word_1_518' title='bbox 2214 2727 2426 2784; x_wconf 89' lang='lat' dir='ltr'><strong>laudem</strong></span> <span class='ocrx_word' id='word_1_519' title='bbox 2467 2728 2647 2795; x_wconf 87' lang='lat' dir='ltr'><strong>corde,</strong></span> <span class='ocrx_word' id='word_1_520' title='bbox 2670 2743 2800 2783; x_wconf 85' lang='lat' dir='ltr'><strong>voce</strong></span> <span class='ocrx_word' id='word_1_521' title='bbox 2819 2737 2873 2783; x_wconf 89' lang='lat' dir='ltr'><strong>et</strong></span> <span class='ocrx_word' id='word_1_522' title='bbox 2892 2743 3072 2798; x_wconf 88' lang='lat' dir='ltr'><strong>opere,</strong></span> <span class='ocrx_word' id='word_1_523' title='bbox 3099 2744 3132 2783; x_wconf 87' lang='grc' dir='ltr'><strong>ο</strong></span> <span class='ocrx_word' id='word_1_524' title='bbox 3155 2743 3254 2785; x_wconf 88' lang='lat' dir='ltr'><strong>vos</strong></span> <span class='ocrx_word' id='word_1_525' title='bbox 3274 2744 3458 2786; x_wconf 85' lang='lat' dir='ltr'><strong>omnes</strong></span> <span class='ocrx_word' id='word_1_526' title='bbox 3490 2730 3675 2794; x_wconf 87' lang='lat' dir='ltr'><strong>ﬁdeles,</strong></span> <span class='ocrx_word' id='word_1_527' title='bbox 3699 2740 3741 2783; x_wconf 85' lang='lat' dir='ltr'><strong>et</strong></span> 
     </span>
    </p>
   </div>
   <div class='ocr_carea' id='block_1_73' title="bbox 2214 2819 3739 2890">
    <p class='ocr_par' dir='ltr' id='par_1_73' title="bbox 2214 2819 3739 2890">
     <span class='ocr_line' id='line_1_73' title="bbox 2214 2819 3739 2890; baseline -0.003 -13"><span class='ocrx_word' id='word_1_528' title='bbox 2214 2821 2317 2877; x_wconf 87' lang='lat' dir='ltr'><strong>hoc</strong></span> <span class='ocrx_word' id='word_1_529' title='bbox 2346 2835 2410 2876; x_wconf 89' lang='lat' dir='ltr'><strong>eo</strong></span> <span class='ocrx_word' id='word_1_530' title='bbox 2432 2821 2695 2886; x_wconf 87' lang='lat' dir='ltr'><strong>contuitu,</strong></span> <span class='ocrx_word' id='word_1_531' title='bbox 2728 2820 2979 2890; x_wconf 84' lang='lat' dir='ltr'><strong>quoniam</strong></span> <span class='ocrx_word' id='word_1_532' title='bbox 3018 2820 3181 2874; x_wconf 85' lang='lat' dir='ltr'><strong>bonus</strong></span> <span class='ocrx_word' id='word_1_533' title='bbox 3208 2820 3263 2875; x_wconf 91' lang='lat' dir='ltr'><strong>in</strong></span> <span class='ocrx_word' id='word_1_534' title='bbox 3290 2819 3601 2886; x_wconf 85' lang='lat' dir='ltr'><strong>natura.Qui</strong></span> <span class='ocrx_word' id='word_1_535' title='bbox 3638 2833 3739 2873; x_wconf 76' lang='lat' dir='ltr'><strong>vero</strong></span> 
     </span>
    </p>
   </div>
   <div class='ocr_carea' id='block_1_74' title="bbox 2213 2909 3741 2974">
    <p class='ocr_par' dir='ltr' id='par_1_74' title="bbox 2213 2909 3741 2974">
     <span class='ocr_line' id='line_1_74' title="bbox 2213 2909 3741 2974; baseline -0.003 -7"><span class='ocrx_word' id='word_1_536' title='bbox 2213 2928 2337 2968; x_wconf 91' lang='lat' dir='ltr'><strong>eum</strong></span> <span class='ocrx_word' id='word_1_537' title='bbox 2383 2913 2434 2967; x_wconf 92' lang='lat' dir='ltr'><strong>in</strong></span> <span class='ocrx_word' id='word_1_538' title='bbox 2465 2922 2653 2965; x_wconf 90' lang='lat' dir='ltr'><strong>natura</strong></span> <span class='ocrx_word' id='word_1_539' title='bbox 2697 2912 2893 2965; x_wconf 90' lang='lat' dir='ltr'><strong>bonum</strong></span> <span class='ocrx_word' id='word_1_540' title='bbox 2922 2923 3041 2966; x_wconf 88' lang='lat' dir='ltr'><strong>esse</strong></span> <span class='ocrx_word' id='word_1_541' title='bbox 3079 2911 3327 2966; x_wconf 89' lang='lat' dir='ltr'><strong>contueri</strong></span> <span class='ocrx_word' id='word_1_542' title='bbox 3371 2925 3475 2966; x_wconf 88' lang='lat' dir='ltr'><strong>non</strong></span> <span class='ocrx_word' id='word_1_543' title='bbox 3517 2909 3741 2974; x_wconf 82' lang='lat' dir='ltr'><strong>sullicitis,</strong></span> 
     </span>
    </p>
   </div>
   <div class='ocr_carea' id='block_1_75' title="bbox 2214 3001 3740 3073">
    <p class='ocr_par' dir='ltr' id='par_1_75' title="bbox 2214 3001 3740 3073">
     <span class='ocr_line' id='line_1_75' title="bbox 2214 3001 3740 3073; baseline -0.005 -14"><span class='ocrx_word' id='word_1_544' title='bbox 2214 3004 2529 3073; x_wconf 79' lang='lat' dir='ltr'><strong>conﬁtemini</strong></span> <span class='ocrx_word' id='word_1_545' title='bbox 2560 3017 2625 3057; x_wconf 89' lang='lat' dir='ltr'><strong>eo</strong></span> <span class='ocrx_word' id='word_1_546' title='bbox 2654 3001 2897 3056; x_wconf 92' lang='lat' dir='ltr'><strong>contuitu</strong></span> <span class='ocrx_word' id='word_1_547' title='bbox 2916 3040 2932 3067; x_wconf 92' lang='lat'><strong>,</strong></span> <span class='ocrx_word' id='word_1_548' title='bbox 2958 3002 3206 3073; x_wconf 84' lang='lat' dir='ltr'><strong>quoniam</strong></span> <span class='ocrx_word' id='word_1_549' title='bbox 3241 3017 3410 3072; x_wconf 87' lang='lat' dir='ltr'><strong>usque</strong></span> <span class='ocrx_word' id='word_1_550' title='bbox 3439 3003 3492 3056; x_wconf 86' lang='lat' dir='ltr'><strong>in</strong></span> <span class='ocrx_word' id='word_1_551' title='bbox 3531 3015 3740 3058; x_wconf 73' lang='grc' dir='ltr'><strong>ωιιηηηη</strong></span> 
     </span>
    </p>
   </div>
   <div class='ocr_carea' id='block_1_76' title="bbox 2212 3091 3744 3162">
    <p class='ocr_par' dir='ltr' id='par_1_76' title="bbox 2212 3091 3744 3162">
     <span class='ocr_line' id='line_1_76' title="bbox 2212 3091 3744 3162; baseline -0.001 -15"><span class='ocrx_word' id='word_1_552' title='bbox 2212 3093 2428 3147; x_wconf 61' lang='lat' dir='ltr'><strong>iurabit</strong></span> <span class='ocrx_word' id='word_1_553' title='bbox 2446 3091 2801 3146; x_wconf 77' lang='lat' dir='ltr'><strong>misericordia</strong></span> <span class='ocrx_word' id='word_1_554' title='bbox 2815 3091 3013 3162; x_wconf 83' lang='lat' dir='ltr'><strong>ejus,id</strong></span> <span class='ocrx_word' id='word_1_555' title='bbox 3041 3101 3120 3147; x_wconf 89' lang='lat' dir='ltr'><strong>est</strong></span> <span class='ocrx_word' id='word_1_556' title='bbox 3145 3092 3463 3149; x_wconf 79' lang='lat' dir='ltr'><strong>beneﬁtium</strong></span> <span class='ocrx_word' id='word_1_557' title='bbox 3484 3093 3744 3149; x_wconf 83' lang='lat' dir='ltr'><strong>misericor-</strong></span> 
     </span>
    </p>
   </div>
   <div class='ocr_carea' id='block_1_77' title="bbox 2213 3179 3744 3254">
    <p class='ocr_par' dir='ltr' id='par_1_77' title="bbox 2213 3179 3744 3254">
     <span class='ocr_line' id='line_1_77' title="bbox 2213 3179 3744 3254; baseline -0.002 -18"><span class='ocrx_word' id='word_1_558' title='bbox 2213 3182 2315 3236; x_wconf 69' lang='lat' dir='ltr'><strong>diae</strong></span> <span class='ocrx_word' id='word_1_559' title='bbox 2338 3180 2453 3249; x_wconf 90' lang='lat' dir='ltr'><strong>ejus</strong></span> <span class='ocrx_word' id='word_1_560' title='bbox 2478 3181 2620 3249; x_wconf 90' lang='lat' dir='ltr'><strong>quod</strong></span> <span class='ocrx_word' id='word_1_561' title='bbox 2654 3182 2885 3237; x_wconf 89' lang='lat' dir='ltr'><strong>humano</strong></span> <span class='ocrx_word' id='word_1_562' title='bbox 2930 3182 3112 3253; x_wconf 79' lang='lat' dir='ltr'><strong>generi</strong></span> <span class='ocrx_word' id='word_1_563' title='bbox 3156 3181 3365 3254; x_wconf 88' lang='lat' dir='ltr'><strong>jugiter</strong></span> <span class='ocrx_word' id='word_1_564' title='bbox 3401 3184 3656 3254; x_wconf 90' lang='lat' dir='ltr'><strong>impendit,</strong></span> <span class='ocrx_word' id='word_1_565' title='bbox 3679 3179 3744 3235; x_wconf 85' lang='lat' dir='ltr'><strong>rel</strong></span> 
     </span>
    </p>
   </div>
   <div class='ocr_carea' id='block_1_78' title="bbox 2212 3274 3746 3344">
    <p class='ocr_par' dir='ltr' id='par_1_78' title="bbox 2212 3274 3746 3344">
     <span class='ocr_line' id='line_1_78' title="bbox 2212 3274 3746 3344; baseline 0 -16"><span class='ocrx_word' id='word_1_566' title='bbox 2212 3274 2290 3329; x_wconf 89' lang='lat' dir='ltr'><strong>sic</strong></span> <span class='ocrx_word' id='word_1_567' title='bbox 2310 3290 2323 3326; x_wconf 89' lang='lat'><strong>:</strong></span> <span class='ocrx_word' id='word_1_568' title='bbox 2350 3274 2610 3341; x_wconf 83' lang='lat' dir='ltr'><strong>Quoniam</strong></span> <span class='ocrx_word' id='word_1_569' title='bbox 2632 3274 2988 3328; x_wconf 77' lang='lat' dir='ltr'><strong>misericordia</strong></span> <span class='ocrx_word' id='word_1_570' title='bbox 3010 3274 3123 3344; x_wconf 82' lang='lat' dir='ltr'><strong>ejus</strong></span> <span class='ocrx_word' id='word_1_571' title='bbox 3143 3285 3231 3329; x_wconf 88' lang='lat' dir='ltr'><strong>est</strong></span> <span class='ocrx_word' id='word_1_572' title='bbox 3248 3277 3448 3331; x_wconf 88' lang='lat' dir='ltr'><strong>ducens</strong></span> <span class='ocrx_word' id='word_1_573' title='bbox 3460 3291 3549 3331; x_wconf 86' lang='lat' dir='ltr'><strong>nos</strong></span> <span class='ocrx_word' id='word_1_574' title='bbox 3564 3274 3611 3329; x_wconf 89' lang='lat' dir='ltr'><strong>iu</strong></span> <span class='ocrx_word' id='word_1_575' title='bbox 3625 3283 3746 3329; x_wconf 78' lang='lat' dir='ltr'><strong>ater-</strong></span> 
     </span>
    </p>
   </div>
   <div class='ocr_carea' id='block_1_79' title="bbox 2213 3357 3744 3438">
    <p class='ocr_par' dir='ltr' id='par_1_79' title="bbox 2213 3357 3744 3438">
     <span class='ocr_line' id='line_1_79' title="bbox 2213 3357 3744 3438; baseline -0.001 -17"><span class='ocrx_word' id='word_1_576' title='bbox 2213 3383 2361 3431; x_wconf 85' lang='lat' dir='ltr'><strong>num,</strong></span> <span class='ocrx_word' id='word_1_577' title='bbox 2380 3366 2430 3421; x_wconf 91' lang='lat' dir='ltr'><strong>id</strong></span> <span class='ocrx_word' id='word_1_578' title='bbox 2452 3375 2537 3421; x_wconf 91' lang='lat' dir='ltr'><strong>est</strong></span> <span class='ocrx_word' id='word_1_579' title='bbox 2558 3367 2879 3422; x_wconf 65' lang='lat' dir='ltr'><strong>inteternam</strong></span> <span class='ocrx_word' id='word_1_580' title='bbox 2901 3357 3064 3420; x_wconf 68' lang='lat' dir='ltr'><strong>vitam</strong></span> <span class='ocrx_word' id='word_1_581' title='bbox 3087 3382 3180 3437; x_wconf 85' lang='lat' dir='ltr'><strong>per</strong></span> <span class='ocrx_word' id='word_1_582' title='bbox 3200 3368 3575 3438; x_wconf 79' lang='lat' dir='ltr'><strong>indulgentiam</strong></span> <span class='ocrx_word' id='word_1_583' title='bbox 3594 3363 3744 3420; x_wconf 85' lang='lat' dir='ltr'><strong>crimi-</strong></span> 
     </span>
    </p>
   </div>
   <div class='ocr_carea' id='block_1_80' title="bbox 2213 3455 3742 3528">
    <p class='ocr_par' dir='ltr' id='par_1_80' title="bbox 2213 3455 3742 3528">
     <span class='ocr_line' id='line_1_80' title="bbox 2213 3455 3742 3528; baseline -0.003 -16"><span class='ocrx_word' id='word_1_584' title='bbox 2213 3474 2361 3523; x_wconf 90' lang='lat' dir='ltr'><strong>num,</strong></span> <span class='ocrx_word' id='word_1_585' title='bbox 2386 3466 2442 3512; x_wconf 91' lang='lat' dir='ltr'><strong>et</strong></span> <span class='ocrx_word' id='word_1_586' title='bbox 2468 3468 2811 3528; x_wconf 81' lang='lat' dir='ltr'><strong>augmentum</strong></span> <span class='ocrx_word' id='word_1_587' title='bbox 2851 3458 3131 3512; x_wconf 89' lang='lat' dir='ltr'><strong>virtutum.</strong></span> <span class='ocrx_word' id='word_1_588' title='bbox 3157 3455 3507 3528; x_wconf 81' lang='lat' dir='ltr'><strong>Con/itemini,</strong></span> <span class='ocrx_word' id='word_1_589' title='bbox 3543 3458 3742 3527; x_wconf 85' lang='lat' dir='ltr'><strong>inquam,</strong></span> 
     </span>
    </p>
   </div>
   <div class='ocr_carea' id='block_1_81' title="bbox 2213 3549 3744 3615">
    <p class='ocr_par' dir='ltr' id='par_1_81' title="bbox 2213 3549 3744 3615">
     <span class='ocr_line' id='line_1_81' title="bbox 2213 3549 3744 3615; baseline -0.002 -11"><span class='ocrx_word' id='word_1_590' title='bbox 2213 3550 2287 3604; x_wconf 91' lang='lat' dir='ltr'><strong>illi</strong></span> <span class='ocrx_word' id='word_1_591' title='bbox 2316 3550 2565 3605; x_wconf 84' lang='lat' dir='ltr'><strong>existenti</strong></span> <span class='ocrx_word' id='word_1_592' title='bbox 2594 3550 2701 3604; x_wconf 85' lang='lat' dir='ltr'><strong>Deo</strong></span> <span class='ocrx_word' id='word_1_593' title='bbox 2740 3551 2980 3615; x_wconf 86' lang='lat' dir='ltr'><strong>deorum,</strong></span> <span class='ocrx_word' id='word_1_594' title='bbox 3000 3552 3051 3606; x_wconf 89' lang='lat' dir='ltr'><strong>id</strong></span> <span class='ocrx_word' id='word_1_595' title='bbox 3074 3561 3157 3606; x_wconf 89' lang='lat' dir='ltr'><strong>cst.</strong></span> <span class='ocrx_word' id='word_1_596' title='bbox 3192 3552 3555 3608; x_wconf 75' lang='lat' dir='ltr'><strong>deificatorutu</strong></span> <span class='ocrx_word' id='word_1_597' title='bbox 3592 3552 3652 3605; x_wconf 90' lang='lat' dir='ltr'><strong>ab</strong></span> <span class='ocrx_word' id='word_1_598' title='bbox 3674 3549 3744 3602; x_wconf 85' lang='lat' dir='ltr'><strong>illo</strong></span> 
     </span>
    </p>
   </div>
   <div class='ocr_carea' id='block_1_82' title="bbox 2214 3641 3748 3711">
    <p class='ocr_par' dir='ltr' id='par_1_82' title="bbox 2214 3641 3748 3711">
     <span class='ocr_line' id='line_1_82' title="bbox 2214 3641 3748 3711; baseline -0.001 -15"><span class='ocrx_word' id='word_1_599' title='bbox 2214 3650 2545 3707; x_wconf 88' lang='lat' dir='ltr'><strong>sanctorum,</strong></span> <span class='ocrx_word' id='word_1_600' title='bbox 2574 3655 2639 3694; x_wconf 88' lang='lat' dir='ltr'><strong>ac</strong></span> <span class='ocrx_word' id='word_1_601' title='bbox 2664 3641 2708 3695; x_wconf 89' lang='lat' dir='ltr'><strong>si</strong></span> <span class='ocrx_word' id='word_1_602' title='bbox 2730 3642 3292 3699; x_wconf 84' lang='lat' dir='ltr'><strong>dicat:Conlitendum</strong></span> <span class='ocrx_word' id='word_1_603' title='bbox 3318 3644 3508 3708; x_wconf 85' lang='lat' dir='ltr'><strong>estilli,</strong></span> <span class='ocrx_word' id='word_1_604' title='bbox 3527 3658 3634 3697; x_wconf 89' lang='lat' dir='ltr'><strong>cum</strong></span> <span class='ocrx_word' id='word_1_605' title='bbox 3659 3641 3748 3711; x_wconf 79' lang='lat' dir='ltr'><strong>ipse</strong></span> 
     </span>
    </p>
   </div>
   <div class='ocr_carea' id='block_1_83' title="bbox 2214 3732 3745 3803">
    <p class='ocr_par' dir='ltr' id='par_1_83' title="bbox 2214 3732 3745 3803">
     <span class='ocr_line' id='line_1_83' title="bbox 2214 3732 3745 3803; baseline -0.002 -15"><span class='ocrx_word' id='word_1_606' title='bbox 2214 3733 2355 3788; x_wconf 87' lang='lat' dir='ltr'><strong>Deus</strong></span> <span class='ocrx_word' id='word_1_607' title='bbox 2398 3732 2469 3786; x_wconf 88' lang='lat' dir='ltr'><strong>sit</strong></span> <span class='ocrx_word' id='word_1_608' title='bbox 2497 3746 2685 3787; x_wconf 87' lang='lat' dir='ltr'><strong>omnes</strong></span> <span class='ocrx_word' id='word_1_609' title='bbox 2726 3742 2945 3790; x_wconf 88' lang='lat' dir='ltr'><strong>sanctos</strong></span> <span class='ocrx_word' id='word_1_610' title='bbox 2988 3735 3267 3790; x_wconf 81' lang='lat' dir='ltr'><strong>deiﬁcaus.</strong></span> <span class='ocrx_word' id='word_1_611' title='bbox 3316 3734 3628 3803; x_wconf 79' lang='lat' dir='ltr'><strong>Canﬁtemini</strong></span> <span class='ocrx_word' id='word_1_612' title='bbox 3658 3732 3745 3786; x_wconf 87' lang='lat' dir='ltr'><strong>Do-</strong></span> 
     </span>
    </p>
   </div>
   <div class='ocr_carea' id='block_1_84' title="bbox 2213 3825 3746 3894">
    <p class='ocr_par' dir='ltr' id='par_1_84' title="bbox 2213 3825 3746 3894">
     <span class='ocr_line' id='line_1_84' title="bbox 2213 3825 3746 3894; baseline 0 -17"><span class='ocrx_word' id='word_1_613' title='bbox 2213 3825 2352 3879; x_wconf 86' lang='lat' dir='ltr'><strong>mino</strong></span> <span class='ocrx_word' id='word_1_614' title='bbox 2382 3826 2619 3880; x_wconf 90' lang='lat' dir='ltr'><strong>omnium</strong></span> <span class='ocrx_word' id='word_1_615' title='bbox 2648 3826 3005 3894; x_wconf 85' lang='lat' dir='ltr'><strong>dominorum,</strong></span> <span class='ocrx_word' id='word_1_616' title='bbox 3037 3841 3102 3881; x_wconf 84' lang='lat' dir='ltr'><strong>ac</strong></span> <span class='ocrx_word' id='word_1_617' title='bbox 3137 3827 3180 3883; x_wconf 83' lang='lat' dir='ltr'><strong>si</strong></span> <span class='ocrx_word' id='word_1_618' title='bbox 3210 3828 3395 3883; x_wconf 85' lang='lat' dir='ltr'><strong>dicat:</strong></span> <span class='ocrx_word' id='word_1_619' title='bbox 3421 3825 3746 3884; x_wconf 82' lang='lat' dir='ltr'><strong>Conﬁtendum</strong></span> 
     </span>
    </p>
   </div>
   <div class='ocr_carea' id='block_1_85' title="bbox 2212 3916 3746 3984">
    <p class='ocr_par' dir='ltr' id='par_1_85' title="bbox 2212 3916 3746 3984">
     <span class='ocr_line' id='line_1_85' title="bbox 2212 3916 3746 3984; baseline -0.003 -12"><span class='ocrx_word' id='word_1_620' title='bbox 2212 3928 2297 3972; x_wconf 90' lang='lat' dir='ltr'><strong>est</strong></span> <span class='ocrx_word' id='word_1_621' title='bbox 2325 3917 2422 3984; x_wconf 91' lang='lat' dir='ltr'><strong>illi,</strong></span> <span class='ocrx_word' id='word_1_622' title='bbox 2458 3933 2580 3973; x_wconf 89' lang='lat' dir='ltr'><strong>cum</strong></span> <span class='ocrx_word' id='word_1_623' title='bbox 2616 3918 2855 3974; x_wconf 91' lang='lat' dir='ltr'><strong>omnium</strong></span> <span class='ocrx_word' id='word_1_624' title='bbox 2897 3919 3239 3974; x_wconf 89' lang='lat' dir='ltr'><strong>dominorum</strong></span> <span class='ocrx_word' id='word_1_625' title='bbox 3266 3918 3526 3974; x_wconf 76' lang='lat' dir='ltr'><strong>Dominus</strong></span> <span class='ocrx_word' id='word_1_626' title='bbox 3566 3916 3746 3971; x_wconf 74' lang='lat' dir='ltr'><strong>existat.</strong></span> 
     </span>
    </p>
   </div>
   <div class='ocr_carea' id='block_1_86' title="bbox 2213 4006 3746 4082">
    <p class='ocr_par' dir='ltr' id='par_1_86' title="bbox 2213 4006 3746 4082">
     <span class='ocr_line' id='line_1_86' title="bbox 2213 4006 3746 4082; baseline -0.003 -19"><span class='ocrx_word' id='word_1_627' title='bbox 2213 4007 2546 4077; x_wconf 74' lang='lat' dir='ltr'><strong>Conﬁtemirti</strong></span> <span class='ocrx_word' id='word_1_628' title='bbox 2577 4010 2663 4065; x_wconf 88' lang='lat' dir='ltr'><strong>cui</strong></span> <span class='ocrx_word' id='word_1_629' title='bbox 2691 4010 3055 4066; x_wconf 89' lang='lat' dir='ltr'><strong>conﬁtendum</strong></span> <span class='ocrx_word' id='word_1_630' title='bbox 3097 4022 3200 4077; x_wconf 85' lang='lat' dir='ltr'><strong>est,</strong></span> <span class='ocrx_word' id='word_1_631' title='bbox 3230 4021 3420 4082; x_wconf 88' lang='lat' dir='ltr'><strong>utpote</strong></span> <span class='ocrx_word' id='word_1_632' title='bbox 3445 4011 3532 4081; x_wconf 81' lang='lat' dir='ltr'><strong>qui</strong></span> <span class='ocrx_word' id='word_1_633' title='bbox 3549 4010 3652 4079; x_wconf 74' lang='lat' dir='ltr'><strong>fecit</strong></span> <span class='ocrx_word' id='word_1_634' title='bbox 3675 4006 3746 4060; x_wconf 80' lang='lat' dir='ltr'><strong>tui-</strong></span> 
     </span>
    </p>
   </div>
   <div class='ocr_carea' id='block_1_87' title="bbox 2215 4099 3747 4173">
    <p class='ocr_par' dir='ltr' id='par_1_87' title="bbox 2215 4099 3747 4173">
     <span class='ocr_line' id='line_1_87' title="bbox 2215 4099 3747 4173; baseline -0.001 -20"><span class='ocrx_word' id='word_1_635' title='bbox 2215 4099 2404 4154; x_wconf 88' lang='lat' dir='ltr'><strong>rabilia</strong></span> <span class='ocrx_word' id='word_1_636' title='bbox 2445 4117 2655 4171; x_wconf 84' lang='lat' dir='ltr'><strong>magna,</strong></span> <span class='ocrx_word' id='word_1_637' title='bbox 2683 4102 2921 4157; x_wconf 84' lang='lat' dir='ltr'><strong>existens</strong></span> <span class='ocrx_word' id='word_1_638' title='bbox 2944 4102 3085 4157; x_wconf 88' lang='lat' dir='ltr'><strong>solus</strong></span> <span class='ocrx_word' id='word_1_639' title='bbox 3126 4103 3269 4158; x_wconf 84' lang='lat' dir='ltr'><strong>Deus</strong></span> <span class='ocrx_word' id='word_1_640' title='bbox 3299 4119 3395 4173; x_wconf 92' lang='lat' dir='ltr'><strong>per</strong></span> <span class='ocrx_word' id='word_1_641' title='bbox 3441 4112 3684 4167; x_wconf 85' lang='lat' dir='ltr'><strong>naturam,</strong></span> <span class='ocrx_word' id='word_1_642' title='bbox 3705 4106 3747 4152; x_wconf 83' lang='lat' dir='ltr'><strong>et</strong></span> 
     </span>
    </p>
   </div>
   <div class='ocr_carea' id='block_1_88' title="bbox 2214 4186 3745 4263">
    <p class='ocr_par' dir='ltr' id='par_1_88' title="bbox 2214 4186 3745 4263">
     <span class='ocr_line' id='line_1_88' title="bbox 2214 4186 3745 4263; baseline -0.002 -20"><span class='ocrx_word' id='word_1_643' title='bbox 2214 4189 2474 4246; x_wconf 88' lang='lat' dir='ltr'><strong>Dominus</strong></span> <span class='ocrx_word' id='word_1_644' title='bbox 2499 4206 2595 4259; x_wconf 89' lang='lat' dir='ltr'><strong>per</strong></span> <span class='ocrx_word' id='word_1_645' title='bbox 2619 4191 3088 4263; x_wconf 90' lang='lat' dir='ltr'><strong>omnipotentiam.</strong></span> <span class='ocrx_word' id='word_1_646' title='bbox 3115 4191 3271 4248; x_wconf 82' lang='lat' dir='ltr'><strong>Solus</strong></span> <span class='ocrx_word' id='word_1_647' title='bbox 3304 4204 3484 4250; x_wconf 88' lang='lat' dir='ltr'><strong>autem</strong></span> <span class='ocrx_word' id='word_1_648' title='bbox 3518 4191 3664 4248; x_wconf 87' lang='lat' dir='ltr'><strong>addit.</strong></span> <span class='ocrx_word' id='word_1_649' title='bbox 3692 4186 3745 4241; x_wconf 83' lang='lat' dir='ltr'><strong>ad</strong></span> 
     </span>
    </p>
   </div>
   <div class='ocr_carea' id='block_1_89' title="bbox 2215 4278 3745 4353">
    <p class='ocr_par' dir='ltr' id='par_1_89' title="bbox 2215 4278 3745 4353">
     <span class='ocr_line' id='line_1_89' title="bbox 2215 4278 3745 4353; baseline 0.005 -19"><span class='ocrx_word' id='word_1_650' title='bbox 2215 4278 2588 4347; x_wconf 86' lang='lat' dir='ltr'><strong>remotionem,</strong></span> <span class='ocrx_word' id='word_1_651' title='bbox 2632 4282 2757 4353; x_wconf 90' lang='lat' dir='ltr'><strong>quia</strong></span> <span class='ocrx_word' id='word_1_652' title='bbox 2807 4292 3059 4352; x_wconf 89' lang='lat' dir='ltr'><strong>posuerat</strong></span> <span class='ocrx_word' id='word_1_653' title='bbox 3093 4285 3310 4339; x_wconf 84' lang='lat' dir='ltr'><strong>deorum</strong></span> <span class='ocrx_word' id='word_1_654' title='bbox 3352 4296 3399 4341; x_wconf 85' lang='lat' dir='ltr'><strong>et</strong></span> <span class='ocrx_word' id='word_1_655' title='bbox 3438 4285 3745 4342; x_wconf 66' lang='lat' dir='ltr'><strong>domitorum.</strong></span> 
     </span>
    </p>
   </div>
   <div class='ocr_carea' id='block_1_90' title="bbox 541 4368 3743 4441">
    <p class='ocr_par' dir='ltr' id='par_1_90' title="bbox 541 4368 3743 4441">
     <span class='ocr_line' id='line_1_90' title="bbox 541 4368 3743 4441; baseline -0.002 -16"><span class='ocrx_word' id='word_1_656' title='bbox 541 4372 836 4441; x_wconf 86' lang='lat' dir='ltr'><strong>loquentur.</strong></span> <span class='ocrx_word' id='word_1_657' title='bbox 862 4368 1417 4437; x_wconf 76' lang='lat' dir='ltr'><strong>Oculosimaginarios</strong></span> <span class='ocrx_word' id='word_1_658' title='bbox 1434 4369 1630 4424; x_wconf 87' lang='lat' dir='ltr'><strong>habent</strong></span> <span class='ocrx_word' id='word_1_659' title='bbox 1651 4379 1697 4423; x_wconf 89' lang='lat' dir='ltr'><strong>et</strong></span> <span class='ocrx_word' id='word_1_660' title='bbox 1716 4385 1819 4423; x_wconf 89' lang='lat' dir='ltr'><strong>non</strong></span> <span class='ocrx_word' id='word_1_661' title='bbox 1847 4368 2109 4423; x_wconf 82' lang='lat' dir='ltr'><strong>videbunt.</strong></span> <span class='ocrx_word' id='word_1_662' title='bbox 2148 4371 2189 4426; x_wconf 90' lang='lat' dir='ltr'><strong>D</strong></span> <span class='ocrx_word' id='word_1_663' title='bbox 2217 4378 2273 4423; x_wconf 90' lang='lat' dir='ltr'><strong>ut</strong></span> <span class='ocrx_word' id='word_1_664' title='bbox 2298 4370 2468 4424; x_wconf 88' lang='lat' dir='ltr'><strong>solum</strong></span> <span class='ocrx_word' id='word_1_665' title='bbox 2497 4386 2618 4425; x_wconf 92' lang='lat' dir='ltr'><strong>eum</strong></span> <span class='ocrx_word' id='word_1_666' title='bbox 2645 4372 2893 4426; x_wconf 89' lang='lat' dir='ltr'><strong>ostendat</strong></span> <span class='ocrx_word' id='word_1_667' title='bbox 2918 4372 3082 4427; x_wconf 88' lang='lat' dir='ltr'><strong>Deum</strong></span> <span class='ocrx_word' id='word_1_668' title='bbox 3107 4373 3161 4428; x_wconf 90' lang='lat' dir='ltr'><strong>in</strong></span> <span class='ocrx_word' id='word_1_669' title='bbox 3189 4387 3403 4440; x_wconf 88' lang='lat' dir='ltr'><strong>natura,</strong></span> <span class='ocrx_word' id='word_1_670' title='bbox 3426 4384 3481 4430; x_wconf 88' lang='lat' dir='ltr'><strong>et</strong></span> <span class='ocrx_word' id='word_1_671' title='bbox 3503 4371 3743 4427; x_wconf 88' lang='lat' dir='ltr'><strong>Dominum</strong></span> 
     </span>
    </p>
   </div>
   <div class='ocr_carea' id='block_1_91' title="bbox 547 4460 2116 4530">
    <p class='ocr_par' dir='ltr' id='par_1_91' title="bbox 547 4460 2116 4530">
     <span class='ocr_line' id='line_1_91' title="bbox 547 4460 2116 4530; baseline 0.001 -16"><span class='ocrx_word' id='word_1_672' title='bbox 547 4463 713 4514; x_wconf 77' lang='lat' dir='ltr'><strong>Aures</strong></span> <span class='ocrx_word' id='word_1_673' title='bbox 766 4460 1113 4530; x_wconf 70' lang='lat' dir='ltr'><strong>imaginarius</strong></span> <span class='ocrx_word' id='word_1_674' title='bbox 1146 4460 1334 4513; x_wconf 83' lang='lat' dir='ltr'><strong>habent</strong></span> <span class='ocrx_word' id='word_1_675' title='bbox 1366 4469 1414 4514; x_wconf 88' lang='lat' dir='ltr'><strong>et</strong></span> <span class='ocrx_word' id='word_1_676' title='bbox 1458 4477 1561 4515; x_wconf 89' lang='lat' dir='ltr'><strong>non</strong></span> <span class='ocrx_word' id='word_1_677' title='bbox 1597 4461 1834 4526; x_wconf 84' lang='lat' dir='ltr'><strong>audient,</strong></span> <span class='ocrx_word' id='word_1_678' title='bbox 1892 4471 1948 4515; x_wconf 89' lang='lat' dir='ltr'><strong>et</strong></span> <span class='ocrx_word' id='word_1_679' title='bbox 1981 4460 2116 4516; x_wconf 86' lang='lat' dir='ltr'><strong>bene</strong></span> 
     </span>
    </p>
   </div>
   <div class='ocr_carea' id='block_1_92' title="bbox 543 4548 2118 4619">
    <p class='ocr_par' dir='ltr' id='par_1_92' title="bbox 543 4548 2118 4619">
     <span class='ocr_line' id='line_1_92' title="bbox 543 4548 2118 4619; baseline 0.001 -17"><span class='ocrx_word' id='word_1_680' title='bbox 543 4549 664 4604; x_wconf 87' lang='lat' dir='ltr'><strong>dico</strong></span> <span class='ocrx_word' id='word_1_681' title='bbox 699 4548 839 4618; x_wconf 87' lang='lat' dir='ltr'><strong>quod</strong></span> <span class='ocrx_word' id='word_1_682' title='bbox 868 4564 972 4603; x_wconf 88' lang='lat' dir='ltr'><strong>non</strong></span> <span class='ocrx_word' id='word_1_683' title='bbox 1003 4548 1308 4618; x_wconf 83' lang='lat' dir='ltr'><strong>loquentur,</strong></span> <span class='ocrx_word' id='word_1_684' title='bbox 1340 4564 1501 4619; x_wconf 86' lang='lat' dir='ltr'><strong>neque</strong></span> <span class='ocrx_word' id='word_1_685' title='bbox 1514 4550 1650 4603; x_wconf 85' lang='lat' dir='ltr'><strong>enim</strong></span> <span class='ocrx_word' id='word_1_686' title='bbox 1680 4559 1754 4604; x_wconf 82' lang='lat' dir='ltr'><strong>est</strong></span> <span class='ocrx_word' id='word_1_687' title='bbox 1785 4550 1839 4603; x_wconf 92' lang='lat' dir='ltr'><strong>in</strong></span> <span class='ocrx_word' id='word_1_688' title='bbox 1864 4565 1951 4604; x_wconf 86' lang='lat' dir='ltr'><strong>ore</strong></span> <span class='ocrx_word' id='word_1_689' title='bbox 1978 4549 2118 4617; x_wconf 86' lang='lat' dir='ltr'><strong>ipso-</strong></span> 
     </span>
    </p>
   </div>
   <div class='ocr_carea' id='block_1_93' title="bbox 544 4640 2117 4711">
    <p class='ocr_par' dir='ltr' id='par_1_93' title="bbox 544 4640 2117 4711">
     <span class='ocr_line' id='line_1_93' title="bbox 544 4640 2117 4711; baseline 0 -16"><span class='ocrx_word' id='word_1_690' title='bbox 544 4658 662 4695; x_wconf 89' lang='lat' dir='ltr'><strong>rum</strong></span> <span class='ocrx_word' id='word_1_691' title='bbox 685 4642 922 4710; x_wconf 76' lang='lat' dir='ltr'><strong>spiritus,</strong></span> <span class='ocrx_word' id='word_1_692' title='bbox 962 4641 1015 4696; x_wconf 90' lang='lat' dir='ltr'><strong>id</strong></span> <span class='ocrx_word' id='word_1_693' title='bbox 1049 4650 1130 4696; x_wconf 92' lang='lat' dir='ltr'><strong>est</strong></span> <span class='ocrx_word' id='word_1_694' title='bbox 1158 4640 1336 4708; x_wconf 72' lang='lat' dir='ltr'><strong>ﬁntns,</strong></span> <span class='ocrx_word' id='word_1_695' title='bbox 1367 4641 1482 4696; x_wconf 91' lang='lat' dir='ltr'><strong>sine</strong></span> <span class='ocrx_word' id='word_1_696' title='bbox 1508 4658 1615 4711; x_wconf 89' lang='lat' dir='ltr'><strong>quo</strong></span> <span class='ocrx_word' id='word_1_697' title='bbox 1645 4640 1841 4697; x_wconf 90' lang='lat' dir='ltr'><strong>locutio</strong></span> <span class='ocrx_word' id='word_1_698' title='bbox 1870 4658 1977 4696; x_wconf 90' lang='lat' dir='ltr'><strong>non</strong></span> <span class='ocrx_word' id='word_1_699' title='bbox 2007 4641 2117 4695; x_wconf 84' lang='lat' dir='ltr'><strong>for-</strong></span> 
     </span>
    </p>
   </div>
   <div class='ocr_carea' id='block_1_94' title="bbox 546 4729 2117 4803">
    <p class='ocr_par' dir='ltr' id='par_1_94' title="bbox 546 4729 2117 4803">
     <span class='ocr_line' id='line_1_94' title="bbox 546 4729 2117 4803; baseline 0 -16"><span class='ocrx_word' id='word_1_700' title='bbox 546 4738 749 4787; x_wconf 84' lang='lat' dir='ltr'><strong>matur.</strong></span> <span class='ocrx_word' id='word_1_701' title='bbox 782 4729 913 4784; x_wconf 88' lang='lat' dir='ltr'><strong>Cum</strong></span> <span class='ocrx_word' id='word_1_702' title='bbox 940 4731 1101 4801; x_wconf 83' lang='lat' dir='ltr'><strong>igitur</strong></span> <span class='ocrx_word' id='word_1_703' title='bbox 1124 4731 1406 4787; x_wconf 88' lang='lat' dir='ltr'><strong>simulacra</strong></span> <span class='ocrx_word' id='word_1_704' title='bbox 1431 4731 1506 4786; x_wconf 92' lang='lat' dir='ltr'><strong>sic</strong></span> <span class='ocrx_word' id='word_1_705' title='bbox 1538 4731 1853 4803; x_wconf 89' lang='lat' dir='ltr'><strong>impotentia</strong></span> <span class='ocrx_word' id='word_1_706' title='bbox 1898 4733 2027 4799; x_wconf 90' lang='lat' dir='ltr'><strong>sint,</strong></span> <span class='ocrx_word' id='word_1_707' title='bbox 2063 4742 2117 4787; x_wconf 89' lang='lat' dir='ltr'><strong>et</strong></span> 
     </span>
    </p>
   </div>
   <div class='ocr_carea' id='block_1_95' title="bbox 545 4821 2104 4892">
    <p class='ocr_par' dir='ltr' id='par_1_95' title="bbox 545 4821 2104 4892">
     <span class='ocr_line' id='line_1_95' title="bbox 545 4821 2104 4892; baseline -0.001 -14"><span class='ocrx_word' id='word_1_708' title='bbox 545 4833 727 4878; x_wconf 86' lang='lat' dir='ltr'><strong>tamen</strong></span> <span class='ocrx_word' id='word_1_709' title='bbox 753 4837 782 4875; x_wconf 90' lang='lat' dir='ltr'><strong>a</strong></span> <span class='ocrx_word' id='word_1_710' title='bbox 810 4821 987 4875; x_wconf 89' lang='lat' dir='ltr'><strong>stultis</strong></span> <span class='ocrx_word' id='word_1_711' title='bbox 1014 4823 1303 4891; x_wconf 85' lang='lat' dir='ltr'><strong>gentilibus</strong></span> <span class='ocrx_word' id='word_1_712' title='bbox 1330 4825 1480 4892; x_wconf 87' lang='lat' dir='ltr'><strong>quasi</strong></span> <span class='ocrx_word' id='word_1_713' title='bbox 1504 4823 1578 4876; x_wconf 91' lang='lat' dir='ltr'><strong>dii</strong></span> <span class='ocrx_word' id='word_1_714' title='bbox 1602 4823 1870 4888; x_wconf 87' lang='lat' dir='ltr'><strong>colantur,</strong></span> <span class='ocrx_word' id='word_1_715' title='bbox 1904 4824 2104 4877; x_wconf 86' lang='lat' dir='ltr'><strong>similes</strong></span> 
     </span>
    </p>
   </div>
   <div class='ocr_carea' id='block_1_96' title="bbox 555 4912 2113 4985">
    <p class='ocr_par' dir='ltr' id='par_1_96' title="bbox 555 4912 2113 4985">
     <span class='ocr_line' id='line_1_96' title="bbox 555 4912 2113 4985; baseline 0 -16"><span class='ocrx_word' id='word_1_716' title='bbox 555 4915 664 4969; x_wconf 84' lang='lat' dir='ltr'><strong>illis</strong></span> <span class='ocrx_word' id='word_1_717' title='bbox 687 4914 817 4984; x_wconf 80' lang='lat' dir='ltr'><strong>fiant</strong></span> <span class='ocrx_word' id='word_1_718' title='bbox 848 4912 1071 4967; x_wconf 87' lang='lat' dir='ltr'><strong>interius</strong></span> <span class='ocrx_word' id='word_1_719' title='bbox 1112 4915 1183 4968; x_wconf 87' lang='lat' dir='ltr'><strong>illi</strong></span> <span class='ocrx_word' id='word_1_720' title='bbox 1212 4918 1299 4980; x_wconf 84' lang='lat' dir='ltr'><strong>qui</strong></span> <span class='ocrx_word' id='word_1_721' title='bbox 1322 4915 1520 4985; x_wconf 76' lang='lat' dir='ltr'><strong>faciunt</strong></span> <span class='ocrx_word' id='word_1_722' title='bbox 1549 4932 1630 4982; x_wconf 86' lang='lat' dir='ltr'><strong>ea,</strong></span> <span class='ocrx_word' id='word_1_723' title='bbox 1660 4916 1799 4971; x_wconf 90' lang='lat' dir='ltr'><strong>sicut</strong></span> <span class='ocrx_word' id='word_1_724' title='bbox 1828 4915 2027 4979; x_wconf 89' lang='lat' dir='ltr'><strong>colant,</strong></span> <span class='ocrx_word' id='word_1_725' title='bbox 2064 4926 2113 4970; x_wconf 87' lang='lat' dir='ltr'><strong>et</strong></span> 
     </span>
    </p>
   </div>
   <div class='ocr_carea' id='block_1_97' title="bbox 546 5002 2111 5077">
    <p class='ocr_par' dir='ltr' id='par_1_97' title="bbox 546 5002 2111 5077">
     <span class='ocr_line' id='line_1_97' title="bbox 546 5002 2111 5077; baseline -0.001 -17"><span class='ocrx_word' id='word_1_726' title='bbox 546 5022 723 5060; x_wconf 87' lang='lat' dir='ltr'><strong>omnes</strong></span> <span class='ocrx_word' id='word_1_727' title='bbox 753 5005 865 5077; x_wconf 84' lang='lat' dir='ltr'><strong>qui.</strong></span> <span class='ocrx_word' id='word_1_728' title='bbox 897 5003 997 5059; x_wconf 89' lang='lat' dir='ltr'><strong>etsi</strong></span> <span class='ocrx_word' id='word_1_729' title='bbox 1027 5019 1132 5057; x_wconf 87' lang='lat' dir='ltr'><strong>non</strong></span> <span class='ocrx_word' id='word_1_730' title='bbox 1164 5002 1385 5066; x_wconf 79' lang='lat' dir='ltr'><strong>faciunt,</strong></span> <span class='ocrx_word' id='word_1_731' title='bbox 1428 5014 1607 5060; x_wconf 89' lang='lat' dir='ltr'><strong>tamen</strong></span> <span class='ocrx_word' id='word_1_732' title='bbox 1646 5006 1914 5074; x_wconf 75' lang='lat' dir='ltr'><strong>conﬁdunt</strong></span> <span class='ocrx_word' id='word_1_733' title='bbox 1934 5007 1988 5061; x_wconf 88' lang='lat' dir='ltr'><strong>in</strong></span> <span class='ocrx_word' id='word_1_734' title='bbox 2016 5007 2111 5073; x_wconf 85' lang='lat' dir='ltr'><strong>eis,</strong></span> 
     </span>
    </p>
   </div>
   <div class='ocr_carea' id='block_1_98' title="bbox 546 5095 2114 5167">
    <p class='ocr_par' dir='ltr' id='par_1_98' title="bbox 546 5095 2114 5167">
     <span class='ocr_line' id='line_1_98' title="bbox 546 5095 2114 5167; baseline 0.001 -17"><span class='ocrx_word' id='word_1_735' title='bbox 546 5097 647 5151; x_wconf 86' lang='lat' dir='ltr'><strong>nisi</strong></span> <span class='ocrx_word' id='word_1_736' title='bbox 684 5097 898 5151; x_wconf 86' lang='lat' dir='ltr'><strong>tandem</strong></span> <span class='ocrx_word' id='word_1_737' title='bbox 938 5096 1283 5167; x_wconf 85' lang='lat' dir='ltr'><strong>resipuerint,</strong></span> <span class='ocrx_word' id='word_1_738' title='bbox 1319 5095 1524 5150; x_wconf 87' lang='lat' dir='ltr'><strong>scilicet</strong></span> <span class='ocrx_word' id='word_1_739' title='bbox 1571 5102 1651 5151; x_wconf 86' lang='lat' dir='ltr'><strong>sic</strong></span> <span class='ocrx_word' id='word_1_740' title='bbox 1693 5098 1822 5151; x_wconf 81' lang='lat' dir='ltr'><strong>ﬁant</strong></span> <span class='ocrx_word' id='word_1_741' title='bbox 1875 5098 2023 5153; x_wconf 87' lang='lat' dir='ltr'><strong>surdi</strong></span> <span class='ocrx_word' id='word_1_742' title='bbox 2060 5107 2114 5152; x_wconf 88' lang='lat' dir='ltr'><strong>et</strong></span> 
     </span>
    </p>
   </div>
   <div class='ocr_carea' id='block_1_99' title="bbox 545 5188 2112 5256">
    <p class='ocr_par' dir='ltr' id='par_1_99' title="bbox 545 5188 2112 5256">
     <span class='ocr_line' id='line_1_99' title="bbox 545 5188 2112 5256; baseline 0.004 -13"><span class='ocrx_word' id='word_1_743' title='bbox 545 5188 677 5243; x_wconf 62' lang='lat' dir='ltr'><strong>caici</strong></span> <span class='ocrx_word' id='word_1_744' title='bbox 731 5190 939 5243; x_wconf 88' lang='lat' dir='ltr'><strong>ratione</strong></span> <span class='ocrx_word' id='word_1_745' title='bbox 990 5190 1237 5256; x_wconf 85' lang='lat' dir='ltr'><strong>interius,</strong></span> <span class='ocrx_word' id='word_1_746' title='bbox 1296 5188 1436 5244; x_wconf 88' lang='lat' dir='ltr'><strong>sicut</strong></span> <span class='ocrx_word' id='word_1_747' title='bbox 1457 5189 1543 5242; x_wconf 87' lang='lat' dir='ltr'><strong>illa</strong></span> <span class='ocrx_word' id='word_1_748' title='bbox 1569 5193 1827 5245; x_wconf 78' lang='lat' dir='ltr'><strong>exterius.</strong></span> <span class='ocrx_word' id='word_1_749' title='bbox 1862 5192 1972 5248; x_wconf 85' lang='lat' dir='ltr'><strong>Hoc</strong></span> <span class='ocrx_word' id='word_1_750' title='bbox 2008 5210 2112 5249; x_wconf 91' lang='lat' dir='ltr'><strong>non</strong></span> 
     </span>
    </p>
   </div>
   <div class='ocr_carea' id='block_1_100' title="bbox 548 5276 2115 5348">
    <p class='ocr_par' dir='ltr' id='par_1_100' title="bbox 548 5276 2115 5348">
     <span class='ocr_line' id='line_1_100' title="bbox 548 5276 2115 5348; baseline 0.006 -16"><span class='ocrx_word' id='word_1_751' title='bbox 548 5276 915 5348; x_wconf 87' lang='lat' dir='ltr'><strong>imprecando,</strong></span> <span class='ocrx_word' id='word_1_752' title='bbox 945 5280 1037 5334; x_wconf 89' lang='lat' dir='ltr'><strong>sed</strong></span> <span class='ocrx_word' id='word_1_753' title='bbox 1065 5281 1410 5336; x_wconf 87' lang='lat' dir='ltr'><strong>concedendo</strong></span> <span class='ocrx_word' id='word_1_754' title='bbox 1448 5280 1594 5342; x_wconf 90' lang='lat' dir='ltr'><strong>dicit,</strong></span> <span class='ocrx_word' id='word_1_755' title='bbox 1642 5284 1801 5338; x_wconf 89' lang='lat' dir='ltr'><strong>utsic</strong></span> <span class='ocrx_word' id='word_1_756' title='bbox 1843 5285 2115 5341; x_wconf 63' lang='lat' dir='ltr'><strong>auditores</strong></span> 
     </span>
    </p>
   </div>
   <div class='ocr_carea' id='block_1_101' title="bbox 546 5369 2113 5444">
    <p class='ocr_par' dir='ltr' id='par_1_101' title="bbox 546 5369 2113 5444">
     <span class='ocr_line' id='line_1_101' title="bbox 546 5369 2113 5444; baseline 0.003 -18"><span class='ocrx_word' id='word_1_757' title='bbox 546 5370 619 5426; x_wconf 77' lang='lat' dir='ltr'><strong>ab</strong></span> <span class='ocrx_word' id='word_1_758' title='bbox 657 5369 917 5424; x_wconf 89' lang='lat' dir='ltr'><strong>idolorum</strong></span> <span class='ocrx_word' id='word_1_759' title='bbox 934 5370 1143 5427; x_wconf 88' lang='lat' dir='ltr'><strong>cultura</strong></span> <span class='ocrx_word' id='word_1_760' title='bbox 1178 5373 1469 5429; x_wconf 87' lang='lat' dir='ltr'><strong>deterreat.</strong></span> <span class='ocrx_word' id='word_1_761' title='bbox 1501 5372 1603 5436; x_wconf 92' lang='lat' dir='ltr'><strong>llli,</strong></span> <span class='ocrx_word' id='word_1_762' title='bbox 1637 5372 1855 5444; x_wconf 81' lang='lat' dir='ltr'><strong>inquam</strong></span> <span class='ocrx_word' id='word_1_763' title='bbox 1876 5416 1890 5439; x_wconf 89' lang='lat'><strong>,</strong></span> <span class='ocrx_word' id='word_1_764' title='bbox 1920 5376 2113 5431; x_wconf 87' lang='lat' dir='ltr'><strong>similes</strong></span> 
     </span>
    </p>
   </div>
   <div class='ocr_carea' id='block_1_102' title="bbox 546 5459 2115 5535">
    <p class='ocr_par' dir='ltr' id='par_1_102' title="bbox 546 5459 2115 5535">
     <span class='ocr_line' id='line_1_102' title="bbox 546 5459 2115 5535; baseline 0.004 -18"><span class='ocrx_word' id='word_1_765' title='bbox 546 5460 655 5517; x_wconf 74' lang='lat' dir='ltr'><strong>illis</strong></span> <span class='ocrx_word' id='word_1_766' title='bbox 675 5459 803 5530; x_wconf 75' lang='lat' dir='ltr'><strong>ﬁant</strong></span> <span class='ocrx_word' id='word_1_767' title='bbox 823 5460 911 5532; x_wconf 88' lang='lat' dir='ltr'><strong>qui</strong></span> <span class='ocrx_word' id='word_1_768' title='bbox 945 5460 1141 5531; x_wconf 78' lang='lat' dir='ltr'><strong>faciunt</strong></span> <span class='ocrx_word' id='word_1_769' title='bbox 1163 5474 1310 5527; x_wconf 88' lang='lat' dir='ltr'><strong>ea,et</strong></span> <span class='ocrx_word' id='word_1_770' title='bbox 1335 5466 1425 5535; x_wconf 85' lang='lat' dir='ltr'><strong>qui</strong></span> <span class='ocrx_word' id='word_1_771' title='bbox 1461 5462 1730 5532; x_wconf 76' lang='lat' dir='ltr'><strong>conﬁdunt</strong></span> <span class='ocrx_word' id='word_1_772' title='bbox 1776 5464 1828 5517; x_wconf 90' lang='lat' dir='ltr'><strong>in</strong></span> <span class='ocrx_word' id='word_1_773' title='bbox 1859 5466 1955 5519; x_wconf 88' lang='lat' dir='ltr'><strong>eis.</strong></span> <span class='ocrx_word' id='word_1_774' title='bbox 2009 5468 2115 5523; x_wconf 78' lang='lat' dir='ltr'><strong>Vos</strong></span> 
     </span>
    </p>
   </div>
   <div class='ocr_carea' id='block_1_103' title="bbox 547 5549 2165 5618">
    <p class='ocr_par' dir='ltr' id='par_1_103' title="bbox 547 5549 2165 5618">
     <span class='ocr_line' id='line_1_103' title="bbox 547 5549 2165 5618; baseline 0.005 -13"><span class='ocrx_word' id='word_1_775' title='bbox 547 5564 680 5605; x_wconf 87' lang='lat' dir='ltr'><strong>vero</strong></span> <span class='ocrx_word' id='word_1_776' title='bbox 715 5549 1102 5618; x_wconf 82' lang='lat' dir='ltr'><strong>domuslsrael,</strong></span> <span class='ocrx_word' id='word_1_777' title='bbox 1126 5553 1175 5606; x_wconf 91' lang='lat' dir='ltr'><strong>id</strong></span> <span class='ocrx_word' id='word_1_778' title='bbox 1193 5562 1274 5608; x_wconf 89' lang='lat' dir='ltr'><strong>est</strong></span> <span class='ocrx_word' id='word_1_779' title='bbox 1298 5554 1500 5609; x_wconf 76' lang='lat' dir='ltr'><strong>inutilia</strong></span> <span class='ocrx_word' id='word_1_780' title='bbox 1525 5553 1759 5611; x_wconf 86' lang='lat' dir='ltr'><strong>ﬁdelium</strong></span> <span class='ocrx_word' id='word_1_781' title='bbox 1776 5556 2113 5613; x_wconf 88' lang='lat' dir='ltr'><strong>subditorum</strong></span> <span class='ocrx_word' id='word_1_782' title='bbox 2150 5580 2165 5595; x_wconf 64' lang='grc'><em>’</em></span> 
     </span>
    </p>
   </div>
   <div class='ocr_carea' id='block_1_104' title="bbox 551 5641 2112 5717">
    <p class='ocr_par' dir='ltr' id='par_1_104' title="bbox 551 5641 2112 5717">
     <span class='ocr_line' id='line_1_104' title="bbox 551 5641 2112 5717; baseline 0.004 -18"><span class='ocrx_word' id='word_1_783' title='bbox 551 5641 608 5699; x_wconf 82' lang='lat' dir='ltr'><strong>in</strong></span> <span class='ocrx_word' id='word_1_784' title='bbox 631 5641 853 5702; x_wconf 80' lang='lat' dir='ltr'><strong>Judaico</strong></span> <span class='ocrx_word' id='word_1_785' title='bbox 883 5646 1100 5717; x_wconf 89' lang='lat' dir='ltr'><strong>populo,</strong></span> <span class='ocrx_word' id='word_1_786' title='bbox 1126 5642 1424 5712; x_wconf 79' lang='lat' dir='ltr'><strong>benedicite,</strong></span> <span class='ocrx_word' id='word_1_787' title='bbox 1449 5645 1501 5703; x_wconf 92' lang='lat' dir='ltr'><strong>id</strong></span> <span class='ocrx_word' id='word_1_788' title='bbox 1523 5654 1604 5703; x_wconf 88' lang='lat' dir='ltr'><strong>est</strong></span> <span class='ocrx_word' id='word_1_789' title='bbox 1654 5647 1891 5704; x_wconf 76' lang='lat' dir='ltr'><strong>exaltate</strong></span> <span class='ocrx_word' id='word_1_790' title='bbox 1925 5648 2112 5705; x_wconf 88' lang='lat' dir='ltr'><strong>Domi-</strong></span> 
     </span>
    </p>
   </div>
   <div class='ocr_carea' id='block_1_105' title="bbox 2220 4459 3748 4534">
    <p class='ocr_par' dir='ltr' id='par_1_105' title="bbox 2220 4459 3748 4534">
     <span class='ocr_line' id='line_1_105' title="bbox 2220 4459 3748 4534; baseline -0.003 -17"><span class='ocrx_word' id='word_1_791' title='bbox 2220 4461 2272 4517; x_wconf 90' lang='lat' dir='ltr'><strong>in</strong></span> <span class='ocrx_word' id='word_1_792' title='bbox 2294 4464 2701 4532; x_wconf 88' lang='lat' dir='ltr'><strong>omnipotentia.</strong></span> <span class='ocrx_word' id='word_1_793' title='bbox 2728 4463 3030 4519; x_wconf 88' lang='lat' dir='ltr'><strong>Notandum</strong></span> <span class='ocrx_word' id='word_1_794' title='bbox 3062 4467 3203 4534; x_wconf 89' lang='lat' dir='ltr'><strong>quod</strong></span> <span class='ocrx_word' id='word_1_795' title='bbox 3230 4466 3283 4521; x_wconf 90' lang='lat' dir='ltr'><strong>in</strong></span> <span class='ocrx_word' id='word_1_796' title='bbox 3313 4466 3422 4523; x_wconf 90' lang='lat' dir='ltr'><strong>ﬁne</strong></span> <span class='ocrx_word' id='word_1_797' title='bbox 3450 4459 3748 4529; x_wconf 84' lang='lat' dir='ltr'><strong>uniuscujus-</strong></span> 
     </span>
    </p>
   </div>
   <div class='ocr_carea' id='block_1_106' title="bbox 2217 4549 3745 4626">
    <p class='ocr_par' dir='ltr' id='par_1_106' title="bbox 2217 4549 3745 4626">
     <span class='ocr_line' id='line_1_106' title="bbox 2217 4549 3745 4626; baseline -0.004 -18"><span class='ocrx_word' id='word_1_798' title='bbox 2217 4567 2321 4623; x_wconf 87' lang='lat' dir='ltr'><strong>que</strong></span> <span class='ocrx_word' id='word_1_799' title='bbox 2349 4567 2541 4608; x_wconf 85' lang='lat' dir='ltr'><strong>versus</strong></span> <span class='ocrx_word' id='word_1_800' title='bbox 2567 4554 2723 4624; x_wconf 91' lang='lat' dir='ltr'><strong>hujus</strong></span> <span class='ocrx_word' id='word_1_801' title='bbox 2755 4556 2945 4625; x_wconf 84' lang='lat' dir='ltr'><strong>psalmi</strong></span> <span class='ocrx_word' id='word_1_802' title='bbox 2978 4559 3324 4626; x_wconf 48' lang='lat' dir='ltr'><strong>repetendum</strong></span> <span class='ocrx_word' id='word_1_803' title='bbox 3349 4567 3451 4622; x_wconf 89' lang='lat' dir='ltr'><strong>est,</strong></span> <span class='ocrx_word' id='word_1_804' title='bbox 3466 4554 3682 4626; x_wconf 83' lang='lat' dir='ltr'><strong>quoniam</strong></span> <span class='ocrx_word' id='word_1_805' title='bbox 3701 4549 3745 4601; x_wconf 86' lang='lat' dir='ltr'><strong>in</strong></span> 
     </span>
    </p>
   </div>
   <div class='ocr_carea' id='block_1_107' title="bbox 2216 4641 3744 4718">
    <p class='ocr_par' dir='ltr' id='par_1_107' title="bbox 2216 4641 3744 4718">
     <span class='ocr_line' id='line_1_107' title="bbox 2216 4641 3744 4718; baseline -0.001 -20"><span class='ocrx_word' id='word_1_806' title='bbox 2216 4653 2465 4698; x_wconf 67' lang='lat' dir='ltr'><strong>mternum</strong></span> <span class='ocrx_word' id='word_1_807' title='bbox 2517 4646 2872 4701; x_wconf 85' lang='lat' dir='ltr'><strong>misericordia</strong></span> <span class='ocrx_word' id='word_1_808' title='bbox 2926 4647 3073 4718; x_wconf 84' lang='lat' dir='ltr'><strong>ejus,</strong></span> <span class='ocrx_word' id='word_1_809' title='bbox 3125 4649 3267 4718; x_wconf 84' lang='lat' dir='ltr'><strong>quod</strong></span> <span class='ocrx_word' id='word_1_810' title='bbox 3321 4651 3387 4703; x_wconf 90' lang='lat' dir='ltr'><strong>ad</strong></span> <span class='ocrx_word' id='word_1_811' title='bbox 3438 4646 3631 4701; x_wconf 85' lang='lat' dir='ltr'><strong>laudem</strong></span> <span class='ocrx_word' id='word_1_812' title='bbox 3670 4641 3744 4694; x_wconf 65' lang='lat' dir='ltr'><strong>De!</strong></span> 
     </span>
    </p>
   </div>
   <div class='ocr_carea' id='block_1_108' title="bbox 2215 4733 3748 4810">
    <p class='ocr_par' dir='ltr' id='par_1_108' title="bbox 2215 4733 3748 4810">
     <span class='ocr_line' id='line_1_108' title="bbox 2215 4733 3748 4810; baseline -0.001 -23"><span class='ocrx_word' id='word_1_813' title='bbox 2215 4733 2482 4804; x_wconf 90' lang='lat' dir='ltr'><strong>Propheta</strong></span> <span class='ocrx_word' id='word_1_814' title='bbox 2505 4736 2674 4805; x_wconf 90' lang='lat' dir='ltr'><strong>ponit,</strong></span> <span class='ocrx_word' id='word_1_815' title='bbox 2706 4746 2758 4792; x_wconf 88' lang='lat' dir='ltr'><strong>et</strong></span> <span class='ocrx_word' id='word_1_816' title='bbox 2786 4747 2869 4794; x_wconf 88' lang='lat' dir='ltr'><strong>est</strong></span> <span class='ocrx_word' id='word_1_817' title='bbox 2911 4739 2964 4793; x_wconf 92' lang='lat' dir='ltr'><strong>in</strong></span> <span class='ocrx_word' id='word_1_818' title='bbox 2998 4755 3324 4810; x_wconf 88' lang='lat' dir='ltr'><strong>unoquoque</strong></span> <span class='ocrx_word' id='word_1_819' title='bbox 3352 4741 3493 4795; x_wconf 91' lang='lat' dir='ltr'><strong>istud</strong></span> <span class='ocrx_word' id='word_1_820' title='bbox 3517 4748 3748 4807; x_wconf 79' lang='lat' dir='ltr'><strong>exponen-</strong></span> 
     </span>
    </p>
   </div>
   <div class='ocr_carea' id='block_1_109' title="bbox 2217 4822 3750 4899">
    <p class='ocr_par' dir='ltr' id='par_1_109' title="bbox 2217 4822 3750 4899">
     <span class='ocr_line' id='line_1_109' title="bbox 2217 4822 3750 4899; baseline -0.003 -22"><span class='ocrx_word' id='word_1_821' title='bbox 2217 4822 2368 4889; x_wconf 89' lang='lat' dir='ltr'><strong>dum,</strong></span> <span class='ocrx_word' id='word_1_822' title='bbox 2410 4833 2468 4879; x_wconf 92' lang='lat' dir='ltr'><strong>ut</strong></span> <span class='ocrx_word' id='word_1_823' title='bbox 2504 4825 2557 4878; x_wconf 92' lang='lat' dir='ltr'><strong>in</strong></span> <span class='ocrx_word' id='word_1_824' title='bbox 2603 4827 2780 4896; x_wconf 91' lang='lat' dir='ltr'><strong>primo</strong></span> <span class='ocrx_word' id='word_1_825' title='bbox 2821 4843 2980 4884; x_wconf 88' lang='lat' dir='ltr'><strong>versu</strong></span> <span class='ocrx_word' id='word_1_826' title='bbox 3006 4828 3119 4897; x_wconf 90' lang='lat' dir='ltr'><strong>jam</strong></span> <span class='ocrx_word' id='word_1_827' title='bbox 3164 4830 3467 4899; x_wconf 83' lang='lat' dir='ltr'><strong>expositum</strong></span> <span class='ocrx_word' id='word_1_828' title='bbox 3514 4835 3608 4882; x_wconf 88' lang='lat' dir='ltr'><strong>est.</strong></span> <span class='ocrx_word' id='word_1_829' title='bbox 3648 4822 3750 4878; x_wconf 86' lang='lat' dir='ltr'><strong>Sive</strong></span> 
     </span>
    </p>
   </div>
   <div class='ocr_carea' id='block_1_110' title="bbox 2217 4913 3748 4988">
    <p class='ocr_par' dir='ltr' id='par_1_110' title="bbox 2217 4913 3748 4988">
     <span class='ocr_line' id='line_1_110' title="bbox 2217 4913 3748 4988; baseline 0 -21"><span class='ocrx_word' id='word_1_830' title='bbox 2217 4928 2324 4967; x_wconf 90' lang='lat' dir='ltr'><strong>non</strong></span> <span class='ocrx_word' id='word_1_831' title='bbox 2348 4913 2421 4969; x_wconf 86' lang='lat' dir='ltr'><strong>ita</strong></span> <span class='ocrx_word' id='word_1_832' title='bbox 2448 4915 2624 4985; x_wconf 87' lang='lat' dir='ltr'><strong>ample</strong></span> <span class='ocrx_word' id='word_1_833' title='bbox 2656 4926 2866 4987; x_wconf 89' lang='lat' dir='ltr'><strong>oportet</strong></span> <span class='ocrx_word' id='word_1_834' title='bbox 2895 4928 2952 4973; x_wconf 91' lang='lat' dir='ltr'><strong>ut</strong></span> <span class='ocrx_word' id='word_1_835' title='bbox 2987 4919 3287 4988; x_wconf 85' lang='lat' dir='ltr'><strong>accipiatur</strong></span> <span class='ocrx_word' id='word_1_836' title='bbox 3329 4915 3671 4976; x_wconf 83' lang='lat' dir='ltr'><strong>misericordia</strong></span> <span class='ocrx_word' id='word_1_837' title='bbox 3704 4913 3748 4965; x_wconf 90' lang='lat' dir='ltr'><strong>in</strong></span> 
     </span>
    </p>
   </div>
   <div class='ocr_carea' id='block_1_111' title="bbox 2216 5001 3751 5081">
    <p class='ocr_par' dir='ltr' id='par_1_111' title="bbox 2216 5001 3751 5081">
     <span class='ocr_line' id='line_1_111' title="bbox 2216 5001 3751 5081; baseline -0.001 -24"><span class='ocrx_word' id='word_1_838' title='bbox 2216 5019 2541 5075; x_wconf 75' lang='lat' dir='ltr'><strong>unoqu01ue</strong></span> <span class='ocrx_word' id='word_1_839' title='bbox 2589 5020 2749 5062; x_wconf 88' lang='lat' dir='ltr'><strong>versu</strong></span> <span class='ocrx_word' id='word_1_840' title='bbox 2793 5017 2851 5063; x_wconf 91' lang='lat' dir='ltr'><strong>ut</strong></span> <span class='ocrx_word' id='word_1_841' title='bbox 2881 5009 2933 5064; x_wconf 93' lang='lat' dir='ltr'><strong>in</strong></span> <span class='ocrx_word' id='word_1_842' title='bbox 2979 5010 3156 5081; x_wconf 92' lang='lat' dir='ltr'><strong>primo</strong></span> <span class='ocrx_word' id='word_1_843' title='bbox 3204 5010 3491 5080; x_wconf 85' lang='lat' dir='ltr'><strong>accipitur,</strong></span> <span class='ocrx_word' id='word_1_844' title='bbox 3532 5007 3617 5064; x_wconf 86' lang='lat' dir='ltr'><strong>sed</strong></span> <span class='ocrx_word' id='word_1_845' title='bbox 3646 5001 3751 5059; x_wconf 88' lang='lat' dir='ltr'><strong>stri-</strong></span> 
     </span>
    </p>
   </div>
   <div class='ocr_carea' id='block_1_112' title="bbox 2216 5094 3745 5172">
    <p class='ocr_par' dir='ltr' id='par_1_112' title="bbox 2216 5094 3745 5172">
     <span class='ocr_line' id='line_1_112' title="bbox 2216 5094 3745 5172; baseline 0.004 -25"><span class='ocrx_word' id='word_1_846' title='bbox 2216 5094 2375 5160; x_wconf 87' lang='lat' dir='ltr'><strong>ctius,</strong></span> <span class='ocrx_word' id='word_1_847' title='bbox 2412 5105 2469 5157; x_wconf 78' lang='lat' dir='ltr'><strong>ut</strong></span> <span class='ocrx_word' id='word_1_848' title='bbox 2505 5094 2596 5150; x_wconf 86' lang='lat' dir='ltr'><strong>illa</strong></span> <span class='ocrx_word' id='word_1_849' title='bbox 2634 5097 2749 5152; x_wconf 89' lang='lat' dir='ltr'><strong>sola</strong></span> <span class='ocrx_word' id='word_1_850' title='bbox 2799 5100 2850 5153; x_wconf 91' lang='lat' dir='ltr'><strong>in</strong></span> <span class='ocrx_word' id='word_1_851' title='bbox 2881 5115 3205 5172; x_wconf 90' lang='lat' dir='ltr'><strong>unoquoque</strong></span> <span class='ocrx_word' id='word_1_852' title='bbox 3255 5117 3417 5157; x_wconf 78' lang='lat' dir='ltr'><strong>versu</strong></span> <span class='ocrx_word' id='word_1_853' title='bbox 3466 5099 3745 5169; x_wconf 81' lang='lat' dir='ltr'><strong>accipiatur.</strong></span> 
     </span>
    </p>
   </div>
   <div class='ocr_carea' id='block_1_113' title="bbox 2216 5183 3747 5263">
    <p class='ocr_par' dir='ltr' id='par_1_113' title="bbox 2216 5183 3747 5263">
     <span class='ocr_line' id='line_1_113' title="bbox 2216 5183 3747 5263; baseline 0.003 -24"><span class='ocrx_word' id='word_1_854' title='bbox 2216 5201 2335 5255; x_wconf 72' lang='lat' dir='ltr'><strong>quae</strong></span> <span class='ocrx_word' id='word_1_855' title='bbox 2365 5186 2416 5240; x_wconf 91' lang='lat' dir='ltr'><strong>in</strong></span> <span class='ocrx_word' id='word_1_856' title='bbox 2454 5202 2776 5259; x_wconf 91' lang='lat' dir='ltr'><strong>unoquoque</strong></span> <span class='ocrx_word' id='word_1_857' title='bbox 2807 5192 3113 5246; x_wconf 88' lang='lat' dir='ltr'><strong>denotatur.</strong></span> <span class='ocrx_word' id='word_1_858' title='bbox 3161 5191 3315 5248; x_wconf 83' lang='lat' dir='ltr'><strong>Verbi</strong></span> <span class='ocrx_word' id='word_1_859' title='bbox 3349 5192 3517 5263; x_wconf 86' lang='lat' dir='ltr'><strong>gratia</strong></span> <span class='ocrx_word' id='word_1_860' title='bbox 3556 5208 3569 5245; x_wconf 92' lang='lat'>:</span> <span class='ocrx_word' id='word_1_861' title='bbox 3600 5183 3747 5253; x_wconf 67' lang='lat' dir='ltr'><strong>Conﬁ-</strong></span> 
     </span>
    </p>
   </div>
   <div class='ocr_carea' id='block_1_114' title="bbox 2216 5280 3748 5353">
    <p class='ocr_par' dir='ltr' id='par_1_114' title="bbox 2216 5280 3748 5353">
     <span class='ocr_line' id='line_1_114' title="bbox 2216 5280 3748 5353; baseline -0.003 -24"><span class='ocrx_word' id='word_1_862' title='bbox 2216 5280 2416 5346; x_wconf 87' lang='lat' dir='ltr'><strong>temini,</strong></span> <span class='ocrx_word' id='word_1_863' title='bbox 2464 5282 2705 5352; x_wconf 86' lang='lat' dir='ltr'><strong>inquam,</strong></span> <span class='ocrx_word' id='word_1_864' title='bbox 2748 5283 2823 5338; x_wconf 87' lang='lat' dir='ltr'><strong>illi</strong></span> <span class='ocrx_word' id='word_1_865' title='bbox 2853 5282 2946 5353; x_wconf 90' lang='lat' dir='ltr'><strong>qui</strong></span> <span class='ocrx_word' id='word_1_866' title='bbox 2991 5284 3132 5337; x_wconf 87' lang='lat' dir='ltr'><strong>solus</strong></span> <span class='ocrx_word' id='word_1_867' title='bbox 3162 5285 3403 5339; x_wconf 78' lang='lat' dir='ltr'><strong>existens</strong></span> <span class='ocrx_word' id='word_1_868' title='bbox 3451 5281 3683 5335; x_wconf 87' lang='lat' dir='ltr'><strong>Dominus</strong></span> <span class='ocrx_word' id='word_1_869' title='bbox 3704 5281 3748 5327; x_wconf 86' lang='lat' dir='ltr'><strong>et</strong></span> 
     </span>
    </p>
   </div>
   <div class='ocr_carea' id='block_1_115' title="bbox 2216 5368 3749 5447">
    <p class='ocr_par' dir='ltr' id='par_1_115' title="bbox 2216 5368 3749 5447">
     <span class='ocr_line' id='line_1_115' title="bbox 2216 5368 3749 5447; baseline -0.002 -24"><span class='ocrx_word' id='word_1_870' title='bbox 2216 5368 2358 5426; x_wconf 87' lang='lat' dir='ltr'><strong>Deus</strong></span> <span class='ocrx_word' id='word_1_871' title='bbox 2388 5371 2515 5429; x_wconf 80' lang='lat' dir='ltr'><strong>fecit</strong></span> <span class='ocrx_word' id='word_1_872' title='bbox 2539 5376 2802 5430; x_wconf 82' lang='lat' dir='ltr'><strong>mirabilia</strong></span> <span class='ocrx_word' id='word_1_873' title='bbox 2833 5392 3045 5445; x_wconf 83' lang='lat' dir='ltr'><strong>magna,</strong></span> <span class='ocrx_word' id='word_1_874' title='bbox 3079 5378 3320 5447; x_wconf 85' lang='lat' dir='ltr'><strong>quoniam</strong></span> <span class='ocrx_word' id='word_1_875' title='bbox 3351 5376 3455 5430; x_wconf 84' lang='lat' dir='ltr'><strong>hoc</strong></span> <span class='ocrx_word' id='word_1_876' title='bbox 3494 5371 3749 5426; x_wconf 77' lang='lat' dir='ltr'><strong>misericor-</strong></span> 
     </span>
    </p>
   </div>
   <div class='ocr_carea' id='block_1_116' title="bbox 2216 5460 3748 5534">
    <p class='ocr_par' dir='ltr' id='par_1_116' title="bbox 2216 5460 3748 5534">
     <span class='ocr_line' id='line_1_116' title="bbox 2216 5460 3748 5534; baseline -0.011 -7"><span class='ocrx_word' id='word_1_877' title='bbox 2216 5462 2324 5526; x_wconf 66' lang='grc' dir='ltr'><strong>αέα»</strong></span> <span class='ocrx_word' id='word_1_878' title='bbox 2366 5462 2418 5516; x_wconf 91' lang='lat' dir='ltr'><strong>id</strong></span> <span class='ocrx_word' id='word_1_879' title='bbox 2468 5475 2551 5519; x_wconf 90' lang='lat' dir='ltr'><strong>est</strong></span> <span class='ocrx_word' id='word_1_880' title='bbox 2593 5465 2913 5523; x_wconf 90' lang='lat' dir='ltr'><strong>beueticium</strong></span> <span class='ocrx_word' id='word_1_881' title='bbox 2965 5468 3351 5523; x_wconf 65' lang='lat' dir='ltr'><strong>misericordiae</strong></span> <span class='ocrx_word' id='word_1_882' title='bbox 3395 5466 3530 5534; x_wconf 86' lang='lat' dir='ltr'><strong>ejus,</strong></span> <span class='ocrx_word' id='word_1_883' title='bbox 3574 5460 3748 5517; x_wconf 82' lang='lat' dir='ltr'><strong>scilicet</strong></span> 
     </span>
    </p>
   </div>
   <div class='ocr_carea' id='block_1_117' title="bbox 2215 5546 3745 5630">
    <p class='ocr_par' dir='ltr' id='par_1_117' title="bbox 2215 5546 3745 5630">
     <span class='ocr_line' id='line_1_117' title="bbox 2215 5546 3745 5630; baseline -0.004 -18"><span class='ocrx_word' id='word_1_884' title='bbox 2215 5551 2357 5627; x_wconf 87' lang='lat' dir='ltr'><strong>quod</strong></span> <span class='ocrx_word' id='word_1_885' title='bbox 2380 5551 2510 5613; x_wconf 73' lang='lat' dir='ltr'><strong>facit</strong></span> <span class='ocrx_word' id='word_1_886' title='bbox 2532 5559 2799 5615; x_wconf 90' lang='lat' dir='ltr'><strong>mirabilia</strong></span> <span class='ocrx_word' id='word_1_887' title='bbox 2834 5575 3027 5630; x_wconf 82' lang='lat' dir='ltr'><strong>magna</strong></span> <span class='ocrx_word' id='word_1_888' title='bbox 3055 5561 3268 5614; x_wconf 81' lang='lat' dir='ltr'><strong>durabit</strong></span> <span class='ocrx_word' id='word_1_889' title='bbox 3310 5561 3362 5613; x_wconf 81' lang='lat' dir='ltr'><strong>in</strong></span> <span class='ocrx_word' id='word_1_890' title='bbox 3400 5569 3657 5616; x_wconf 74' lang='lat' dir='ltr'><strong>wternum,</strong></span> <span class='ocrx_word' id='word_1_891' title='bbox 3683 5546 3745 5599; x_wconf 58' lang='lat' dir='ltr'><strong>vel</strong></span> 
     </span>
    </p>
   </div>
   <div class='ocr_carea' id='block_1_118' title="bbox 2216 5640 3741 5724">
    <p class='ocr_par' dir='ltr' id='par_1_118' title="bbox 2216 5640 3741 5724">
     <span class='ocr_line' id='line_1_118' title="bbox 2216 5640 3741 5724; baseline -0.009 -14"><span class='ocrx_word' id='word_1_892' title='bbox 2216 5660 2297 5707; x_wconf 84' lang='lat' dir='ltr'><strong>est</strong></span> <span class='ocrx_word' id='word_1_893' title='bbox 2322 5653 2525 5711; x_wconf 90' lang='lat' dir='ltr'><strong>ducens</strong></span> <span class='ocrx_word' id='word_1_894' title='bbox 2552 5669 2649 5709; x_wconf 89' lang='lat' dir='ltr'><strong>nos</strong></span> <span class='ocrx_word' id='word_1_895' title='bbox 2671 5653 2725 5708; x_wconf 91' lang='lat' dir='ltr'><strong>in</strong></span> <span class='ocrx_word' id='word_1_896' title='bbox 2747 5662 3030 5709; x_wconf 71' lang='lat' dir='ltr'><strong>aeternum.</strong></span> <span class='ocrx_word' id='word_1_897' title='bbox 3060 5652 3293 5724; x_wconf 79' lang='lat' dir='ltr'><strong>Exponit</strong></span> <span class='ocrx_word' id='word_1_898' title='bbox 3315 5665 3493 5707; x_wconf 76' lang='lat' dir='ltr'><strong>autem</strong></span> <span class='ocrx_word' id='word_1_899' title='bbox 3532 5660 3641 5719; x_wconf 78' lang='lat' dir='ltr'><strong>qua:</strong></span> <span class='ocrx_word' id='word_1_900' title='bbox 3664 5640 3741 5697; x_wconf 51' lang='lat' dir='ltr'><strong>uti.</strong></span> 
     </span>
    </p>
   </div>
  </div>
