3962 6318
143 298 268 355 I553

969 287 975 292 ’
1029 288 1394 348 EXPOSI'I‘IO
1433 287 1496 341 IN
1531 282 1870 344 PSALMOS.
1892 287 2180 346 —-PSAL.
2215 287 2479 344 CXXXV.

3256 301 3279 354 1
3291 298 3400 356 554

141 413 317 473 rabi‘lia
345 411 474 467 fecit
519 411 614 466 sic.
661 407 830 474 Fecit,
861 408 1104 478 inquam,
1148 404 1432 472 mirabilia,
1463 405 1578 459 bare
1607 403 1714 459 sci-
1742 405 1788 464 A
1817 401 2034 472 quidem
2065 400 2350 456 luminaria
2385 401 2489 454 θῑεί
2518 400 2659 458 huc"
2686 421 2743 461 se
2772 408 2964 466 COIIala
2996 411 3243 480 (Ιηῖῖιέἀίιιη
3280 432 3395 471 "'3'

138 511 254 565 licet
278 507 370 576 qui
409 519 600 576 nempe
628 505 746 572 fecit
773 503 945 568 caelos,
976 503 1027 556 id
1063 509 1146 556 cst
1167 500 1419 570 praelatos
1455 498 1716 554 sublimes
1811 493 1930 562 jora
1960 493 2090 558 sint.
2116 493 2362 562 mtmdam
2393 491 2708 564 mediocria,
2732 503 2976 567 quzedam
3007 517 3136 559 ωηο
3163 508 3397 576 minora,

141 605 188 656 in
220 599 510 653 sanctitate
542 599 608 652 ad
657 597 872 652 modum
915 595 1207 651 cwlorum:
1241 595 1420 649 ethos
1462 593 1622 648 caelos
1641 593 1717 648 fe-

128 694 204 763 ',cit
247 692 299 742 iu
329 688 594 758 intellectu
621 702 740 754 suo,
770 688 820 742 id
851 697 934 742 est
962 687 1012 740 in
1061 685 1329 756 sapientia
1361 700 1478 740 sua.
1526 685 1582 740 Si
1633 685 1718 739 di-

136 792 314 835 camus
340 779 408 832 de
441 778 667 832 Domino
704 777 887 842 Patre,
913 775 1155 830 dicemus
1182 775 1327 845 quod
1373 775 1540 830 caelos
1589 774 1719 830 fecit

137 871 186 924 in
233 869 520 936 sapientia,
554 869 605 923 id
650 876 734 924 est
781 869 832 922 in
877 867 1032 922 Filio.
1070 865 1224 922 Unde
1266 865 1716 936 Psalmographus

137 964 258 1018 alibi
285 980 297 1016 :
321 982 338 1014 ι
373 961 551 1016 Verbo
576 961 785 1015 Domini
804 960 925 1015 coeli
959 959 1154 1014 ﬁrmati
1178 969 1305 1013 sunt
1330 958 1502 1028 (Psal.
1522 973 1718 1022 xxxvi,

134 1055 208 1125 6).
245 1072 262 1104 ι
302 1052 359 1108 Si
403 1067 532 1106 vero
581 1053 828 1107 dicamus
873 1051 937 1106 de
983 1050 1212 1104 Domino
1257 1045 1424 1114 Filio,
1474 1051 1716 1105 dicemus

134 1143 272 1215 quod
302 1142 470 1198 cmlos
497 1141 682 1196 fecerit
714 1142 766 1196 in
799 1143 995 1212 seipse,
1023 1141 1073 1196 id
1096 1151 1179 1196 est
1218 1157 1312 1211 per
1339 1143 1596 1212 scipsum,
1623 1140 1716 1210 qui

133 1245 214 1292 est
253 1235 516 1304 sapientia
557 1231 754 1299 Patris,
807 1249 913 1306 non
961 1248 1059 1303 per
1097 1233 1242 1286 vires
1271 1232 1490 1296 alienas,
1525 1241 1582 1286 et
1627 1231 1716 1300 qui

131 1329 415 1399 [intraverit
441 1327 493 1381 in
522 1327 626 1382 lide
659 1336 878 1390 terram,
910 1326 960 1380 id
984 1334 1068 1382 est
1089 1327 1358 1392 subditos,
1383 1336 1575 1380 terram
1600 1324 1718 1394 ejus

130 1417 468 1476 lructil'eram
517 1420 833 1474 existentes.
869 1418 1091 1472 Terram
1139 1418 1260 1472 dico
1301 1417 1578 1472 fundatam
1626 1434 1718 1470 sn-

129 1528 219 1582 per
240 1527 410 1581 aquas
428 1509 807 1580 ‘baptismatis,
831 1525 950 1579 qum
978 1509 1388 1564 litandamentum
1420 1518 1475 1584 et
1505 1508 1715 1563 initium

130 1609 258 1656 sunt
292 1600 574 1654 virtutum.
615 1619 633 1652 ι
669 1599 781 1656 Nisi
825 1601 968 1654 enim
1003 1599 1124 1670 quis
1175 1609 1398 1655 renatus
1442 1599 1604 1654 fuerit
1649 1615 1716 1654 ex

127 1707 268 1762 aqua
295 1698 349 1746 ct
377 1692 590 1761 spiritu,
637 1706 742 1746 non
789 1700 968 1762 potest
1011 1691 1240 1747 introire
1268 1692 1318 1745 in
1351 1707 1573 1760 regnum
1622 1692 1713 1745 Dei

1817 585 1997 640 omnia
2037 593 2216 639 tamen
2239 592 2366 641 sunt
2395 585 2690 638 secundum
2716 602 2773 642 se
2799 605 2997 660 magna
3031 603 3086 649 et
3115 595 3354 666 gloriosa
3379 614 3397 656 :

1818 675 2046 747 ideoque
2076 691 2182 732 non
2207 676 2479 732 immerito
2502 677 2737 747 positum
2767 690 2874 745 est,
2900 683 2988 750 qui
3020 686 3137 752 fecit
3171 689 3402 745 lununa-

1817 770 1899 824 ria
1922 785 2132 839 magna.

1889 858 2126 928 Exponit
2155 874 2287 931 ergo
2313 873 2412 930 per
2459 861 2586 930 quid
2638 859 2768 917 fecit
2809 859 2978 916 caelos
3019 871 3074 918 et
3116 873 3316 921 terram
3345 878 3402 922 et

1819 950 2106 1005 luminaria
2133 968 2254 1006 cum
2292 951 2444 1007 addit
2481 971 2493 1006 :
2525 952 2631 1018 Qui
2663 955 2917 1022 percussit
2951 953 3264 1026 /EgypIum,
3290 967 3398 1014 etc.

1817 1041 1970 1110 Quod
2009 1041 2090 1098 sic
2134 1044 2420 1114 adoptatur
2454 1061 2466 1097 :
2498 1044 2849 1114 (Jonﬁtemini,
2891 1045 3133 1116 inquam,
3177 1048 3402 1104 Domino

1817 1133 1907 1200 qui
1937 1146 2035 1202 per
2077 1131 2179 1187 hoc
2209 1131 2338 1188 fecit
2375 1133 2571 1188 coelum
2604 1135 2747 1203 quod
2778 1143 2978 1189 terram
3010 1144 3065 1190 et
3091 1136 3402 1205 luminaria,

1815 1226 1954 1293 quod
1993 1224 2246 1294 percussit
2272 1225 2561 1295 zﬁgyptum
2589 1241 2706 1280 cum
2733 1227 3090 1298 primogenitis
3123 1245 3324 1292 eorum,
3351 1229 3406 1285 id

1817 1325 1900 1368 est
1939 1315 2208 1369 destruxit
2236 1314 2522 1386 Egyptios
2571 1325 2624 1371 et
2659 1317 3017 1390 primogenita
3058 1334 3270 1376 eorum.
3299 1320 3407 1376 sci-

1818 1405 1947 1462 licet
1977 1408 2223 1463 homines
2270 1410 2362 1478 qui
2415 1419 2571 1464 erant
2601 1408 2867 1481 ίΕεςιιιίἰ,
2901 1411 2952 1464 id
2999 1421 3082 1468 est
3131 1413 3404 1469 tenebrosi

1819 1498 2146 1568 ignorantia,
2167 1508 2223 1553 ct
2253 1499 2437 1555 atllicti
2461 1502 2562 1556 sub
2588 1504 2826 1572 pondere
2847 1511 3189 1574 peccatorum
3218 1515 3407 1560 actua-

1817 1589 1970 1644 Iinm.
2025 1589 2130 1644 Per
2180 1590 2338 1645 Iidem
2392 1591 2667 1647 destruxit
2710 1595 3004 1648 secundum
3056 1595 3202 1666 quod
3248 1603 3410 1652 erant

1819 1679 2082 1751 Egyptii,
2110 1689 2164 1734 et
2185 1695 2279 1736 eos
2306 1681 2614 1739 destructas
2640 1683 2720 1740 sic
2747 1685 3102 1754 illuminavit;
3135 1696 3192 1743 et
3220 1703 3251 1742 a
3275 1703 3402 1760 pec-

129 1780 312 1852 (Joan.
346 1795 430 1845 ιιι,
457 1780 531 1849 5).
558 1799 576 1831 ι
609 1779 702 1836 Vel
725 1780 954 1850 ﬁrmavit
979 1790 1171 1834 terram
1195 1779 1247 1834 in
1281 1781 1583 1836 constantia
1609 1782 1720 1835 vir-

1828 1782 2065 1826 catorum
2097 1771 2389 1828 alllictione
2417 1773 2709 1841 liberavit;
2739 1786 2792 1831 et
2833 1793 3019 1834 eorum
3047 1781 3405 1851 primogenita

128 1879 330 1935 tutum,
361 1886 466 1925 non
491 1871 947 1940 submergcndam
981 1871 1048 1926 ab
1075 1872 1251 1942 aquis,
1286 1871 1337 1926 id
1375 1881 1507 1928 esta
1539 1888 1720 1942 persc-

127 1959 409 2016 cutoribus
441 1960 867 2033 circumquaque
905 1977 1024 2016 eam
1070 1963 1136 2017 ad
1181 1963 1399 2017 modum
1453 1979 1717 2034 aquarum

125 2066 224 2121 per
254 2050 752 2121 incorporationem
790 2052 1106 2124 demergere
1148 2052 1466 2120 nitentibus,
1501 2055 1593 2108 sed
1620 2071 1718 2109 cx-

123 2151 362 2198 stantem
392 2159 549 2213 super
573 2159 761 2212 aquas,
785 2143 838 2197 id
868 2153 952 2199 est
987 2145 1323 2215 superiorem
1370 2147 1526 2215 aquis
1551 2156 1602 2200 et
1633 2147 1716 2200 in—

121 2233 489 2304 superabilem
537 2231 605 2286 ab
655 2231 766 2298 eis,
819 2250 886 2290 ne
943 2235 1287 2305 aliquatenus
1354 2237 1484 2304 ipsis
1539 2237 1714 2292 cedat.

124 2329 341 2382 Dictum
375 2336 458 2382 est
489 2328 591 2382 hoc
619 2345 656 2396 _a
700 2329 1057 2386 similitudine
1092 2329 1252 2399 hujus
1287 2338 1446 2384 terra:
1471 2329 1720 2385 iunnobi-

121 2421 208 2486 lis,
252 2435 379 2490 quae.
405 2425 672 2476 asseritur
701 2437 864 2492 super
884 2437 1054 2492 aquas
1085 2421 1307 2476 fundata
1333 2436 1454 2476 esse
1483 2439 1499 2490 ;
1537 2437 1658 2492 quin
1687 2438 1718 2476 a

119 2514 553 2582 circumquaque
609 2513 938 2568 instantibus
967 2513 1196 2568 marinis
1243 2513 1399 2582 aquis
1444 2513 1718 2581 snbmergi

117 2621 228 2660 non
261 2614 464 2674 potest.
515 2605 849 2676 Couﬁtemini
869 2647 882 2672 ,
917 2607 1160 2674 inquam,
1200 2605 1423 2660 Domino
1457 2605 1547 2675 qui
1578 2604 1716 2670 illos,

119 2713 263 2767 quos
300 2699 555 2768 superius
587 2699 722 2763 dixi,
751 2698 906 2754 caelos
929 2709 986 2755 et
1023 2711 1236 2766 terram,
1271 2699 1322 2754 id
1362 2708 1444 2754 est
1469 2699 1721 2770 praelatos

115 2796 174 2841 et
210 2787 470 2843 subditos
501 2788 623 2859 [erit
673 2803 770 2858 per
797 2789 1030 2860 gratiam
1080 2804 1232 2844 suam
1280 2803 1402 2842 esse
1435 2788 1720 2842 luminaria

117 2895 345 2949 magna,
382 2879 434 2933 id
473 2889 556 2934 est
602 2895 828 2951 magnos
875 2881 926 2935 iu
966 2879 1363 2935 illuminatione
1394 2879 1722 2952 cognitionis

116 2967 263 3036 ejus,
300 2979 363 3023 ut
409 2971 571 3025 etiam
615 2971 734 3026 aliis
774 2982 961 3027 essent
1010 2972 1320 3039 Iutninaria,
1370 2972 1722 3030 illuminando

1821 1862 2108 1926 destruxit,
2131 1863 2184 1918 id
2210 1873 2295 1918 est
2323 1873 2547 1934 peccata
2561 1866 2864 1936 originalia.
2882 1867 2960 1924 Ne
2977 1885 3106 1925 vero
3134 1871 3409 1927 videretur

1819 1967 2012 2009 omnes
2056 1953 2345 2026 Egyptios
2393 1956 2748 2026 destruxisse,
2796 1958 2945 2015 addit
2986 1976 3000 2015 :
3039 1960 3408 2030 Couﬁtemini,

1822 2045 2065 2114 inquam,
2099 2047 2174 2102 illi
2208 2048 2300 2117 qui
2348 2047 2529 2102 eduxit
2576 2047 2748 2104 Israel
2788 2049 2853 2105 de
2899 2051 3106 2117 medio,
3149 2053 3200 2106 id
3231 2061 3314 2108 est
3342 2052 3411 2108 de

1820 2141 2094 2196 communi
2117 2158 2320 2207 eorum,
2340 2142 2736 2214 .IEgyptiorum.
2766 2143 2848 2200 Ac
2872 2145 2918 2200 si
2949 2145 3097 2200 dicat
3125 2162 3138 2199 :
3171 2145 3249 2202 Ita
3289 2146 3412 2202 dico

1821 2247 1944 2287 eum
1976 2231 2270 2304 {Egyptum
2311 2233 2650 2304 percussisse
2679 2235 2824 2305 quod
2855 2237 3118 2306 quosdam
3144 2251 3210 2291 ex
3239 2235 3412 2309 Egy-

1821 2322 1949 2393 ptiis
1979 2324 2298 2393 pcenitentia
2327 2326 2617 2395 percussit,
2658 2335 2714 2381 et
2741 2341 2838 2396 per
2873 2330 2974 2382 hoc
3000 2343 3095 2383 eos
3120 2327 3285 2384 Israel
3332 2327 3416 2384 fc-

1822 2421 1916 2484 cit,
1944 2428 1999 2475 et
2025 2420 2105 2474 sic
2133 2419 2276 2488 ipsos
2303 2435 2333 2473 a
2364 2421 2638 2475 consortio
2661 2420 2890 2475 aliorum
2920 2421 3322 2494 Egyptiorum,
3358 2424 3413 2477 in

1821 2511 2058 2584 Egypto
2083 2513 2504 2578 remanentium,
2527 2513 2726 2567 eduxit.
2754 2513 2820 2568 Et
2853 2514 2957 2569 hoc
2982 2513 3111 2569 fecit
3139 2516 3194 2568 in
3219 2515 3416 2584 potenti

1821 2618 2006 2667 manu,
2037 2601 2088 2657 id
2111 2609 2196 2656 est
2225 2603 2280 2656 in
2309 2602 2514 2671 potenti
2539 2603 2859 2672 operatione
2901 2604 3092 2674 gratia:
3121 2619 3254 2667 suat,
3285 2615 3334 2658 et
3359 2603 3412 2658 in

1823 2695 2032 2748 brachio
2057 2694 2277 2756 excelso,
2306 2695 2357 2749 id
2379 2695 2537 2749 estin
2567 2695 2885 2751 fortitudine
2920 2699 3224 2762 excelsa,id
3249 2709 3334 2754 est
3357 2699 3415 2754 in

1821 2772 2293 2840 fortitudineillius
2308 2785 2545 2854 potentis
2568 2787 2902 2855 operationis
2929 2790 3119 2858 gratia:
3145 2805 3416 2860 suae,quae

1821 2877 2036 2933 excelsa
2089 2887 2187 2936 est.
2220 2877 2272 2932 id
2302 2887 2387 2932 est
2416 2893 2525 2949 prae
2555 2879 2768 2934 caeteris
2809 2878 3222 2936 fortitudinibus
3264 2877 3424 2936 celsa

1823 2975 1877 3022 et
1903 2966 2160 3038 gloriosa.
2193 2966 2324 3034 Quae
2346 2980 2443 3036 per
2457 2968 2739 3022 brachium
2765 2971 3074 3037 denotatur,
3091 2986 3156 3026 eo
3185 2972 3328 3042 quod
3357 2973 3414 3026 in

115 3076 216 3116 eos
249 3063 446 3116 eadem
471 3063 779 3133 cognitione
811 3079 908 3134 per
942 3064 1265 3121 doctrinam.
1291 3063 1442 3130 Quod
1475 3065 1720 3135 praetigu-
1747 3089 1794 3151 ρ
1825 3055 2047 3151 brachio
2090 3054 2350 3151 fortitudo
2377 3057 2466 3112 sit.
2495 3055 2786 3112 Brachium
2817 3067 2872 3113 et
2906 3075 3108 3151 manus
3134 3061 3227 3151 hic
3267 3061 3416 3151 fidem

117 3162 311 3206 ratum
343 3165 426 3209 est
461 3155 511 3210 in
543 3155 919 3218 lnminaribns,
951 3171 1071 3226 qua:
1109 3155 1253 3211 Deus
1278 3157 1329 3210 in
1373 3156 1511 3212 caelo
1548 3158 1728 3227 posuit

113 3254 176 3300 ut
217 3254 438 3300 terram
469 3245 837 3302 illuminarent
863 3252 880 3318 (
906 3244 1035 3302 Gen.
1071 3263 1121 3316 ι,
1153 3248 1263 3315 14).

191 3335 555 3404 Luminaria,
591 3339 847 3409 inquam,
897 3357 1088 3410 magna
1132 3341 1292 3410 fecit,
1335 3351 1391 3397 et
1427 3355 1556 3399 ecce
1606 3359 1727 3414 qua:

107 3425 421 3482 luminaria
459 3445 478 3482 :
511 3429 708 3494 Solem,
765 3431 972 3486 scilicet
1031 3432 1188 3499 fecit,
1234 3433 1286 3486 id
1334 3442 1418 3489 est
1472 3435 1594 3492 illos
1634 3441 1726 3507 qui

111 3519 347 3576 dicendi
395 3530 520 3577 sunt
567 3522 667 3577 sol.
703 3522 940 3592 Exponit
986 3539 1115 3594 ergo
1161 3534 1384 3594 propter
1419 3527 1550 3597 quid
1600 3529 1730 3585 fecit

107 3613 325 3679 solem,
359 3629 484 3668 cum
519 3613 687 3680 addit,
730 3614 919 3680 solem,
963 3615 1202 3684 inquam,
1239 3619 1514 3672 redactum
1551 3620 1607 3674 in
1637 3637 1731 3690 po-

109 3715 373 3760 testatem
407 3706 532 3767 diei,
564 3705 615 3760 id
651 3715 732 3762 est
760 3706 812 3760 in
842 3716 1162 3776 potestatem
1198 3708 1516 3766 clarissimae
1546 3712 1728 3782 cogni-

118 3797 331 3862 tionis,
376 3811 498 3866 quze
537 3796 654 3852 dies
686 3798 892 3853 dicitur
920 3807 1144 3868 propter
1187 3815 1298 3854 suae
1337 3801 1616 3870 dignitatis
1639 3817 1729 3856 cx-

1828 3145 2157 3216 signiﬁcant,
2181 3147 2276 3203 scd
2307 3163 2500 3203 manus
2533 3156 2684 3203 notat
2711 3149 3102 3220 operationem,
3131 3149 3415 3204 brachium

1828 3256 1959 3296 vero
1985 3241 2378 3297 fortitudinem.
2419 3241 2671 3298 Ostendit
2709 3251 2889 3298 autem
2929 3257 3026 3313 per
3068 3243 3196 3313 quid
3243 3242 3418 3297 Israel

1829 3331 2006 3386 eduxit
2035 3333 2102 3387 de
2135 3331 2390 3403 Aigypto,
2421 3348 2519 3403 per
2546 3333 2811 3403 baptisma
2851 3333 3122 3402 videlicet,
3176 3349 3298 3388 cum
3323 3333 3420 3387 ad-

1829 3426 1908 3482 dit
1941 3442 1956 3480 :
1985 3426 2318 3496 Con/itemini
2365 3425 2590 3480 Domino
2629 3429 2720 3498 qui
2751 3437 2810 3482 ut
2844 3428 3102 3483 educeret
3153 3427 3317 3483 Israel
3351 3427 3420 3482 de

1831 3519 2278 3591 Egypto,divisit
2299 3519 2351 3573 in
2375 3520 2678 3585 divisiones,
2709 3519 2760 3574 id
2786 3530 2868 3575 est
2894 3519 3090 3590 divisit.
3110 3519 3163 3574 in
3192 3519 3422 3574 diversi-

1833 3619 1969 3666 tates
1991 3627 2135 3664 mare
2165 3609 2417 3678 Rubrum,
2465 3610 2516 3664 id
2554 3620 2636 3666 est
2690 3612 3011 3682 baptismum
3045 3627 3144 3683 per
3185 3611 3422 3666 Rubrum

1831 3721 1976 3758 mare
2005 3703 2428 3774 prmﬂgnratum,
2463 3712 2521 3758 ut
2545 3704 2664 3759 aliis
2691 3713 2836 3760 esset
2869 3705 2920 3759 in
2949 3705 3180 3771 ruinam,
3213 3705 3334 3762 aliis
3362 3704 3421 3760 in

1832 3792 2206 3858 salvationcm,
2255 3803 2313 3847 ut
2361 3794 2413 3847 in
2441 3793 2707 3864 psalmum
2754 3795 3210 3866 septuagesimum
3256 3795 3423 3865 septi-

109 3887 472 3942 ccllentiam.
515 3887 668 3954 Quod
691 3898 774 3943 est
801 3904 864 3943 ac
890 3891 936 3943 si
971 3889 1115 3943 dicat
1145 3907 1158 3942 :
1193 3889 1466 3956 Quosdam
1498 3891 1576 3946 sic
1603 3891 1732 3946 fecit
1797 3885 1806 3925 ν
1834 3902 1979 3939 ιιιιιιιι
2014 3885 2316 3955 expositum
2348 3893 2432 3940 est
2460 3887 2514 3940 in
2559 3885 2677 3940 loco
2719 3887 2808 3940 ubi
2843 3886 3112 3941 habetur:
3141 3887 3420 3955 interrupit

108 3995 250 4034 esse
287 3979 614 4046 luminaria,
643 3990 701 4035 ut
731 3989 954 4052 propter
992 3983 1420 4053 magnitudinem
1461 3982 1731 4038 illumina-

106 4071 300 4126 tionis
351 4087 484 4135 suae,
543 4087 663 4142 quae
717 4072 834 4127 dies
890 4072 1122 4139 dicitur,
1172 4074 1269 4143 ipsi
1325 4073 1404 4128 sol
1458 4074 1728 4129 dicantur.

99 4159 280 4226 Quod
314 4168 406 4244 est
445 4160 626 4214 dicere
658 4177 670 4213 :
702 4148 973 4228 Quosdam
1019 4162 1147 4216 fecit
1185 4163 1351 4234 illogis
1390 4163 1510 4220 aliis
1548 4165 1734 4235 cogni-

105 4249 276 4302 tione
316 4263 421 4302 sua
459 4248 804 4306 illuminatos.
842 4250 992 4306 Fecit
1027 4252 1188 4306 etiam
1233 4252 1412 4306 lunam
1461 4265 1507 4307 et
1555 4255 1732 4314 stellas

101 4342 396 4396 redactas
446 4341 498 4396 in
545 4352 848 4412 potestatem
888 4344 1053 4398 noctis
1081 4385 1096 4409 ,
1132 4345 1182 4399 id
1233 4354 1316 4401 est
1357 4347 1620 4416 quosdam
1669 4349 1733 4402 il-

1833 3993 1999 4041 mare,
2024 3985 2128 4032 etc.
2163 3975 2490 4043 Notandum,
2525 3993 2646 4032 cum
2685 3979 2838 4048 ponit
2862 3979 3059 4045 diuisit,
3089 3993 3196 4033 non
3232 3993 3417 4046 supcr-

1834 4069 1938 4123 Ilue
1970 4069 2210 4126 additum
2247 4084 2368 4125 esse
2415 4070 2468 4122 in
2500 4070 2802 4136 divisiones,
2849 4079 2908 4124 ut
2939 4070 3125 4124 innuat
3159 4068 3423 4139 multipli-

1835 4162 2054 4216 citatcm
2083 4162 2454 4216 diversitatnm
2487 4163 2538 4214 in
2570 4162 2686 4230 ipso
2725 4162 3070 4231 baptismate.
3099 4161 3250 4217 Licet
3271 4163 3421 4218 enim

1835 4269 2000 4308 unum
2035 4254 2128 4318 sit,
2159 4253 2386 4307 diversis
2424 4252 2597 4306 modis
2623 4261 2801 4306 tamen
2825 4252 3070 4322 pluribus
3093 4252 3250 4308 bonae
3275 4253 3417 4316 νίιιιι,

1836 4343 1961 4399 boni
1989 4357 2084 4412 per
2121 4343 2295 4413 ipsum
2333 4343 2634 4406 salvantur,
2677 4351 2733 4396 et
2766 4343 2996 4398 diversis
3033 4345 3208 4400 modis
3252 4344 3423 4414 pluri-

100 4433 430 4487 luminavit
477 4433 732 4488 mediocri
789 4435 1025 4503 potentia
1075 4436 1436 4504 cognitionis,
1491 4448 1548 4490 ut
1603 4451 1730 4505 pos—
1762 4441 1806 4495 ι)
1834 4439 1932 4490 bus
1966 4433 2120 4489 malae
2160 4435 2283 4488 vitm
2331 4434 2454 4487 mali
2489 4449 2586 4503 per
2624 4435 2795 4504 ipsum
2828 4435 3176 4490 damnantur.
3213 4436 3417 4502 Dirisit,

100 4525 230 4578 sint
285 4522 424 4576 luna
471 4523 630 4595 542
682 4524 785 4578 dici
841 4526 907 4580 ad
955 4528 1415 4596 comparationem
1459 4526 1633 4596 magis
1668 4526 1734 4580 il-

101 4617 573 4681 Iuminalorum,
610 4617 699 4687 qui
751 4617 831 4672 sol
881 4617 1160 4682 dicuntur,
1205 4627 1260 4672 et
1310 4619 1572 4687 quosdam
1633 4619 1734 4671 mi-

91 4709 236 4764 nori
317 4708 565 4777 potentia
625 4709 972 4780 cognitionis,
1019 4719 1079 4764 ut
1128 4711 1337 4780 possint
1398 4709 1566 4765 stella:
1623 4710 1730 4766 dici

91 4802 172 4854 ad
208 4798 701 4866 comparationem
764 4801 1109 4856 rnediocriter
1154 4800 1600 4866 illuminatorum,
1640 4801 1732 4870 qui

86 4891 246 4945 Iuna
303 4887 588 4942 dicuntur.
623 4888 714 4943 Sol
763 4887 960 4960 quippe
1004 4890 1158 4960 longe
1207 4889 1405 4945 clarior
1454 4900 1536 4946 est
1584 4891 1730 4959 luna,

85 4992 153 5036 et
187 4982 350 5034 luna
408 4979 610 5043 stellis,
645 4980 874 5050 ideoque
931 4996 1166 5051 congrue
1201 4996 1298 5050 per
1341 4980 1508 5035 solem
1562 4984 1733 5052 magis

82 5071 582 5141 illuminati,per
624 5072 806 5126 lunam
832 5087 961 5126 vero
1016 5073 1339 5138 mediocres,
1400 5087 1501 5141 per
1551 5073 1734 5128 stellas

82 5175 319 5219 autem
355 5162 593 5218 minores
620 5162 902 5218 illuminati
930 5163 1321 5235 intelliguntur.
1365 5163 1580 5218 Illorum
1604 5180 1734 5220 vero

82 5254 495 5320 illuminalio,
534 5255 624 5325 qui
654 5255 778 5312 luna
825 5258 1101 5322 dicuntur,
1140 5267 1190 5312 et
1237 5256 1435 5321 Stellae,
1478 5257 1578 5310 etsi
1619 5257 1734 5313 dies

81 5349 214 5404 dici
267 5345 488 5416 possit,
517 5346 810 5401 SCt‘lllttquI
846 5365 904 5403 se
938 5358 1118 5402 tamen
1148 5348 1215 5402 ad
1243 5363 1432 5402 eorum
1463 5347 1734 5402 illumina-

83 5440 296 5498 tionis
361 5439 971 5512 comparationcm,qui
1023 5441 1102 5496 sol
1147 5450 1297 5508 sunt,
1331 5457 1450 5512 quae
1504 5453 1735 5498 antono-

79 5535 384 5592 mastice
434 5532 550 5588 dies
583 5542 688 5598 est,
722 5551 824 5589 nox
881 5535 1201 5603 appellatur.
1227 5535 1389 5589 Juxta
1425 5537 1569 5606 quod
1608 5536 1736 5591 alibi

75 5619 434 5679 Psalmista
469 5629 714 5674 testatur.
745 5638 762 5672 ι
815 5621 938 5676 Dies
987 5621 1091 5676 diei
1141 5631 1351 5677 eructat
1396 5625 1656 5689 verbum,
1683 5632 1738 5678 et

74 5731 218 5773 nox
277 5711 446 5768 nocti
493 5713 692 5768 indicat
733 5713 1015 5769 scientiam
1047 5713 1240 5792 .(Psal.
1271 5731 1425 5777 svnt,
1457 5716 1534 5788 εὶ).
1576 5737 1592 5768 ι
1628 5715 1731 5771 Ista

290 5807 588 5868 ΡΑτιιοι.
616 5795 816 5868 ‘CLII.

1835 4527 2076 4597 inquam,
2106 4542 2251 4580 mare
2301 4524 2557 4591 Rubrum,
2597 4533 2650 4580 et
2684 4542 2776 4596 per
2813 4527 3039 4580 medium
3091 4527 3204 4594 ejus
3255 4528 3424 4582 maris

1834 4618 2011 4671 eduxit
2044 4615 2230 4682 Israel,
2266 4616 2316 4671 id
2345 4626 2424 4671 est
2450 4617 2700 4687 populum
2747 4618 3130 4673 salvandorum
3161 4619 3227 4676 de
3253 4617 3425 4690 Egy-

1835 4715 1928 4777 pto
1959 4707 2309 4762 inﬁdelitatis.
2343 4707 2476 4762 Cum
2527 4707 2696 4773 dicit;
2730 4725 2822 4778 per
2859 4709 3087 4763 medium
3117 4711 3256 4781 ejus,
3288 4711 3422 4764 nihil

1835 4801 1954 4868 plus
2006 4810 2254 4855 notamus
2281 4816 2443 4875 quam
2477 4800 2521 4855 si
2563 4812 2787 4870 poneret
2825 4819 2916 4872 per
2957 4801 3092 4857 illud
3137 4819 3281 4858 mare
3319 4803 3425 4856 Ru-

1836 4891 2006 4955 brum,
2026 4893 2119 4944 sed
2154 4890 2265 4944 haec
2289 4891 2447 4944 verba
2474 4893 2623 4962 ponit
2646 4891 2710 4946 ad
2737 4893 3420 4948 historiaesimilitudinem.

1837 4980 1943 5037 Per
1965 4982 2188 5037 medium
2217 4987 2414 5054 quippe
2439 4984 2605 5041 maris
2634 4985 2802 5040 Rubri
2841 4987 2998 5042 divisi
3037 4984 3421 5055 legunturFilii

1836 5071 2001 5126 Israel
2035 5070 2201 5128 fuisse
2232 5073 2296 5128 de
2323 5073 2592 5146 IEgyptiis
2639 5076 2869 5132 liberati.
2917 5077 3138 5141 Eduxit,
3175 5075 3416 5144 inquam,

1835 5161 2007 5216 Israel
2047 5177 2142 5232 per
2186 5164 2537 5234 baptismum,
2571 5177 2616 5220 et
2645 5164 3000 5233 Pharaonem,
3034 5166 3084 5220 id
3111 5175 3195 5220 est
3235 5165 3425 5221 diabo-

1835 5254 1968 5319 lum,
1989 5263 2035 5308 et
2062 5256 2300 5309 virtutem
2325 5255 2530 5327 ejus,id
2561 5266 2642 5312 cst
2663 5257 2960 5311 exercitum
2985 5258 3272 5326 spirituum
3303 5273 3422 5312 ma-

1837 5347 2126 5419 lignorum,
2175 5348 2267 5418 qui
2317 5345 2466 5418 prius
2515 5348 2675 5402 Israel
2707 5348 3112 5414 dominabatur,
3145 5349 3274 5402 dum
3305 5357 3426 5404 crat

1838 5441 1891 5495 in
1928 5439 2186 5511 IEgypto,
2212 5441 2437 5495 excussit
2481 5441 2548 5495 ab
2577 5439 2761 5507 Israel,
2785 5441 2834 5496 id
2859 5450 2944 5496 est
2985 5438 3422 5510 eacussitjugum

1837 5533 2092 5602 potentia:
2115 5532 2234 5602 ejus
2260 5548 2289 5586 a
2322 5531 2533 5586 cervice
2562 5531 2820 5598 fidelium,
2855 5535 2908 5588 in
2935 5535 3071 5587 mari
3094 5532 3268 5587 Rubro
3293 5534 3424 5586 sub-

1839 5640 2110 5694 mergens,
2164 5625 2214 5678 id
2257 5632 2339 5679 est
2377 5623 2430 5676 in
2489 5623 2836 5694 baptismate,
2884 5626 3198 5694 disperdcns
3245 5623 3422 5694 ipsum

1849 5715 2177 5772 Pharaonem
2226 5726 2280 5771 et
2323 5730 2539 5772 onmem
2595 5717 2713 5787 ejus
2757 5719 3076 5774 exrrcilum.
3122 5716 3224 5782 Qui
3259 5716 3424 5770 etiam

2829 5809 2906 5872 1ι3
