3962 6318
577 366 725 426 ³1555

1190 366 1248 423 S.
1289 367 1634 426 BBUNONIS
1660 359 2300 424 CARTHUSIAXOHUM
2329 360 2815 422 INS'IITUTORIS
2851 366 3002 424 OPP.
3043 369 3223 425 I'AHS
3253 369 3291 424 Ι.

3716 372 3832 430 1356

593 491 867 551 postquam
893 496 1142 552 papu.unt
1166 497 1318 536 suum
1351 499 1442 551 per
1486 496 1635 538 mare
1669 481 1908 534 Rubrum
1955 477 2165 542 eduxit,
2198 483 2241 539 Α
2271 477 2415 545 quod
2468 479 2534 531 ad
2595 479 2876 534 historiam
2933 482 3142 550 prolixe
3199 480 3636 551 prephetizatnm
3690 494 3764 538 est
3803 501 3831 542 ι

587 585 640 629 ἐι
670 573 1007 629 Pharaonem
1038 573 1108 628 ibi
1137 575 1408 637 demersit,
1441 573 1687 627 eumdem
1715 569 1972 640 populum
2005 584 2161 623 suum

585 667 980 728 iransduxit,et
1003 667 1178 720 adhuc
1210 664 1507 720 transducit
1538 663 1604 716 ad
1632 661 1859 730 patriam
1887 659 2162 714 ccelestem

590 772 682 826 per
706 759 969 811 desertum
988 757 1144 825 hujus
1167 758 1306 821 vitae,
1333 771 1426 824 per
1444 755 1669 807 virtutes
1695 761 1744 806 et
1776 752 1945 806 bonas
1973 765 2163 821 opera-

579 851 778 905 siones.
809 849 960 916 Quod
987 851 1039 902 itt
1072 849 1195 900 ﬁliis
1217 845 1379 899 Israel
1410 852 1881 914 praemonstratum
1922 851 2036 906 est,
2071 844 2160 911 qui

579 959 637 995 in
666 950 865 995 terram
895 937 1265 1008 promissionis
1295 950 1390 1006 per
1419 937 1692 990 desertum
1744 943 1870 988 sunt
1915 935 2163 988 transdu-

587 1031 674 1087 cti.
715 1031 850 1097 Quia
886 1029 1048 1083 etiam
1083 1042 1149 1080 ne
1181 1027 1408 1096 populus
1448 1025 1566 1094 ejus
1597 1027 1646 1079 in
1682 1027 1782 1081 hac
1825 1026 2163 1081 traductione

587 1122 742 1194 55,3
790 1137 819 1175 a
866 1120 1073 1190 magnis
1119 1128 1174 1173 et
1219 1119 1453 1174 fortibus
1498 1118 1712 1186 regibus
1751 1119 2164 1174 occurrentibus

586 1213 952 1282 impediretur,
983 1207 1249 1263 Percussit
1293 1225 1434 1280 reges
1480 1225 1718 1280 magnos,
1751 1209 1802 1264 id
1847 1218 1930 1263 est
1970 1226 2162 1280 magna

569 1315 800 1376 peccata
845 1303 1150 1358 crirninalia
1195 1305 1490 1373 percussit,
1527 1320 1595 1360 ne
1626 1319 1844 1359 suorum
1895 1319 2048 1376 rcges
2076 1321 2162 1360 cs-

571 1408 732 1463 sent;
778 1406 826 1451 et
869 1412 978 1451 non
1008 1398 1086 1452 sic
1133 1398 1400 1474 percussit
1429 1407 1486 1451 ut
1517 1412 1622 1452 non
1663 1397 1921 1467 perirent,
1968 1398 2061 1452 sed
2109 1406 2164 1452 et

583 1490 791 1557 occidit,
824 1489 876 1544 id
915 1497 996 1543 est
1032 1503 1099 1544 ex
1145 1498 1255 1546 toto
1286 1489 1552 1543 destruxit
1596 1488 1716 1543 illos
1763 1505 1903 1558 reges
1939 1503 2162 1558 magnos

512 1592 520 1601 ·
581 1581 741 1646 fortes
791 1579 941 1650 prius
970 1579 1288 1646 existentes,
1320 1579 1398 1634 sic
1443 1588 1502 1633 ut
1545 1579 1668 1634 inde
1715 1579 1875 1633 modo
1924 1579 2164 1648 quolibet

579 1682 698 1724 sese
736 1669 991 1738 expedire
1037 1684 1142 1723 non
1180 1678 1416 1737 possent.
1455 1669 1675 1730 Occidit,
1728 1669 1970 1738 inquam,
2020 1683 2160 1736 reges

579 1774 795 1829 magnos
820 1771 867 1813 et
893 1763 1076 1828 Iones,
1102 1759 1307 1816 scilicet
1351 1759 1487 1814 Seon
1517 1775 1683 1829 regem
1712 1759 2157 1824 Amorrltatorum,

2263 569 2518 624 Jeremia.
2559 570 2659 637 Qui
2702 582 2880 627 tamen
2919 573 3188 628 Jeremias
3223 575 3275 628 in
3319 575 3425 628 fine
3454 574 3580 628 libri
3613 575 3692 629 sui
3735 594 3830 650 my-

2264 659 2397 714 sticc
2428 660 2844 730 pmpbetizavit,
2890 665 3035 732 quod
3084 664 3152 718 ad
3186 665 3486 718 'historiatn
3536 667 3831 734 praedixerat

2265 749 2330 806 de
2359 751 2669 820 captivitate
2701 752 3036 808 Hierusalem
3071 756 3123 809 in
3175 754 3527 825 Babyloniam
3573 756 3707 811 facta
3752 777 3831 830 per

2264 841 2784 908 Nabuchodonosor,
2814 860 2933 914 qua:
2969 847 3183 916 signum
3219 856 3338 901 erat
3365 849 3694 918 captivitatis
3721 851 3832 905 ﬁde-

2265 932 2418 998 lium,
2451 933 2690 989 cmlestis
2721 934 3057 991 Hierusalem
3086 937 3307 1002 civium,
3353 940 3448 1008 qui
3499 955 3625 994 vere
3659 943 3830 1009 captivi

2264 1027 2474 1080 dicendi
2521 1035 2668 1091 sunt,
2714 1028 2838 1082 dum
2885 1044 2914 1082 a
2946 1029 3156 1083 (-(Blesti
3203 1030 3544 1086 Hierusalem
3585 1034 3830 1098 exsulant,

2265 1114 2406 1168 inter
2440 1113 2728 1184 Babylonis
2761 1117 2906 1171 cives
2939 1133 3168 1187 corpore
3197 1129 3612 1184 conversantes,
3648 1122 3834 1175 scilicet

2265 1203 2407 1257 inter
2449 1204 2643 1273 impios
2685 1207 2844 1276 hujus
2892 1209 3080 1263 mundi
3120 1208 3284 1273 ﬁlios,
3323 1211 3417 1278 qui
3450 1225 3574 1280 jure
3620 1211 3834 1281 Babylon

2264 1295 2484 1360 dicitur,
2536 1295 2587 1349 id
2635 1306 2717 1351 est
2768 1297 3041 1363 confusio,
3092 1315 3158 1355 eo
3202 1301 3345 1369 quod
3396 1310 3643 1354 amantes
3685 1317 3740 1355 se
3789 1303 3835 1356 in

2263 1389 2631 1445 confusionem
2658 1392 3095 1463 praecipitaturus
3120 1405 3203 1449 est
3224 1404 3509 1449 mternam.
3533 1394 3690 1449 Juxta
3721 1397 3836 1451 illud

2267 1481 2601 1536 Dominicum
2643 1499 2655 1536 :
2705 1501 2723 1533 ι
2770 1483 2891 1536 Filii
2931 1491 3112 1538 autem
3151 1485 3300 1554 regni
3343 1483 3507 1552 hujus
3537 1484 3840 1551 dejicientur

2265 1572 2317 1628 in
2362 1572 2614 1628 tenebras
2645 1576 2945 1629 exteriores
2977 1573 3195 1642 (Matth.
3238 1590 3360 1639 vni,
3411 1576 3523 1644 l2).
3567 1596 3586 1626 ›
3639 1576 3710 1629 De
3748 1576 3839 1629 hac:

2263 1678 2393 1733 ergo
2447 1664 2765 1734 captivitate
2818 1667 2886 1719 ab
2941 1665 3280 1720 Hierusalem
3329 1664 3572 1728 cmlesti,
3625 1665 3837 1734 perfecti

2267 1754 2470 1818 ﬁdeles,
2511 1756 2561 1808 in
2606 1771 2669 1809 ea
2711 1755 2870 1824 positi
2921 1763 3108 1826 agunt,
3151 1755 3395 1810 dicentes
3443 1771 3502 1809 se
3545 1770 3706 1823 super
3753 1755 3840 1808 ﬁn-

577 1861 624 1904 et
654 1825 734 1918 ()g
766 1825 934 1920 regem
958 1848 1239 1915 Basan,.et
1268 1850 1442 1904 omnia
1471 1825 1627 1920 regna
1661 1847 1935 1903 Chanaan.
1970 1849 2038 1902 Et
2075 1849 2163 1904 Itis
2195 1825 2236 1881 Β
2267 1845 2410 1900 mina
2461 1843 2747 1916 Babylonis
2789 1825 3014 1912 sedisse,
3065 1855 3119 1901 ct
3169 1845 3278 1900 illic
3328 1861 3426 1916 pro
3479 1849 3841 1902 recordatione

577 1938 792 2004 occisis,
816 1949 1008 1992 terram
1031 1940 1182 2008 prius
1219 1939 1542 1993 existentem
1583 1938 1942 1992 [nereditatem
1981 1954 2162 1992 eorum

577 2031 719 2084 dedit
767 2030 1127 2084 Ita'reditatent
1181 2029 1386 2096 Israel,
1436 2030 1488 2083 id
1534 2038 1618 2085 est
1672 2029 1870 2099 populo
1925 2029 2162 2083 ﬁdelium

575 2135 733 2177 servo
764 2137 884 2188 suo,
909 2123 1187 2187 existenti,
1233 2123 1286 2176 in
1311 2121 1564 2176 omnibus
1594 2121 1696 2176 sibi
1741 2121 2034 2176 obedienti.
2068 2120 2160 2175 Isti

559 2221 782 2283 septem
811 2228 1000 2268 versus
1029 2214 1102 2267 ita
1140 2214 1194 2267 in
1227 2211 1328 2268 hoc
1357 2213 1568 2282 psalmo
1593 2221 1938 2282 exponuntur
1968 2222 2025 2266 ut
2047 2211 2160 2280 jam

576 2302 629 2355 in
664 2302 985 2372 praecedenti
1033 2302 1239 2372 psalmo
1273 2302 1506 2372 expositi
1540 2310 1686 2356 sunt.
1718 2301 1849 2356 Dico
1877 2303 2020 2371 quod
2055 2303 2159 2356 Do-

575 2392 755 2470 nijttus
799 2393 1050 2461 percussit
1103 2407 1243 2461 rcges
1289 2406 1502 2460 magnos
1551 2400 1597 2444 et
1647 2390 1828 2460 fortes,
1877 2400 1933 2446 ει
1971 2406 2066 2445 ιιοε
2095 2391 2162 2446 de

577 2481 813 2552 Egypto
853 2481 1060 2547 eduxit,
1089 2491 1146 2538 ει
1179 2490 1375 2536 caetera
1419 2480 1680 2534 beneﬁcia
1724 2481 1978 2547 contulit;
2018 2481 2160 2550 quod

575 2574 828 2644 equidem
872 2587 977 2628 non
1025 2588 1093 2628 ex
1137 2573 1348 2628 meritis
1390 2572 1613 2637 nostris,
1659 2573 1751 2626 sed
1792 2587 1858 2626 ex
1905 2572 2017 2625 sola
2064 2588 2159 2627 sua

575 2665 947 2722 misericordia
984 2664 1131 2719 fecit.
1172 2664 1312 2730 Quia
1343 2678 1484 2736 cum.
1511 2662 1624 2733 ipse
1653 2677 1750 2717 nos
1780 2662 1868 2716 diu
1903 2659 2182 2717 oblivioni

571 2754 787 2809 dedisse
817 2755 966 2808 visus
995 2761 1162 2818 esset,
1200 2768 1396 2805 memor
1435 2751 1534 2818 fuit
1579 2751 1743 2805 nostri
1772 2751 1824 2804 in
1865 2751 2161 2805 humilitate

571 2854 773 2908 nostra,
812 2844 862 2898 id
897 2853 982 2898 est
1022 2843 1076 2896 itt
1118 2841 1554 2897 consideratione
1591 2840 1910 2894 humilitatis
1938 2852 2156 2906 nostrae,

570 2933 778 2990 scilicet
820 2933 1247 2990 misericorditer
1297 2932 1589 3000 respiciens
1618 2929 1971 2999 dejectionem
2017 2947 2160 2985 mor-

559 3026 797 3080 talitatis
827 3035 884 3080 et
917 3023 1288 3094 possibilitatis
1321 3032 1539 3086 nostrae,
1575 3022 1628 3076 in
1664 3038 1825 3091 quam
1859 3037 1955 3092 per
1986 3023 2158 3076 Adam

559 3118 984 3173 deverteramus.
1020 3113 1084 3168 Et
1119 3114 1289 3169 nostri
1330 3129 1536 3168 memor
1567 3113 1824 3180 existens,
1863 3123 2033 3168 morte
2063 3129 2158 3168 sua

553 3208 786 3262 redemit
820 3224 912 3262 nos
942 3207 1006 3261 ab
1037 3206 1260 3260 inimicis
1297 3206 1508 3273 nostris,
1545 3222 1574 3260 a
1605 3207 1751 3262 vitiis
1784 3207 2013 3274 scilicet,
2045 3215 2100 3260 et
2127 3223 2158 3260 a

559 3301 853 3371 spiritibus
880 3299 1152 3370 malignis.
2107 3299 2112 3302 '

641 3391 947 3447 Notandum
995 3391 1282 3462 quoniam,
1326 3391 1428 3447 etsi
1478 3392 1729 3462 superius
1774 3391 1973 3447 dixerit
2015 3391 2157 3461 quod

549 3499 670 3540 "nos
709 3484 776 3537 ab
811 3483 1049 3539 inimicis
1078 3483 1297 3553 eripuit,
1341 3484 1428 3538 hic
1465 3492 1643 3538 tamen
1687 3484 1920 3553 pretium
1967 3484 2158 3537 mortis

567 3593 681 3632 suae
706 3577 947 3642 denotat,
980 3575 1045 3630 ad
1085 3575 1560 3645 exaggerationem
1599 3575 1766 3644 ipsius
1793 3573 2068 3640 beneﬁcii,
2101 3583 2160 3627 ut

551 3682 671 3722 nos
715 3666 767 3720 in
820 3666 978 3721 laude
1024 3667 1118 3720 Dci
1169 3667 1530 3737 promptiores
1579 3667 1806 3731 reddat,
1857 3681 1980 3722 cum
2029 3665 2160 3720 dicit

553 3757 806 3811 redemit.
857 3757 987 3812 Dico
1014 3756 1154 3828 quod
1203 3775 1295 3812 nos
1341 3757 1553 3810 redemit
1582 3756 1862 3826 quietiam
1911 3764 2031 3827 post
2071 3769 2158 3809 re-

551 3847 934 3919 demptionem
983 3849 1071 3901 dat
1113 3850 1311 3918 iugiter
1351 3865 1522 3903 escam
1568 3848 1866 3918 spiritalem
1913 3847 2158 3917 corporis

550 3939 653 3996 sui
681 3942 822 3994 omni
857 3939 1028 4004 carni,
1059 3939 1110 3994 id
1138 3949 1222 3994 est
1245 3940 1568 3995 omnismodi
1604 3940 1806 3994 homini
1838 3950 1944 3994 tant
1971 3938 2156 3994 .ludmo

557 4046 731 4100 quam
759 4029 968 4101 gentili,
1003 4039 1111 4083 tam
1142 4028 1305 4083 nobili
1333 4045 1496 4100 quam
1535 4029 1776 4098 ignobili,
1809 4033 1950 4083 unde
1977 4029 2154 4084 anima

563 4121 908 4176 incessanter
945 4121 1206 4176 reﬁcitur.
1249 4138 1268 4172 ‹
1317 4119 1434 4174 Non
1480 4119 1624 4174 enim
1671 4129 1756 4175 est
1800 4135 2153 4190 personarum

569 4214 812 4285 acceptio
835 4214 976 4285 apud
1004 4214 1172 4269 Deum
1201 4211 1379 4284 (Rom.
1409 4229 1467 4276 ll,
1497 4213 1604 4283 ll).
1642 4232 1660 4266 ι
1694 4212 1829 4268 Cum
1861 4213 1993 4268 dicit
2015 4213 2155 4267 omni

558 4305 737 4369 carni,
771 4305 912 4359 idem
940 4313 1023 4360 est
1058 4319 1122 4359 ac
1152 4305 1195 4358 si
1229 4312 1456 4373 poneret
1484 4305 1630 4359 omni
1665 4291 1891 4370 homini,
1922 4313 2091 4358 totum
2124 4320 2154 4358 a

565 4406 721 4467 parte
750 4397 1063 4468 designans.
1101 4396 1450 4465 Conﬁtemini,
1491 4396 1733 4467 inquam,
1769 4395 1878 4450 Deo
1910 4395 2054 4462 cwli;
2092 4412 2156 4452 ac

2267 1937 2394 1991 Sion
2425 1937 2658 2001 flevisse,
2689 1946 2742 1992 et
2773 1953 2974 2008 organa
3021 1954 3050 1992 a
3097 1938 3357 1993 salicibus
3402 1939 3764 2008 suspendisse.
3793 1949 3844 1995 et

2265 2028 2534 2082 canticum
2591 2028 2799 2082 Domini
2853 2029 2905 2082 in
2951 2028 3127 2084 aliena
3179 2038 3320 2082 terra
3370 2045 3477 2084 non
3523 2032 3839 2086 cantavisse.

2263 2119 2594 2174 Promittunt
2633 2134 2846 2189 quoque
2882 2135 2941 2174 se
2983 2107 3315 2174 Hierusalem
3354 2120 3600 2175 caelestis
3637 2123 3844 2177 assidue

2263 2212 2646 2264 recordaturos
2681 2225 2823 2276 esse,
2865 2219 2920 2264 et
2962 2220 3122 2264 orant
3164 2219 3222 2263 ut
3257 2211 3519 2266 Dominus
3550 2227 3754 2266 memor
3781 2214 3846 2267 sit

2265 2299 2672 2354 tribulationum
2724 2315 2844 2368 anc
2873 2301 2953 2355 eis
2985 2317 3016 2354 a
3061 2300 3187 2355 filiis
3225 2299 3394 2354 Edom
3426 2299 3757 2365 inferuntur,
3793 2311 3846 2354 ut

2263 2405 2355 2444 eas
2400 2391 2723 2459 quandoque
2769 2398 3104 2455 renumeret,
3146 2399 3201 2445 et
3247 2391 3412 2445 etiam
3462 2391 3752 2445 condolcnt
3789 2393 3846 2445 de

2263 2485 2481 2538 miseria
2532 2483 2653 2537 ﬁli-.c
2685 2482 2993 2554 Babylonis.
3040 2482 3153 2537 Hoc
3197 2492 3380 2537 autem
3430 2492 3602 2537 totum
3649 2483 3703 2536 in
3752 2482 3845 2538 hoc

2263 2574 2467 2646 psalmo
2497 2575 2702 2639 dicunt,
2735 2583 2793 2627 ut
2826 2583 3055 2628 cmteros
3084 2572 3271 2627 ﬁdeles
3311 2573 3366 2626 in
3411 2572 3516 2627 hac
3544 2573 3730 2626 eadem
3759 2587 3840 2625 ca-

2263 2666 2508 2736 ptivitatc
2534 2664 2736 2734 positos
2765 2663 3056 2727 instruant,
3090 2671 3148 2717 nt
3174 2673 3230 2719 et
3259 2663 3363 2732 ipsi
3388 2663 3642 2718 similiter
3675 2663 3728 2716 in
3757 2664 3846 2717 hac

2263 2759 2578 2829 captivitate
2624 2774 2682 2813 se
2727 2758 2982 2812 habeant.
3029 2756 3167 2812 Sunt
3215 2766 3398 2810 autem
3453 2753 3614 2823 hujus
3661 2754 3844 2825 psalmi

2260 2855 2424 2908 verba
2452 2853 2608 2922 juxta
2640 2851 2922 2906 historiam
2956 2851 3153 2920 posita.

2332 2943 2496 3017 544
2540 2942 2710 3013 Super
2757 2942 2978 3012 [Iuntina
3026 2940 3315 3011 Babylonis
3364 2938 3700 3003 existentes,
3749 2954 3844 2992 non

2261 3035 2528 3091 submersi
2573 3033 2792 3104 quidem
2839 3033 2906 3086 ab
2955 3031 3086 3102 ipsis
3130 3030 3466 3093 ﬂuminibus,
3513 3030 3726 3084 scilicet
3765 3045 3846 3083 ex-

2265 3127 2488 3182 istentes
2542 3140 2703 3193 supra
2761 3122 3103 3177 fraudulenta
3159 3121 3373 3192 negotia
3432 3119 3594 3188 hujus
3645 3121 3844 3180 mundi,

2262 3233 2366 3272 non
2415 3216 2615 3271 subditi
2665 3215 2882 3284 quidem
2938 3214 3070 3284 ipsis
3121 3213 3383 3283 negotiis,
3439 3213 3536 3267 sed
3584 3227 3752 3282 super
3792 3227 3846 3264 ea

2259 3306 2576 3370 existentes,
2620 3313 2673 3359 ει
2700 3319 2761 3359 ea
2809 3312 3151 3375 spernentes;
3182 3302 3262 3357 vel
3295 3319 3441 3372 supe.
3497 3302 3725 3370 ﬂumina
3755 3300 3847 3353 Be-

2261 3393 2461 3464 bylonis
2487 3395 2804 3459 existentes,
2838 3395 2889 3448 id
2925 3403 3009 3449 est
3045 3409 3208 3463 supra
3243 3409 3330 3448 res
3360 3392 3682 3456 smculares,
3725 3405 3848 3460 quas

2260 3486 2680 3550 contemnimus,
2712 3493 2766 3539 et
2795 3484 2992 3553 quibus
3025 3483 3220 3552 subjici
3254 3485 3564 3546 rennimus,
3595 3498 3720 3552 quae
3743 3483 3846 3551 qni-

2259 3576 2382 3630 dem
2430 3593 2518 3632 res
2563 3587 2618 3632 et
2667 3586 2880 3646 negotia
2934 3576 3216 3632 saecularia
3264 3577 3592 3631 adamantes
3633 3590 3696 3630 se
3733 3576 3846 3630 sub-

2259 3681 2530 3741 mergunt,
2569 3669 2634 3725 ad
2664 3671 3064 3724 damnationem
3097 3671 3458 3740 pertrahunt,
3502 3684 3655 3724 more
3683 3668 3847 3722 ﬂuuii-

2261 3777 2409 3826 mnn,
2456 3777 2575 3832 quae
2617 3762 2876 3817 cadentes
2908 3762 2961 3816 in
2997 3778 3055 3816 se
3096 3762 3476 3832 submergnnt,
3513 3769 3568 3815 et
3613 3761 3670 3816 in
3714 3775 3848 3814 mare

2259 3852 2529 3918 deferunt;
2560 3851 2670 3905 illic
2701 3854 2951 3919 sedimus,
2990 3853 3041 3906 id
3072 3861 3158 3906 est
3186 3851 3298 3906 illic
3329 3853 3712 3906 conversando
3739 3865 3847 3906 cor-

2259 3957 2410 4011 pore,
2449 3942 2656 3998 scilicet
2678 3941 2832 4010 juxta
2864 3943 2952 3995 illa
2988 3943 3208 3995 ﬁumina
3244 3940 3560 4012 Babylonis,
3592 3939 3722 3996 licet
3753 3956 3844 3993 non

2258 4034 2325 4087 ab
2361 4034 2445 4088 his
2485 4034 2983 4105 submergeremur,
3025 4034 3264 4089 sedimus
3312 4043 3523 4098 tamen,
3563 4033 3616 4087 id
3655 4040 3738 4086 est
3770 4033 3846 4085 de-

2251 4125 2381 4196 jccti
2429 4123 2630 4180 fuimus
2670 4135 2724 4179 et
2768 4126 2997 4190 anxiati,
3045 4124 3257 4179 scilicet
3305 4141 3561 4195 magnam
3605 4124 3842 4179 delectio-

2258 4233 2382 4272 ncm
2411 4203 2531 4272 e'sse
2568 4217 2962 4287 reputavimus,
2986 4217 3141 4287 juxta
3181 4215 3268 4269 illa
3300 4213 3530 4268 ﬁumina
3561 4213 3840 4284 ast-parali-

2261 4318 2340 4364 ter
2381 4309 2653 4378 habitare,
2707 4310 2847 4365 unde
2898 4311 3095 4379 quippe
3145 4309 3302 4363 nobis
3352 4307 3541 4377 plures
3594 4306 3843 4378 angustia

2257 4401 2562 4470 contigere;
2595 4412 2641 4455 et
2678 4401 2914 4456 sedendo
2945 4401 3203 4463 llevimus,
3234 4399 3285 4453 id
3323 4408 3408 4452 est
3437 4413 3466 4451 a
3505 4397 3634 4451 ﬁetu
3668 4412 3841 4465 oorpo-

567 4489 614 4544 si
647 4489 836 4542 dicat:
878 4488 1011 4542 Cum
1043 4497 1120 4542 tot
1156 4487 1421 4543 mirabilia
1452 4487 1692 4542 humano
1727 4487 1912 4556 generi
1945 4487 2155 4554 fecerit,
2189 4510 2235 4569 ι)
2264 4491 2337 4545 ris
2385 4491 2659 4546 abstinere
2702 4493 3062 4562 nequivimus.
3107 4490 3380 4558 Quoniam
3411 4498 3600 4542 autem
3639 4494 3842 4558 possem

566 4581 887 4649 conﬁtemini
921 4581 1016 4636 illi.
1051 4582 1118 4636 Et
1145 4597 1268 4636 cum
1306 4580 1470 4636 etiam
1520 4580 1660 4635 Deus
1689 4581 1760 4634 sit
1806 4595 1910 4634 non
1945 4590 2152 4634 tantum

568 4671 823 4738 hominis,
857 4671 950 4726 sed
981 4671 1124 4737 caeli,
1166 4671 1217 4726 id
1245 4680 1328 4726 est
1371 4670 1660 4740 spirituum
1689 4669 2015 4734 cmlestium,
2050 4670 2152 4724 hac

567 4762 853 4816 occasione
897 4762 1215 4831 conﬁtemini
1257 4761 1356 4816 illi.
1404 4758 1738 4830 Conﬁtentini
1781 4776 1996 4830 quoque
2043 4760 2150 4814 Do—

521 4915 524 4920 ,
565 4856 708 4908 mino
734 4854 1086 4921 dominorum,
1111 4855 1162 4908 id
1187 4862 1269 4908 est
1296 4843 1821 4908 conﬁtetnini'etiam
1854 4851 1995 4917 ideo,
2023 4851 2148 4920 quia

563 4945 824 5001 Dominus
865 4954 948 5001 est
973 4946 1213 5001 omnium
1261 4944 1623 5012 dominorum,
1655 4953 1709 4998 et
1757 4945 1875 4999 ideo
1903 4946 2148 5014 quoniam

561 5041 616 5093 in
647 5049 899 5094 aeternum
927 5038 1287 5092 misericordia
1327 5037 1464 5105 eius.
1514 5037 1628 5092 Hoc
1669 5037 1789 5093 ideo
1832 5037 2048 5108 repetit,
2093 5046 2150 5091 ιιι

559 5132 703 5192 sicut
729 5132 782 5186 in
809 5131 968 5186 laude
999 5130 1241 5200 incmpit,
1271 5129 1344 5182 ita
1379 5129 1527 5184 ﬁniat
1557 5129 1607 5184 in
1640 5127 1830 5196 laude.

979 5221 1045 5276 IN
1085 5220 1416 5276 PSALMUM
1455 5220 1739 5277 CXXX‘VI.

629 5315 842 5372 Titulus
871 5315 1152 5372 centesimi
1192 5315 1448 5370 tricesimi
1492 5315 1650 5369 sexti.
1694 5313 1942 5369 Psalmus
1972 5313 2146 5368 David

548 5417 767 5480 propter
791 5407 1098 5462 Jeremtam.
1126 5405 1277 5473 Quod
1309 5407 1386 5462 sic
1411 5407 1698 5476 exponitur
1723 5423 1735 5460 :
1769 5406 2016 5460 Psalntus
2045 5407 2145 5462 iste

553 5511 637 5557 est
678 5500 870 5568 David,
915 5497 965 5552 id
997 5505 1080 5551 est
1111 5497 1368 5564 ﬁdelium,
1411 5498 1501 5567 qui
1538 5498 1624 5552 hic
1657 5508 1845 5568 agunt,
1877 5499 2144 5568 composi-

557 5603 645 5650 tus
673 5603 884 5663 propter
921 5589 1229 5655 Jeremiam,
1265 5589 1314 5644 id
1358 5598 1442 5644 est
1482 5588 1639 5658 juxta
1684 5587 1972 5644 Jeremiam
2015 5606 2140 5660 pro-

549 5687 797 5756 pltetam,
843 5681 1052 5739 scilicet
1095 5696 1198 5735 non
1229 5681 1545 5736 discordans
1590 5697 1619 5735 a
1663 5683 1946 5751 prephelia
1987 5681 2139 5737 Jere-

558 5777 700 5841 mite,
744 5773 837 5832 sed
886 5772 1174 5830 continens
1191 5770 1251 5826 in
1302 5787 1361 5827 se
1399 5772 1664 5848 _mystice,
1703 5771 1829 5828 licet
1879 5774 2138 5840 breviter,

2257 4581 2384 4636 ﬁere
2431 4582 2782 4648 infructuose,
2830 4584 2972 4638 sicut
3019 4583 3094 4637 illi
3141 4583 3232 4652 qui
3280 4582 3433 4645 ﬁent,
3464 4580 3550 4634 vel
3578 4581 3649 4634 de
3677 4595 3842 4634 rerum

2255 4675 2579 4741 amissione,
2624 4675 2705 4729 vel
2752 4674 2856 4730 alia
2902 4675 3208 4745 hujusmodi
3260 4676 3557 4730 occasione
3604 4673 3839 4728 determi-

2254 4776 2384 4821 nant
2427 4768 2568 4822 unde
2616 4766 2903 4834 ﬂeverunt,
2951 4770 3199 4824 addendo
3251 4770 3333 4824 sic
3378 4784 3393 4822 :
3439 4766 3733 4833 Flerimus,
3781 4766 3828 4818 in

2251 4875 2438 4928 quam,
2485 4859 2612 4912 dum
2645 4863 3043 4915 recordaremur
3075 4864 3176 4927 tttt',
3221 4877 3256 4915 0
3287 4861 3422 4918 Sion
3453 4862 3723 4922 celestis,
3761 4859 3841 4913 sci-
3915 4845 3917 4915 Ῑ

2254 4954 2376 5008 licet
2400 4953 2648 5009 llevimus
2674 4969 2772 5023 pro
2802 4956 3178 5011 recordatione
3209 4956 3556 5012 Hierusalem
3591 4957 3844 5018 cmlestis,
3911 5005 3913 5023 ί

2249 5045 2404 5114 cujus
2446 5045 2594 5100 cives
2633 5062 2819 5102 sumus
2857 5066 2868 5100 :
2906 5064 2934 5100 a
2972 5064 3078 5118 qua
3122 5049 3209 5103 hic
3253 5049 3306 5102 itt
3353 5048 3656 5120 Babylonia
3699 5048 3842 5119 positi

2249 5131 2676 5202 peregrinantur.
2724 5133 2813 5187 Vel
2853 5134 3090 5202 [terimus
3129 5135 3536 5202 compaticndo,
3590 5150 3659 5188 ea
3702 5149 3841 5186 octa-

2249 5223 2435 5287 sione,
2478 5224 2603 5292 quia
2645 5223 2840 5278 multos
2882 5225 3041 5293 hujus
3083 5223 3398 5296 Babylonia:
3434 5225 3587 5279 cives
3627 5217 3840 5276 vidimus

2248 5311 2316 5365 ab
2343 5312 2426 5367 his
2453 5311 2763 5368 ﬂuminibus
2791 5314 3088 5384 submergi.
3117 5313 3410 5379 Flevimus,
3448 5315 3704 5382 inquam,
3734 5313 3840 5363 dm

2249 5407 2349 5460 hoc
2379 5415 2522 5460 esset
2550 5407 2691 5476 quod
2735 5422 2950 5476 semper
2977 5408 3382 5460 recordaremnr
3415 5406 3511 5472 tui,
3545 5421 3583 5460 0
3617 5403 3840 5459 caelestis

2248 5499 2396 5564 Sion,
2425 5508 2480 5552 et
2510 5499 2848 5554 recordando
2887 5499 2959 5553 tui
2991 5514 3096 5552 non
3137 5511 3423 5567 possemus
3451 5495 3762 5565 submergi,
3790 5506 3836 5545 ac

2245 5591 2289 5644 si
2320 5590 2467 5644 dicat
2511 5609 2523 5644 :
2569 5589 2718 5644 Licet
2749 5605 2854 5643 non
2886 5590 3386 5659 submergeremur,
3415 5604 3478 5641 ex
3513 5586 3640 5640 sola
3679 5597 3835 5638 tamen

2245 5683 2622 5751 compassione
2671 5683 3101 5738 submersioncm
3151 5681 3386 5735 aliorum
3435 5678 3720 5734 llevimus.
3765 5673 3836 5730 Vel

2245 5775 2483 5845 ﬂeuimus
2507 5775 2571 5828 de
2597 5775 2970 5830 submersione
3005 5774 3262 5839 aliorum,
3289 5775 3416 5826 dum
3445 5770 3834 5826 reret-darem:

3929 4133 3935 4279 Ι

3921 4447 3927 4649 ἶ
