3978 6328
202 334 336 391 (55⁸1

1033 333 1394 390 ΕΧΡΟΞΙΤΙΟ
1422 333 1484 388 ΙΝ
1527 333 1863 390 ιδεειιιιιυε.
1888 364 1959 375 -
1993 333 2195 391 PSAL.
2234 337 2522 393 CXXXVI.

3317 349 3456 409 1558

201 450 302 514 ωε,
331 448 484 511 εεοη,
517 447 569 502 ει]
609 457 691 503 ρει
717 446 842 502 dum
885 447 950 501 de
977 446 1247 518 tejugiter
1287 448 1670 515 cogitaremus,
1711 449 1776 502 ad
1811 457 1852 514 Α
1883 445 2134 502 dixerant
2159 461 2215 503 se
2235 448 2505 503 canticum
2536 447 2773 505 cmlestis
2796 450 3127 510 Hierusalem
3157 455 3462 519 inﬁdelibus

197 558 362 612 quam
415 539 784 596 metuebamus
831 555 924 595 eos
976 541 1288 596 submersos
1337 554 1610 610 nunquam
1663 557 1785 597 esse

197 643 576 705 perventuros.

186 767 190 778 .
271 725 539 786 Sedimns,
570 724 810 792 inquam,
839 733 893 779 et
919 719 1174 793 ﬂerimits,
1200 734 1254 780 et
1279 727 1634 797 corporaliter
1657 741 1786 782 con-

196 818 466 873 versando
494 819 547 872 in
569 818 835 882 salicibus,
868 818 918 873 id
954 828 1036 873 est
1065 820 1208 875 inter
1239 819 1430 890 impios
1456 820 1545 888 qui
1574 820 1787 875 steriles

196 920 324 962 sum
351 909 420 961 ab
449 907 702 977 operibus
743 909 917 972 bonis,
958 909 1078 964 ideo
1109 911 1250 980 quod
1287 911 1484 966 salices
1508 906 1785 978 dicuntur,

197 1015 322 1053 cmn
354 999 546 1053 salices
570 999 781 1054 steriles
805 1001 1028 1055 arbores
1055 1001 1182 1055 sint.
1219 1001 1285 1054 In
1313 1002 1560 1056 salicibus
1588 1003 1706 1058 dico
1733 1007 1788 1058 in

198 1091 371 1144 medio
415 1091 528 1160 ejus
556 1089 863 1164 Babylonia:
893 1093 1271 1158 existentibus,
1299 1095 1502 1149 scilicet
1535 1111 1652 1166 qum
1673 1095 1785 1166 jam

196 1191 359 1236 erant
387 1182 438 1236 in
485 1183 750 1252 profundo
781 1183 1070 1255 Babylonis
1099 1226 1114 1248 ,
1147 1187 1287 1241 unde
1333 1186 1639 1240 nullatenus
1669 1196 1788 1257 pol-

194 1286 356 1331 erant
422 1279 586 1344 erui;
644 1281 1008 1350 suspendimus
1073 1298 1272 1350 organa
1321 1293 1501 1336 nostra
1560 1284 1628 1337 ab
1686 1283 1788 1336 illis

201 1369 479 1436 salicibus,
522 1370 573 1425 id
614 1380 698 1425 est
737 1370 1106 1442 elongavimus
1144 1381 1197 1427 et
1238 1374 1606 1442 separavimus
1648 1390 1786 1443 prte-

203 1457 506 1514 dicationes
555 1471 770 1516 nostras
820 1463 887 1516 ab
933 1462 1037 1516 illis
1087 1463 1264 1531 impiis
1315 1464 1609 1521 sterilibus.
1659 1465 1789 1532 Qure

196 1550 615 1618 praedicationes
654 1568 856 1621 organa
888 1554 1158 1620 dicuntur,
1202 1563 1459 1623 quantum
1499 1557 1563 1608 ad
1606 1555 1788 1611 ﬁdeles

193 1641 500 1705 auditores,
533 1652 670 1711 quos
701 1644 966 1698 delectant
996 1643 1061 1697 ad
1095 1643 1310 1700 modum
1339 1661 1685 1715 organorum;
1725 1661 1789 1701 ac

194 1731 241 1784 si
284 1733 433 1786 dicat
467 1751 480 1786 :
525 1732 644 1788 Ideo
691 1735 1127 1803 prmdicationem
1169 1735 1237 1788 ab
1274 1736 1354 1790 eis
1392 1735 1785 1805 elongavinms,

1885 551 1990 591 non
2017 548 2353 606 cantaturos,
2385 554 2452 593 ne
2496 537 2813 594 viderentur
2845 541 3175 601 Hierusalem
3207 548 3463 607 oblivioni

1886 628 2086 694 daturi,
2119 639 2399 685 removent
2427 631 2526 686 hoc
2556 631 2634 686 sic
2667 648 2682 686 :
2714 632 2969 698 Quamvis
3003 652 3106 692 non
3135 639 3307 697 simus
3331 659 3466 697 cau-

1890 723 2054 775 taturi
2087 724 2360 778 canticum
2393 725 2604 778 Domini
2635 724 2961 793 inﬁdelibus,
2989 738 3164 784 tamen
3189 749 3464 804 nunquam

1887 810 2086 867 oblitus
2137 828 2234 868 ero
2287 813 2652 881 Hierusalem;
2691 817 2834 886 quod
2877 818 2943 873 de
2986 834 3049 873 ea
3098 836 3201 876 non
3253 835 3464 880 cantem

1888 895 2033 958 inter
2077 903 2279 968 ﬁdeles,
2313 905 2401 974 qui
2448 905 2573 960 huic
2616 907 2831 962 cantico
2878 918 3002 964 sunt
3049 911 3276 968 habiles.
3315 915 3470 982 Quod
3511 915 3515 918 ’

1887 995 1932 1048 si
1958 994 2146 1050 oblitus
2174 995 2326 1065 fuero
2357 999 2457 1062 tui,
2488 1014 2518 1051 ο
2545 995 2898 1064 Hierusalem,
2924 1005 3064 1070 quod
3100 1004 3279 1059 omnis
3309 1006 3470 1060 devo-

1889 1085 1964 1140 tio
1994 1103 2112 1142 mea
2162 1091 2227 1141 ad
2259 1098 2308 1142 te
2347 1105 2453 1144 non
2481 1090 2748 1158 intendat,
2779 1094 2920 1160 quod
2955 1095 3021 1148 de
3040 1103 3096 1150 ἰε
3124 1111 3229 1150 non
3255 1106 3468 1153 cantem

1887 1178 1994 1234 illis
2021 1180 2110 1250 qui
2144 1181 2210 1234 ad
2237 1182 2338 1237 hoc
2365 1183 2737 1250 cruutidouci,
2768 1189 2975 1239 dextera
2997 1204 3132 1254 mea,
3161 1188 3209 1242 id
3226 1199 3310 1244 est
3329 1191 3471 1246 bona

1887 1272 2132 1341 operatio
2172 1287 2314 1337 mea,
2345 1275 2497 1328 detur
2517 1275 2784 1342 oblivioni,
2825 1278 2959 1332 adeo
2985 1287 3043 1332 ut
3082 1296 3352 1352 nunquam
3385 1298 3471 1336 re-

1888 1372 2262 1418 munerentur.
2297 1363 2388 1418 Vel
2425 1365 2638 1419 dextera
2669 1383 2803 1433 mea,
2842 1366 2892 1421 id
2925 1377 3008 1423 est
3035 1369 3318 1425 collocatio
3348 1387 3470 1427 mea

1888 1453 1955 1507 ad
1984 1455 2263 1511 dexteram
2293 1455 2384 1510 Dei
2415 1454 2613 1520 Patris,
2650 1473 2812 1528 quam
2844 1468 3116 1529 exspecto,
3149 1462 3304 1515 detur
3332 1463 3469 1516 obli-

1887 1547 2047 1612 vioni,
2097 1547 2176 1602 sic
2207 1555 2264 1602 ut
2311 1563 2586 1617 nunquam
2626 1565 2745 1604 eam
2792 1549 3081 1620 adipiscar.
3119 1551 3212 1606 Vel
3255 1555 3472 1608 dextera

1889 1653 2025 1702 mea,
2059 1638 2110 1692 id
2135 1647 2219 1693 est
2242 1640 2485 1710 operatio
2516 1655 2631 1694 mea
2661 1641 2797 1694 bona
2827 1641 2982 1695 detur
3012 1642 3279 1709 oblivioni,
3309 1643 3358 1698 id
3389 1655 3474 1700 est

1887 1729 2178 1786 obliviscar
2223 1732 2360 1786 bene
2398 1732 2632 1801 operari.
2666 1733 2732 1786 Et
2768 1748 2875 1787 non
2902 1733 3072 1788 solum
3113 1735 3215 1790 hoc
3242 1736 3473 1792 infortu-

192 1823 452 1891 quoniam
495 1839 588 1879 eos
631 1839 749 1880 esse
799 1825 1016 1880 steriles
1054 1835 1106 1881 et
1145 1828 1447 1882 obstinatos
1489 1827 1540 1882 in
1583 1826 1785 1882 malitia
1819 1810 1862 1869 Β
1891 1821 2038 1875 Itium
2068 1822 2516 1894 mihicontingat,
2548 1825 2642 1880 sed
2669 1825 2833 1878 etiam
2862 1826 3127 1881 adluereat
3152 1828 3333 1898 lingua
3357 1845 3474 1885 mea

192 1917 573 1984 cognovimus.
606 1916 757 1972 Unde
787 1917 1044 1972 Dominus
1072 1918 1202 1972 dicit
1229 1936 1241 1972 :
1283 1939 1302 1971 ι
1337 1917 1510 1973 Nolite
1541 1929 1786 1972 sanetum

195 2011 329 2061 dare
375 2007 632 2072 canibus,
677 2024 774 2062 nec
821 2011 1144 2079 margaritas
1193 2025 1392 2078 ponere
1429 2020 1555 2066 ante
1593 2027 1788 2080 porcos

195 2099 418 2170 (Matth.
449 2116 543 2166 vu,
575 2101 650 2170 6).
689 2120 706 2152 ι
755 2100 816 2154 Et
858 2100 1147 2170 Apostolus
1186 2102 1252 2155 ad
1295 2101 1471 2156 Titum
1505 2121 1516 2155 :
1555 2123 1574 2154 ‹
1610 2103 1792 2158 ιιιυπυ-

195 2175 367 2246 ticum
417 2192 688 2248 hominem
739 2201 858 2262 post
905 2194 1200 2248 secundam
1244 2203 1298 2248 et
1348 2196 1560 2248 tertiam
1606 2210 1790 2248 corre-

195 2286 441 2352 ptionem
484 2285 658 2339 devita
700 2284 829 2357 (Tit.
871 2301 953 2349 ιιι,
996 2287 1108 2356 10),
1142 2304 1159 2336 ι
1193 2295 1300 2340 etc.
1347 2287 1532 2340 Posset
1568 2287 1728 2355 objici
1769 2306 1784 2341 :

195 2375 380 2443 Quare
433 2377 610 2432 dicitis
663 2393 758 2432 vos
810 2393 1012 2448 organa
1065 2377 1508 2448 praulicationum
1557 2395 1787 2449 suspen-

197 2469 382 2523 disse?
420 2468 610 2523 Fuitne
638 2470 921 2539 quisquam
962 2470 1052 2539 qui
1088 2472 1521 2540 priedicationem
1552 2486 1786 2528 vestram

195 2562 519 2630 expeteret?
555 2562 691 2616 Huic
731 2562 896 2632 igitur
933 2563 1303 2632 antipophorae
1345 2564 1661 2628 talisulatur
1698 2581 1787 2620 re-

197 2655 423 2724 Sponsio
453 2671 465 2706 :
494 2653 614 2709 Ideo
656 2670 754 2708 nos
799 2655 1130 2722 suspendere
1166 2670 1368 2725 organa
1412 2656 1617 2722 decuit,
1662 2657 1786 2723 quia

197 2745 278 2796 illi
306 2746 396 2814 qui
419 2745 644 2814 captivos
675 2745 934 2799 duxerunt
968 2763 1082 2810 nos,
1115 2745 1165 2800 id
1197 2755 1281 2801 est
1314 2746 1531 2817 maligni
1564 2748 1788 2816 spiritus

198 2833 290 2904 qui
331 2849 434 2906 per
461 2834 631 2890 Adam
670 2835 721 2889 in
763 2835 1130 2906 Captivitatem
1174 2837 1315 2890 hanc
1352 2835 1698 2889 mortalitatis
1733 2842 1789 2889 et

196 2927 576 2997 passibilititis
605 2929 941 2982 adduxerunt
974 2945 1091 2993 nos,
1123 2927 1230 2982 illic
1262 2929 1576 2992 existentes,
1617 2927 1668 2982 id
1705 2935 1790 2982 est

197 3021 250 3072 in
303 3019 560 3074 salicibus
605 3021 709 3075 illis
756 3021 1126 3089 prmsidentes,
1162 3036 1258 3088 per
1303 3019 1449 3089 ipsas
1484 3018 1678 3073 salices
1710 3018 1790 3074 Io-

195 3113 416 3182 quendo
445 3115 892 3182 interrogaverunt
931 3130 1022 3166 nos
1061 3113 1210 3166 verba
1251 3112 1572 3178 cantionum,
1615 3111 1665 3164 id
1705 3119 1788 3165 est

1888 1911 2129 1980 faucibus
2157 1913 2305 1979 meis,
2331 1913 2382 1969 id
2412 1923 2495 1968 est
2529 1926 2710 1970 anuus
2743 1915 2866 1969 ﬁam
2893 1927 3154 1987 quantum
3180 1921 3244 1974 ad
3272 1920 3473 1975 bonam

1886 2004 2213 2060 locationem
2247 2021 2260 2059 :
2288 2021 2318 2060 a
2344 2006 2700 2062 similitudine
2723 2007 2866 2064 illius
2895 2012 2984 2080 qui
3014 2027 3135 2067 cum
3166 2027 3262 2067 sua
3289 2012 3473 2083 lingua

1886 2091 2131 2148 faucibus
2153 2095 2266 2150 suis
2303 2095 2598 2163 adhaereat,
2629 2113 2732 2153 non
2767 2109 2945 2168 potest
2969 2101 3136 2172 loqui.
3275 2168 3283 2177 _

1957 2185 2260 2253 All/iterent,
2304 2188 2545 2259 inquam,
2580 2191 2762 2261 lingua
2811 2208 2924 2246 mea
2969 2194 3212 2263 faucibus
3247 2211 3396 2261 meis,
3425 2197 3474 2250 si

1887 2292 1990 2330 non
2037 2279 2317 2332 meminero
2354 2282 2451 2333 tui.
2489 2280 2633 2334 Idem
2665 2291 2766 2347 est,
2799 2283 2846 2336 si
2887 2286 3076 2339 oblitus
3104 2286 3251 2356 {uero
3280 2289 3376 2354 tui,
3419 2295 3477 2342 et

1885 2366 1930 2418 si
1956 2382 2058 2418 non
2087 2368 2367 2422 meminero
2389 2370 2487 2434 tui,
2517 2371 2612 2425 sed
2639 2381 2857 2440 propter
2883 2373 3156 2428 diversum
3187 2377 3474 2446 repetitum

1888 2463 1990 2509 est.
2028 2455 2143 2510 Non
2182 2457 2354 2512 solum
2391 2466 2570 2513 autem
2605 2462 2886 2516 meminero
2913 2463 2990 2516 tui
3040 2473 3337 2534 utcunque,
3380 2465 3476 2520 sed

1885 2544 2074 2626 etiam,
2107 2559 2140 2598 ο
2171 2545 2857 2620 Hierusalem,proponam,
2885 2551 3033 2606 idest
3056 2562 3180 2608 ante
3203 2571 3398 2624 ponam
3423 2563 3480 2610 te

1887 2637 1942 2690 in
1965 2638 2243 2709 principio,
2278 2640 2330 2694 id
2361 2650 2443 2695 est
2488 2643 2864 2712 pracipuitate
2913 2643 3114 2699 lwtitice
3147 2662 3296 2713 metu,
3333 2647 3480 2702 scili-

1889 2733 1979 2777 cet
2013 2725 2058 2778 si
2108 2725 2208 2778 hoc
2239 2725 2370 2780 mihi
2400 2728 2710 2798 contigerit,
2757 2737 2816 2781 ut
2843 2729 2911 2784 de
2942 2730 3124 2784 multis
3165 2733 3325 2785 rebus
3353 2732 3479 2787 aliis

1888 2816 2059 2880 laeter,
2092 2826 2146 2869 tu
2180 2827 2360 2872 tamen
2401 2819 2468 2873 de
2497 2809 2602 2888 qua
2643 2819 3032 2889 adispiscenda‘
3044 2819 3157 2888 jam
3195 2835 3345 2891 Spem
3385 2823 3480 2876 Ita-

1889 2907 2014 2973 beo,
2041 2909 2366 2978 principium
2395 2910 2526 2974 eris,
2574 2911 2626 2964 id
2670 2917 2753 2964 est
2780 2911 3050 2980 prtecipua
3080 2926 3241 2965 causa
3279 2912 3479 2969 laetitias

1893 3013 2044 3053 meai.
2081 2997 2232 3052 Unde
2263 2999 2524 3055 Dominus
2555 2999 2606 3053 in
2634 2999 2924 3070 Evangelio
2951 3017 2964 3053 :
3000 3017 3019 3051 ι
3055 2999 3296 3056 Primum
3325 3018 3478 3072 qua:~

1893 3092 1994 3144 rite
2023 3105 2245 3161 regnum
2271 3091 2363 3144 Dei
2399 3091 2615 3160 (Matth.
2648 3106 2720 3156 vi,
2753 3090 2866 3161 55).
2903 3110 2923 3142 ι
2953 3090 3070 3146 Νοιι
3092 3092 3222 3146 dicit
3247 3093 3478 3164 primum

196 3203 365 3256 verba
392 3203 853 3272 praedicationum,
879 3219 996 3272 qua:
1023 3202 1270 3258 ﬁdelibus
1298 3211 1422 3257 sunt
1445 3200 1786 3256 delectabiles

1892 3192 2149 3251 quantum
2180 3183 2246 3237 ad
2277 3184 2547 3249 ordinem,
2582 3185 2677 3239 sed
2725 3183 2866 3238 idem
2908 3193 2991 3238 est
3033 3201 3097 3238 ac
3134 3185 3178 3239 si
3219 3187 3424 3240 diceret
3459 3203 3474 3241 :

195 3307 255 3350 ut
313 3297 612 3370 cautiones.
666 3295 1126 3365 lnterrogavcrunt
1175 3295 1395 3364 quidem
1446 3310 1552 3348 non
1607 3302 1662 3347 ul
1711 3294 1789 3350 eis

195 3388 665 3457 obtemperarent,
723 3387 819 3442 sed
868 3395 925 3441 ut
977 3403 1039 3441 ea
1095 3395 1416 3456 spernerent
1467 3395 1522 3441 et
1570 3385 1791 3442 concul-

195 3494 263 3533 ca
275 3488 414 3531 1⁸0111..

273 3569 607 3622 Detcrminat
633 3577 811 3622 autem
839 3583 958 3638 qum
985 3568 1138 3623 verba
1165 3569 1466 3622 cantionunt
1497 3570 1790 3638 interroga-

196 3670 408 3727 verunt,
438 3676 562 3714 cum
590 3661 738 3715 addit
768 3660 847 3714 sic
879 3679 891 3714 :
931 3661 1056 3714 Dico
1087 3661 1530 3730 interrogaverunt
1564 3678 1677 3723 nos,
1703 3660 1792 3728 qui

196 3754 432 3823 captivos
463 3755 722 3807 duxerunt
751 3770 863 3807 nos.
903 3751 967 3806 Et
1000 3753 1097 3822 ipsi
1130 3753 1289 3806 iidem
1320 3753 1544 3822 spiritus
1573 3751 1790 3822 maligni

193 3846 292 3916 qui
323 3860 419 3915 per
445 3847 864 3900 inobedientiam
897 3845 1025 3899 Ada‘.
1048 3845 1375 3898 abduxerunt
1400 3862 1512 3909 nos,
1542 3845 1594 3900 id
1623 3855 1703 3899 cst
1725 3845 1792 3899 ab

195 3946 407 3992 mterna
451 3936 784 3991 beatitudine
828 3937 880 3990 in
930 3937 1070 3990 hanc
1119 3936 1482 4004 captivitatem
1530 3936 1789 3989 duxerunt

197 4043 318 4090 nos,
357 4042 452 4095 per
496 4026 613 4080 illas
652 4027 844 4080 salices
883 4027 1328 4094 interrogaverunt
1374 4042 1466 4079 nos
1502 4025 1788 4080 (licentes:

195 4117 427 4173 Cantate
459 4134 622 4173 unum
658 4121 902 4188 hymnum
934 4118 996 4171 de
1032 4119 1246 4171 canticis
1283 4117 1435 4182 Sion,
1467 4117 1516 4171 id
1550 4125 1635 4172 est
1667 4134 1788 4172 cum

189 4212 540 4280 iucunditate
571 4212 716 4265 nobis
748 4210 984 4280 proferte
1014 4227 1173 4264 unam
1205 4210 1498 4280 jucundam
1529 4211 1786 4280 praedica-

197 4307 408 4360 tionem
440 4320 504 4358 εις
538 4304 642 4359 illis
700 4301 952 4372 iucundis
991 4303 1462 4374 praedicationibus
1500 4319 1620 4373 qua:
1664 4303 1790 4358 atti-

196 4409 330 4452 nent
354 4399 420 4451 ad
444 4396 572 4452 Sion
599 4398 894 4452 cailcstcm.
921 4396 1404 4466 lnterrogavcrunt,
1431 4398 1670 4466 inquam,
1699 4414 1790 4450 nos

196 4490 356 4542 verba
395 4489 716 4542 cantionum.
757 4488 864 4544 Nos
899 4499 1078 4542 autem
1121 4489 1186 4542 ab
1220 4488 1298 4542 ris
1327 4504 1525 4558 organa
1562 4503 1790 4556 suspen-

198 4584 396 4634 dentes
419 4581 678 4634 diximus:
703 4578 973 4644 Quomodo
998 4579 1342 4642 cantabimus,
1360 4578 1509 4632 vobis
1529 4581 1787 4632 canticum

201 4672 417 4726 Domini
436 4674 487 4724 in
509 4682 648 4724 terra
672 4672 864 4744 aliena,
885 4671 933 4724 id
955 4681 1038 4725 est
1065 4671 1116 4724 in
1142 4670 1574 4724 consideratione
1601 4669 1788 4724 aliena:

196 4763 366 4837 545
399 4762 601 4816 terrae?
642 4761 719 4816 Ac
751 4761 793 4815 si
827 4761 1045 4816 dicant:
1076 4762 1208 4815 Cutn
1250 4776 1343 4814 vos
1380 4761 1786 4816 consideremus

201 4867 405 4910 terram
439 4851 677 4906 sterilem
705 4866 824 4905 esse
860 4859 912 4903 et
937 4851 1168 4904 alienam
1207 4865 1237 4903 a
1262 4851 1390 4915 Deo,
1431 4861 1481 4904 et
1520 4863 1624 4902 non
1654 4864 1786 4901 con-

195 4961 396 5018 gruam
425 4943 617 4998 semini
655 4941 915 4996 doctrina:
948 4939 1180 5005 Domini,
1218 4940 1365 4994 vobis
1392 4940 1660 4992 canticum
1687 4938 1785 4991 do-

198 5039 396 5094 ctrina:
441 5034 650 5090 Domini
707 5048 812 5087 non
850 5032 1209 5086 cantabimus.
1245 5029 1336 5084 Vel
1365 5029 1442 5083 sic
1478 5048 1489 5082 :
1521 5028 1628 5082 Nos
1655 5043 1785 5082 cou-

197 5136 487 5183 versantes
516 5137 743 5191 corpore
783 5122 837 5174 in
878 5129 1014 5173 terra
1059 5120 1254 5184 aliena,
1300 5118 1351 5172 id
1391 5125 1475 5172 est
1523 5117 1661 5170 inter
1692 5107 1787 5171 vos

200 5230 473 5277 terrenos,
504 5223 557 5268 et
586 5228 614 5266 a
668 5213 774 5266 Deo
801 5211 1014 5280 penitus
1040 5210 1266 5274 alienos,
1299 5207 1558 5279 quomodo
1602 5219 1788 5261 canta-

197 5312 374 5362 bimus
411 5289 559 5359 ivobis
603 5305 862 5358 canticum
909 5302 1117 5355 Domini
1149 5302 1175 5354 ?
1207 5301 1301 5355 Vel
1341 5301 1459 5356 sic:
1514 5300 1786 5364 Quomodo

198 5399 531 5452 cantabimus
578 5397 838 5449 canticum
889 5394 1096 5446 Domini
1143 5395 1292 5447 vobis
1332 5392 1686 5447 existentibus
1729 5393 1783 5444 in

198 5500 344 5541 terra
388 5487 585 5550 aliena,
618 5485 669 5539 id
698 5493 780 5538 cst
809 5484 859 5536 in
893 5482 1207 5536 terreuitate
1237 5492 1435 5545 vestra,
1469 5497 1587 5550 quae
1613 5496 1642 5534 a
1677 5479 1785 5533 Deo

198 5590 286 5632 est
318 5579 515 5641 aliena,
547 5569 598 5629 et
635 5573 823 5629 semini
857 5573 1118 5627 doctrina:
1155 5588 1257 5627 non
1289 5573 1564 5643 congrua?
1598 5571 1787 5626 Inutile

197 5671 424 5740 quidem
457 5676 601 5722 esset
641 5665 791 5720 vobis
820 5664 1089 5719 canticum
1127 5665 1382 5718 doctrinm
1414 5663 1623 5718 Domini
1656 5679 1784 5718 can-

201 5755 362 5817 tare:
435 5759 658 5814 idcooue
708 5773 811 5812 nou
866 5756 1221 5811 cantabimus.
1284 5757 1546 5822 Quoaiani
1606 5768 1782 5809 autem

1865 3275 2168 3347 .l’raecipue
2203 3277 2419 3347 qmerite
2438 3292 2556 3341 ore,
2586 3277 2770 3343 corde,
2813 3286 2866 3332 et
2892 3291 3078 3348 opere,
3111 3294 3325 3348 regnum
3360 3279 3478 3345 Dei,

1891 3368 2096 3422 scilicet
2149 3368 2482 3422 Hierusalem
2524 3367 2821 3422 caelestem.
2876 3370 3012 3436 Quia
3049 3371 3095 3423 si
3137 3386 3241 3424 non
3284 3385 3480 3440 propo-

1891 3477 2042 3516 suero
2084 3470 2155 3522 te,
2193 3460 2547 3525 Hierusalem,
2577 3463 2630 3515 in
2657 3462 2914 3531 principio
2941 3463 3138 3518 lcetitice
3167 3480 3317 3532 mete,
3343 3465 3479 3518 obli-

1891 3554 2199 3607 vionidetur
2224 3555 2438 3606 dextera
2469 3533 2604 3618 r‘nea,
2642 3563 2687 3606 et
2712 3554 2975 3608 adluereat
3009 3555 3188 3626 lingua
3215 3573 3328 3611 mea
3351 3556 3477 3627 {au-

1891 3647 2037 3700 cibns
2080 3647 2227 3699 meis.
2283 3645 2394 3700 Hoc
2437 3645 2762 3699 subauditur
2804 3661 2901 3716 per
2939 3649 3323 3720 aposiopesim.
3366 3650 3476 3705 Has

1893 3751 2071 3795 autem
2103 3739 2437 3794 conditiones
2475 3739 2593 3792 ideo
2623 3749 2828 3808 ponunt
2863 3749 2920 3794 ut
2944 3743 3233 3796 ostendant
3270 3742 3484 3798 bonum-

1892 3842 2076 3887 votum
2115 3847 2270 3885 suum
2319 3832 2386 3885 de
2417 3831 2774 3898 Hierusalem,
2815 3842 2870 3887 et
2913 3834 3142 3889 innuant
3179 3835 3477 3890 maximum

1892 3923 2272 3976 detrimentum
2326 3921 2405 3974 eis
2436 3920 2752 3988 all'uturum,
2789 3923 2879 3991 qui
2929 3934 3108 3978 votum
3158 3925 3360 3979 bonum
3410 3925 3478 3980 de

1894 4014 2226 4069 Hierusalem
2261 4029 2364 4067 non
2396 4013 2688 4068 habebunt.
2723 4015 2894 4070 Orant
2922 4016 3083 4068 etiam
3123 4016 3188 4068 de
3219 4031 3475 4070 renume-

1894 4106 2102 4160 ratione
2133 4105 2562 4169 tribulationum,
2603 4122 2738 4175 quas
2769 4121 2866 4174 pro
2899 4107 3004 4158 Deo
3034 4106 3333 4173 patiuntur,
3361 4108 3471 4176 sic}:

1893 4197 2023 4252 Dico
2053 4198 2194 4266 quod
2228 4212 2330 4250 non
2359 4196 2547 4249 oblitus
2583 4213 2671 4250 ero
2711 4195 3062 4260 Hierusalem,
3103 4205 3155 4250 et
3187 4197 3328 4266 quod
3355 4213 3478 4266 pro-

1894 4304 2114 4358 posuero
2154 4285 2489 4339 Hierusalem
2519 4286 2574 4338 in
2601 4286 2858 4354 principio
2897 4285 3094 4340 la'titia:
3133 4303 3280 4341 mete.
3311 4288 3477 4358 Cujus

1896 4380 1968 4432 rei
2024 4377 2197 4447 gratia
2248 4377 2430 4430 multa:
2483 4375 2858 4430 tribulationes
2907 4377 3060 4431 nobis
3101 4377 3406 4432 inferuntur
3442 4395 3476 4435 a

1895 4471 2018 4524 ﬁliis
2065 4469 2254 4531 Edom,
2311 4469 2362 4522 id
2413 4477 2496 4522 est
2543 4485 2570 4523 a
2613 4469 2736 4522 ﬁliis
2766 4469 2996 4525 terrenis
3041 4478 3096 4523 et
3141 4471 3475 4541 sanguineis,

1819 4535 1867 4592 ο
1894 4562 2098 4616 scilicet
2143 4575 2172 4614 a
2205 4559 2328 4614 ﬁliis
2366 4559 2676 4632 Babylonis,
2730 4561 2782 4614 id
2823 4569 2902 4614 est
2933 4562 3000 4614 ab
3027 4561 3207 4631 impiis
3243 4535 3477 4618 homini-

1894 4653 2016 4715 bus,
2047 4652 2136 4720 qui
2168 4651 2491 4721 pra-ﬁgurati
2516 4662 2640 4706 sunt
2667 4652 2914 4720 perﬁlios
2942 4652 3083 4706 Esau
3108 4655 3198 4724 qui
3229 4664 3283 4710 et
3305 4655 3476 4714 Edent

1893 4740 2108 4804 dicitur,
2137 4743 2226 4809 qui
2260 4742 2310 4795 in
2366 4742 2538 4794 reditu
2592 4741 2822 4794 ﬁliorum
2865 4741 3028 4796 Israel
3067 4744 3132 4797 de
3161 4746 3480 4814 captivitate

1889 4833 2216 4904 Babylouim.
2241 4835 2293 4888 in
2323 4833 2656 4888 Hierusalem
2683 4833 3076 4904 impediverunt
3100 4855 3213 4904 eos,
3230 4841 3281 4894 in
3305 4857 3478 4910 quan-

1895 4932 2004 4976 tum
2033 4931 2343 4993 potuerunt,
2384 4938 2450 4977 ne
2491 4924 2764 4977 civitatem
2795 4933 2850 4979 et
2885 4927 3139 4996 templum
3177 4931 3475 4984 reaedilica-

1895 5021 2034 5067 rent.
2063 5012 2263 5066 Eodem
2291 5013 2486 5081 qu‘ppe
2519 5014 2676 5066 modo
2714 5013 2804 5066 lilii
2849 5015 3007 5083 hujus
3050 5017 3258 5080 lllltndi,
3287 5017 3474 5074 ﬁdeles

1896 5105 2333 5159 tribulationibus
2377 5104 2640 5174 impedire
2679 5106 2944 5171 nituntur,
3001 5121 3068 5162 ne
3110 5109 3317 5178 seipsos
3363 5112 3475 5167 Deo

1897 5198 2152 5266 templum
2179 5196 2314 5250 bene
2338 5197 2567 5252 vivendo
2592 5198 2878 5252 tedilicent.
2909 5199 3078 5254 Edom
3103 5211 3283 5256 autem
3313 5211 3475 5258 terre-

1896 5307 1992 5343 nus
2022 5289 2105 5344 vel
2136 5290 2452 5358 sanguineus
2484 5289 2887 5358 interpretatur.
3007 5299 3010 5302 '

1972 5384 2100 5438 Dico
2130 5384 2270 5453 quod
2317 5398 2414 5452 pro
2444 5385 2822 5438 recordatione
2860 5383 3196 5442 Hierusalem
3223 5388 3468 5444 inferuu-

1891 5487 1980 5532 tur
2002 5478 2154 5532 nobis
2183 5455 2557 5531 tribiilationes
2586 5493 2614 5530 a
2641 5478 2764 5532 ﬁliis
2795 5477 2984 5534 Edoni.
3026 5481 3091 5533 Et
3118 5489 3194 5546 tu,
3228 5481 3469 5546 Domine,

1889 5571 1990 5624 etsi
2044 5570 2202 5624 modo
2234 5569 2467 5623 videaris
2501 5585 2597 5622 nos
2638 5570 2728 5626 hic
2770 5571 3024 5627 oblivioni
3080 5574 3230 5628 dare.
3275 5590 3474 5628 rnemor

1890 5670 1998 5714 esto
2028 5661 2082 5713 in
2125 5660 2208 5713 die
2241 5658 2594 5720 Hierusalem,
2629 5661 2678 5714 id
2705 5671 2788 5717 est
2830 5663 2880 5716 itt
2911 5663 2997 5717 die
3023 5663 3235 5732 judicii,
3273 5665 3324 5718 in
3363 5681 3469 5733 qua

1889 5753 2126 5824 plenaric
2180 5753 2474 5808 constitues
2524 5751 2858 5811 Hierusalem
2907 5756 3182 5811 cwlcstezn
3240 5758 3471 5828 ﬁliorum
