3978 6328
529 375 668 432 1539

1118 373 1178 429 S.
1219 371 1565 429 BRUNONS
1601 367 2246 426 CAllTlllISlANORUM
2282 370 2767 428 lNSTlTUTORlS
2807 372 2955 430 OPP.
2989 372 3167 426 PARS
3187 372 3226 427 l.

3669 375 3807 432 1560

525 488 720 553 Edam,
755 487 807 542 id
845 495 928 542 est
961 501 1169 542 memor
1207 495 1325 541 esto
1369 484 1774 540 tribulationum
1801 497 1921 550 quae
1949 481 2106 535 nobis
2137 495 2182 550 Α
2212 484 2391 551 bonae;
2432 486 2582 555 impii
2614 501 2741 542 vero
2779 487 2938 542 sicin
2973 487 3251 554 impietate
3283 485 3479 550 adulti,
3513 497 3571 542 ut
3611 505 3679 544 ex
3718 491 3806 545 in-

519 596 624 650 ι)ιο
683 581 1054 636 recordatione
1122 579 1460 635 Hierusalem
1526 577 1836 631 infamatur
1897 592 1925 629 a
1987 576 2112 631 ﬁliis

528 675 716 738 Edom,
749 675 798 730 id
836 683 920 729 est
967 689 998 727 a
1043 672 1480 742 persecutoribus
1523 669 1646 724 ﬁliis
1696 669 1855 738 hujus
1903 667 2110 734 mundi,

527 765 758 818 terrenis
791 765 869 819 vel
918 765 1229 835 sanguineis
1257 780 1270 816 :
1300 770 1357 816 ut
1395 777 1488 816 eos
1521 777 1836 816 remuneres
1871 761 2113 830 quando-

525 868 651 922 que,
689 855 894 910 scilicet
921 855 972 908 in
1007 855 1091 908 die
1125 853 1482 908 Hierusalem.
1513 851 1605 908 Vel
1633 861 1811 923 potest
1839 867 1960 906 esse
1987 866 2114 906 con-

525 949 700 1004 cessio
727 948 1090 1004 damnationis
1121 947 1352 1001 ﬁliorum
1378 947 1575 1012 Edom,
1602 955 1658 1000 ut
1693 962 1787 1002 eos
1811 962 1840 1001 a
1873 946 2112 1017 nequitia

523 1054 621 1096 sua
651 1041 920 1094 deterreat
941 1037 1019 1091 sic
1049 1053 1062 1091 :
1090 1035 1290 1089 Memor
1310 1046 1442 1101 esto,
1469 1036 1779 1100 Domine,in
1801 1037 1884 1090 die
1907 1031 2110 1090 Hieru-

523 1132 707 1195 salem,
736 1131 787 1185 id
813 1129 970 1186 estin
995 1127 1286 1196 diejudicii
1317 1128 1548 1184 ﬁliorum
1580 1129 1746 1183 Edom
1775 1143 2112 1199 persequen-

523 1224 656 1277 tium
690 1237 788 1276 nos
817 1235 912 1290 pro
943 1220 1318 1274 recordatione
1347 1219 1709 1285 Hierusalem,
1741 1218 1904 1290 546
1926 1229 1984 1274 ιιι
2021 1233 2114 1274 eos

522 1316 664 1385 iuste
703 1315 914 1384 punias.
949 1312 1053 1377 Qui
1093 1312 1351 1366 nimirum
1403 1310 1497 1366 lilii
1540 1312 1708 1366 Edom
1737 1311 2115 1366 contradicunt

523 1407 666 1460 inter
695 1420 753 1460 se
777 1419 916 1460 unus
943 1404 1059 1458 alii.
1091 1402 1400 1470 Eminanite,
1424 1405 1694 1458 exinanita
1726 1404 1816 1458 illa
1845 1419 1965 1474 quae
1986 1413 2114 1459 sunt

521 1494 577 1547 in
599 1509 682 1558 ea,
715 1493 768 1547 id
800 1503 882 1548 est
933 1494 988 1548 in
1019 1493 1228 1556 civibus
1281 1494 1399 1564 ejus
1446 1494 1782 1550 Hierusalem
1830 1511 1991 1564 usque
2043 1494 2113 1548 ad

521 1583 946 1656 fundamentum;
974 1599 1038 1640 ac
1076 1585 1120 1638 si
1151 1585 1298 1640 dicat
1331 1602 1345 1638 :
1375 1583 1512 1652 Quia
1545 1585 1731 1640 vident
1761 1600 1861 1640 nos
1887 1585 1952 1639 ad
1981 1584 2112 1638 Hie-

523 1674 758 1728 rusalem
792 1675 1030 1739 tendere,
1065 1675 1266 1729 invidia
1293 1677 1416 1730 tacti
1445 1685 1844 1747 persequuntur
1882 1691 1981 1731 nos
2011 1677 2113 1730 tri-

519 1763 909 1830 bulationibus,
963 1766 1204 1822 dicentes
1247 1784 1260 1821 :
1305 1766 1707 1838 Persequamur
1753 1751 2112 1825 eos.lribula-

2215 577 2354 631 vidia
2383 577 2565 648 gloria:
2593 578 2858 633 bonormn
2892 587 2948 632 et
2987 589 3380 633 tormen'orum
3412 595 3629 636 suorum
3671 582 3810 637 nihil

2214 667 2506 722 voluntatis
2547 669 2786 724 habeant
2829 669 2936 724 nisi
2987 669 3172 734 malae;
3214 669 3418 725 nullam
3448 681 3624 727 tamen
3653 683 3811 744 pote-

2215 770 2408 814 statem
2435 759 2587 814 malae
2616 760 2951 830 operationis
2986 761 3246 814 habituri.

2539 875 2550 884 -
2623 851 2690 906 ΙΝ
2730 851 3062 908 PSALMUM
3102 851 3414 908 CXXXVII.

2283 939 2496 996 Titulus
2523 942 2810 997 centesimi
2842 942 3099 998 tricesimi
3141 944 3382 1013 septimi.
3421 942 3668 999 Psalmns
3701 945 3808 1015 ipsi

2213 1029 2404 1095 David,
2432 1031 2484 1085 id
2523 1041 2608 1086 est
2644 1030 2866 1086 Christo
2901 1033 3160 1088 directus.
3200 1031 3320 1087 Non
3359 1035 3500 1102 quod
3531 1035 3617 1088 hic
3647 1035 3813 1090 Chri-

2214 1130 2330 1173 stus
2353 1119 2624 1190 loquatur,
2657 1122 2749 1177 sed
2795 1123 2920 1191 quia
2963 1123 3202 1178 ﬁdelium
3229 1123 3592 1194 perlecturum
3625 1142 3811 1180 massa

2214 1209 2266 1263 in
2294 1210 2396 1265 hoc
2425 1211 2636 1279 psalmo
2671 1227 2859 1282 agens,
2889 1213 3053 1270 verba
3079 1227 3174 1267 sua
3214 1213 3400 1284 dirigit
3426 1217 3493 1268 ad
3525 1213 3812 1269 Christum

2212 1298 2278 1352 ad
2313 1301 2613 1369 gratiarum
2655 1303 2950 1366 actionem,
2975 1303 3272 1358 ostendens
3324 1305 3518 1357 bonam
3560 1304 3814 1360 alla-ctio-

2213 1406 2335 1448 nem
2395 1409 2547 1448 suam
2597 1409 2758 1464 quam
2809 1395 2972 1449 habet
3032 1395 3324 1449 conﬁtendi
3404 1396 3505 1466 ipsi
3576 1396 3814 1450 Domino

2213 1483 2449 1549 Christo,
2476 1493 2528 1538 et
2551 1485 2834 1556 psallendi.
2867 1485 3022 1553 Quod
3047 1489 3112 1539 ad
3148 1486 3560 1540 instructionem
3594 1488 3814 1540 audito-

2213 1592 2332 1630 rum
2360 1577 2506 1641 facit,
2539 1587 2601 1632 ut
2629 1593 2724 1632 cos
2755 1578 2987 1633 instruat
3017 1580 3161 1634 hanc
3190 1580 3437 1634 eamdem
3463 1578 3813 1633 affectionem

2212 1667 2433 1724 habere.
2457 1669 2588 1725 Orat
2613 1686 2833 1742 quoque
2861 1671 2928 1724 de
2961 1671 3410 1741 Inultiplicatioue
3434 1674 3724 1733 virtutum,
3755 1681 3817 1724 nt

2212 1760 2430 1814 eosdem
2461 1761 2696 1817 instruat
2730 1775 2914 1826 orare,
2959 1769 3008 1816 et
3046 1770 3200 1832 Optat
3231 1777 3387 1830 reges
3418 1773 3580 1816 teme
3617 1772 3676 1815 ut
3707 1763 3817 1816 Do-

521 1859 760 1914 tionibus
786 1860 1040 1926 assiduis,
1089 1869 1145 1915 ei,
1201 1862 1284 1916 sic
1323 1861 1724 1928 exinaniamus,
1775 1863 2016 1932 inquam,
2053 1861 2103 1916 id
2139 1861 2182 1914 Β
2212 1852 2358 1906 mino
2379 1852 2763 1920 conﬁteantur,
2788 1863 2842 1908 et
2875 1854 3062 1910 inviis
3091 1853 3208 1922 ejus
3241 1865 3489 1918 cantent;
3527 1864 3585 1909 et
3622 1856 3817 1932 subdit

518 1959 604 2006 est
630 1965 957 2007 evacuemus
986 1952 1215 2007 virtutes
1241 1960 1296 2007 et
1331 1968 1495 2023 opera
1525 1954 1666 2008 bona
1684 1968 1894 2018 eorum,
1912 1953 2108 2024 quibus

518 2039 588 2092 ad
621 2039 897 2095 cmlestem
931 2039 1270 2096 Hierusalem
1295 2043 1542 2106 tendunt,
1576 2052 1628 2098 et
1659 2043 1712 2098 in
1755 2052 1961 2098 tantmn
1994 2044 2109 2098 exi-

517 2131 827 2197 naniamus,
865 2133 1008 2202 quod
1041 2135 1308 2204 usquead
1337 2133 1758 2189 exinaniendum
1789 2133 2110 2191 fundamen-

520 2227 634 2274 tum
687 2223 1087 2291 perveniamus,
1136 2224 1347 2280 scilicet
1396 2241 1568 2295 usque
1604 2226 1742 2281 adeo
1780 2241 1875 2282 eos
1927 2243 2109 2298 perse-

518 2323 770 2378 quamur,
831 2321 894 2366 ut
956 2313 1122 2367 etiam
1173 2313 1335 2369 ﬁdem
1383 2315 1463 2370 eis
1505 2325 1948 2386 extorqueamus,
1988 2333 2109 2388 quae

519 2399 934 2476 fundamentum
977 2411 1061 2457 est
1088 2403 1330 2458 omnium
1369 2408 1630 2460 virtutum
1667 2415 1722 2462 et
1766 2421 1987 2476 operum
2016 2410 2110 2464 bo-

519 2506 712 2546 norum
735 2493 994 2562 ipsorum.
1027 2494 1507 2551 Condolentetiam
1529 2499 1594 2552 de
1625 2497 1841 2552 miseria
1875 2499 2106 2555 ﬁliorum

519 2580 714 2647 Edoni,
754 2597 891 2653 quos
921 2583 1084 2637 ﬁliam
1115 2582 1408 2656 Babylonis
1456 2595 1670 2651 vocant,
1713 2595 1772 2642 ut
1818 2589 2108 2644 ostendant

519 2685 616 2726 eos
638 2686 734 2741 per
763 2687 968 2728 nomen
1016 2689 1183 2730 sexus
1226 2675 1468 2730 feminini
1507 2675 1854 2733 effeminatos
1886 2693 2009 2734 esse
2052 2679 2105 2734 in

519 2762 836 2830 virtutibus,
873 2765 952 2819 sic
986 2782 1001 2820 :
1033 2765 1138 2821 Vos
1169 2767 1262 2822 ﬁlii
1293 2767 1482 2832 Edom,
1512 2770 1603 2839 qui
1634 2770 1798 2824 etiam
1837 2771 1950 2838 lilia
1975 2773 2107 2828 estis

517 2851 830 2922 Babylonis,
883 2854 935 2909 id
958 2863 1044 2910 est
1083 2854 1244 2924 hujus
1290 2857 1500 2924 mundi,
1533 2859 1718 2914 dicitis
1753 2861 2020 2917 exinanire
2054 2873 2108 2920 et

518 2947 786 3014 reputatis
823 2961 921 3003 nos
963 2948 1216 3014 miseros,
1257 2964 1354 3004 vos
1387 2965 1519 3005 vero
1544 2966 1668 3006 esse
1699 2955 1903 3008 beatos.
1933 2955 2108 3011 Econ-

519 3037 693 3092 trario
725 3053 854 3094 vero
877 3048 955 3103 tu,
1005 3039 1120 3108 ﬁlia
1171 3039 1482 3110 Babylonis,
1523 3044 1717 3096 misera
1773 3057 1856 3108 es,
1894 3047 1996 3100 etsi
2044 3047 2099 3102 in

503 3128 870 3186 saecularibus
912 3129 1132 3194 ﬂoreas;
1175 3132 1271 3186 sed
1306 3133 1485 3186 beatus
1520 3142 1572 3187 et
1629 3135 1716 3190 hic
1751 3143 1805 3190 et
1837 3136 1888 3190 in
1926 3135 2106 3192 futuro

515 3221 813 3293 quicunque
855 3221 1094 3276 ﬁdelium
1133 3223 1377 3278 retribuet
1410 3225 1502 3278 tibi
1542 3227 1932 3282 retributionem
1958 3241 2106 3306 tuant
2133 3220 2175 3279 C

517 3331 677 3384 quant
705 3313 992 3368 retribuisti
1036 3315 1203 3370 nobis.
1249 3315 1482 3386 Exponit
1518 3333 1647 3388 ergo
1677 3337 1838 3389 quam
1871 3323 2108 3376 retribu-

519 3405 724 3460 tionem
758 3405 1042 3471 retribuet,
1069 3422 1193 3462 cum
1220 3408 1369 3462 addit
1403 3427 1418 3462 :
1448 3409 1664 3475 Beatus,
1693 3413 1922 3477 scilicet,
1943 3424 1997 3468 et
2024 3415 2110 3470 hic

519 3503 575 3550 et
617 3496 669 3550 in
701 3495 905 3564 futuro,
927 3499 1018 3568 qui
1063 3499 1250 3552 tenebit
1289 3496 1541 3566 parvuRis
1573 3510 1696 3556 tuos
1729 3518 1798 3558 ne
1835 3513 2105 3565 crescant,

519 3586 730 3642 scilicet
773 3587 864 3644 illa
901 3589 1144 3646 membra
1178 3599 1289 3655 tua,
1319 3605 1436 3660 qua:
1482 3593 1720 3647 nondum
1764 3597 1817 3650 in
1870 3596 2107 3650 adultam

515 3679 819 3750 nequitiam
841 3680 1203 3747 devenerunt;
1241 3681 1336 3736 sed
1368 3684 1544 3740 adhuc
1567 3701 1730 3755 parva
1760 3698 1884 3742 sunt
1912 3689 1962 3742 in
1995 3705 2110 3743 ma-

517 3769 658 3838 litia,
686 3772 974 3825 retentabit
1010 3787 1040 3824 a
1072 3773 1279 3827 malitia
1313 3789 1409 3829 sua
1440 3791 1536 3846 per
1557 3780 2016 3848 praedicationem,
2043 3799 2111 3838 ne

518 3864 576 3920 in
605 3878 667 3918 ea
709 3871 976 3927 crescant,
1009 3873 1064 3918 et
1094 3865 1173 3919 sic
1211 3881 1304 3921 eos
1337 3870 1564 3934 tenebit,
1598 3873 1740 3942 quod
1771 3873 1949 3928 allidet
1987 3876 2108 3932 illos

516 3953 764 4024 paruulos
789 3963 904 4008 tuos
935 3954 1004 4007 ad
1045 3964 1244 4024 petram
1271 3955 1625 4026 fortitudinis,
1659 3963 1937 4016 Christum
1963 3965 2109 4018 scili-

515 4054 630 4110 cet,
686 4045 929 4101 destruet
962 4060 1058 4100 eos
1100 4047 1394 4100 secundum
1437 4050 1581 4116 quod
1619 4052 1740 4104 mali
1789 4063 1913 4107 sunt
1945 4054 2110 4123 :jun-

507 4139 696 4212 ‘gendo
709 4153 804 4195 eos
823 4153 914 4209 per
929 4139 1084 4194 ﬁdem
1105 4147 1270 4210 petra:
1291 4138 1875 4211 fortitmlinisChristo,
1899 4162 1926 4198 a
1961 4147 2110 4199 simi-

518 4231 747 4286 litudine
798 4229 1166 4300 parvulorum,
1208 4232 1298 4300 qui
1342 4231 1482 4286 allisi
1526 4232 1594 4286 ad
1647 4231 1875 4303 lapidem
1926 4237 2108 4290 interi-

519 4330 777 4388 muntur;
823 4336 888 4376 ac
925 4323 969 4376 si
1013 4322 1200 4376 dicat:
1234 4323 1434 4377 Beatus
1472 4332 1529 4376 et
1575 4324 1666 4380 hic
1701 4337 1756 4379 ct
1796 4327 1848 4380 in
1901 4326 2106 4394 futuro,

515 4413 832 4483 quicunque
883 4410 1116 4465 ﬁdelium
1163 4411 1414 4480 parvulos
1447 4422 1566 4468 tuos
1603 4429 1699 4484 per
1727 4415 1884 4470 ﬁdem
1931 4419 2109 4472 incur-

519 4501 759 4571 porabit,
807 4499 1086 4570 jungendo
1138 4500 1302 4569 ipsos’
1341 4499 1562 4557 Christo
1621 4503 1804 4572 capiti,
1863 4507 2005 4560 sicut
2052 4517 2103 4561 tu

2212 1957 2408 1998 causas
2461 1960 2630 2015 quare
2661 1944 2766 2015 ipsi
2825 1943 3074 1999 conﬁteri
3112 1945 3361 2009 debeant,
3388 1954 3442 2002 ct
3465 1944 3520 2000 in
3549 1946 3660 2000 viis
3696 1944 3813 2014 ejus

2211 2044 2456 2090 cantare.

2281 2128 2582 2198 Conﬁtebor
2604 2128 2720 2196 tibi,
2751 2127 2969 2183 Domine
2997 2127 3237 2192 Christe,
3272 2127 3325 2182 in
3353 2137 3460 2182 toto
3488 2129 3652 2182 corde
3673 2144 3810 2193 meo,

2210 2221 2262 2276 id
2293 2230 2374 2275 est
2411 2219 2643 2274 laudabo
2683 2229 2737 2274 te
2767 2219 2821 2274 in
2859 2227 2972 2273 tota
3002 2217 3288 2273 aﬂ‘ectiouc
3318 2217 3503 2273 cordis
3523 2219 3657 2283 mei,
3688 2219 3816 2273 licet

2210 2329 2241 2368 a
2268 2302 2843 2382 Judaeis'vituperatus
2893 2311 3081 2366 fueris.
3127 2313 3194 2366 Et
3234 2312 3430 2366 merito
3475 2311 3812 2376 conﬁtebor,

2207 2405 2455 2474 quoniam
2478 2404 2671 2458 audisti
2711 2404 2790 2458 sic
2819 2413 2875 2456 ut
2908 2403 3279 2473 impetrarem,
3309 2404 3488 2457 omnia
3514 2404 3676 2456 verba
3706 2420 3815 2456 om

2209 2496 2345 2560 mei;
2375 2511 2438 2550 ac
2467 2495 2510 2549 si
2541 2495 2686 2549 dicat
2723 2513 2736 2549 :
2764 2494 2881 2549 Non
2907 2496 3081 2549 solum
3113 2505 3167 2550 te
3199 2495 3378 2549 verbis
3411 2494 3604 2550 cordis
3633 2496 3815 2557 oravi,

2209 2585 2632 2656 cogitationibus
2663 2585 2890 2649 scilicet,
2921 2587 3014 2640 sed
3044 2594 3098 2639 et
3136 2575 3315 2640 verbis
3340 2586 3454 2640 oris
3480 2587 3814 2641 exterioris.

2210 2674 2278 2728 Et
2323 2674 2410 2728 illa
2465 2675 2622 2729 verba
2671 2677 2849 2728 omnia
2887 2676 3108 2740 audisti,
3159 2675 3248 2729 illa
3307 2675 3570 2730 videlicet
3621 2681 3812 2732 omnia

2208 2785 2328 2841 quae
2357 2769 2514 2840 digna
2544 2779 2703 2823 erant
2743 2768 3145 2839 impctratione.
3179 2769 3330 2825 Unde
3357 2770 3502 2824 idem
3538 2771 3598 2824 in
3629 2771 3812 2825 Evan-

2209 2861 2386 2932 gelio:
2425 2878 2442 2911 ι
2481 2859 2854 2928 Quodcunque
2898 2859 3166 2928 petieritis
3200 2861 3413 2914 Patrem
3469 2863 3524 2914 in
3577 2862 3808 2918 nomine

2209 2953 2460 3018 mco,det
2481 2952 2633 3006 vobis
2659 2950 2841 3021 (Joan.
2873 2968 2962 3019 xv,
2983 2951 3092 3023 l6).
3120 2971 3138 3003 ι
3167 2951 3490 3022 Conﬁtebor,
3541 2955 3770 3023 inquam
3795 2997 3812 3019 ,

2207 3051 2262 3103 in
2313 3058 2424 3102 toto
2451 3048 2626 3101 corde.
2658 3047 2722 3100 Et
2767 3062 2873 3101 non
2921 3048 3095 3102 solum
3147 3048 3282 3114 hoc,
3315 3048 3409 3102 sed
3465 3055 3522 3102 et
3579 3049 3811 3119 psallam

2208 3141 2321 3206 tibi,
2347 3141 2399 3194 id
2428 3149 2511 3194 est
2532 3140 2666 3194 bene
2696 3137 2855 3210 547
2885 3139 3152 3208 operabor
3186 3139 3252 3192 ad
3292 3139 3558 3194 honorem
3610 3149 3763 3192 tuum
3795 3157 3810 3192 :

2210 3233 2264 3286 in
2300 3242 2610 3301 conspectu,
2660 3231 2712 3286 id
2767 3240 2851 3285 est
2885 3230 2937 3285 in
2987 3231 3426 3287 consideratione
3467 3233 3812 3302 angelorum,

2211 3321 2420 3378 scilicet
2471 3337 2579 3374 non
2645 3319 2712 3374 ad
2772 3320 3068 3374 humanum
3132 3321 3371 3375 favorem
3427 3321 3572 3376 bene
3618 3337 3814 3391 opera-

2213 3411 2330 3475 bor,
2368 3410 2462 3465 sed
2519 3426 2582 3464 ex
2614 3409 2727 3464 sola
2770 3409 3058 3464 dilectione
3091 3411 3212 3476 tui,
3273 3411 3416 3465 sicut
3485 3411 3672 3482 angeli
3745 3426 3812 3464 ex

2212 3503 2326 3557 sola
2363 3501 2654 3556 dilectione
2707 3501 3009 3560 ministeria
3057 3502 3138 3556 eis
3177 3501 3424 3571 iujuncla
3477 3491 3808 3573 operantur.

2213 3596 2308 3650 Vel
2345 3595 2569 3666 psallunt
2611 3595 2704 3648 tibi
2732 3594 2788 3647 in
2825 3606 3100 3664 conspectu
3147 3594 3456 3664 angelorum
3489 3598 3810 3664 ponendus,

2213 3687 2369 3740 idest
2406 3686 2458 3739 in
2507 3685 2694 3740 eadem
2742 3683 2962 3754 speciali
3010 3683 3471 3752 contemplatione
3504 3686 3814 3739 divinitatis

2214 3787 2336 3842 tute,
2369 3777 2421 3830 in
2471 3791 2578 3844 qua
2622 3776 2720 3846 ipsi
2748 3777 2909 3846 positi
2958 3784 3106 3841 sunt,
3162 3775 3373 3829 scilicet
3402 3790 3466 3829 ea
3502 3774 3814 3829 intentione

2211 3869 2431 3940 psallam
2461 3878 2515 3922 ut
2541 3871 2606 3924 ad
2621 3870 2868 3925 eumdem
2891 3878 3240 3939 conspectum
3257 3867 3532 3937 attingere
3563 3883 3809 3930 merear,

2211 3977 2317 4030 quo
2365 3959 2538 4032 angeli
2585 3961 2961 4030 perfruuntur.
3015 3961 3083 4016 Et
3151 3961 3220 4014 ad
3268 3964 3522 4023 templum
3563 3972 3809 4013 sanctum

2211 4067 2358 4107 tuum
2381 4053 2625 4121 veniens,
2656 4055 2707 4109 id
2741 4063 2826 4109 est
2867 4054 3092 4109 veniens
3140 4054 3206 4107 ad
3242 4052 3348 4108 hoc
3379 4053 3518 4107 bene
3549 4054 3811 4112 vivendo,

2190 4141 2268 4197 ‘ut
2297 4159 2508 4220 merear
2527 4133 2645 4200 esSe
2676 4155 2912 4200 sanctum
2952 4145 3197 4215 templum
3231 4156 3378 4198 tuum
3411 4145 3463 4197 in
3489 4160 3604 4220 quo
3648 4145 3811 4214 spiri-

2213 4211 2736 4302 taliter‘inhabitcs,
2781 4238 3014 4292 adorabo
3045 4247 3096 4292 te
3127 4239 3180 4291 in
3225 4237 3318 4291 illo
3363 4211 3596 4308 18mph):
3643 4238 3812 4291 idest

2211 4330 2512 4384 venerabor
2540 4340 2590 4384 te
2643 4329 2878 4400 quodam
2926 4330 3185 4401 singulari
3217 4330 3364 4385 cultu
3392 4331 3684 4400 prmcipum
3714 4346 3812 4382 vc-

2213 4420 2527 4484 nerationis,
2574 4429 2625 4476 te
2655 4421 2822 4474 Deum
2850 4429 2904 4474 et
2938 4421 3246 4486 Dominum,
3283 4430 3337 4474 et
3366 4434 3451 4473 me
3485 4431 3810 4474 creaturam

2212 4519 2266 4563 et
2312 4523 2527 4563 servum
2577 4511 2906 4580 reputando,
2950 4519 3006 4565 et
3050 4519 3296 4564 sanctum
3341 4509 3601 4580 templum
3653 4520 3808 4563 tuum

521 4591 784 4660 quosdam
808 4605 874 4644 ex
903 4590 1144 4661 parvulis
1182 4593 1405 4654 nostris,
1434 4608 1497 4646 ex
1539 4593 1740 4656 idiotis,
1767 4596 1972 4650 scilicet
2005 4596 2103 4651 de-
2140 4571 2186 4630 θ
2211 4599 2350 4652 bona
2379 4599 2486 4652 vita
2547 4615 2664 4654 mea
2724 4615 2810 4654 me
2861 4599 3124 4654 faciendo.
3185 4599 3298 4654 lloc
3343 4610 3524 4654 autem
3567 4601 3808 4655 adorare

517 4679 828 4734 ﬁcientibus
851 4695 879 4734 a
905 4681 1006 4735 ﬁde
1032 4691 1254 4751 propter
1284 4680 1575 4736 blanditias
1631 4683 1712 4737 vel
1751 4694 1969 4756 propter
2004 4686 2100 4740 tri-

518 4770 826 4826 bulationes
870 4773 1223 4840 incorporastt
1275 4772 1390 4826 tibi.
1425 4772 1652 4827 Constat
1701 4779 1845 4829 enim
1881 4776 2102 4846 impios,

520 4867 786 4938 quosdam
828 4878 897 4919 ex
946 4865 1190 4920 ﬁdelibus
1230 4866 1414 4921 idiotis
1459 4867 1838 4937 incorporasse
1875 4870 1999 4925 sibi.
2041 4870 2106 4924 Et

516 4978 647 5020 ecce
668 4962 956 5020 retributio
992 4975 1152 5030 quam
1186 4961 1306 5017 tiliae
1325 4961 1614 5034 Babylonis
1639 4963 1730 5018 ﬁlii
1767 4963 2102 5019 Hierusalem

518 5059 666 5114 beati
722 5055 1054 5120 retribuunt,
1111 5061 1168 5108 ιιι
1216 5054 1300 5109 sic
1343 5056 1596 5125 parvulos
1641 5056 1759 5124 ejus
1809 5071 1903 5126 per
1945 5057 2103 5112 ﬁdem

520 5149 1046 5222 incorporcut,sicut
1073 5148 1186 5218 ipsa
1218 5147 1470 5217 parvulos
1497 5149 1734 5218 ipsorum
1760 5149 2108 5218 incorporare

521 5243 732 5296 nititur.
761 5241 856 5295 Vel
887 5243 1140 5310 parvulos
1158 5241 1280 5294 ﬁlice
1309 5239 1618 5310 Babylonis,
1650 5255 1894 5311 quosque
1919 5241 2112 5310 impios

520 5343 701 5396 vocat,
729 5334 820 5403 qui
849 5334 940 5388 hic
970 5333 1266 5388 secundum
1300 5343 1507 5403 partem
1533 5349 1563 5386 a
1590 5333 1839 5388 ﬁdelibus
1864 5335 2111 5403 incorpo-

521 5435 736 5491 rantur,
780 5426 872 5497 qui
915 5427 1126 5494 parvuli
1176 5427 1452 5488 dicuntur,
1488 5439 1552 5479 co
1595 5416 1738 5494 quiod
1793 5426 1918 5480 licet
1948 5425 2110 5479 nimis

521 5535 757 5590 nequam
806 5519 935 5584 sint,
990 5529 1166 5573 tamen
1222 5533 1372 5573 more
1421 5517 1768 5588 parvulorum
1812 5519 1863 5570 in
1904 5517 2106 5571 malitia

524 5630 622 5669 sua
655 5618 928 5673 crescunt,
970 5610 1110 5664 sicut
1153 5610 1369 5664 assidue
1425 5607 1610 5678 iujusti
1657 5608 1708 5662 in
1766 5607 1969 5661 malitia
2013 5625 2108 5664 sua

525 5709 964 5774 augmentantur.
994 5697 1051 5751 in
1082 5697 1263 5752 futuro
1287 5713 1414 5752 vero
1444 5707 1497 5752 ct
1521 5697 1652 5766 justi
1683 5695 1918 5766 pcrl‘ccte
1944 5697 2109 5752 adulti

525 5805 688 5852 erunt
720 5795 772 5849 in
802 5791 1094 5856 charitate,
1142 5798 1201 5844 ut
1230 5789 1360 5844 nihil
1399 5790 1686 5845 voluntatis
1730 5789 1962 5845 habeant
2007 5790 2108 5846 uisi

2211 4691 2376 4745 Deum
2430 4690 2482 4743 in
2533 4689 2835 4760 lmjusmodi
2889 4691 3109 4760 templa,
3170 4691 3576 4762 prmliguratum
3609 4703 3692 4748 est
3746 4692 3807 4746 in

2193 4765 2323 4851 'lege
2348 4781 2538 4846 veteri,
2563 4782 2614 4835 in
2645 4797 2755 4852 qua
2791 4785 3144 4837 constitutum
3172 4794 3292 4836 erat
3317 4793 3375 4836 ut
3413 4792 3536 4852 post
3561 4783 3813 4837 aediﬁca-

2211 4866 2412 4920 tionem
2457 4865 2641 4934 templi
2672 4882 2829 4922 ncmo
2874 4868 3043 4921 Deum
3100 4869 3380 4932 adorarct,
3413 4868 3516 4920 nisi
3569 4868 3624 4921 in
3664 4876 3812 4921 tem-

2208 4962 2316 5032 plo.
2342 4963 2586 5017 Adorare
2635 4963 2850 5032 quidem
2881 4965 3100 5033 proprie
3135 4963 3367 5020 dicimus
3407 4964 3575 5018 Deum
3605 4965 3812 5034 praeci-

2215 5068 2315 5121 pne
2339 5054 2500 5122 digno
2527 5061 2582 5107 et
2611 5053 2871 5122 singulari
2925 5055 3074 5108 cultu
3117 5055 3296 5110 colere
3329 5071 3344 5107 :
3377 5056 3505 5109 dum
3555 5071 3675 5108 cum
3707 5071 3811 5108 so-

2215 5146 2323 5199 lmn
2349 5145 2516 5198 Deum
2539 5153 2595 5201 et
2635 5144 2924 5200 Dominum
2956 5147 3359 5216 cognoscimus,
3406 5155 3461 5200 et
3491 5163 3591 5201 nos
3617 5161 3814 5201 servos

2215 5238 2331 5304 ejus
2369 5247 2422 5292 et
2445 5245 2752 5292 creaturam
2783 5252 2904 5293 esse
2930 5247 3268 5306 reputamus.
3323 5237 3476 5293 Unde
3505 5239 3558 5291 in
3590 5243 3815 5306 Apoca-

2215 5329 2349 5400 lypsi
2375 5327 2570 5399 legitur
2602 5330 2824 5400 angelus
2858 5329 2927 5382 ab
2947 5329 3264 5385 adoratione
3310 5330 3390 5383 sui
3419 5328 3684 5383 Joamicm
3725 5330 3816 5381 sic

2216 5421 2578 5491 prohibuisse.
2619 5440 2637 5473 ι
2659 5423 2806 5492 ,νιιιθ
2831 5437 2898 5476 ne
2931 5420 3146 5475 feceris.
3169 5421 3481 5477 Conservns
3512 5431 3635 5474 tuus
3673 5436 3814 5472 sunt

2213 5522 2269 5569 et
2298 5516 2526 5568 fratrum
2576 5523 2810 5568 tuorum.
2840 5514 3008 5568 Deum
3039 5513 3202 5567 adora
3263 5515 3448 5583 (Apoc.
3503 5530 3617 5579 ιιι,
3649 5511 3768 5578 ιο).
3791 5531 3810 5562 ι

2214 5604 2483 5670 Adorabo,
2524 5605 2782 5675 inquam,
2847 5614 2894 5658 et
2932 5603 3220 5672 conﬁtebor
3261 5601 3460 5658 nomini
3505 5615 3591 5658 tuo
3640 5618 3816 5668 super

2214 5695 2576 5749 misericordia
2603 5704 2692 5748 tua
2716 5705 2761 5749 ct
2799 5696 3010 5748 veritate
3033 5704 3148 5760 tua,
3185 5694 3236 5748 id
3270 5703 3356 5747 est
3385 5693 3617 5747 laudabo
3646 5699 3704 5744 te
3737 5705 3814 5744 cx

2216 5789 2647 5846 consideratione
2689 5789 2920 5845 nominis
2973 5788 3047 5844 tui
3092 5805 3106 5844 :
3159 5789 3302 5859 quod
3337 5797 3422 5843 est
3471 5784 3738 5842 Dominus
3795 5803 3816 5845 ι
