  <div class='ocr_page' id='page_1' title='image "/cluster/home/n/w/nwhite01/storage/ocr_20150623/152/hvd.32044015473804/686.png"; bbox 0 0 3978 6328; ppageno 0'>
   <div class='ocr_carea' id='block_1_1' title="bbox 225 331 317 386">
    <p class='ocr_par' dir='ltr' id='par_1_1' title="bbox 225 331 317 386">
     <span class='ocr_line' id='line_1_1' title="bbox 225 331 317 386; baseline 0.022 -3"><span class='ocrx_word' id='word_1_1' title='bbox 225 331 317 386; x_wconf 67' lang='lat'><strong>361</strong></span> 
     </span>
    </p>
   </div>
   <div class='ocr_carea' id='block_1_2' title="bbox 1055 333 2548 393">
    <p class='ocr_par' dir='ltr' id='par_1_2' title="bbox 1055 333 2548 393">
     <span class='ocr_line' id='line_1_2' title="bbox 1055 333 2548 393; baseline 0 -3"><span class='ocrx_word' id='word_1_2' title='bbox 1055 333 1414 391; x_wconf 71' lang='lat' dir='ltr'><strong>EXPOSITIO</strong></span> <span class='ocrx_word' id='word_1_3' title='bbox 1457 334 1520 390; x_wconf 80' lang='grc' dir='ltr'><strong>ΙΝ</strong></span> <span class='ocrx_word' id='word_1_4' title='bbox 1548 333 1882 391; x_wconf 75' lang='lat' dir='ltr'><strong>PSALMOS.</strong></span> <span class='ocrx_word' id='word_1_5' title='bbox 1942 367 1980 376; x_wconf 81' lang='lat'><strong>-</strong></span> <span class='ocrx_word' id='word_1_6' title='bbox 2005 335 2200 392; x_wconf 78' lang='lat' dir='ltr'><strong>PSAL.</strong></span> <span class='ocrx_word' id='word_1_7' title='bbox 2243 335 2548 393; x_wconf 73' lang='lat' dir='ltr'><strong>CXXXVIII</strong></span> 
     </span>
    </p>
   </div>
   <div class='ocr_carea' id='block_1_3' title="bbox 3321 341 3474 400">
    <p class='ocr_par' dir='ltr' id='par_1_3' title="bbox 3321 341 3474 400">
     <span class='ocr_line' id='line_1_3' title="bbox 3321 341 3474 400; baseline -0.033 0"><span class='ocrx_word' id='word_1_8' title='bbox 3321 341 3474 400; x_wconf 58' lang='lat'><strong>“62&#39;:</strong></span> 
     </span>
    </p>
   </div>
   <div class='ocr_carea' id='block_1_4' title="bbox 191 424 3453 522">
    <p class='ocr_par' dir='ltr' id='par_1_4' title="bbox 191 424 3453 522">
     <span class='ocr_line' id='line_1_4' title="bbox 191 424 3453 522; baseline 0.005 -27"><span class='ocrx_word' id='word_1_9' title='bbox 191 442 252 495; x_wconf 76' lang='lat' dir='ltr'><strong>Et</strong></span> <span class='ocrx_word' id='word_1_10' title='bbox 292 442 410 495; x_wconf 73' lang='lat' dir='ltr'><strong>lucc</strong></span> <span class='ocrx_word' id='word_1_11' title='bbox 461 440 731 498; x_wconf 90' lang='lat' dir='ltr'><strong>confessio</strong></span> <span class='ocrx_word' id='word_1_12' title='bbox 765 443 1042 514; x_wconf 81' lang='lat' dir='ltr'><strong>continget</strong></span> <span class='ocrx_word' id='word_1_13' title='bbox 1088 445 1153 500; x_wconf 91' lang='lat' dir='ltr'><strong>de</strong></span> <span class='ocrx_word' id='word_1_14' title='bbox 1177 445 1535 500; x_wconf 79' lang='lat' dir='ltr'><strong>misericordia</strong></span> <span class='ocrx_word' id='word_1_15' title='bbox 1581 456 1671 501; x_wconf 88' lang='lat' dir='ltr'><strong>tua</strong></span> <span class='ocrx_word' id='word_1_16' title='bbox 1722 457 1770 502; x_wconf 89' lang='lat' dir='ltr'><strong>et</strong></span> <span class='ocrx_word' id='word_1_17' title='bbox 1801 451 1845 509; x_wconf 86' lang='grc' dir='ltr'><strong>Α</strong></span> <span class='ocrx_word' id='word_1_18' title='bbox 1873 449 1992 504; x_wconf 92' lang='lat' dir='ltr'><strong>bus.</strong></span> <span class='ocrx_word' id='word_1_19' title='bbox 2071 449 2438 518; x_wconf 74' lang='lat' dir='ltr'><strong>Conﬁtcantur</strong></span> <span class='ocrx_word' id='word_1_20' title='bbox 2489 449 2654 504; x_wconf 88' lang='lat' dir='ltr'><strong>etiam</strong></span> <span class='ocrx_word' id='word_1_21' title='bbox 2711 424 3015 507; x_wconf 23' lang='lat' dir='ltr'><strong>et&#39;cantent</strong></span> <span class='ocrx_word' id='word_1_22' title='bbox 3065 469 3130 510; x_wconf 91' lang='lat' dir='ltr'><strong>eo</strong></span> <span class='ocrx_word' id='word_1_23' title='bbox 3183 457 3453 522; x_wconf 85' lang='lat' dir='ltr'><strong>contuitu,</strong></span> 
     </span>
    </p>
   </div>
   <div class='ocr_carea' id='block_1_5' title="bbox 188 533 1773 608">
    <p class='ocr_par' dir='ltr' id='par_1_5' title="bbox 188 533 1773 608">
     <span class='ocr_line' id='line_1_5' title="bbox 188 533 1773 608; baseline 0.005 -22"><span class='ocrx_word' id='word_1_24' title='bbox 188 533 409 586; x_wconf 75' lang='lat' dir='ltr'><strong>reritote</strong></span> <span class='ocrx_word' id='word_1_25' title='bbox 438 543 551 599; x_wconf 84' lang='lat' dir='ltr'><strong>tua,</strong></span> <span class='ocrx_word' id='word_1_26' title='bbox 599 533 810 589; x_wconf 91' lang='lat' dir='ltr'><strong>scilicet</strong></span> <span class='ocrx_word' id='word_1_27' title='bbox 846 535 1144 590; x_wconf 90' lang='lat' dir='ltr'><strong>conﬁtebor</strong></span> <span class='ocrx_word' id='word_1_28' title='bbox 1187 537 1281 591; x_wconf 86' lang='lat' dir='ltr'><strong>tibi</strong></span> <span class='ocrx_word' id='word_1_29' title='bbox 1319 548 1541 608; x_wconf 76' lang='lat' dir='ltr'><strong>propter</strong></span> <span class='ocrx_word' id='word_1_30' title='bbox 1565 539 1773 594; x_wconf 90' lang='lat' dir='ltr'><strong>miscri-</strong></span> 
     </span>
    </p>
   </div>
   <div class='ocr_carea' id='block_1_6' title="bbox 189 625 1774 697">
    <p class='ocr_par' dir='ltr' id='par_1_6' title="bbox 189 625 1774 697">
     <span class='ocr_line' id='line_1_6' title="bbox 189 625 1774 697; baseline 0.005 -18"><span class='ocrx_word' id='word_1_31' title='bbox 189 625 433 680; x_wconf 86' lang='lat' dir='ltr'><strong>cordiam</strong></span> <span class='ocrx_word' id='word_1_32' title='bbox 461 635 608 680; x_wconf 89' lang='lat' dir='ltr'><strong>tuam</strong></span> <span class='ocrx_word' id='word_1_33' title='bbox 638 637 692 680; x_wconf 92' lang='lat' dir='ltr'><strong>et</strong></span> <span class='ocrx_word' id='word_1_34' title='bbox 717 627 999 682; x_wconf 79' lang='lat' dir='ltr'><strong>veritatem</strong></span> <span class='ocrx_word' id='word_1_35' title='bbox 1053 630 1432 697; x_wconf 84' lang='lat' dir='ltr'><strong>promissionis</strong></span> <span class='ocrx_word' id='word_1_36' title='bbox 1483 641 1586 686; x_wconf 77' lang='lat' dir='ltr'><strong>tua:</strong></span> <span class='ocrx_word' id='word_1_37' title='bbox 1626 647 1774 686; x_wconf 89' lang='lat' dir='ltr'><strong>com-</strong></span> 
     </span>
    </p>
   </div>
   <div class='ocr_carea' id='block_1_7' title="bbox 189 717 1775 792">
    <p class='ocr_par' dir='ltr' id='par_1_7' title="bbox 189 717 1775 792">
     <span class='ocr_line' id='line_1_7' title="bbox 189 717 1775 792; baseline 0.006 -23"><span class='ocrx_word' id='word_1_38' title='bbox 189 718 410 786; x_wconf 81' lang='lat' dir='ltr'><strong>pletam,</strong></span> <span class='ocrx_word' id='word_1_39' title='bbox 441 717 492 770; x_wconf 95' lang='lat' dir='ltr'><strong>id</strong></span> <span class='ocrx_word' id='word_1_40' title='bbox 517 725 683 772; x_wconf 88' lang='lat' dir='ltr'><strong>estea</strong></span> <span class='ocrx_word' id='word_1_41' title='bbox 709 718 994 773; x_wconf 89' lang='lat' dir='ltr'><strong>occasione</strong></span> <span class='ocrx_word' id='word_1_42' title='bbox 1027 721 1119 775; x_wconf 91' lang='lat' dir='ltr'><strong>tibi</strong></span> <span class='ocrx_word' id='word_1_43' title='bbox 1167 721 1468 788; x_wconf 75' lang='lat' dir='ltr'><strong>conﬁtebor,</strong></span> <span class='ocrx_word' id='word_1_44' title='bbox 1519 722 1644 792; x_wconf 85' lang='lat' dir='ltr'><strong>quia</strong></span> <span class='ocrx_word' id='word_1_45' title='bbox 1675 738 1775 778; x_wconf 89' lang='lat' dir='ltr'><strong>nos</strong></span> 
     </span>
    </p>
   </div>
   <div class='ocr_carea' id='block_1_8' title="bbox 189 808 1770 884">
    <p class='ocr_par' dir='ltr' id='par_1_8' title="bbox 189 808 1770 884">
     <span class='ocr_line' id='line_1_8' title="bbox 189 808 1770 884; baseline 0.004 -22"><span class='ocrx_word' id='word_1_46' title='bbox 189 808 414 862; x_wconf 79' lang='lat' dir='ltr'><strong>salvasti</strong></span> <span class='ocrx_word' id='word_1_47' title='bbox 480 823 577 876; x_wconf 88' lang='lat' dir='ltr'><strong>pcr</strong></span> <span class='ocrx_word' id='word_1_48' title='bbox 640 809 1069 865; x_wconf 86' lang='lat' dir='ltr'><strong>misericordiam</strong></span> <span class='ocrx_word' id='word_1_49' title='bbox 1119 822 1175 866; x_wconf 90' lang='lat' dir='ltr'><strong>et</strong></span> <span class='ocrx_word' id='word_1_50' title='bbox 1229 823 1287 866; x_wconf 89' lang='lat' dir='ltr'><strong>ut</strong></span> <span class='ocrx_word' id='word_1_51' title='bbox 1348 815 1770 884; x_wconf 88' lang='lat' dir='ltr'><strong>promissionem</strong></span> 
     </span>
    </p>
   </div>
   <div class='ocr_carea' id='block_1_9' title="bbox 195 890 1777 978">
    <p class='ocr_par' dir='ltr' id='par_1_9' title="bbox 195 890 1777 978">
     <span class='ocr_line' id='line_1_9' title="bbox 195 890 1777 978; baseline 0.004 -24"><span class='ocrx_word' id='word_1_52' title='bbox 195 909 341 955; x_wconf 89' lang='lat' dir='ltr'><strong>tuam</strong></span> <span class='ocrx_word' id='word_1_53' title='bbox 374 903 684 958; x_wconf 85' lang='lat' dir='ltr'><strong>veriﬁeares</strong></span> <span class='ocrx_word' id='word_1_54' title='bbox 714 919 729 956; x_wconf 90' lang='lat'><strong>:</strong></span> <span class='ocrx_word' id='word_1_55' title='bbox 758 890 1086 972; x_wconf 82' lang='lat' dir='ltr'><strong>promiseras</strong></span> <span class='ocrx_word' id='word_1_56' title='bbox 1116 905 1259 960; x_wconf 87' lang='lat' dir='ltr'><strong>enim</strong></span> <span class='ocrx_word' id='word_1_57' title='bbox 1284 914 1336 962; x_wconf 91' lang='lat' dir='ltr'><strong>te</strong></span> <span class='ocrx_word' id='word_1_58' title='bbox 1379 921 1548 978; x_wconf 84' lang='lat' dir='ltr'><strong>genus</strong></span> <span class='ocrx_word' id='word_1_59' title='bbox 1583 907 1777 961; x_wconf 90' lang='lat' dir='ltr'><strong>huma-</strong></span> 
     </span>
    </p>
   </div>
   <div class='ocr_carea' id='block_1_10' title="bbox 191 995 1779 1070">
    <p class='ocr_par' dir='ltr' id='par_1_10' title="bbox 191 995 1779 1070">
     <span class='ocr_line' id='line_1_10' title="bbox 191 995 1779 1070; baseline 0.004 -23"><span class='ocrx_word' id='word_1_60' title='bbox 191 1010 323 1048; x_wconf 90' lang='lat' dir='ltr'><strong>num</strong></span> <span class='ocrx_word' id='word_1_61' title='bbox 357 995 718 1050; x_wconf 89' lang='lat' dir='ltr'><strong>salvatorom.</strong></span> <span class='ocrx_word' id='word_1_62' title='bbox 751 996 815 1051; x_wconf 86' lang='lat' dir='ltr'><strong>Et</strong></span> <span class='ocrx_word' id='word_1_63' title='bbox 859 997 980 1052; x_wconf 87' lang='lat' dir='ltr'><strong>ideo</strong></span> <span class='ocrx_word' id='word_1_64' title='bbox 1007 1012 1224 1068; x_wconf 89' lang='lat' dir='ltr'><strong>quoque</strong></span> <span class='ocrx_word' id='word_1_65' title='bbox 1267 999 1590 1068; x_wconf 91' lang='lat' dir='ltr'><strong>conﬁtebor,</strong></span> <span class='ocrx_word' id='word_1_66' title='bbox 1647 1016 1779 1070; x_wconf 62' lang='lat' dir='ltr'><strong>quo-</strong></span> 
     </span>
    </p>
   </div>
   <div class='ocr_carea' id='block_1_11' title="bbox 190 1088 1780 1162">
    <p class='ocr_par' dir='ltr' id='par_1_11' title="bbox 190 1088 1780 1162">
     <span class='ocr_line' id='line_1_11' title="bbox 190 1088 1780 1162; baseline 0.003 -22"><span class='ocrx_word' id='word_1_67' title='bbox 190 1089 338 1140; x_wconf 87' lang='lat' dir='ltr'><strong>nium</strong></span> <span class='ocrx_word' id='word_1_68' title='bbox 370 1088 720 1157; x_wconf 83' lang='lat' dir='ltr'><strong>magni/icasti</strong></span> <span class='ocrx_word' id='word_1_69' title='bbox 762 1104 947 1142; x_wconf 83' lang='lat' dir='ltr'><strong>nomen</strong></span> <span class='ocrx_word' id='word_1_70' title='bbox 978 1099 1218 1143; x_wconf 81' lang='lat' dir='ltr'><strong>sanctum</strong></span> <span class='ocrx_word' id='word_1_71' title='bbox 1261 1101 1408 1145; x_wconf 89' lang='lat' dir='ltr'><strong>tuum</strong></span> <span class='ocrx_word' id='word_1_72' title='bbox 1435 1107 1591 1162; x_wconf 81' lang='lat' dir='ltr'><strong>super</strong></span> <span class='ocrx_word' id='word_1_73' title='bbox 1629 1107 1780 1145; x_wconf 86' lang='lat' dir='ltr'><strong>omne</strong></span> 
     </span>
    </p>
   </div>
   <div class='ocr_carea' id='block_1_12' title="bbox 189 1179 1779 1249">
    <p class='ocr_par' dir='ltr' id='par_1_12' title="bbox 189 1179 1779 1249">
     <span class='ocr_line' id='line_1_12' title="bbox 189 1179 1779 1249; baseline 0.001 -16"><span class='ocrx_word' id='word_1_74' title='bbox 189 1195 414 1244; x_wconf 88' lang='lat' dir='ltr'><strong>nomen,</strong></span> <span class='ocrx_word' id='word_1_75' title='bbox 446 1180 497 1234; x_wconf 92' lang='lat' dir='ltr'><strong>id</strong></span> <span class='ocrx_word' id='word_1_76' title='bbox 528 1188 612 1234; x_wconf 88' lang='lat' dir='ltr'><strong>est</strong></span> <span class='ocrx_word' id='word_1_77' title='bbox 657 1180 940 1236; x_wconf 85' lang='lat' dir='ltr'><strong>ostendisti</strong></span> <span class='ocrx_word' id='word_1_78' title='bbox 991 1179 1108 1249; x_wconf 87' lang='lat' dir='ltr'><strong>ipsa</strong></span> <span class='ocrx_word' id='word_1_79' title='bbox 1139 1181 1218 1234; x_wconf 89' lang='lat' dir='ltr'><strong>rei</strong></span> <span class='ocrx_word' id='word_1_80' title='bbox 1277 1181 1557 1237; x_wconf 82' lang='lat' dir='ltr'><strong>evidentia</strong></span> <span class='ocrx_word' id='word_1_81' title='bbox 1591 1198 1779 1236; x_wconf 82' lang='lat' dir='ltr'><strong>nomen</strong></span> 
     </span>
    </p>
   </div>
   <div class='ocr_carea' id='block_1_13' title="bbox 187 1275 1780 1345">
    <p class='ocr_par' dir='ltr' id='par_1_13' title="bbox 187 1275 1780 1345">
     <span class='ocr_line' id='line_1_13' title="bbox 187 1275 1780 1345; baseline 0.004 -21"><span class='ocrx_word' id='word_1_82' title='bbox 187 1283 435 1326; x_wconf 73' lang='lat' dir='ltr'><strong>sanctum</strong></span> <span class='ocrx_word' id='word_1_83' title='bbox 464 1282 630 1336; x_wconf 83' lang='lat' dir='ltr'><strong>tuum,</strong></span> <span class='ocrx_word' id='word_1_84' title='bbox 665 1275 808 1343; x_wconf 90' lang='lat' dir='ltr'><strong>quod</strong></span> <span class='ocrx_word' id='word_1_85' title='bbox 855 1275 1107 1330; x_wconf 90' lang='lat' dir='ltr'><strong>cstDeus</strong></span> <span class='ocrx_word' id='word_1_86' title='bbox 1153 1283 1209 1328; x_wconf 90' lang='lat' dir='ltr'><strong>et</strong></span> <span class='ocrx_word' id='word_1_87' title='bbox 1257 1275 1544 1341; x_wconf 86' lang='lat' dir='ltr'><strong>Dominus,</strong></span> <span class='ocrx_word' id='word_1_88' title='bbox 1605 1275 1780 1345; x_wconf 90' lang='lat' dir='ltr'><strong>majus</strong></span> 
     </span>
    </p>
   </div>
   <div class='ocr_carea' id='block_1_14' title="bbox 189 1364 1775 1438">
    <p class='ocr_par' dir='ltr' id='par_1_14' title="bbox 189 1364 1775 1438">
     <span class='ocr_line' id='line_1_14' title="bbox 189 1364 1775 1438; baseline 0.004 -22"><span class='ocrx_word' id='word_1_89' title='bbox 189 1379 315 1416; x_wconf 82' lang='lat' dir='ltr'><strong>esse</strong></span> <span class='ocrx_word' id='word_1_90' title='bbox 360 1373 416 1418; x_wconf 86' lang='lat' dir='ltr'><strong>et</strong></span> <span class='ocrx_word' id='word_1_91' title='bbox 449 1364 736 1433; x_wconf 80' lang='lat' dir='ltr'><strong>gloriosius</strong></span> <span class='ocrx_word' id='word_1_92' title='bbox 756 1368 901 1421; x_wconf 90' lang='lat' dir='ltr'><strong>omni</strong></span> <span class='ocrx_word' id='word_1_93' title='bbox 945 1367 1184 1423; x_wconf 87' lang='lat' dir='ltr'><strong>nomine.</strong></span> <span class='ocrx_word' id='word_1_94' title='bbox 1221 1367 1374 1423; x_wconf 88' lang='lat' dir='ltr'><strong>Unde</strong></span> <span class='ocrx_word' id='word_1_95' title='bbox 1424 1367 1717 1438; x_wconf 80' lang='lat' dir='ltr'><strong>Apostolus</strong></span> <span class='ocrx_word' id='word_1_96' title='bbox 1761 1385 1775 1422; x_wconf 87' lang='lat'><strong>:</strong></span> 
     </span>
    </p>
   </div>
   <div class='ocr_carea' id='block_1_15' title="bbox 197 1455 1780 1529">
    <p class='ocr_par' dir='ltr' id='par_1_15' title="bbox 197 1455 1780 1529">
     <span class='ocr_line' id='line_1_15' title="bbox 197 1455 1780 1529; baseline 0.002 -18"><span class='ocrx_word' id='word_1_97' title='bbox 197 1478 215 1510; x_wconf 74' lang='grc' dir='ltr'><strong>ι</strong></span> <span class='ocrx_word' id='word_1_98' title='bbox 241 1457 308 1511; x_wconf 86' lang='grc' dir='ltr'>Ει</span> <span class='ocrx_word' id='word_1_99' title='bbox 357 1455 506 1509; x_wconf 84' lang='lat' dir='ltr'><strong>dedit</strong></span> <span class='ocrx_word' id='word_1_100' title='bbox 536 1455 612 1510; x_wconf 87' lang='lat' dir='ltr'><strong>illi</strong></span> <span class='ocrx_word' id='word_1_101' title='bbox 656 1473 849 1512; x_wconf 88' lang='lat' dir='ltr'><strong>nomen</strong></span> <span class='ocrx_word' id='word_1_102' title='bbox 882 1459 1024 1527; x_wconf 90' lang='lat' dir='ltr'><strong>quod</strong></span> <span class='ocrx_word' id='word_1_103' title='bbox 1072 1469 1156 1514; x_wconf 89' lang='lat' dir='ltr'><strong>est</strong></span> <span class='ocrx_word' id='word_1_104' title='bbox 1185 1475 1340 1529; x_wconf 87' lang='lat' dir='ltr'><strong>super</strong></span> <span class='ocrx_word' id='word_1_105' title='bbox 1367 1475 1528 1514; x_wconf 90' lang='lat' dir='ltr'><strong>omne</strong></span> <span class='ocrx_word' id='word_1_106' title='bbox 1581 1475 1780 1514; x_wconf 87' lang='lat' dir='ltr'><strong>nomen</strong></span> 
     </span>
    </p>
   </div>
   <div class='ocr_carea' id='block_1_16' title="bbox 188 1546 1778 1623">
    <p class='ocr_par' dir='ltr' id='par_1_16' title="bbox 188 1546 1778 1623">
     <span class='ocr_line' id='line_1_16' title="bbox 188 1546 1778 1623; baseline 0.003 -24"><span class='ocrx_word' id='word_1_107' title='bbox 188 1547 365 1618; x_wconf 84' lang='lat' dir='ltr'><strong>(Phil.</strong></span> <span class='ocrx_word' id='word_1_108' title='bbox 411 1563 471 1609; x_wconf 86' lang='lat' dir='ltr'><strong>ll,</strong></span> <span class='ocrx_word' id='word_1_109' title='bbox 501 1547 575 1618; x_wconf 84' lang='lat'><strong>9).</strong></span> <span class='ocrx_word' id='word_1_110' title='bbox 611 1566 630 1599; x_wconf 72' lang='grc' dir='ltr'><strong>ι</strong></span> <span class='ocrx_word' id='word_1_111' title='bbox 683 1546 942 1614; x_wconf 81' lang='lat' dir='ltr'><strong>Quamvis</strong></span> <span class='ocrx_word' id='word_1_112' title='bbox 981 1553 1126 1604; x_wconf 87' lang='lat' dir='ltr'><strong>enim</strong></span> <span class='ocrx_word' id='word_1_113' title='bbox 1163 1551 1381 1606; x_wconf 86' lang='lat' dir='ltr'><strong>nomina</strong></span> <span class='ocrx_word' id='word_1_114' title='bbox 1426 1551 1543 1606; x_wconf 66' lang='lat' dir='ltr'><strong>haec</strong></span> <span class='ocrx_word' id='word_1_115' title='bbox 1579 1550 1778 1623; x_wconf 82' lang='lat' dir='ltr'><strong>angeli,</strong></span> 
     </span>
    </p>
   </div>
   <div class='ocr_carea' id='block_1_17' title="bbox 188 1636 1780 1712">
    <p class='ocr_par' dir='ltr' id='par_1_17' title="bbox 188 1636 1780 1712">
     <span class='ocr_line' id='line_1_17' title="bbox 188 1636 1780 1712; baseline 0.002 -20"><span class='ocrx_word' id='word_1_116' title='bbox 188 1636 530 1705; x_wconf 83' lang='lat' dir='ltr'><strong>archangeli,</strong></span> <span class='ocrx_word' id='word_1_117' title='bbox 557 1637 784 1691; x_wconf 78' lang='lat' dir='ltr'><strong>virtutes</strong></span> <span class='ocrx_word' id='word_1_118' title='bbox 804 1678 818 1704; x_wconf 89' lang='lat'><strong>,</strong></span> <span class='ocrx_word' id='word_1_119' title='bbox 847 1647 902 1693; x_wconf 92' lang='lat' dir='ltr'><strong>et</strong></span> <span class='ocrx_word' id='word_1_120' title='bbox 922 1649 1120 1694; x_wconf 65' lang='lat' dir='ltr'><strong>caetera</strong></span> <span class='ocrx_word' id='word_1_121' title='bbox 1184 1640 1493 1711; x_wconf 90' lang='lat' dir='ltr'><strong>hojosmodi</strong></span> <span class='ocrx_word' id='word_1_122' title='bbox 1545 1641 1780 1712; x_wconf 82' lang='lat' dir='ltr'><strong>gloriosa</strong></span> 
     </span>
    </p>
   </div>
   <div class='ocr_carea' id='block_1_18' title="bbox 187 1727 1777 1800">
    <p class='ocr_par' dir='ltr' id='par_1_18' title="bbox 187 1727 1777 1800">
     <span class='ocr_line' id='line_1_18' title="bbox 187 1727 1777 1800; baseline 0.003 -18"><span class='ocrx_word' id='word_1_123' title='bbox 187 1729 301 1783; x_wconf 89' lang='lat' dir='ltr'><strong>sint</strong></span> <span class='ocrx_word' id='word_1_124' title='bbox 321 1737 376 1782; x_wconf 87' lang='lat' dir='ltr'><strong>et</strong></span> <span class='ocrx_word' id='word_1_125' title='bbox 411 1745 602 1800; x_wconf 82' lang='lat' dir='ltr'><strong>magna</strong></span> <span class='ocrx_word' id='word_1_126' title='bbox 625 1727 931 1799; x_wconf 80' lang='lat' dir='ltr'><strong>designent,</strong></span> <span class='ocrx_word' id='word_1_127' title='bbox 960 1747 1158 1786; x_wconf 89' lang='lat' dir='ltr'><strong>nomen</strong></span> <span class='ocrx_word' id='word_1_128' title='bbox 1187 1742 1368 1787; x_wconf 87' lang='lat' dir='ltr'><strong>tamen</strong></span> <span class='ocrx_word' id='word_1_129' title='bbox 1387 1734 1599 1788; x_wconf 89' lang='lat' dir='ltr'><strong>Domini</strong></span> <span class='ocrx_word' id='word_1_130' title='bbox 1624 1733 1777 1800; x_wconf 82' lang='lat' dir='ltr'><strong>Jesu,</strong></span> 
     </span>
    </p>
   </div>
   <div class='ocr_carea' id='block_1_19' title="bbox 1876 538 3452 616">
    <p class='ocr_par' dir='ltr' id='par_1_19' title="bbox 1876 538 3452 616">
     <span class='ocr_line' id='line_1_19' title="bbox 1876 538 3452 616; baseline 0.006 -24"><span class='ocrx_word' id='word_1_131' title='bbox 1876 539 2127 610; x_wconf 87' lang='lat' dir='ltr'><strong>quoniam</strong></span> <span class='ocrx_word' id='word_1_132' title='bbox 2167 538 2424 593; x_wconf 84' lang='lat' dir='ltr'><strong>Dominus</strong></span> <span class='ocrx_word' id='word_1_133' title='bbox 2453 549 2526 594; x_wconf 80' lang='lat' dir='ltr'><strong>est</strong></span> <span class='ocrx_word' id='word_1_134' title='bbox 2552 538 2807 605; x_wconf 73' lang='lat' dir='ltr'><strong>excelsus,</strong></span> <span class='ocrx_word' id='word_1_135' title='bbox 2859 542 2910 595; x_wconf 94' lang='lat' dir='ltr'><strong>id</strong></span> <span class='ocrx_word' id='word_1_136' title='bbox 2959 553 3042 598; x_wconf 90' lang='lat' dir='ltr'><strong>est</strong></span> <span class='ocrx_word' id='word_1_137' title='bbox 3089 545 3452 616; x_wconf 83' lang='lat' dir='ltr'><strong>onmipotcns,</strong></span> 
     </span>
    </p>
   </div>
   <div class='ocr_carea' id='block_1_20' title="bbox 1880 629 3456 706">
    <p class='ocr_par' dir='ltr' id='par_1_20' title="bbox 1880 629 3456 706">
     <span class='ocr_line' id='line_1_20' title="bbox 1880 629 3456 706; baseline 0.004 -21"><span class='ocrx_word' id='word_1_138' title='bbox 1880 631 2106 700; x_wconf 88' lang='lat' dir='ltr'><strong>ideoque</strong></span> <span class='ocrx_word' id='word_1_139' title='bbox 2130 629 2229 700; x_wconf 92' lang='lat' dir='ltr'><strong>ipsi</strong></span> <span class='ocrx_word' id='word_1_140' title='bbox 2251 629 2613 685; x_wconf 84' lang='lat' dir='ltr'><strong>conﬁtcndtnn</strong></span> <span class='ocrx_word' id='word_1_141' title='bbox 2639 641 2742 684; x_wconf 88' lang='lat' dir='ltr'><strong>est.</strong></span> <span class='ocrx_word' id='word_1_142' title='bbox 2797 630 2864 684; x_wconf 89' lang='lat' dir='ltr'><strong>Et</strong></span> <span class='ocrx_word' id='word_1_143' title='bbox 2891 633 3016 702; x_wconf 83' lang='lat' dir='ltr'><strong>quia</strong></span> <span class='ocrx_word' id='word_1_144' title='bbox 3045 635 3262 690; x_wconf 85' lang='lat' dir='ltr'><strong>humilia</strong></span> <span class='ocrx_word' id='word_1_145' title='bbox 3296 637 3456 706; x_wconf 74' lang='lat' dir='ltr'><strong>respi—</strong></span> 
     </span>
    </p>
   </div>
   <div class='ocr_carea' id='block_1_21' title="bbox 1881 723 3470 796">
    <p class='ocr_par' dir='ltr' id='par_1_21' title="bbox 1881 723 3470 796">
     <span class='ocr_line' id='line_1_21' title="bbox 1881 723 3470 796; baseline 0.001 -18"><span class='ocrx_word' id='word_1_146' title='bbox 1881 724 1948 778; x_wconf 86' lang='lat' dir='ltr'><strong>cit</strong></span> <span class='ocrx_word' id='word_1_147' title='bbox 1979 732 2228 796; x_wconf 83' lang='lat' dir='ltr'><strong>respectu</strong></span> <span class='ocrx_word' id='word_1_148' title='bbox 2261 723 2650 779; x_wconf 70' lang='lat' dir='ltr'><strong>misericordia:</strong></span> <span class='ocrx_word' id='word_1_149' title='bbox 2677 739 2808 789; x_wconf 72' lang='lat' dir='ltr'><strong>sum,</strong></span> <span class='ocrx_word' id='word_1_150' title='bbox 2849 723 2902 778; x_wconf 90' lang='lat' dir='ltr'><strong>id</strong></span> <span class='ocrx_word' id='word_1_151' title='bbox 2937 735 3020 780; x_wconf 89' lang='lat' dir='ltr'><strong>est</strong></span> <span class='ocrx_word' id='word_1_152' title='bbox 3049 729 3339 783; x_wconf 88' lang='lat' dir='ltr'><strong>miseretur</strong></span> <span class='ocrx_word' id='word_1_153' title='bbox 3368 729 3470 784; x_wconf 47' lang='lat' dir='ltr'><strong>hic:</strong></span> 
     </span>
    </p>
   </div>
   <div class='ocr_carea' id='block_1_22' title="bbox 1882 813 3484 882">
    <p class='ocr_par' dir='ltr' id='par_1_22' title="bbox 1882 813 3484 882">
     <span class='ocr_line' id='line_1_22' title="bbox 1882 813 3484 882; baseline 0.002 -10"><span class='ocrx_word' id='word_1_154' title='bbox 1882 818 2119 872; x_wconf 85' lang='lat' dir='ltr'><strong>Omnium</strong></span> <span class='ocrx_word' id='word_1_155' title='bbox 2142 817 2423 872; x_wconf 90' lang='lat' dir='ltr'><strong>humilium</strong></span> <span class='ocrx_word' id='word_1_156' title='bbox 2448 817 2550 871; x_wconf 82' lang='lat' dir='ltr'><strong>Sibi</strong></span> <span class='ocrx_word' id='word_1_157' title='bbox 2577 817 2975 882; x_wconf 87' lang='lat' dir='ltr'><strong>conﬁtentium,</strong></span> <span class='ocrx_word' id='word_1_158' title='bbox 3003 830 3049 873; x_wconf 85' lang='lat' dir='ltr'><strong>et</strong></span> <span class='ocrx_word' id='word_1_159' title='bbox 3073 835 3190 874; x_wconf 90' lang='lat' dir='ltr'><strong>cum</strong></span> <span class='ocrx_word' id='word_1_160' title='bbox 3236 813 3484 876; x_wconf 56' lang='lat' dir='ltr'><strong>humilia?</strong></span> 
     </span>
    </p>
   </div>
   <div class='ocr_carea' id='block_1_23' title="bbox 1884 909 3462 982">
    <p class='ocr_par' dir='ltr' id='par_1_23' title="bbox 1884 909 3462 982">
     <span class='ocr_line' id='line_1_23' title="bbox 1884 909 3462 982; baseline 0.002 -18"><span class='ocrx_word' id='word_1_161' title='bbox 1884 909 2162 980; x_wconf 87' lang='lat' dir='ltr'><strong>respiciat,</strong></span> <span class='ocrx_word' id='word_1_162' title='bbox 2195 909 2304 964; x_wconf 88' lang='lat' dir='ltr'><strong>alta</strong></span> <span class='ocrx_word' id='word_1_163' title='bbox 2327 909 2511 974; x_wconf 90' lang='lat' dir='ltr'><strong>etiam,</strong></span> <span class='ocrx_word' id='word_1_164' title='bbox 2546 910 2595 965; x_wconf 93' lang='lat' dir='ltr'><strong>id</strong></span> <span class='ocrx_word' id='word_1_165' title='bbox 2620 919 2703 965; x_wconf 89' lang='lat' dir='ltr'><strong>est</strong></span> <span class='ocrx_word' id='word_1_166' title='bbox 2724 909 2955 980; x_wconf 90' lang='lat' dir='ltr'><strong>superba</strong></span> <span class='ocrx_word' id='word_1_167' title='bbox 2982 913 3240 980; x_wconf 77' lang='lat' dir='ltr'><strong>cognoscit</strong></span> <span class='ocrx_word' id='word_1_168' title='bbox 3271 921 3327 966; x_wconf 91' lang='lat' dir='ltr'><strong>ut</strong></span> <span class='ocrx_word' id='word_1_169' title='bbox 3363 928 3462 982; x_wconf 90' lang='lat' dir='ltr'><strong>po-</strong></span> 
     </span>
    </p>
   </div>
   <div class='ocr_carea' id='block_1_24' title="bbox 1886 1000 3460 1071">
    <p class='ocr_par' dir='ltr' id='par_1_24' title="bbox 1886 1000 3460 1071">
     <span class='ocr_line' id='line_1_24' title="bbox 1886 1000 3460 1071; baseline 0.001 -16"><span class='ocrx_word' id='word_1_170' title='bbox 1886 1001 2000 1056; x_wconf 90' lang='lat' dir='ltr'><strong>niat</strong></span> <span class='ocrx_word' id='word_1_171' title='bbox 2027 1019 2057 1055; x_wconf 87' lang='lat' dir='ltr'><strong>u</strong></span> <span class='ocrx_word' id='word_1_172' title='bbox 2086 1002 2237 1071; x_wconf 83' lang='lat' dir='ltr'><strong>longe</strong></span> <span class='ocrx_word' id='word_1_173' title='bbox 2263 1001 2504 1056; x_wconf 76' lang='lat' dir='ltr'><strong>existens</strong></span> <span class='ocrx_word' id='word_1_174' title='bbox 2537 1015 2642 1056; x_wconf 88' lang='lat' dir='ltr'><strong>non</strong></span> <span class='ocrx_word' id='word_1_175' title='bbox 2687 1001 2982 1055; x_wconf 87' lang='lat' dir='ltr'><strong>secundum</strong></span> <span class='ocrx_word' id='word_1_176' title='bbox 3019 1000 3219 1056; x_wconf 88' lang='lat' dir='ltr'><strong>locum.</strong></span> <span class='ocrx_word' id='word_1_177' title='bbox 3259 1003 3352 1056; x_wconf 90' lang='lat' dir='ltr'><strong>sed</strong></span> <span class='ocrx_word' id='word_1_178' title='bbox 3372 1016 3460 1057; x_wconf 88' lang='lat' dir='ltr'><strong>se-</strong></span> 
     </span>
    </p>
   </div>
   <div class='ocr_carea' id='block_1_25' title="bbox 1883 1093 3460 1162">
    <p class='ocr_par' dir='ltr' id='par_1_25' title="bbox 1883 1093 3460 1162">
     <span class='ocr_line' id='line_1_25' title="bbox 1883 1093 3460 1162; baseline 0.001 -13"><span class='ocrx_word' id='word_1_179' title='bbox 1883 1095 2116 1149; x_wconf 91' lang='lat' dir='ltr'><strong>cundum</strong></span> <span class='ocrx_word' id='word_1_180' title='bbox 2147 1095 2596 1162; x_wconf 86' lang='lat' dir='ltr'><strong>miscricordiam,</strong></span> <span class='ocrx_word' id='word_1_181' title='bbox 2655 1094 2866 1148; x_wconf 86' lang='lat' dir='ltr'><strong>scilicet</strong></span> <span class='ocrx_word' id='word_1_182' title='bbox 2922 1093 3170 1162; x_wconf 88' lang='lat' dir='ltr'><strong>providet</strong></span> <span class='ocrx_word' id='word_1_183' title='bbox 3201 1094 3460 1150; x_wconf 91' lang='lat' dir='ltr'><strong>ultionem</strong></span> 
     </span>
    </p>
   </div>
   <div class='ocr_carea' id='block_1_26' title="bbox 1882 1183 3462 1256">
    <p class='ocr_par' dir='ltr' id='par_1_26' title="bbox 1882 1183 3462 1256">
     <span class='ocr_line' id='line_1_26' title="bbox 1882 1183 3462 1256; baseline -0.001 -14"><span class='ocrx_word' id='word_1_184' title='bbox 1882 1185 2261 1256; x_wconf 81' lang='lat' dir='ltr'><strong>Superborum,</strong></span> <span class='ocrx_word' id='word_1_185' title='bbox 2285 1185 2365 1240; x_wconf 90' lang='lat' dir='ltr'><strong>sic</strong></span> <span class='ocrx_word' id='word_1_186' title='bbox 2385 1195 2444 1238; x_wconf 89' lang='grc' dir='ltr'><strong>ιιι</strong></span> <span class='ocrx_word' id='word_1_187' title='bbox 2474 1185 2625 1254; x_wconf 82' lang='lat' dir='ltr'><strong>longe</strong></span> <span class='ocrx_word' id='word_1_188' title='bbox 2653 1183 2815 1239; x_wconf 88' lang='lat' dir='ltr'><strong>faciat</strong></span> <span class='ocrx_word' id='word_1_189' title='bbox 2841 1183 2908 1239; x_wconf 87' lang='lat' dir='ltr'><strong>ab</strong></span> <span class='ocrx_word' id='word_1_190' title='bbox 2931 1183 3008 1237; x_wconf 90' lang='lat' dir='ltr'><strong>eis</strong></span> <span class='ocrx_word' id='word_1_191' title='bbox 3031 1183 3462 1240; x_wconf 86' lang='lat' dir='ltr'><strong>misericordiam</strong></span> 
     </span>
    </p>
   </div>
   <div class='ocr_carea' id='block_1_27' title="bbox 1883 1274 3462 1346">
    <p class='ocr_par' dir='ltr' id='par_1_27' title="bbox 1883 1274 3462 1346">
     <span class='ocr_line' id='line_1_27' title="bbox 1883 1274 3462 1346; baseline -0.001 -14"><span class='ocrx_word' id='word_1_192' title='bbox 1883 1291 2035 1332; x_wconf 89' lang='lat' dir='ltr'><strong>suam</strong></span> <span class='ocrx_word' id='word_1_193' title='bbox 2069 1285 2290 1346; x_wconf 82' lang='lat' dir='ltr'><strong>prapter</strong></span> <span class='ocrx_word' id='word_1_194' title='bbox 2313 1291 2499 1330; x_wconf 88' lang='lat' dir='ltr'><strong>eorum</strong></span> <span class='ocrx_word' id='word_1_195' title='bbox 2532 1275 2670 1330; x_wconf 80' lang='lat' dir='ltr'><strong>ntala</strong></span> <span class='ocrx_word' id='word_1_196' title='bbox 2721 1276 2934 1329; x_wconf 86' lang='lat' dir='ltr'><strong>merita.</strong></span> <span class='ocrx_word' id='word_1_197' title='bbox 2990 1274 3226 1344; x_wconf 81' lang='lat' dir='ltr'><strong>Exponit</strong></span> <span class='ocrx_word' id='word_1_198' title='bbox 3279 1286 3462 1331; x_wconf 89' lang='lat' dir='ltr'><strong>autem</strong></span> 
     </span>
    </p>
   </div>
   <div class='ocr_carea' id='block_1_28' title="bbox 1885 1367 3474 1441">
    <p class='ocr_par' dir='ltr' id='par_1_28' title="bbox 1885 1367 3474 1441">
     <span class='ocr_line' id='line_1_28' title="bbox 1885 1367 3474 1441; baseline 0.001 -18"><span class='ocrx_word' id='word_1_199' title='bbox 1885 1369 2118 1441; x_wconf 87' lang='lat' dir='ltr'><strong>qualiter</strong></span> <span class='ocrx_word' id='word_1_200' title='bbox 2148 1369 2368 1422; x_wconf 84' lang='lat' dir='ltr'><strong>humilia</strong></span> <span class='ocrx_word' id='word_1_201' title='bbox 2403 1368 2604 1438; x_wconf 78' lang='lat' dir='ltr'><strong>respicit</strong></span> <span class='ocrx_word' id='word_1_202' title='bbox 2637 1369 2715 1423; x_wconf 90' lang='lat' dir='ltr'><strong>sic</strong></span> <span class='ocrx_word' id='word_1_203' title='bbox 2748 1387 2761 1423; x_wconf 93' lang='lat'><strong>:</strong></span> <span class='ocrx_word' id='word_1_204' title='bbox 2801 1367 2938 1423; x_wconf 85' lang='lat' dir='ltr'><strong>Vere</strong></span> <span class='ocrx_word' id='word_1_205' title='bbox 2966 1369 3190 1438; x_wconf 88' lang='lat' dir='ltr'><strong>respicis</strong></span> <span class='ocrx_word' id='word_1_206' title='bbox 3218 1381 3474 1438; x_wconf 75' lang='lat' dir='ltr'><strong>respectu</strong></span> 
     </span>
    </p>
   </div>
   <div class='ocr_carea' id='block_1_29' title="bbox 1885 1461 3462 1526">
    <p class='ocr_par' dir='ltr' id='par_1_29' title="bbox 1885 1461 3462 1526">
     <span class='ocr_line' id='line_1_29' title="bbox 1885 1461 3462 1526; baseline -0.003 -9"><span class='ocrx_word' id='word_1_207' title='bbox 1885 1461 2292 1526; x_wconf 77' lang='lat' dir='ltr'><strong>miserioordim,</strong></span> <span class='ocrx_word' id='word_1_208' title='bbox 2336 1470 2390 1516; x_wconf 89' lang='lat' dir='ltr'><strong>et</strong></span> <span class='ocrx_word' id='word_1_209' title='bbox 2417 1477 2502 1515; x_wconf 89' lang='lat' dir='ltr'><strong>me</strong></span> <span class='ocrx_word' id='word_1_210' title='bbox 2531 1461 2790 1516; x_wconf 89' lang='lat' dir='ltr'><strong>humilem</strong></span> <span class='ocrx_word' id='word_1_211' title='bbox 2821 1470 2874 1514; x_wconf 90' lang='lat' dir='ltr'><strong>et</strong></span> <span class='ocrx_word' id='word_1_212' title='bbox 2908 1471 3136 1516; x_wconf 63' lang='lat' dir='ltr'><strong>caeteros</strong></span> <span class='ocrx_word' id='word_1_213' title='bbox 3168 1462 3272 1515; x_wconf 90' lang='lat' dir='ltr'><strong>mei</strong></span> <span class='ocrx_word' id='word_1_214' title='bbox 3299 1463 3462 1516; x_wconf 89' lang='lat' dir='ltr'><strong>modi.</strong></span> 
     </span>
    </p>
   </div>
   <div class='ocr_carea' id='block_1_30' title="bbox 1883 1551 3468 1624">
    <p class='ocr_par' dir='ltr' id='par_1_30' title="bbox 1883 1551 3468 1624">
     <span class='ocr_line' id='line_1_30' title="bbox 1883 1551 3468 1624; baseline 0 -17"><span class='ocrx_word' id='word_1_215' title='bbox 1883 1552 2016 1608; x_wconf 87' lang='lat' dir='ltr'><strong>Nam</strong></span> <span class='ocrx_word' id='word_1_216' title='bbox 2047 1568 2146 1624; x_wconf 82' lang='lat' dir='ltr'><strong>ego</strong></span> <span class='ocrx_word' id='word_1_217' title='bbox 2182 1551 2424 1607; x_wconf 79' lang='lat' dir='ltr'><strong>existens</strong></span> <span class='ocrx_word' id='word_1_218' title='bbox 2471 1552 2524 1604; x_wconf 90' lang='lat' dir='ltr'><strong>in</strong></span> <span class='ocrx_word' id='word_1_219' title='bbox 2571 1552 2764 1614; x_wconf 78' lang='lat' dir='ltr'><strong>martia,</strong></span> <span class='ocrx_word' id='word_1_220' title='bbox 2818 1551 2869 1606; x_wconf 90' lang='lat' dir='ltr'><strong>id</strong></span> <span class='ocrx_word' id='word_1_221' title='bbox 2897 1563 2976 1607; x_wconf 90' lang='lat' dir='ltr'><strong>est</strong></span> <span class='ocrx_word' id='word_1_222' title='bbox 3024 1552 3078 1606; x_wconf 87' lang='lat' dir='ltr'><strong>in</strong></span> <span class='ocrx_word' id='word_1_223' title='bbox 3127 1552 3468 1622; x_wconf 83' lang='lat' dir='ltr'><strong>plenitudine</strong></span> 
     </span>
    </p>
   </div>
   <div class='ocr_carea' id='block_1_31' title="bbox 1883 1647 3466 1717">
    <p class='ocr_par' dir='ltr' id='par_1_31' title="bbox 1883 1647 3466 1717">
     <span class='ocr_line' id='line_1_31' title="bbox 1883 1647 3466 1717; baseline -0.001 -14"><span class='ocrx_word' id='word_1_224' title='bbox 1883 1648 2236 1703; x_wconf 82' lang='lat' dir='ltr'><strong>tribulationis</strong></span> <span class='ocrx_word' id='word_1_225' title='bbox 2251 1648 2296 1702; x_wconf 78' lang='lat' dir='ltr'><strong>si</strong></span> <span class='ocrx_word' id='word_1_226' title='bbox 2319 1647 2675 1712; x_wconf 84' lang='lat' dir='ltr'><strong>ambulavero,</strong></span> <span class='ocrx_word' id='word_1_227' title='bbox 2705 1648 2756 1702; x_wconf 93' lang='lat' dir='ltr'><strong>id</strong></span> <span class='ocrx_word' id='word_1_228' title='bbox 2777 1656 2860 1702; x_wconf 90' lang='lat' dir='ltr'><strong>est</strong></span> <span class='ocrx_word' id='word_1_229' title='bbox 2882 1648 2928 1703; x_wconf 87' lang='lat' dir='ltr'><strong>si</strong></span> <span class='ocrx_word' id='word_1_230' title='bbox 2950 1662 3370 1717; x_wconf 83' lang='lat' dir='ltr'><strong>pcrseveravero</strong></span> <span class='ocrx_word' id='word_1_231' title='bbox 3411 1648 3466 1702; x_wconf 90' lang='lat' dir='ltr'><strong>in</strong></span> 
     </span>
    </p>
   </div>
   <div class='ocr_carea' id='block_1_32' title="bbox 1886 1739 3467 1809">
    <p class='ocr_par' dir='ltr' id='par_1_32' title="bbox 1886 1739 3467 1809">
     <span class='ocr_line' id='line_1_32' title="bbox 1886 1739 3467 1809; baseline -0.001 -13"><span class='ocrx_word' id='word_1_232' title='bbox 1886 1740 2190 1796; x_wconf 88' lang='lat' dir='ltr'><strong>constantia</strong></span> <span class='ocrx_word' id='word_1_233' title='bbox 2218 1754 2336 1794; x_wconf 89' lang='lat' dir='ltr'><strong>mea</strong></span> <span class='ocrx_word' id='word_1_234' title='bbox 2366 1755 2432 1793; x_wconf 91' lang='lat' dir='ltr'><strong>ne</strong></span> <span class='ocrx_word' id='word_1_235' title='bbox 2465 1756 2561 1809; x_wconf 90' lang='lat' dir='ltr'><strong>pro</strong></span> <span class='ocrx_word' id='word_1_236' title='bbox 2608 1740 2955 1794; x_wconf 84' lang='lat' dir='ltr'><strong>tribulatione</strong></span> <span class='ocrx_word' id='word_1_237' title='bbox 3006 1739 3255 1795; x_wconf 87' lang='lat' dir='ltr'><strong>deﬁciam</strong></span> <span class='ocrx_word' id='word_1_238' title='bbox 3322 1739 3467 1794; x_wconf 87' lang='lat' dir='ltr'><strong>sicut</strong></span> 
     </span>
    </p>
   </div>
   <div class='ocr_carea' id='block_1_33' title="bbox 187 1815 3480 1901">
    <p class='ocr_par' dir='ltr' id='par_1_33' title="bbox 187 1815 3480 1901">
     <span class='ocr_line' id='line_1_33' title="bbox 187 1815 3480 1901; baseline 0.004 -28"><span class='ocrx_word' id='word_1_239' title='bbox 187 1821 360 1884; x_wconf 88' lang='lat' dir='ltr'><strong>Deus,</strong></span> <span class='ocrx_word' id='word_1_240' title='bbox 393 1821 626 1884; x_wconf 83' lang='lat' dir='ltr'><strong>scilicet,</strong></span> <span class='ocrx_word' id='word_1_241' title='bbox 658 1831 712 1875; x_wconf 90' lang='lat' dir='ltr'><strong>et</strong></span> <span class='ocrx_word' id='word_1_242' title='bbox 752 1823 996 1878; x_wconf 89' lang='lat' dir='ltr'><strong>omnium</strong></span> <span class='ocrx_word' id='word_1_243' title='bbox 1048 1825 1309 1880; x_wconf 88' lang='lat' dir='ltr'><strong>Dominus</strong></span> <span class='ocrx_word' id='word_1_244' title='bbox 1341 1837 1394 1879; x_wconf 94' lang='lat' dir='ltr'><strong>ct</strong></span> <span class='ocrx_word' id='word_1_245' title='bbox 1416 1827 1778 1898; x_wconf 89' lang='lat' dir='ltr'><strong>omnipotens,</strong></span> <span class='ocrx_word' id='word_1_246' title='bbox 1816 1815 1856 1870; x_wconf 65' lang='grc' dir='ltr'><strong>Β</strong></span> <span class='ocrx_word' id='word_1_247' title='bbox 1885 1846 2011 1885; x_wconf 80' lang='lat' dir='ltr'><strong>vere</strong></span> <span class='ocrx_word' id='word_1_248' title='bbox 2029 1829 2263 1893; x_wconf 89' lang='lat' dir='ltr'><strong>ambulo,</strong></span> <span class='ocrx_word' id='word_1_249' title='bbox 2291 1845 2390 1899; x_wconf 90' lang='lat' dir='ltr'><strong>per</strong></span> <span class='ocrx_word' id='word_1_250' title='bbox 2411 1830 2515 1884; x_wconf 88' lang='lat' dir='ltr'><strong>hoc</strong></span> <span class='ocrx_word' id='word_1_251' title='bbox 2539 1830 2803 1901; x_wconf 81' lang='lat' dir='ltr'><strong>contingit</strong></span> <span class='ocrx_word' id='word_1_252' title='bbox 2852 1831 2982 1885; x_wconf 81' lang='lat' dir='ltr'><strong>mihi</strong></span> <span class='ocrx_word' id='word_1_253' title='bbox 3012 1830 3323 1900; x_wconf 84' lang='lat' dir='ltr'><strong>bujosmodi</strong></span> <span class='ocrx_word' id='word_1_254' title='bbox 3353 1847 3480 1886; x_wconf 61' lang='grc' dir='ltr'>ειιιιι</span> 
     </span>
    </p>
   </div>
   <div class='ocr_carea' id='block_1_34' title="bbox 185 1912 1400 1988">
    <p class='ocr_par' dir='ltr' id='par_1_34' title="bbox 185 1912 1400 1988">
     <span class='ocr_line' id='line_1_34' title="bbox 185 1912 1400 1988; baseline 0.005 -24"><span class='ocrx_word' id='word_1_255' title='bbox 185 1912 482 1982; x_wconf 73' lang='lat' dir='ltr'><strong>gloriosius</strong></span> <span class='ocrx_word' id='word_1_256' title='bbox 498 1921 580 1967; x_wconf 87' lang='lat' dir='ltr'><strong>est</strong></span> <span class='ocrx_word' id='word_1_257' title='bbox 604 1954 618 1980; x_wconf 93' lang='lat'><strong>,</strong></span> <span class='ocrx_word' id='word_1_258' title='bbox 645 1922 698 1967; x_wconf 91' lang='lat' dir='ltr'><strong>et</strong></span> <span class='ocrx_word' id='word_1_259' title='bbox 726 1913 882 1985; x_wconf 84' lang='lat' dir='ltr'><strong>longe</strong></span> <span class='ocrx_word' id='word_1_260' title='bbox 897 1913 1071 1983; x_wconf 89' lang='lat' dir='ltr'><strong>majus</strong></span> <span class='ocrx_word' id='word_1_261' title='bbox 1095 1917 1400 1988; x_wconf 86' lang='lat' dir='ltr'><strong>designans.</strong></span> 
     </span>
    </p>
   </div>
   <div class='ocr_carea' id='block_1_35' title="bbox 258 2005 1780 2078">
    <p class='ocr_par' dir='ltr' id='par_1_35' title="bbox 258 2005 1780 2078">
     <span class='ocr_line' id='line_1_35' title="bbox 258 2005 1780 2078; baseline 0.003 -18"><span class='ocrx_word' id='word_1_262' title='bbox 258 2005 494 2060; x_wconf 81' lang='lat' dir='ltr'><strong>Ostensa</strong></span> <span class='ocrx_word' id='word_1_263' title='bbox 546 2005 684 2060; x_wconf 91' lang='lat' dir='ltr'><strong>bona</strong></span> <span class='ocrx_word' id='word_1_264' title='bbox 714 2005 1000 2063; x_wconf 82' lang='lat' dir='ltr'><strong>all&#39;cctione</strong></span> <span class='ocrx_word' id='word_1_265' title='bbox 1038 2023 1156 2073; x_wconf 88' lang='lat' dir='ltr'><strong>sua,</strong></span> <span class='ocrx_word' id='word_1_266' title='bbox 1197 2024 1358 2078; x_wconf 89' lang='lat' dir='ltr'><strong>quam</strong></span> <span class='ocrx_word' id='word_1_267' title='bbox 1409 2009 1569 2064; x_wconf 85' lang='lat' dir='ltr'><strong>habet</strong></span> <span class='ocrx_word' id='word_1_268' title='bbox 1615 2008 1780 2064; x_wconf 85' lang='lat' dir='ltr'><strong>conﬁ-</strong></span> 
     </span>
    </p>
   </div>
   <div class='ocr_carea' id='block_1_36' title="bbox 188 2093 1772 2169">
    <p class='ocr_par' dir='ltr' id='par_1_36' title="bbox 188 2093 1772 2169">
     <span class='ocr_line' id='line_1_36' title="bbox 188 2093 1772 2169; baseline 0.001 -19"><span class='ocrx_word' id='word_1_269' title='bbox 188 2097 340 2150; x_wconf 90' lang='lat' dir='ltr'><strong>tendi</strong></span> <span class='ocrx_word' id='word_1_270' title='bbox 366 2105 421 2150; x_wconf 91' lang='lat' dir='ltr'><strong>et</strong></span> <span class='ocrx_word' id='word_1_271' title='bbox 446 2093 729 2166; x_wconf 89' lang='lat' dir='ltr'><strong>psallendi,</strong></span> <span class='ocrx_word' id='word_1_272' title='bbox 756 2099 1004 2167; x_wconf 89' lang='lat' dir='ltr'><strong>sequitur</strong></span> <span class='ocrx_word' id='word_1_273' title='bbox 1054 2099 1256 2164; x_wconf 91' lang='lat' dir='ltr'><strong>oratio,</strong></span> <span class='ocrx_word' id='word_1_274' title='bbox 1301 2115 1421 2169; x_wconf 86' lang='lat' dir='ltr'><strong>qo:e</strong></span> <span class='ocrx_word' id='word_1_275' title='bbox 1478 2100 1600 2155; x_wconf 84' lang='lat' dir='ltr'><strong>talis</strong></span> <span class='ocrx_word' id='word_1_276' title='bbox 1653 2111 1772 2154; x_wconf 86' lang='lat' dir='ltr'><strong>est:</strong></span> 
     </span>
    </p>
   </div>
   <div class='ocr_carea' id='block_1_37' title="bbox 189 2186 1779 2260">
    <p class='ocr_par' dir='ltr' id='par_1_37' title="bbox 189 2186 1779 2260">
     <span class='ocr_line' id='line_1_37' title="bbox 189 2186 1779 2260; baseline 0.004 -20"><span class='ocrx_word' id='word_1_277' title='bbox 189 2186 522 2255; x_wconf 84' lang='lat' dir='ltr'><strong>Conﬁtebor,</strong></span> <span class='ocrx_word' id='word_1_278' title='bbox 553 2186 768 2256; x_wconf 87' lang='lat' dir='ltr'><strong>inquam</strong></span> <span class='ocrx_word' id='word_1_279' title='bbox 790 2229 806 2255; x_wconf 86' lang='lat'><strong>,</strong></span> <span class='ocrx_word' id='word_1_280' title='bbox 834 2199 879 2242; x_wconf 87' lang='lat' dir='ltr'><strong>et</strong></span> <span class='ocrx_word' id='word_1_281' title='bbox 908 2189 1496 2258; x_wconf 82' lang='lat' dir='ltr'><strong>psallam,etadorabo.</strong></span> <span class='ocrx_word' id='word_1_282' title='bbox 1543 2191 1779 2260; x_wconf 85' lang='lat' dir='ltr'><strong>Ideoque</strong></span> 
     </span>
    </p>
   </div>
   <div class='ocr_carea' id='block_1_38' title="bbox 185 2277 1772 2346">
    <p class='ocr_par' dir='ltr' id='par_1_38' title="bbox 185 2277 1772 2346">
     <span class='ocr_line' id='line_1_38' title="bbox 185 2277 1772 2346; baseline 0.004 -16"><span class='ocrx_word' id='word_1_283' title='bbox 185 2278 238 2330; x_wconf 91' lang='lat' dir='ltr'><strong>in</strong></span> <span class='ocrx_word' id='word_1_284' title='bbox 267 2291 598 2346; x_wconf 85' lang='lat' dir='ltr'><strong>quacumque</strong></span> <span class='ocrx_word' id='word_1_285' title='bbox 627 2277 710 2329; x_wconf 79' lang='lat' dir='ltr'><strong>die</strong></span> <span class='ocrx_word' id='word_1_286' title='bbox 733 2279 1036 2332; x_wconf 87' lang='lat' dir='ltr'><strong>invocavero</strong></span> <span class='ocrx_word' id='word_1_287' title='bbox 1067 2289 1138 2346; x_wconf 83' lang='lat' dir='ltr'><strong>te,</strong></span> <span class='ocrx_word' id='word_1_288' title='bbox 1169 2281 1222 2334; x_wconf 91' lang='lat' dir='ltr'><strong>id</strong></span> <span class='ocrx_word' id='word_1_289' title='bbox 1254 2290 1338 2336; x_wconf 85' lang='lat' dir='ltr'><strong>est</strong></span> <span class='ocrx_word' id='word_1_290' title='bbox 1374 2282 1604 2336; x_wconf 79' lang='lat' dir='ltr'><strong>interius</strong></span> <span class='ocrx_word' id='word_1_291' title='bbox 1628 2283 1772 2338; x_wconf 89' lang='lat' dir='ltr'><strong>bona</strong></span> 
     </span>
    </p>
   </div>
   <div class='ocr_carea' id='block_1_39' title="bbox 185 2368 1778 2446">
    <p class='ocr_par' dir='ltr' id='par_1_39' title="bbox 185 2368 1778 2446">
     <span class='ocr_line' id='line_1_39' title="bbox 185 2368 1778 2446; baseline 0.005 -24"><span class='ocrx_word' id='word_1_292' title='bbox 185 2370 499 2435; x_wconf 70' lang='lat' dir='ltr'><strong>adiectione,</strong></span> <span class='ocrx_word' id='word_1_293' title='bbox 527 2383 632 2422; x_wconf 92' lang='lat' dir='ltr'><strong>non</strong></span> <span class='ocrx_word' id='word_1_294' title='bbox 664 2368 839 2423; x_wconf 85' lang='lat' dir='ltr'><strong>solum</strong></span> <span class='ocrx_word' id='word_1_295' title='bbox 863 2373 1104 2426; x_wconf 81' lang='lat' dir='ltr'><strong>exterius</strong></span> <span class='ocrx_word' id='word_1_296' title='bbox 1148 2388 1280 2428; x_wconf 85' lang='lat' dir='ltr'><strong>voce</strong></span> <span class='ocrx_word' id='word_1_297' title='bbox 1312 2389 1537 2430; x_wconf 71' lang='lat' dir='ltr'><strong>oravere</strong></span> <span class='ocrx_word' id='word_1_298' title='bbox 1569 2383 1642 2440; x_wconf 89' lang='lat' dir='ltr'><strong>te,</strong></span> <span class='ocrx_word' id='word_1_299' title='bbox 1683 2389 1778 2446; x_wconf 88' lang='lat' dir='ltr'><strong>p0-</strong></span> 
     </span>
    </p>
   </div>
   <div class='ocr_carea' id='block_1_40' title="bbox 185 2461 1777 2532">
    <p class='ocr_par' dir='ltr' id='par_1_40' title="bbox 185 2461 1777 2532">
     <span class='ocr_line' id='line_1_40' title="bbox 185 2461 1777 2532; baseline 0.001 -16"><span class='ocrx_word' id='word_1_300' title='bbox 185 2477 351 2516; x_wconf 81' lang='lat' dir='ltr'><strong>sccns</strong></span> <span class='ocrx_word' id='word_1_301' title='bbox 401 2461 749 2532; x_wconf 83' lang='lat' dir='ltr'><strong>multiplicari</strong></span> <span class='ocrx_word' id='word_1_302' title='bbox 801 2478 830 2516; x_wconf 89' lang='lat' dir='ltr'><strong>a</strong></span> <span class='ocrx_word' id='word_1_303' title='bbox 888 2471 940 2517; x_wconf 87' lang='lat' dir='ltr'><strong>te</strong></span> <span class='ocrx_word' id='word_1_304' title='bbox 995 2464 1047 2516; x_wconf 88' lang='lat' dir='ltr'><strong>in</strong></span> <span class='ocrx_word' id='word_1_305' title='bbox 1117 2465 1295 2519; x_wconf 88' lang='lat' dir='ltr'><strong>anima</strong></span> <span class='ocrx_word' id='word_1_306' title='bbox 1345 2484 1460 2520; x_wconf 89' lang='lat' dir='ltr'><strong>mea</strong></span> <span class='ocrx_word' id='word_1_307' title='bbox 1506 2468 1777 2532; x_wconf 81' lang='lat' dir='ltr'><strong>virtutem;</strong></span> 
     </span>
    </p>
   </div>
   <div class='ocr_carea' id='block_1_41' title="bbox 185 2555 1774 2624">
    <p class='ocr_par' dir='ltr' id='par_1_41' title="bbox 185 2555 1774 2624">
     <span class='ocr_line' id='line_1_41' title="bbox 185 2555 1774 2624; baseline 0.002 -15"><span class='ocrx_word' id='word_1_308' title='bbox 185 2555 384 2609; x_wconf 71' lang='lat' dir='ltr'><strong>exaudi</strong></span> <span class='ocrx_word' id='word_1_309' title='bbox 419 2571 499 2608; x_wconf 87' lang='lat' dir='ltr'><strong>me</strong></span> <span class='ocrx_word' id='word_1_310' title='bbox 555 2565 612 2609; x_wconf 90' lang='lat' dir='ltr'><strong>ut</strong></span> <span class='ocrx_word' id='word_1_311' title='bbox 668 2555 993 2624; x_wconf 83' lang='lat' dir='ltr'><strong>multiplices</strong></span> <span class='ocrx_word' id='word_1_312' title='bbox 1035 2559 1089 2611; x_wconf 84' lang='lat' dir='ltr'><strong>in</strong></span> <span class='ocrx_word' id='word_1_313' title='bbox 1125 2559 1304 2612; x_wconf 86' lang='lat' dir='ltr'><strong>anima</strong></span> <span class='ocrx_word' id='word_1_314' title='bbox 1341 2575 1458 2611; x_wconf 80' lang='lat' dir='ltr'><strong>mea</strong></span> <span class='ocrx_word' id='word_1_315' title='bbox 1513 2560 1774 2613; x_wconf 88' lang='lat' dir='ltr'><strong>rirtutem.</strong></span> 
     </span>
    </p>
   </div>
   <div class='ocr_carea' id='block_1_42' title="bbox 185 2647 1779 2720">
    <p class='ocr_par' dir='ltr' id='par_1_42' title="bbox 185 2647 1779 2720">
     <span class='ocr_line' id='line_1_42' title="bbox 185 2647 1779 2720; baseline 0.004 -22"><span class='ocrx_word' id='word_1_316' title='bbox 185 2647 342 2713; x_wconf 80' lang='lat' dir='ltr'><strong>Quod</strong></span> <span class='ocrx_word' id='word_1_317' title='bbox 376 2663 475 2716; x_wconf 90' lang='lat' dir='ltr'><strong>pro</strong></span> <span class='ocrx_word' id='word_1_318' title='bbox 513 2657 666 2703; x_wconf 83' lang='lat' dir='ltr'><strong>certe</strong></span> <span class='ocrx_word' id='word_1_319' title='bbox 697 2647 894 2712; x_wconf 82' lang='lat' dir='ltr'><strong>facies,</strong></span> <span class='ocrx_word' id='word_1_320' title='bbox 931 2665 1120 2704; x_wconf 78' lang='lat' dir='ltr'><strong>revera</strong></span> <span class='ocrx_word' id='word_1_321' title='bbox 1167 2649 1564 2720; x_wconf 78' lang='lat' dir='ltr'><strong>multiplicabis,</strong></span> <span class='ocrx_word' id='word_1_322' title='bbox 1618 2649 1779 2705; x_wconf 87' lang='lat' dir='ltr'><strong>idest</strong></span> 
     </span>
    </p>
   </div>
   <div class='ocr_carea' id='block_1_43' title="bbox 183 2737 1777 2811">
    <p class='ocr_par' dir='ltr' id='par_1_43' title="bbox 183 2737 1777 2811">
     <span class='ocr_line' id='line_1_43' title="bbox 183 2737 1777 2811; baseline -0.001 -16"><span class='ocrx_word' id='word_1_323' title='bbox 183 2737 575 2811; x_wconf 74' lang='lat' dir='ltr'><strong>augtnenta&#39;ais</strong></span> <span class='ocrx_word' id='word_1_324' title='bbox 621 2738 688 2794; x_wconf 77' lang='lat' dir='ltr'><strong>tle</strong></span> <span class='ocrx_word' id='word_1_325' title='bbox 743 2739 829 2793; x_wconf 89' lang='lat' dir='ltr'><strong>die</strong></span> <span class='ocrx_word' id='word_1_326' title='bbox 883 2739 934 2792; x_wconf 92' lang='lat' dir='ltr'><strong>in</strong></span> <span class='ocrx_word' id='word_1_327' title='bbox 975 2739 1116 2794; x_wconf 88' lang='lat' dir='ltr'><strong>diem</strong></span> <span class='ocrx_word' id='word_1_328' title='bbox 1165 2755 1382 2795; x_wconf 85' lang='lat' dir='ltr'><strong>onmem</strong></span> <span class='ocrx_word' id='word_1_329' title='bbox 1433 2742 1670 2794; x_wconf 76' lang='lat' dir='ltr'><strong>uirtutem</strong></span> <span class='ocrx_word' id='word_1_330' title='bbox 1723 2741 1777 2793; x_wconf 88' lang='lat' dir='ltr'><strong>in</strong></span> 
     </span>
    </p>
   </div>
   <div class='ocr_carea' id='block_1_44' title="bbox 185 2832 1780 2902">
    <p class='ocr_par' dir='ltr' id='par_1_44' title="bbox 185 2832 1780 2902">
     <span class='ocr_line' id='line_1_44' title="bbox 185 2832 1780 2902; baseline 0 -14"><span class='ocrx_word' id='word_1_331' title='bbox 185 2835 373 2888; x_wconf 85' lang='lat' dir='ltr'><strong>anima</strong></span> <span class='ocrx_word' id='word_1_332' title='bbox 399 2850 534 2888; x_wconf 89' lang='lat' dir='ltr'><strong>mea.</strong></span> <span class='ocrx_word' id='word_1_333' title='bbox 576 2832 690 2888; x_wconf 90' lang='lat' dir='ltr'><strong>Iloc</strong></span> <span class='ocrx_word' id='word_1_334' title='bbox 723 2842 904 2888; x_wconf 88' lang='lat' dir='ltr'><strong>autem</strong></span> <span class='ocrx_word' id='word_1_335' title='bbox 937 2833 1104 2887; x_wconf 85' lang='lat' dir='ltr'><strong>nimia</strong></span> <span class='ocrx_word' id='word_1_336' title='bbox 1136 2833 1462 2888; x_wconf 88' lang='lat' dir='ltr'><strong>certitudine</strong></span> <span class='ocrx_word' id='word_1_337' title='bbox 1515 2835 1616 2888; x_wconf 86' lang='lat' dir='ltr'><strong>sibi</strong></span> <span class='ocrx_word' id='word_1_338' title='bbox 1657 2850 1780 2902; x_wconf 89' lang='lat' dir='ltr'><strong>pro-</strong></span> 
     </span>
    </p>
   </div>
   <div class='ocr_carea' id='block_1_45' title="bbox 187 2928 1778 3004">
    <p class='ocr_par' dir='ltr' id='par_1_45' title="bbox 187 2928 1778 3004">
     <span class='ocr_line' id='line_1_45' title="bbox 187 2928 1778 3004; baseline -0.006 -18"><span class='ocrx_word' id='word_1_339' title='bbox 187 2932 386 2998; x_wconf 83' lang='lat' dir='ltr'><strong>mittit,</strong></span> <span class='ocrx_word' id='word_1_340' title='bbox 417 2940 477 2984; x_wconf 91' lang='lat' dir='ltr'><strong>ut</strong></span> <span class='ocrx_word' id='word_1_341' title='bbox 515 2931 596 2986; x_wconf 92' lang='lat' dir='ltr'><strong>sic</strong></span> <span class='ocrx_word' id='word_1_342' title='bbox 626 2932 798 3004; x_wconf 82' lang='lat' dir='ltr'><strong>magis</strong></span> <span class='ocrx_word' id='word_1_343' title='bbox 831 2931 1107 2985; x_wconf 88' lang='lat' dir='ltr'><strong>auditores</strong></span> <span class='ocrx_word' id='word_1_344' title='bbox 1136 2929 1203 2983; x_wconf 88' lang='lat' dir='ltr'><strong>ad</strong></span> <span class='ocrx_word' id='word_1_345' title='bbox 1235 2929 1338 2982; x_wconf 89' lang='lat' dir='ltr'><strong>hoc</strong></span> <span class='ocrx_word' id='word_1_346' title='bbox 1365 2928 1628 2982; x_wconf 89' lang='lat' dir='ltr'><strong>orandum</strong></span> <span class='ocrx_word' id='word_1_347' title='bbox 1677 2929 1778 2979; x_wconf 87' lang='lat' dir='ltr'><strong>im-</strong></span> 
     </span>
    </p>
   </div>
   <div class='ocr_carea' id='block_1_46' title="bbox 187 3020 1778 3094">
    <p class='ocr_par' dir='ltr' id='par_1_46' title="bbox 187 3020 1778 3094">
     <span class='ocr_line' id='line_1_46' title="bbox 187 3020 1778 3094; baseline -0.006 -16"><span class='ocrx_word' id='word_1_348' title='bbox 187 3023 362 3094; x_wconf 83' lang='lat' dir='ltr'><strong>pellat</strong></span> <span class='ocrx_word' id='word_1_349' title='bbox 391 3039 486 3094; x_wconf 89' lang='lat' dir='ltr'><strong>spe</strong></span> <span class='ocrx_word' id='word_1_350' title='bbox 517 3025 908 3094; x_wconf 83' lang='lat' dir='ltr'><strong>consequendi.</strong></span> <span class='ocrx_word' id='word_1_351' title='bbox 931 3023 1093 3078; x_wconf 82' lang='lat' dir='ltr'><strong>Facta</strong></span> <span class='ocrx_word' id='word_1_352' title='bbox 1117 3020 1367 3076; x_wconf 89' lang='lat' dir='ltr'><strong>oratione</strong></span> <span class='ocrx_word' id='word_1_353' title='bbox 1408 3034 1508 3089; x_wconf 91' lang='lat' dir='ltr'><strong>pro</strong></span> <span class='ocrx_word' id='word_1_354' title='bbox 1529 3034 1586 3074; x_wconf 92' lang='lat' dir='ltr'><strong>se</strong></span> <span class='ocrx_word' id='word_1_355' title='bbox 1605 3059 1618 3083; x_wconf 92' lang='lat'><strong>,</strong></span> <span class='ocrx_word' id='word_1_356' title='bbox 1655 3025 1778 3070; x_wconf 76' lang='lat' dir='ltr'><strong>orat</strong></span> 
     </span>
    </p>
   </div>
   <div class='ocr_carea' id='block_1_47' title="bbox 187 3109 1779 3182">
    <p class='ocr_par' dir='ltr' id='par_1_47' title="bbox 187 3109 1779 3182">
     <span class='ocr_line' id='line_1_47' title="bbox 187 3109 1779 3182; baseline -0.005 -14"><span class='ocrx_word' id='word_1_357' title='bbox 187 3115 358 3169; x_wconf 88' lang='lat' dir='ltr'><strong>etiam</strong></span> <span class='ocrx_word' id='word_1_358' title='bbox 403 3130 500 3182; x_wconf 90' lang='lat' dir='ltr'><strong>pro</strong></span> <span class='ocrx_word' id='word_1_359' title='bbox 529 3114 778 3170; x_wconf 83' lang='lat' dir='ltr'><strong>ﬁdelibus</strong></span> <span class='ocrx_word' id='word_1_360' title='bbox 827 3113 974 3178; x_wconf 89' lang='lat' dir='ltr'><strong>aliis,</strong></span> <span class='ocrx_word' id='word_1_361' title='bbox 1033 3122 1092 3167; x_wconf 92' lang='lat' dir='ltr'><strong>ut</strong></span> <span class='ocrx_word' id='word_1_362' title='bbox 1122 3121 1177 3166; x_wconf 89' lang='lat' dir='ltr'><strong>et</strong></span> <span class='ocrx_word' id='word_1_363' title='bbox 1231 3111 1330 3180; x_wconf 88' lang='lat' dir='ltr'><strong>ipsi</strong></span> <span class='ocrx_word' id='word_1_364' title='bbox 1384 3125 1526 3179; x_wconf 82' lang='lat' dir='ltr'><strong>reges</strong></span> <span class='ocrx_word' id='word_1_365' title='bbox 1579 3109 1779 3164; x_wconf 84' lang='lat' dir='ltr'><strong>suimet</strong></span> 
     </span>
    </p>
   </div>
   <div class='ocr_carea' id='block_1_48' title="bbox 1883 1921 3470 1993">
    <p class='ocr_par' dir='ltr' id='par_1_48' title="bbox 1883 1921 3470 1993">
     <span class='ocr_line' id='line_1_48' title="bbox 1883 1921 3470 1993; baseline -0.001 -14"><span class='ocrx_word' id='word_1_366' title='bbox 1883 1923 2126 1989; x_wconf 89' lang='lat' dir='ltr'><strong>bulatio,</strong></span> <span class='ocrx_word' id='word_1_367' title='bbox 2161 1922 2287 1993; x_wconf 89' lang='lat' dir='ltr'><strong>quia</strong></span> <span class='ocrx_word' id='word_1_368' title='bbox 2348 1921 2631 1993; x_wconf 80' lang='lat' dir='ltr'><strong>uivi/icabis</strong></span> <span class='ocrx_word' id='word_1_369' title='bbox 2662 1939 2740 1976; x_wconf 87' lang='lat' dir='ltr'><strong>me</strong></span> <span class='ocrx_word' id='word_1_370' title='bbox 2776 1923 3005 1978; x_wconf 82' lang='lat' dir='ltr'><strong>interius</strong></span> <span class='ocrx_word' id='word_1_371' title='bbox 3043 1923 3096 1976; x_wconf 91' lang='lat' dir='ltr'><strong>in</strong></span> <span class='ocrx_word' id='word_1_372' title='bbox 3139 1923 3318 1978; x_wconf 90' lang='lat' dir='ltr'><strong>anima</strong></span> <span class='ocrx_word' id='word_1_373' title='bbox 3373 1938 3470 1993; x_wconf 73' lang='lat' dir='ltr'><strong>per</strong></span> 
     </span>
    </p>
   </div>
   <div class='ocr_carea' id='block_1_49' title="bbox 1881 2014 3468 2086">
    <p class='ocr_par' dir='ltr' id='par_1_49' title="bbox 1881 2014 3468 2086">
     <span class='ocr_line' id='line_1_49' title="bbox 1881 2014 3468 2086; baseline 0.001 -17"><span class='ocrx_word' id='word_1_374' title='bbox 1881 2015 2136 2086; x_wconf 81' lang='lat' dir='ltr'><strong>gratiam,</strong></span> <span class='ocrx_word' id='word_1_375' title='bbox 2161 2029 2287 2071; x_wconf 90' lang='lat' dir='ltr'><strong>cum</strong></span> <span class='ocrx_word' id='word_1_376' title='bbox 2324 2014 2564 2069; x_wconf 78' lang='lat' dir='ltr'><strong>exterius</strong></span> <span class='ocrx_word' id='word_1_377' title='bbox 2595 2014 2648 2068; x_wconf 93' lang='lat' dir='ltr'><strong>in</strong></span> <span class='ocrx_word' id='word_1_378' title='bbox 2696 2029 2928 2084; x_wconf 89' lang='lat' dir='ltr'><strong>corpore</strong></span> <span class='ocrx_word' id='word_1_379' title='bbox 2973 2030 3072 2084; x_wconf 90' lang='lat' dir='ltr'><strong>pro</strong></span> <span class='ocrx_word' id='word_1_380' title='bbox 3115 2014 3468 2072; x_wconf 85' lang='lat' dir='ltr'><strong>tribulatione</strong></span> 
     </span>
    </p>
   </div>
   <div class='ocr_carea' id='block_1_50' title="bbox 1882 2106 3472 2180">
    <p class='ocr_par' dir='ltr' id='par_1_50' title="bbox 1882 2106 3472 2180">
     <span class='ocr_line' id='line_1_50' title="bbox 1882 2106 3472 2180; baseline -0.001 -17"><span class='ocrx_word' id='word_1_381' title='bbox 1882 2107 2243 2163; x_wconf 88' lang='lat' dir='ltr'><strong>mortiﬁcatus</strong></span> <span class='ocrx_word' id='word_1_382' title='bbox 2278 2122 2396 2174; x_wconf 88' lang='lat' dir='ltr'><strong>ero;</strong></span> <span class='ocrx_word' id='word_1_383' title='bbox 2431 2122 2495 2162; x_wconf 91' lang='lat' dir='ltr'><strong>ac</strong></span> <span class='ocrx_word' id='word_1_384' title='bbox 2540 2107 2584 2162; x_wconf 89' lang='lat' dir='ltr'><strong>si</strong></span> <span class='ocrx_word' id='word_1_385' title='bbox 2618 2106 2764 2163; x_wconf 88' lang='lat' dir='ltr'><strong>dicat</strong></span> <span class='ocrx_word' id='word_1_386' title='bbox 2793 2108 2890 2162; x_wconf 89' lang='lat' dir='ltr'><strong>:ln</strong></span> <span class='ocrx_word' id='word_1_387' title='bbox 2925 2107 3030 2163; x_wconf 87' lang='lat' dir='ltr'><strong>hoc</strong></span> <span class='ocrx_word' id='word_1_388' title='bbox 3055 2110 3472 2180; x_wconf 74' lang='lat' dir='ltr'><strong>comprobatur,</strong></span> 
     </span>
    </p>
   </div>
   <div class='ocr_carea' id='block_1_51' title="bbox 1881 2199 3468 2272">
    <p class='ocr_par' dir='ltr' id='par_1_51' title="bbox 1881 2199 3468 2272">
     <span class='ocr_line' id='line_1_51' title="bbox 1881 2199 3468 2272; baseline 0.001 -18"><span class='ocrx_word' id='word_1_389' title='bbox 1881 2200 2006 2268; x_wconf 89' lang='lat' dir='ltr'><strong>quia</strong></span> <span class='ocrx_word' id='word_1_390' title='bbox 2031 2217 2117 2254; x_wconf 87' lang='lat' dir='ltr'><strong>me</strong></span> <span class='ocrx_word' id='word_1_391' title='bbox 2163 2199 2423 2255; x_wconf 89' lang='lat' dir='ltr'><strong>humilem</strong></span> <span class='ocrx_word' id='word_1_392' title='bbox 2483 2199 2732 2270; x_wconf 77' lang='lat' dir='ltr'><strong>reSpicis,</strong></span> <span class='ocrx_word' id='word_1_393' title='bbox 2787 2200 3044 2271; x_wconf 92' lang='lat' dir='ltr'><strong>quoniam</strong></span> <span class='ocrx_word' id='word_1_394' title='bbox 3091 2216 3190 2272; x_wconf 89' lang='lat' dir='ltr'><strong>per</strong></span> <span class='ocrx_word' id='word_1_395' title='bbox 3236 2201 3468 2272; x_wconf 78' lang='lat' dir='ltr'><strong>gratiam</strong></span> 
     </span>
    </p>
   </div>
   <div class='ocr_carea' id='block_1_52' title="bbox 1883 2289 3468 2357">
    <p class='ocr_par' dir='ltr' id='par_1_52' title="bbox 1883 2289 3468 2357">
     <span class='ocr_line' id='line_1_52' title="bbox 1883 2289 3468 2357; baseline 0.003 -14"><span class='ocrx_word' id='word_1_396' title='bbox 1883 2300 2027 2343; x_wconf 90' lang='lat' dir='ltr'><strong>tuam</strong></span> <span class='ocrx_word' id='word_1_397' title='bbox 2067 2289 2296 2345; x_wconf 90' lang='lat' dir='ltr'><strong>interius</strong></span> <span class='ocrx_word' id='word_1_398' title='bbox 2319 2305 2406 2345; x_wconf 90' lang='lat' dir='ltr'><strong>me</strong></span> <span class='ocrx_word' id='word_1_399' title='bbox 2434 2289 2831 2357; x_wconf 81' lang='lat' dir='ltr'><strong>viviﬁcantem,</strong></span> <span class='ocrx_word' id='word_1_400' title='bbox 2865 2307 2950 2346; x_wconf 90' lang='lat' dir='ltr'><strong>me</strong></span> <span class='ocrx_word' id='word_1_401' title='bbox 2977 2290 3146 2346; x_wconf 84' lang='lat' dir='ltr'><strong>facies</strong></span> <span class='ocrx_word' id='word_1_402' title='bbox 3175 2291 3228 2346; x_wconf 91' lang='lat' dir='ltr'><strong>in</strong></span> <span class='ocrx_word' id='word_1_403' title='bbox 3285 2292 3468 2347; x_wconf 89' lang='lat' dir='ltr'><strong>medio</strong></span> 
     </span>
    </p>
   </div>
   <div class='ocr_carea' id='block_1_53' title="bbox 1883 2380 3487 2451">
    <p class='ocr_par' dir='ltr' id='par_1_53' title="bbox 1883 2380 3487 2451">
     <span class='ocr_line' id='line_1_53' title="bbox 1883 2380 3487 2451; baseline -0.002 -15"><span class='ocrx_word' id='word_1_404' title='bbox 1883 2380 2248 2436; x_wconf 87' lang='lat' dir='ltr'><strong>tribulationis</strong></span> <span class='ocrx_word' id='word_1_405' title='bbox 2277 2388 2636 2436; x_wconf 88' lang='lat' dir='ltr'><strong>constantem.</strong></span> <span class='ocrx_word' id='word_1_406' title='bbox 2661 2382 2726 2436; x_wconf 88' lang='lat' dir='ltr'><strong>Et</strong></span> <span class='ocrx_word' id='word_1_407' title='bbox 2744 2383 2824 2436; x_wconf 90' lang='lat' dir='ltr'><strong>sic</strong></span> <span class='ocrx_word' id='word_1_408' title='bbox 2838 2382 3054 2451; x_wconf 89' lang='lat' dir='ltr'><strong>quidem</strong></span> <span class='ocrx_word' id='word_1_409' title='bbox 3079 2399 3160 2436; x_wconf 84' lang='lat' dir='ltr'><strong>me</strong></span> <span class='ocrx_word' id='word_1_410' title='bbox 3183 2382 3487 2451; x_wconf 74' lang='lat' dir='ltr'><strong>viviﬁcabis.,</strong></span> 
     </span>
    </p>
   </div>
   <div class='ocr_carea' id='block_1_54' title="bbox 1881 2475 3470 2545">
    <p class='ocr_par' dir='ltr' id='par_1_54' title="bbox 1881 2475 3470 2545">
     <span class='ocr_line' id='line_1_54' title="bbox 1881 2475 3470 2545; baseline 0.002 -18"><span class='ocrx_word' id='word_1_411' title='bbox 1881 2475 2024 2545; x_wconf 91' lang='lat' dir='ltr'><strong>quod</strong></span> <span class='ocrx_word' id='word_1_412' title='bbox 2049 2475 2330 2528; x_wconf 77' lang='lat' dir='ltr'><strong>extentlisti</strong></span> <span class='ocrx_word' id='word_1_413' title='bbox 2358 2491 2571 2529; x_wconf 81' lang='lat' dir='ltr'><strong>manum</strong></span> <span class='ocrx_word' id='word_1_414' title='bbox 2606 2484 2783 2542; x_wconf 88' lang='lat' dir='ltr'><strong>tuam,</strong></span> <span class='ocrx_word' id='word_1_415' title='bbox 2814 2475 2865 2529; x_wconf 90' lang='lat' dir='ltr'><strong>id</strong></span> <span class='ocrx_word' id='word_1_416' title='bbox 2890 2484 2974 2530; x_wconf 90' lang='lat' dir='ltr'><strong>est</strong></span> <span class='ocrx_word' id='word_1_417' title='bbox 3002 2485 3290 2530; x_wconf 81' lang='lat' dir='ltr'><strong>extensum</strong></span> <span class='ocrx_word' id='word_1_418' title='bbox 3335 2475 3470 2530; x_wconf 76' lang='lat' dir='ltr'><strong>mihi</strong></span> 
     </span>
    </p>
   </div>
   <div class='ocr_carea' id='block_1_55' title="bbox 1881 2564 3472 2637">
    <p class='ocr_par' dir='ltr' id='par_1_55' title="bbox 1881 2564 3472 2637">
     <span class='ocr_line' id='line_1_55' title="bbox 1881 2564 3472 2637; baseline -0.001 -15"><span class='ocrx_word' id='word_1_419' title='bbox 1881 2566 2050 2622; x_wconf 86' lang='lat' dir='ltr'><strong>facies</strong></span> <span class='ocrx_word' id='word_1_420' title='bbox 2081 2565 2341 2621; x_wconf 82' lang='lat' dir='ltr'><strong>auxilium</strong></span> <span class='ocrx_word' id='word_1_421' title='bbox 2389 2566 2577 2637; x_wconf 71' lang='lat' dir='ltr'><strong>gratia:</strong></span> <span class='ocrx_word' id='word_1_422' title='bbox 2630 2575 2736 2620; x_wconf 76' lang='lat' dir='ltr'><strong>tua:</strong></span> <span class='ocrx_word' id='word_1_423' title='bbox 2764 2582 2920 2632; x_wconf 81' lang='lat' dir='ltr'><strong>super</strong></span> <span class='ocrx_word' id='word_1_424' title='bbox 2945 2564 3081 2620; x_wconf 88' lang='lat' dir='ltr'><strong>iram</strong></span> <span class='ocrx_word' id='word_1_425' title='bbox 3133 2566 3472 2622; x_wconf 84' lang='lat' dir='ltr'><strong>inimicorum</strong></span> 
     </span>
    </p>
   </div>
   <div class='ocr_carea' id='block_1_56' title="bbox 1881 2657 3472 2728">
    <p class='ocr_par' dir='ltr' id='par_1_56' title="bbox 1881 2657 3472 2728">
     <span class='ocr_line' id='line_1_56' title="bbox 1881 2657 3472 2728; baseline -0.001 -17"><span class='ocrx_word' id='word_1_426' title='bbox 1881 2675 2141 2722; x_wconf 85' lang='lat' dir='ltr'><strong>meorum,</strong></span> <span class='ocrx_word' id='word_1_427' title='bbox 2197 2658 2249 2713; x_wconf 90' lang='lat' dir='ltr'><strong>id</strong></span> <span class='ocrx_word' id='word_1_428' title='bbox 2290 2672 2374 2712; x_wconf 82' lang='lat' dir='ltr'><strong>est</strong></span> <span class='ocrx_word' id='word_1_429' title='bbox 2423 2672 2585 2728; x_wconf 89' lang='lat' dir='ltr'><strong>supra</strong></span> <span class='ocrx_word' id='word_1_430' title='bbox 2654 2657 2969 2713; x_wconf 89' lang='lat' dir='ltr'><strong>iracundam</strong></span> <span class='ocrx_word' id='word_1_431' title='bbox 3008 2657 3472 2726; x_wconf 81' lang='lat' dir='ltr'><strong>impugnationem</strong></span> 
     </span>
    </p>
   </div>
   <div class='ocr_carea' id='block_1_57' title="bbox 1884 2747 3473 2814">
    <p class='ocr_par' dir='ltr' id='par_1_57' title="bbox 1884 2747 3473 2814">
     <span class='ocr_line' id='line_1_57' title="bbox 1884 2747 3473 2814; baseline -0.003 -10"><span class='ocrx_word' id='word_1_432' title='bbox 1884 2750 2525 2804; x_wconf 87' lang='lat' dir='ltr'><strong>inimicorummeorum.</strong></span> <span class='ocrx_word' id='word_1_433' title='bbox 2581 2749 2733 2814; x_wconf 86' lang='lat' dir='ltr'><strong>Quod</strong></span> <span class='ocrx_word' id='word_1_434' title='bbox 2775 2759 2858 2803; x_wconf 89' lang='lat' dir='ltr'><strong>est</strong></span> <span class='ocrx_word' id='word_1_435' title='bbox 2893 2747 3076 2802; x_wconf 87' lang='lat' dir='ltr'><strong>dicere</strong></span> <span class='ocrx_word' id='word_1_436' title='bbox 3118 2766 3131 2800; x_wconf 88' lang='lat'><strong>:</strong></span> <span class='ocrx_word' id='word_1_437' title='bbox 3175 2748 3308 2802; x_wconf 91' lang='lat' dir='ltr'><strong>Com</strong></span> <span class='ocrx_word' id='word_1_438' title='bbox 3357 2761 3473 2802; x_wconf 85' lang='lat' dir='ltr'><strong>ma-</strong></span> 
     </span>
    </p>
   </div>
   <div class='ocr_carea' id='block_1_58' title="bbox 1882 2823 3474 2912">
    <p class='ocr_par' dir='ltr' id='par_1_58' title="bbox 1882 2823 3474 2912">
     <span class='ocr_line' id='line_1_58' title="bbox 1882 2823 3474 2912; baseline 0 -18"><span class='ocrx_word' id='word_1_439' title='bbox 1882 2857 1984 2912; x_wconf 78' lang='lat' dir='ltr'><strong>gna</strong></span> <span class='ocrx_word' id='word_1_440' title='bbox 2010 2843 2074 2896; x_wconf 93' lang='lat' dir='ltr'><strong>sil</strong></span> <span class='ocrx_word' id='word_1_441' title='bbox 2106 2855 2294 2896; x_wconf 89' lang='lat' dir='ltr'><strong>eorum</strong></span> <span class='ocrx_word' id='word_1_442' title='bbox 2329 2841 2686 2910; x_wconf 83' lang='lat' dir='ltr'><strong>impugnatio,</strong></span> <span class='ocrx_word' id='word_1_443' title='bbox 2738 2837 2914 2906; x_wconf 86' lang='lat' dir='ltr'><strong>majus</strong></span> <span class='ocrx_word' id='word_1_444' title='bbox 2962 2823 3142 2892; x_wconf 88' lang='lat' dir='ltr'><strong>tamen</strong></span> <span class='ocrx_word' id='word_1_445' title='bbox 3185 2845 3270 2893; x_wconf 91' lang='lat' dir='ltr'><strong>est</strong></span> <span class='ocrx_word' id='word_1_446' title='bbox 3300 2838 3353 2892; x_wconf 94' lang='lat' dir='ltr'><strong>in</strong></span> <span class='ocrx_word' id='word_1_447' title='bbox 3384 2852 3474 2894; x_wconf 90' lang='lat' dir='ltr'><strong>me</strong></span> 
     </span>
    </p>
   </div>
   <div class='ocr_carea' id='block_1_59' title="bbox 1883 2931 3470 3002">
    <p class='ocr_par' dir='ltr' id='par_1_59' title="bbox 1883 2931 3470 3002">
     <span class='ocr_line' id='line_1_59' title="bbox 1883 2931 3470 3002; baseline -0.001 -14"><span class='ocrx_word' id='word_1_448' title='bbox 1883 2934 2140 2988; x_wconf 80' lang='lat' dir='ltr'><strong>auxilium</strong></span> <span class='ocrx_word' id='word_1_449' title='bbox 2167 2934 2356 3002; x_wconf 83' lang='lat' dir='ltr'><strong>gratiae</strong></span> <span class='ocrx_word' id='word_1_450' title='bbox 2403 2943 2526 2988; x_wconf 72' lang='lat' dir='ltr'><strong>tum.</strong></span> <span class='ocrx_word' id='word_1_451' title='bbox 2583 2933 2878 2997; x_wconf 74' lang='lat' dir='ltr'><strong>Extendes,</strong></span> <span class='ocrx_word' id='word_1_452' title='bbox 2914 2932 3153 3000; x_wconf 89' lang='lat' dir='ltr'><strong>inquam,</strong></span> <span class='ocrx_word' id='word_1_453' title='bbox 3187 2931 3278 2986; x_wconf 91' lang='lat' dir='ltr'><strong>hic</strong></span> <span class='ocrx_word' id='word_1_454' title='bbox 3337 2931 3470 2987; x_wconf 90' lang='lat' dir='ltr'><strong>mihi</strong></span> 
     </span>
    </p>
   </div>
   <div class='ocr_carea' id='block_1_60' title="bbox 1884 3023 3470 3094">
    <p class='ocr_par' dir='ltr' id='par_1_60' title="bbox 1884 3023 3470 3094">
     <span class='ocr_line' id='line_1_60' title="bbox 1884 3023 3470 3094; baseline -0.003 -14"><span class='ocrx_word' id='word_1_455' title='bbox 1884 3042 2100 3080; x_wconf 90' lang='lat' dir='ltr'><strong>manum</strong></span> <span class='ocrx_word' id='word_1_456' title='bbox 2135 3035 2280 3080; x_wconf 88' lang='lat' dir='ltr'><strong>tuam</strong></span> <span class='ocrx_word' id='word_1_457' title='bbox 2305 3067 2320 3092; x_wconf 95' lang='lat'><strong>,</strong></span> <span class='ocrx_word' id='word_1_458' title='bbox 2343 3036 2390 3080; x_wconf 90' lang='lat' dir='ltr'><strong>et</strong></span> <span class='ocrx_word' id='word_1_459' title='bbox 2417 3025 2632 3080; x_wconf 90' lang='lat' dir='ltr'><strong>tandem</strong></span> <span class='ocrx_word' id='word_1_460' title='bbox 2648 3033 2770 3094; x_wconf 91' lang='lat' dir='ltr'><strong>post</strong></span> <span class='ocrx_word' id='word_1_461' title='bbox 2797 3031 3026 3078; x_wconf 84' lang='lat' dir='ltr'><strong>mortem</strong></span> <span class='ocrx_word' id='word_1_462' title='bbox 3055 3023 3304 3091; x_wconf 90' lang='lat' dir='ltr'><strong>corporis</strong></span> <span class='ocrx_word' id='word_1_463' title='bbox 3325 3023 3470 3092; x_wconf 77' lang='lat' dir='ltr'><strong>fecit,</strong></span> 
     </span>
    </p>
   </div>
   <div class='ocr_carea' id='block_1_61' title="bbox 1887 3112 3480 3178">
    <p class='ocr_par' dir='ltr' id='par_1_61' title="bbox 1887 3112 3480 3178">
     <span class='ocr_line' id='line_1_61' title="bbox 1887 3112 3480 3178; baseline -0.004 -6"><span class='ocrx_word' id='word_1_464' title='bbox 1887 3117 1940 3172; x_wconf 88' lang='lat' dir='ltr'><strong>id</strong></span> <span class='ocrx_word' id='word_1_465' title='bbox 1966 3125 2050 3172; x_wconf 89' lang='lat' dir='ltr'><strong>est</strong></span> <span class='ocrx_word' id='word_1_466' title='bbox 2073 3116 2234 3171; x_wconf 82' lang='lat' dir='ltr'><strong>faciet</strong></span> <span class='ocrx_word' id='word_1_467' title='bbox 2255 3116 2546 3171; x_wconf 77' lang='lat' dir='ltr'><strong>mesalvum</strong></span> <span class='ocrx_word' id='word_1_468' title='bbox 2573 3116 2785 3170; x_wconf 75' lang='lat' dir='ltr'><strong>dextera</strong></span> <span class='ocrx_word' id='word_1_469' title='bbox 2815 3125 2906 3168; x_wconf 86' lang='lat' dir='ltr'><strong>tua</strong></span> <span class='ocrx_word' id='word_1_470' title='bbox 2928 3154 2944 3178; x_wconf 88' lang='lat'><strong>,</strong></span> <span class='ocrx_word' id='word_1_471' title='bbox 2977 3113 3028 3168; x_wconf 92' lang='lat' dir='ltr'><strong>id</strong></span> <span class='ocrx_word' id='word_1_472' title='bbox 3053 3120 3140 3168; x_wconf 89' lang='lat' dir='ltr'><strong>est</strong></span> <span class='ocrx_word' id='word_1_473' title='bbox 3160 3112 3480 3168; x_wconf 76' lang='lat' dir='ltr'><strong>misericor—</strong></span> 
     </span>
    </p>
   </div>
   <div class='ocr_carea' id='block_1_62' title="bbox 187 3199 3475 3276">
    <p class='ocr_par' dir='ltr' id='par_1_62' title="bbox 187 3199 3475 3276">
     <span class='ocr_line' id='line_1_62' title="bbox 187 3199 3475 3276; baseline -0.005 -12"><span class='ocrx_word' id='word_1_474' title='bbox 187 3210 500 3265; x_wconf 76' lang='lat' dir='ltr'><strong>existentes</strong></span> <span class='ocrx_word' id='word_1_475' title='bbox 535 3207 884 3274; x_wconf 73' lang='lat' dir='ltr'><strong>confiteantur</strong></span> <span class='ocrx_word' id='word_1_476' title='bbox 937 3206 1163 3260; x_wconf 89' lang='lat' dir='ltr'><strong>Domino</strong></span> <span class='ocrx_word' id='word_1_477' title='bbox 1187 3247 1204 3271; x_wconf 84' lang='lat'><strong>,</strong></span> <span class='ocrx_word' id='word_1_478' title='bbox 1261 3203 1510 3272; x_wconf 76' lang='lat' dir='ltr'><strong>exemplo</strong></span> <span class='ocrx_word' id='word_1_479' title='bbox 1568 3217 1667 3257; x_wconf 90' lang='lat' dir='ltr'><strong>suo</strong></span> <span class='ocrx_word' id='word_1_480' title='bbox 1721 3212 1780 3256; x_wconf 88' lang='grc' dir='ltr'><strong>ιιι</strong></span> <span class='ocrx_word' id='word_1_481' title='bbox 1807 3199 1848 3258; x_wconf 85' lang='lat' dir='ltr'>C</span> <span class='ocrx_word' id='word_1_482' title='bbox 1882 3212 1969 3267; x_wconf 72' lang='lat' dir='ltr'><strong>dia</strong></span> <span class='ocrx_word' id='word_1_483' title='bbox 2001 3225 2116 3275; x_wconf 53' lang='lat' dir='ltr'><strong>tua.</strong></span> <span class='ocrx_word' id='word_1_484' title='bbox 2143 3227 2173 3266; x_wconf 61' lang='grc' dir='ltr'>α</span> <span class='ocrx_word' id='word_1_485' title='bbox 2215 3212 2502 3266; x_wconf 66' lang='lat' dir='ltr'><strong>[Ol-mentis</strong></span> <span class='ocrx_word' id='word_1_486' title='bbox 2527 3208 2781 3266; x_wconf 79' lang='lat' dir='ltr'><strong>omnibus</strong></span> <span class='ocrx_word' id='word_1_487' title='bbox 2801 3206 3101 3276; x_wconf 59' lang='lat' dir='ltr'><strong>eripiendo,</strong></span> <span class='ocrx_word' id='word_1_488' title='bbox 3133 3213 3190 3260; x_wconf 79' lang='lat' dir='ltr'><strong>cl,</strong></span> <span class='ocrx_word' id='word_1_489' title='bbox 3229 3205 3298 3260; x_wconf 75' lang='lat' dir='ltr'><strong>ad</strong></span> <span class='ocrx_word' id='word_1_490' title='bbox 3339 3205 3475 3260; x_wconf 68' lang='lat' dir='ltr'><strong>dex-</strong></span> 
     </span>
    </p>
   </div>
   <div class='ocr_carea' id='block_1_63' title="bbox 189 3291 1782 3368">
    <p class='ocr_par' dir='ltr' id='par_1_63' title="bbox 189 3291 1782 3368">
     <span class='ocr_line' id='line_1_63' title="bbox 189 3291 1782 3368; baseline -0.004 -13"><span class='ocrx_word' id='word_1_491' title='bbox 189 3309 407 3356; x_wconf 85' lang='lat' dir='ltr'><strong>cantent</strong></span> <span class='ocrx_word' id='word_1_492' title='bbox 432 3300 487 3353; x_wconf 86' lang='lat' dir='ltr'><strong>in</strong></span> <span class='ocrx_word' id='word_1_493' title='bbox 515 3299 608 3354; x_wconf 81' lang='lat' dir='ltr'><strong>viis</strong></span> <span class='ocrx_word' id='word_1_494' title='bbox 637 3299 774 3368; x_wconf 75' lang='lat' dir='ltr'><strong>ejus,</strong></span> <span class='ocrx_word' id='word_1_495' title='bbox 807 3298 950 3368; x_wconf 92' lang='lat' dir='ltr'><strong>quod</strong></span> <span class='ocrx_word' id='word_1_496' title='bbox 973 3297 1052 3352; x_wconf 89' lang='lat' dir='ltr'><strong>eis</strong></span> <span class='ocrx_word' id='word_1_497' title='bbox 1105 3295 1454 3350; x_wconf 89' lang='lat' dir='ltr'><strong>utilissimum</strong></span> <span class='ocrx_word' id='word_1_498' title='bbox 1511 3302 1615 3348; x_wconf 92' lang='lat' dir='ltr'><strong>est.</strong></span> <span class='ocrx_word' id='word_1_499' title='bbox 1667 3291 1782 3348; x_wconf 85' lang='lat' dir='ltr'><strong>Hoc</strong></span> 
     </span>
    </p>
   </div>
   <div class='ocr_carea' id='block_1_64' title="bbox 190 3385 1781 3453">
    <p class='ocr_par' dir='ltr' id='par_1_64' title="bbox 190 3385 1781 3453">
     <span class='ocr_line' id='line_1_64' title="bbox 190 3385 1781 3453; baseline -0.006 -7"><span class='ocrx_word' id='word_1_500' title='bbox 190 3402 383 3446; x_wconf 88' lang='lat' dir='ltr'><strong>autem</strong></span> <span class='ocrx_word' id='word_1_501' title='bbox 411 3405 474 3444; x_wconf 88' lang='lat' dir='ltr'><strong>ea</strong></span> <span class='ocrx_word' id='word_1_502' title='bbox 502 3388 804 3443; x_wconf 89' lang='lat' dir='ltr'><strong>intentione</strong></span> <span class='ocrx_word' id='word_1_503' title='bbox 834 3386 965 3441; x_wconf 83' lang='lat' dir='ltr'><strong>facit</strong></span> <span class='ocrx_word' id='word_1_504' title='bbox 992 3394 1050 3440; x_wconf 92' lang='lat' dir='ltr'><strong>ut</strong></span> <span class='ocrx_word' id='word_1_505' title='bbox 1089 3385 1370 3440; x_wconf 87' lang='lat' dir='ltr'><strong>auditores</strong></span> <span class='ocrx_word' id='word_1_506' title='bbox 1400 3385 1636 3438; x_wconf 83' lang='lat' dir='ltr'><strong>instruat</strong></span> <span class='ocrx_word' id='word_1_507' title='bbox 1681 3398 1781 3453; x_wconf 91' lang='lat' dir='ltr'><strong>pro</strong></span> 
     </span>
    </p>
   </div>
   <div class='ocr_carea' id='block_1_65' title="bbox 193 3476 1781 3548">
    <p class='ocr_par' dir='ltr' id='par_1_65' title="bbox 193 3476 1781 3548">
     <span class='ocr_line' id='line_1_65' title="bbox 193 3476 1781 3548; baseline -0.008 -8"><span class='ocrx_word' id='word_1_508' title='bbox 193 3485 430 3540; x_wconf 88' lang='lat' dir='ltr'><strong>aliorum</strong></span> <span class='ocrx_word' id='word_1_509' title='bbox 473 3483 707 3538; x_wconf 89' lang='lat' dir='ltr'><strong>utilitate</strong></span> <span class='ocrx_word' id='word_1_510' title='bbox 747 3497 926 3536; x_wconf 72' lang='lat' dir='ltr'><strong>orare.</strong></span> <span class='ocrx_word' id='word_1_511' title='bbox 959 3481 1087 3536; x_wconf 89' lang='lat' dir='ltr'><strong>Dico</strong></span> <span class='ocrx_word' id='word_1_512' title='bbox 1110 3479 1396 3548; x_wconf 78' lang='lat' dir='ltr'><strong>confitebor</strong></span> <span class='ocrx_word' id='word_1_513' title='bbox 1420 3487 1476 3532; x_wconf 89' lang='lat' dir='ltr'><strong>et</strong></span> <span class='ocrx_word' id='word_1_514' title='bbox 1497 3476 1723 3548; x_wconf 73' lang='lat' dir='ltr'><strong>psallam</strong></span> <span class='ocrx_word' id='word_1_515' title='bbox 1763 3489 1781 3528; x_wconf 91' lang='lat'><strong><em>:</em></strong></span> 
     </span>
    </p>
   </div>
   <div class='ocr_carea' id='block_1_66' title="bbox 192 3568 1782 3646">
    <p class='ocr_par' dir='ltr' id='par_1_66' title="bbox 192 3568 1782 3646">
     <span class='ocr_line' id='line_1_66' title="bbox 192 3568 1782 3646; baseline -0.01 -10"><span class='ocrx_word' id='word_1_516' title='bbox 192 3591 250 3636; x_wconf 84' lang='lat' dir='ltr'><strong>et</strong></span> <span class='ocrx_word' id='word_1_517' title='bbox 281 3575 538 3646; x_wconf 78' lang='lat' dir='ltr'><strong>exelnplo</strong></span> <span class='ocrx_word' id='word_1_518' title='bbox 579 3575 682 3629; x_wconf 89' lang='lat' dir='ltr'><strong>mei</strong></span> <span class='ocrx_word' id='word_1_519' title='bbox 707 3572 1058 3642; x_wconf 81' lang='lat' dir='ltr'><strong>conﬁteantur</strong></span> <span class='ocrx_word' id='word_1_520' title='bbox 1085 3571 1178 3624; x_wconf 84' lang='lat' dir='ltr'><strong>tibi</strong></span> <span class='ocrx_word' id='word_1_521' title='bbox 1206 3610 1220 3635; x_wconf 90' lang='lat'><strong>,</strong></span> <span class='ocrx_word' id='word_1_522' title='bbox 1249 3569 1474 3624; x_wconf 80' lang='lat' dir='ltr'><strong>Domine</strong></span> <span class='ocrx_word' id='word_1_523' title='bbox 1496 3608 1511 3634; x_wconf 92' lang='lat'><strong>,</strong></span> <span class='ocrx_word' id='word_1_524' title='bbox 1569 3568 1782 3621; x_wconf 88' lang='lat' dir='ltr'><strong>laudem</strong></span> 
     </span>
    </p>
   </div>
   <div class='ocr_carea' id='block_1_67' title="bbox 193 3657 1784 3734">
    <p class='ocr_par' dir='ltr' id='par_1_67' title="bbox 193 3657 1784 3734">
     <span class='ocr_line' id='line_1_67' title="bbox 193 3657 1784 3734; baseline -0.007 -11"><span class='ocrx_word' id='word_1_525' title='bbox 193 3668 572 3724; x_wconf 84' lang='lat' dir='ltr'><strong>omnimodam</strong></span> <span class='ocrx_word' id='word_1_526' title='bbox 608 3681 782 3719; x_wconf 80' lang='lat' dir='ltr'><strong>omnes</strong></span> <span class='ocrx_word' id='word_1_527' title='bbox 814 3671 1140 3734; x_wconf 77' lang='lat' dir='ltr'><strong>regeslerra&#39;,</strong></span> <span class='ocrx_word' id='word_1_528' title='bbox 1170 3661 1222 3715; x_wconf 89' lang='lat' dir='ltr'><strong>id</strong></span> <span class='ocrx_word' id='word_1_529' title='bbox 1253 3669 1337 3716; x_wconf 87' lang='lat' dir='ltr'><strong>est</strong></span> <span class='ocrx_word' id='word_1_530' title='bbox 1364 3673 1553 3714; x_wconf 89' lang='lat' dir='ltr'><strong>omnes</strong></span> <span class='ocrx_word' id='word_1_531' title='bbox 1578 3657 1784 3722; x_wconf 88' lang='lat' dir='ltr'><strong>ﬁdeles,</strong></span> 
     </span>
    </p>
   </div>
   <div class='ocr_carea' id='block_1_68' title="bbox 195 3739 1788 3831">
    <p class='ocr_par' dir='ltr' id='par_1_68' title="bbox 195 3739 1788 3831">
     <span class='ocr_line' id='line_1_68' title="bbox 195 3739 1788 3831; baseline -0.008 -15"><span class='ocrx_word' id='word_1_532' title='bbox 195 3761 329 3816; x_wconf 82' lang='lat' dir='ltr'><strong>facti</strong></span> <span class='ocrx_word' id='word_1_533' title='bbox 386 3739 529 3831; x_wconf 52' lang='lat' dir='ltr'><strong>rencs</strong></span> <span class='ocrx_word' id='word_1_534' title='bbox 565 3769 719 3813; x_wconf 71' lang='lat' dir='ltr'><strong>terra:</strong></span> <span class='ocrx_word' id='word_1_535' title='bbox 751 3771 880 3822; x_wconf 63' lang='lat' dir='ltr'><strong>sum,</strong></span> <span class='ocrx_word' id='word_1_536' title='bbox 930 3755 984 3811; x_wconf 88' lang='lat' dir='ltr'><strong>id</strong></span> <span class='ocrx_word' id='word_1_537' title='bbox 1038 3763 1125 3810; x_wconf 88' lang='lat' dir='ltr'><strong>est</strong></span> <span class='ocrx_word' id='word_1_538' title='bbox 1170 3752 1540 3810; x_wconf 88' lang='lat' dir='ltr'><strong>sensualitatis</strong></span> <span class='ocrx_word' id='word_1_539' title='bbox 1595 3766 1706 3808; x_wconf 62' lang='lat' dir='ltr'><strong>sua!</strong></span> <span class='ocrx_word' id='word_1_540' title='bbox 1729 3759 1788 3804; x_wconf 90' lang='lat' dir='ltr'><strong>ut</strong></span> 
     </span>
    </p>
   </div>
   <div class='ocr_carea' id='block_1_69' title="bbox 195 3846 1780 3922">
    <p class='ocr_par' dir='ltr' id='par_1_69' title="bbox 195 3846 1780 3922">
     <span class='ocr_line' id='line_1_69' title="bbox 195 3846 1780 3922; baseline -0.008 -13"><span class='ocrx_word' id='word_1_541' title='bbox 195 3857 339 3910; x_wconf 77' lang='lat' dir='ltr'><strong>bene</strong></span> <span class='ocrx_word' id='word_1_542' title='bbox 395 3861 583 3922; x_wconf 83' lang='lat' dir='ltr'><strong>regant</strong></span> <span class='ocrx_word' id='word_1_543' title='bbox 613 3867 757 3916; x_wconf 72' lang='lat' dir='ltr'><strong>eant,</strong></span> <span class='ocrx_word' id='word_1_544' title='bbox 805 3863 860 3906; x_wconf 93' lang='lat' dir='ltr'><strong>ct</strong></span> <span class='ocrx_word' id='word_1_545' title='bbox 887 3849 1091 3906; x_wconf 69' lang='lat' dir='ltr'><strong>Faciant</strong></span> <span class='ocrx_word' id='word_1_546' title='bbox 1120 3860 1318 3904; x_wconf 89' lang='lat' dir='ltr'><strong>terram</strong></span> <span class='ocrx_word' id='word_1_547' title='bbox 1357 3846 1780 3902; x_wconf 88' lang='lat' dir='ltr'><strong>fructiﬁcantem</strong></span> 
     </span>
    </p>
   </div>
   <div class='ocr_carea' id='block_1_70' title="bbox 198 3939 1788 4014">
    <p class='ocr_par' dir='ltr' id='par_1_70' title="bbox 198 3939 1788 4014">
     <span class='ocr_line' id='line_1_70' title="bbox 198 3939 1788 4014; baseline -0.006 -14"><span class='ocrx_word' id='word_1_548' title='bbox 198 3946 313 4002; x_wconf 89' lang='lat' dir='ltr'><strong>Deo</strong></span> <span class='ocrx_word' id='word_1_549' title='bbox 340 3945 481 4000; x_wconf 88' lang='lat' dir='ltr'><strong>bona</strong></span> <span class='ocrx_word' id='word_1_550' title='bbox 507 3960 673 4014; x_wconf 88' lang='lat' dir='ltr'><strong>opera</strong></span> <span class='ocrx_word' id='word_1_551' title='bbox 693 3985 708 4012; x_wconf 92' lang='lat'><strong>,</strong></span> <span class='ocrx_word' id='word_1_552' title='bbox 731 3953 786 4000; x_wconf 87' lang='lat' dir='ltr'><strong>et</strong></span> <span class='ocrx_word' id='word_1_553' title='bbox 832 3959 896 3998; x_wconf 89' lang='lat' dir='ltr'><strong>ea</strong></span> <span class='ocrx_word' id='word_1_554' title='bbox 924 3945 1214 4000; x_wconf 85' lang='lat' dir='ltr'><strong>occasione</strong></span> <span class='ocrx_word' id='word_1_555' title='bbox 1253 3941 1614 3997; x_wconf 87' lang='lat' dir='ltr'><strong>conﬁteantur</strong></span> <span class='ocrx_word' id='word_1_556' title='bbox 1662 3939 1788 4008; x_wconf 84' lang='lat' dir='ltr'><strong>quia</strong></span> 
     </span>
    </p>
   </div>
   <div class='ocr_carea' id='block_1_71' title="bbox 191 4034 1790 4111">
    <p class='ocr_par' dir='ltr' id='par_1_71' title="bbox 191 4034 1790 4111">
     <span class='ocr_line' id='line_1_71' title="bbox 191 4034 1790 4111; baseline -0.004 -17"><span class='ocrx_word' id='word_1_557' title='bbox 191 4042 307 4111; x_wconf 86' lang='lat' dir='ltr'><strong>jam</strong></span> <span class='ocrx_word' id='word_1_558' title='bbox 342 4041 626 4096; x_wconf 82' lang='lat' dir='ltr'><strong>audierunt</strong></span> <span class='ocrx_word' id='word_1_559' title='bbox 650 4041 826 4096; x_wconf 87' lang='lat' dir='ltr'><strong>omnia</strong></span> <span class='ocrx_word' id='word_1_560' title='bbox 849 4040 1001 4095; x_wconf 82' lang='lat' dir='ltr'><strong>verba</strong></span> <span class='ocrx_word' id='word_1_561' title='bbox 1039 4040 1143 4094; x_wconf 79' lang='lat' dir='ltr'><strong>oris</strong></span> <span class='ocrx_word' id='word_1_562' title='bbox 1166 4039 1244 4091; x_wconf 88' lang='lat' dir='ltr'><strong>tui</strong></span> <span class='ocrx_word' id='word_1_563' title='bbox 1282 4051 1380 4108; x_wconf 87' lang='lat' dir='ltr'><strong>per</strong></span> <span class='ocrx_word' id='word_1_564' title='bbox 1404 4034 1790 4106; x_wconf 71' lang='lat' dir='ltr'><strong>prmtlicatores</strong></span> 
     </span>
    </p>
   </div>
   <div class='ocr_carea' id='block_1_72' title="bbox 201 4125 1790 4200">
    <p class='ocr_par' dir='ltr' id='par_1_72' title="bbox 201 4125 1790 4200">
     <span class='ocr_line' id='line_1_72' title="bbox 201 4125 1790 4200; baseline -0.004 -12"><span class='ocrx_word' id='word_1_565' title='bbox 201 4146 356 4200; x_wconf 88' lang='lat' dir='ltr'><strong>tuos,</strong></span> <span class='ocrx_word' id='word_1_566' title='bbox 387 4134 600 4190; x_wconf 89' lang='lat' dir='ltr'><strong>scilicet</strong></span> <span class='ocrx_word' id='word_1_567' title='bbox 633 4134 720 4189; x_wconf 88' lang='lat' dir='ltr'><strong>illa</strong></span> <span class='ocrx_word' id='word_1_568' title='bbox 757 4133 939 4188; x_wconf 90' lang='lat' dir='ltr'><strong>omnia</strong></span> <span class='ocrx_word' id='word_1_569' title='bbox 992 4131 1254 4188; x_wconf 75' lang='lat' dir='ltr'><strong>doctrina:</strong></span> <span class='ocrx_word' id='word_1_570' title='bbox 1313 4137 1418 4183; x_wconf 75' lang='lat' dir='ltr'><strong>tua:</strong></span> <span class='ocrx_word' id='word_1_571' title='bbox 1473 4127 1637 4182; x_wconf 87' lang='lat' dir='ltr'><strong>verba</strong></span> <span class='ocrx_word' id='word_1_572' title='bbox 1667 4166 1682 4192; x_wconf 94' lang='lat'><strong>,</strong></span> <span class='ocrx_word' id='word_1_573' title='bbox 1721 4125 1790 4181; x_wconf 84' lang='lat' dir='ltr'><strong>ad</strong></span> 
     </span>
    </p>
   </div>
   <div class='ocr_carea' id='block_1_73' title="bbox 201 4218 1790 4292">
    <p class='ocr_par' dir='ltr' id='par_1_73' title="bbox 201 4218 1790 4292">
     <span class='ocr_line' id='line_1_73' title="bbox 201 4218 1790 4292; baseline -0.005 -12"><span class='ocrx_word' id='word_1_574' title='bbox 201 4225 623 4282; x_wconf 83' lang='lat' dir='ltr'><strong>instructionem</strong></span> <span class='ocrx_word' id='word_1_575' title='bbox 655 4225 779 4280; x_wconf 83' lang='lat' dir='ltr'><strong>ﬁdei</strong></span> <span class='ocrx_word' id='word_1_576' title='bbox 810 4235 866 4280; x_wconf 93' lang='lat' dir='ltr'><strong>ct</strong></span> <span class='ocrx_word' id='word_1_577' title='bbox 892 4240 1101 4279; x_wconf 87' lang='lat' dir='ltr'><strong>morum</strong></span> <span class='ocrx_word' id='word_1_578' title='bbox 1131 4220 1478 4292; x_wconf 89' lang='lat' dir='ltr'><strong>pertinentia,</strong></span> <span class='ocrx_word' id='word_1_579' title='bbox 1505 4218 1624 4274; x_wconf 88' lang='lat' dir='ltr'><strong>sine</strong></span> <span class='ocrx_word' id='word_1_580' title='bbox 1650 4232 1790 4287; x_wconf 87' lang='lat' dir='ltr'><strong>quo-</strong></span> 
     </span>
    </p>
   </div>
   <div class='ocr_carea' id='block_1_74' title="bbox 200 4311 1792 4385">
    <p class='ocr_par' dir='ltr' id='par_1_74' title="bbox 200 4311 1792 4385">
     <span class='ocr_line' id='line_1_74' title="bbox 200 4311 1792 4385; baseline -0.004 -14"><span class='ocrx_word' id='word_1_581' title='bbox 200 4333 325 4371; x_wconf 86' lang='lat' dir='ltr'><strong>rum</strong></span> <span class='ocrx_word' id='word_1_582' title='bbox 345 4316 534 4370; x_wconf 79' lang='lat' dir='ltr'><strong>notitia</strong></span> <span class='ocrx_word' id='word_1_583' title='bbox 550 4331 709 4371; x_wconf 90' lang='lat' dir='ltr'><strong>nemo</strong></span> <span class='ocrx_word' id='word_1_584' title='bbox 738 4316 998 4382; x_wconf 86' lang='lat' dir='ltr'><strong>salvator,</strong></span> <span class='ocrx_word' id='word_1_585' title='bbox 1029 4330 1149 4385; x_wconf 84' lang='lat' dir='ltr'><strong>quae</strong></span> <span class='ocrx_word' id='word_1_586' title='bbox 1194 4321 1248 4368; x_wconf 92' lang='lat' dir='ltr'><strong>tu</strong></span> <span class='ocrx_word' id='word_1_587' title='bbox 1279 4314 1394 4383; x_wconf 91' lang='lat' dir='ltr'><strong>ipse</strong></span> <span class='ocrx_word' id='word_1_588' title='bbox 1423 4326 1518 4366; x_wconf 90' lang='lat' dir='ltr'><strong>ore</strong></span> <span class='ocrx_word' id='word_1_589' title='bbox 1547 4320 1636 4366; x_wconf 92' lang='lat' dir='ltr'><strong>too</strong></span> <span class='ocrx_word' id='word_1_590' title='bbox 1683 4311 1792 4365; x_wconf 85' lang='lat' dir='ltr'><strong>dis-</strong></span> 
     </span>
    </p>
   </div>
   <div class='ocr_carea' id='block_1_75' title="bbox 201 4389 1790 4480">
    <p class='ocr_par' dir='ltr' id='par_1_75' title="bbox 201 4389 1790 4480">
     <span class='ocr_line' id='line_1_75' title="bbox 201 4389 1790 4480; baseline -0.004 -17"><span class='ocrx_word' id='word_1_591' title='bbox 201 4409 406 4479; x_wconf 85' lang='lat' dir='ltr'><strong>cipulis</strong></span> <span class='ocrx_word' id='word_1_592' title='bbox 433 4409 644 4465; x_wconf 88' lang='lat' dir='ltr'><strong>locutus</strong></span> <span class='ocrx_word' id='word_1_593' title='bbox 674 4425 753 4463; x_wconf 88' lang='lat' dir='ltr'><strong>es.</strong></span> <span class='ocrx_word' id='word_1_594' title='bbox 785 4410 950 4464; x_wconf 79' lang='lat' dir='ltr'><strong>Multa</strong></span> <span class='ocrx_word' id='word_1_595' title='bbox 987 4410 1186 4480; x_wconf 88' lang='lat' dir='ltr'><strong>quippe</strong></span> <span class='ocrx_word' id='word_1_596' title='bbox 1222 4389 1447 4479; x_wconf 78' lang='lat' dir='ltr'><strong>mystica</strong></span> <span class='ocrx_word' id='word_1_597' title='bbox 1479 4417 1533 4460; x_wconf 92' lang='lat' dir='ltr'><strong>ct</strong></span> <span class='ocrx_word' id='word_1_598' title='bbox 1590 4419 1790 4459; x_wconf 86' lang='lat' dir='ltr'><strong>arcana</strong></span> 
     </span>
    </p>
   </div>
   <div class='ocr_carea' id='block_1_76' title="bbox 203 4498 1790 4570">
    <p class='ocr_par' dir='ltr' id='par_1_76' title="bbox 203 4498 1790 4570">
     <span class='ocr_line' id='line_1_76' title="bbox 203 4498 1790 4570; baseline -0.004 -16"><span class='ocrx_word' id='word_1_599' title='bbox 203 4501 426 4566; x_wconf 76' lang='lat' dir='ltr'><strong>locutus</strong></span> <span class='ocrx_word' id='word_1_600' title='bbox 445 4499 930 4570; x_wconf 73' lang='lat' dir='ltr'><strong>cstDmninusqtne</strong></span> <span class='ocrx_word' id='word_1_601' title='bbox 957 4516 1063 4554; x_wconf 89' lang='lat' dir='ltr'><strong>non</strong></span> <span class='ocrx_word' id='word_1_602' title='bbox 1087 4499 1268 4554; x_wconf 89' lang='lat' dir='ltr'><strong>omnia</strong></span> <span class='ocrx_word' id='word_1_603' title='bbox 1297 4498 1583 4552; x_wconf 87' lang='lat' dir='ltr'><strong>audierunt</strong></span> <span class='ocrx_word' id='word_1_604' title='bbox 1603 4508 1790 4547; x_wconf 90' lang='lat' dir='ltr'><strong>omnes</strong></span> 
     </span>
    </p>
   </div>
   <div class='ocr_carea' id='block_1_77' title="bbox 205 4587 1789 4664">
    <p class='ocr_par' dir='ltr' id='par_1_77' title="bbox 205 4587 1789 4664">
     <span class='ocr_line' id='line_1_77' title="bbox 205 4587 1789 4664; baseline -0.004 -17"><span class='ocrx_word' id='word_1_605' title='bbox 205 4609 365 4664; x_wconf 81' lang='lat' dir='ltr'><strong>rcges</strong></span> <span class='ocrx_word' id='word_1_606' title='bbox 409 4601 586 4646; x_wconf 66' lang='lat' dir='ltr'><strong>terrae.</strong></span> <span class='ocrx_word' id='word_1_607' title='bbox 619 4593 850 4664; x_wconf 87' lang='lat' dir='ltr'><strong>Ideoque</strong></span> <span class='ocrx_word' id='word_1_608' title='bbox 884 4592 1166 4647; x_wconf 85' lang='lat' dir='ltr'><strong>comdicat</strong></span> <span class='ocrx_word' id='word_1_609' title='bbox 1187 4592 1360 4644; x_wconf 86' lang='lat' dir='ltr'><strong>omnia</strong></span> <span class='ocrx_word' id='word_1_610' title='bbox 1387 4588 1538 4644; x_wconf 81' lang='lat' dir='ltr'><strong>verba</strong></span> <span class='ocrx_word' id='word_1_611' title='bbox 1561 4587 1667 4640; x_wconf 77' lang='lat' dir='ltr'><strong>oris</strong></span> <span class='ocrx_word' id='word_1_612' title='bbox 1690 4589 1789 4652; x_wconf 87' lang='lat' dir='ltr'><strong>tui,</strong></span> 
     </span>
    </p>
   </div>
   <div class='ocr_carea' id='block_1_78' title="bbox 201 4681 1794 4752">
    <p class='ocr_par' dir='ltr' id='par_1_78' title="bbox 201 4681 1794 4752">
     <span class='ocr_line' id='line_1_78' title="bbox 201 4681 1794 4752; baseline -0.004 -10"><span class='ocrx_word' id='word_1_613' title='bbox 201 4688 684 4746; x_wconf 81' lang='lat' dir='ltr'><strong>determinandum</strong></span> <span class='ocrx_word' id='word_1_614' title='bbox 711 4692 873 4745; x_wconf 89' lang='lat' dir='ltr'><strong>estde</strong></span> <span class='ocrx_word' id='word_1_615' title='bbox 895 4688 998 4743; x_wconf 87' lang='lat' dir='ltr'><strong>illis</strong></span> <span class='ocrx_word' id='word_1_616' title='bbox 1028 4688 1208 4743; x_wconf 81' lang='lat' dir='ltr'><strong>verbis</strong></span> <span class='ocrx_word' id='word_1_617' title='bbox 1220 4687 1422 4742; x_wconf 82' lang='lat' dir='ltr'><strong>dictum</strong></span> <span class='ocrx_word' id='word_1_618' title='bbox 1436 4699 1579 4750; x_wconf 88' lang='lat' dir='ltr'><strong>esse,</strong></span> <span class='ocrx_word' id='word_1_619' title='bbox 1592 4697 1710 4752; x_wconf 60' lang='lat' dir='ltr'><strong>qua:</strong></span> <span class='ocrx_word' id='word_1_620' title='bbox 1726 4681 1794 4737; x_wconf 88' lang='lat' dir='ltr'><strong>ad</strong></span> 
     </span>
    </p>
   </div>
   <div class='ocr_carea' id='block_1_79' title="bbox 206 4774 1795 4850">
    <p class='ocr_par' dir='ltr' id='par_1_79' title="bbox 206 4774 1795 4850">
     <span class='ocr_line' id='line_1_79' title="bbox 206 4774 1795 4850; baseline -0.005 -16"><span class='ocrx_word' id='word_1_621' title='bbox 206 4784 374 4837; x_wconf 87' lang='lat' dir='ltr'><strong>ﬁlem</strong></span> <span class='ocrx_word' id='word_1_622' title='bbox 441 4790 493 4835; x_wconf 92' lang='lat' dir='ltr'><strong>et</strong></span> <span class='ocrx_word' id='word_1_623' title='bbox 571 4796 751 4837; x_wconf 85' lang='lat' dir='ltr'><strong>mores</strong></span> <span class='ocrx_word' id='word_1_624' title='bbox 811 4780 1098 4836; x_wconf 87' lang='lat' dir='ltr'><strong>attineotia</strong></span> <span class='ocrx_word' id='word_1_625' title='bbox 1159 4781 1414 4850; x_wconf 80' lang='lat' dir='ltr'><strong>ignorare</strong></span> <span class='ocrx_word' id='word_1_626' title='bbox 1473 4792 1580 4830; x_wconf 86' lang='lat' dir='ltr'><strong>non</strong></span> <span class='ocrx_word' id='word_1_627' title='bbox 1645 4774 1795 4828; x_wconf 82' lang='lat' dir='ltr'><strong>licet.</strong></span> 
     </span>
    </p>
   </div>
   <div class='ocr_carea' id='block_1_80' title="bbox 210 4867 1796 4944">
    <p class='ocr_par' dir='ltr' id='par_1_80' title="bbox 210 4867 1796 4944">
     <span class='ocr_line' id='line_1_80' title="bbox 210 4867 1796 4944; baseline -0.008 -15"><span class='ocrx_word' id='word_1_628' title='bbox 210 4873 370 4930; x_wconf 88' lang='lat' dir='ltr'><strong>Unde</strong></span> <span class='ocrx_word' id='word_1_629' title='bbox 407 4872 603 4944; x_wconf 79' lang='lat' dir='ltr'><strong>legitur</strong></span> <span class='ocrx_word' id='word_1_630' title='bbox 663 4873 716 4927; x_wconf 91' lang='lat' dir='ltr'><strong>in</strong></span> <span class='ocrx_word' id='word_1_631' title='bbox 767 4872 1026 4943; x_wconf 80' lang='lat' dir='ltr'><strong>Apostolo</strong></span> <span class='ocrx_word' id='word_1_632' title='bbox 1072 4889 1084 4924; x_wconf 91' lang='lat'>:</span> <span class='ocrx_word' id='word_1_633' title='bbox 1123 4892 1140 4923; x_wconf 74' lang='grc' dir='ltr'><strong>ι</strong></span> <span class='ocrx_word' id='word_1_634' title='bbox 1170 4867 1796 4940; x_wconf 70' lang='lat' dir='ltr'><strong>Ignoransignorabitur</strong></span> 
     </span>
    </p>
   </div>
   <div class='ocr_carea' id='block_1_81' title="bbox 207 4957 1796 5036">
    <p class='ocr_par' dir='ltr' id='par_1_81' title="bbox 207 4957 1796 5036">
     <span class='ocr_line' id='line_1_81' title="bbox 207 4957 1796 5036; baseline -0.008 -16"><span class='ocrx_word' id='word_1_635' title='bbox 207 4967 261 5036; x_wconf 89' lang='grc'><strong>(1</strong></span> <span class='ocrx_word' id='word_1_636' title='bbox 293 4965 708 5036; x_wconf 68' lang='grc' dir='ltr'><strong>ϐον.χιν,58).›</strong></span> <span class='ocrx_word' id='word_1_637' title='bbox 728 4966 1123 5030; x_wconf 84' lang='lat' dir='ltr'><strong>Conﬁteantnr,</strong></span> <span class='ocrx_word' id='word_1_638' title='bbox 1150 4964 1395 5032; x_wconf 88' lang='lat' dir='ltr'><strong>inquam,</strong></span> <span class='ocrx_word' id='word_1_639' title='bbox 1421 4957 1796 5028; x_wconf 89' lang='lat' dir='ltr'><strong>ctsicquidem</strong></span> 
     </span>
    </p>
   </div>
   <div class='ocr_carea' id='block_1_82' title="bbox 207 5049 1803 5128">
    <p class='ocr_par' dir='ltr' id='par_1_82' title="bbox 207 5049 1803 5128">
     <span class='ocr_line' id='line_1_82' title="bbox 207 5049 1803 5128; baseline -0.006 -16"><span class='ocrx_word' id='word_1_640' title='bbox 207 5058 356 5128; x_wconf 85' lang='lat' dir='ltr'><strong>quod</strong></span> <span class='ocrx_word' id='word_1_641' title='bbox 381 5058 558 5112; x_wconf 75' lang='lat' dir='ltr'><strong>inviis</strong></span> <span class='ocrx_word' id='word_1_642' title='bbox 589 5057 797 5113; x_wconf 79' lang='lat' dir='ltr'><strong>Domini</strong></span> <span class='ocrx_word' id='word_1_643' title='bbox 821 5058 1139 5121; x_wconf 74' lang='lat' dir='ltr'><strong>existentes,</strong></span> <span class='ocrx_word' id='word_1_644' title='bbox 1163 5055 1216 5108; x_wconf 91' lang='lat' dir='ltr'><strong>id</strong></span> <span class='ocrx_word' id='word_1_645' title='bbox 1245 5053 1407 5109; x_wconf 91' lang='lat' dir='ltr'><strong>estin</strong></span> <span class='ocrx_word' id='word_1_646' title='bbox 1441 5049 1803 5120; x_wconf 77' lang='lat' dir='ltr'><strong>contpletiooe</strong></span> 
     </span>
    </p>
   </div>
   <div class='ocr_carea' id='block_1_83' title="bbox 208 5139 1861 5222">
    <p class='ocr_par' dir='ltr' id='par_1_83' title="bbox 208 5139 1861 5222">
     <span class='ocr_line' id='line_1_83' title="bbox 208 5139 1861 5222; baseline -0.004 -16"><span class='ocrx_word' id='word_1_647' title='bbox 208 5161 612 5222; x_wconf 76' lang='lat' dir='ltr'><strong>praeceptorum</strong></span> <span class='ocrx_word' id='word_1_648' title='bbox 650 5153 768 5222; x_wconf 85' lang='lat' dir='ltr'><strong>ejus</strong></span> <span class='ocrx_word' id='word_1_649' title='bbox 819 5167 940 5220; x_wconf 66' lang='lat' dir='ltr'><strong>qua:</strong></span> <span class='ocrx_word' id='word_1_650' title='bbox 986 5157 1111 5204; x_wconf 89' lang='lat' dir='ltr'><strong>sunt</strong></span> <span class='ocrx_word' id='word_1_651' title='bbox 1152 5147 1253 5202; x_wconf 81' lang='lat' dir='ltr'><strong>via:</strong></span> <span class='ocrx_word' id='word_1_652' title='bbox 1305 5147 1372 5200; x_wconf 87' lang='lat' dir='ltr'><strong>ad</strong></span> <span class='ocrx_word' id='word_1_653' title='bbox 1421 5145 1612 5208; x_wconf 87' lang='lat' dir='ltr'><strong>vitam,</strong></span> <span class='ocrx_word' id='word_1_654' title='bbox 1641 5139 1804 5212; x_wconf 66' lang='grc'><strong>548</strong></span> <span class='ocrx_word' id='word_1_655' title='bbox 1858 5198 1861 5200; x_wconf 84' lang='grc'><strong>,</strong></span> 
     </span>
    </p>
   </div>
   <div class='ocr_carea' id='block_1_84' title="bbox 209 5236 1804 5312">
    <p class='ocr_par' dir='ltr' id='par_1_84' title="bbox 209 5236 1804 5312">
     <span class='ocr_line' id='line_1_84' title="bbox 209 5236 1804 5312; baseline -0.006 -14"><span class='ocrx_word' id='word_1_656' title='bbox 209 5255 448 5309; x_wconf 81' lang='lat' dir='ltr'><strong>cantent,</strong></span> <span class='ocrx_word' id='word_1_657' title='bbox 478 5245 531 5298; x_wconf 92' lang='lat' dir='ltr'><strong>id</strong></span> <span class='ocrx_word' id='word_1_658' title='bbox 561 5255 638 5300; x_wconf 89' lang='lat' dir='ltr'><strong>est</strong></span> <span class='ocrx_word' id='word_1_659' title='bbox 668 5245 1002 5300; x_wconf 88' lang='lat' dir='ltr'><strong>delectentur</strong></span> <span class='ocrx_word' id='word_1_660' title='bbox 1029 5241 1230 5312; x_wconf 90' lang='lat' dir='ltr'><strong>inipsis</strong></span> <span class='ocrx_word' id='word_1_661' title='bbox 1255 5240 1358 5295; x_wconf 91' lang='lat' dir='ltr'><strong>viis</strong></span> <span class='ocrx_word' id='word_1_662' title='bbox 1387 5254 1418 5293; x_wconf 89' lang='lat' dir='ltr'><strong>a</strong></span> <span class='ocrx_word' id='word_1_663' title='bbox 1450 5236 1804 5294; x_wconf 87' lang='lat' dir='ltr'><strong>similitudine</strong></span> 
     </span>
    </p>
   </div>
   <div class='ocr_carea' id='block_1_85' title="bbox 211 5328 1801 5407">
    <p class='ocr_par' dir='ltr' id='par_1_85' title="bbox 211 5328 1801 5407">
     <span class='ocr_line' id='line_1_85' title="bbox 211 5328 1801 5407; baseline -0.009 -12"><span class='ocrx_word' id='word_1_664' title='bbox 211 5339 556 5395; x_wconf 89' lang='lat' dir='ltr'><strong>cantantium</strong></span> <span class='ocrx_word' id='word_1_665' title='bbox 588 5338 679 5407; x_wconf 86' lang='lat' dir='ltr'><strong>qui</strong></span> <span class='ocrx_word' id='word_1_666' title='bbox 735 5338 786 5391; x_wconf 90' lang='lat' dir='ltr'><strong>in</strong></span> <span class='ocrx_word' id='word_1_667' title='bbox 843 5345 1006 5391; x_wconf 91' lang='lat' dir='ltr'><strong>cantu</strong></span> <span class='ocrx_word' id='word_1_668' title='bbox 1038 5351 1138 5391; x_wconf 91' lang='lat' dir='ltr'><strong>suo</strong></span> <span class='ocrx_word' id='word_1_669' title='bbox 1170 5333 1528 5388; x_wconf 88' lang='lat' dir='ltr'><strong>delectantur.</strong></span> <span class='ocrx_word' id='word_1_670' title='bbox 1573 5328 1801 5385; x_wconf 70' lang='lat' dir='ltr'><strong>Possunt</strong></span> 
     </span>
    </p>
   </div>
   <div class='ocr_carea' id='block_1_86' title="bbox 213 5421 1803 5501">
    <p class='ocr_par' dir='ltr' id='par_1_86' title="bbox 213 5421 1803 5501">
     <span class='ocr_line' id='line_1_86' title="bbox 213 5421 1803 5501; baseline -0.007 -16"><span class='ocrx_word' id='word_1_671' title='bbox 213 5446 416 5501; x_wconf 86' lang='lat' dir='ltr'><strong>nempe</strong></span> <span class='ocrx_word' id='word_1_672' title='bbox 447 5432 500 5485; x_wconf 94' lang='lat' dir='ltr'><strong>in</strong></span> <span class='ocrx_word' id='word_1_673' title='bbox 529 5432 622 5485; x_wconf 77' lang='lat' dir='ltr'><strong>viis</strong></span> <span class='ocrx_word' id='word_1_674' title='bbox 645 5430 857 5486; x_wconf 89' lang='lat' dir='ltr'><strong>Domini</strong></span> <span class='ocrx_word' id='word_1_675' title='bbox 883 5445 1007 5484; x_wconf 84' lang='lat' dir='ltr'><strong>esse</strong></span> <span class='ocrx_word' id='word_1_676' title='bbox 1029 5430 1108 5484; x_wconf 88' lang='lat' dir='ltr'><strong>sic</strong></span> <span class='ocrx_word' id='word_1_677' title='bbox 1129 5427 1282 5497; x_wconf 86' lang='lat' dir='ltr'><strong>quasi</strong></span> <span class='ocrx_word' id='word_1_678' title='bbox 1317 5425 1488 5481; x_wconf 84' lang='lat' dir='ltr'><strong>invite</strong></span> <span class='ocrx_word' id='word_1_679' title='bbox 1527 5421 1803 5492; x_wconf 89' lang='lat' dir='ltr'><strong>complen-</strong></span> 
     </span>
    </p>
   </div>
   <div class='ocr_carea' id='block_1_87' title="bbox 215 5517 1803 5592">
    <p class='ocr_par' dir='ltr' id='par_1_87' title="bbox 215 5517 1803 5592">
     <span class='ocr_line' id='line_1_87' title="bbox 215 5517 1803 5592; baseline -0.003 -16"><span class='ocrx_word' id='word_1_680' title='bbox 215 5535 300 5578; x_wconf 86' lang='lat' dir='ltr'><strong>tes</strong></span> <span class='ocrx_word' id='word_1_681' title='bbox 324 5533 382 5577; x_wconf 91' lang='lat' dir='ltr'><strong>et</strong></span> <span class='ocrx_word' id='word_1_682' title='bbox 415 5539 518 5577; x_wconf 91' lang='lat' dir='ltr'><strong>non</strong></span> <span class='ocrx_word' id='word_1_683' title='bbox 543 5531 821 5576; x_wconf 88' lang='lat' dir='ltr'><strong>cantarent</strong></span> <span class='ocrx_word' id='word_1_684' title='bbox 865 5521 1008 5592; x_wconf 88' lang='lat' dir='ltr'><strong>quod</strong></span> <span class='ocrx_word' id='word_1_685' title='bbox 1039 5520 1292 5574; x_wconf 87' lang='lat' dir='ltr'><strong>nimirum</strong></span> <span class='ocrx_word' id='word_1_686' title='bbox 1348 5533 1456 5572; x_wconf 88' lang='lat' dir='ltr'><strong>non</strong></span> <span class='ocrx_word' id='word_1_687' title='bbox 1478 5524 1625 5572; x_wconf 87' lang='lat' dir='ltr'><strong>esset</strong></span> <span class='ocrx_word' id='word_1_688' title='bbox 1669 5517 1803 5572; x_wconf 88' lang='lat' dir='ltr'><strong>adeo</strong></span> 
     </span>
    </p>
   </div>
   <div class='ocr_carea' id='block_1_88' title="bbox 217 5608 1800 5682">
    <p class='ocr_par' dir='ltr' id='par_1_88' title="bbox 217 5608 1800 5682">
     <span class='ocr_line' id='line_1_88' title="bbox 217 5608 1800 5682; baseline -0.004 -15"><span class='ocrx_word' id='word_1_689' title='bbox 217 5613 382 5668; x_wconf 86' lang='lat' dir='ltr'><strong>utile:</strong></span> <span class='ocrx_word' id='word_1_690' title='bbox 403 5609 784 5681; x_wconf 84' lang='lat' dir='ltr'><strong>Conﬁteantur,</strong></span> <span class='ocrx_word' id='word_1_691' title='bbox 802 5615 1102 5682; x_wconf 84' lang='lat' dir='ltr'><strong>inquam,et</strong></span> <span class='ocrx_word' id='word_1_692' title='bbox 1120 5622 1345 5664; x_wconf 75' lang='lat' dir='ltr'><strong>cantent.</strong></span> <span class='ocrx_word' id='word_1_693' title='bbox 1368 5608 1431 5662; x_wconf 87' lang='lat' dir='ltr'><strong>Et</strong></span> <span class='ocrx_word' id='word_1_694' title='bbox 1447 5609 1546 5663; x_wconf 90' lang='lat' dir='ltr'><strong>hoc</strong></span> <span class='ocrx_word' id='word_1_695' title='bbox 1559 5622 1620 5661; x_wconf 89' lang='lat' dir='ltr'><strong>ea</strong></span> <span class='ocrx_word' id='word_1_696' title='bbox 1642 5622 1800 5661; x_wconf 87' lang='lat' dir='ltr'><strong>occa-</strong></span> 
     </span>
    </p>
   </div>
   <div class='ocr_carea' id='block_1_89' title="bbox 217 5685 1806 5775">
    <p class='ocr_par' dir='ltr' id='par_1_89' title="bbox 217 5685 1806 5775">
     <span class='ocr_line' id='line_1_89' title="bbox 217 5685 1806 5775; baseline -0.004 -18"><span class='ocrx_word' id='word_1_697' title='bbox 217 5705 661 5774; x_wconf 77' lang='lat' dir='ltr'><strong>sionczquoniam</strong></span> <span class='ocrx_word' id='word_1_698' title='bbox 677 5722 866 5775; x_wconf 84' lang='lat' dir='ltr'><strong>magna</strong></span> <span class='ocrx_word' id='word_1_699' title='bbox 891 5716 964 5758; x_wconf 77' lang='lat' dir='ltr'><strong>est</strong></span> <span class='ocrx_word' id='word_1_700' title='bbox 991 5685 1157 5774; x_wconf 76' lang='lat' dir='ltr'><strong>gloria</strong></span> <span class='ocrx_word' id='word_1_701' title='bbox 1190 5701 1424 5766; x_wconf 87' lang='lat' dir='ltr'><strong>Domini,</strong></span> <span class='ocrx_word' id='word_1_702' title='bbox 1449 5715 1610 5770; x_wconf 91' lang='lat' dir='ltr'><strong>quam</strong></span> <span class='ocrx_word' id='word_1_703' title='bbox 1636 5695 1694 5752; x_wconf 76' lang='lat' dir='ltr'><strong>“in</strong></span> <span class='ocrx_word' id='word_1_704' title='bbox 1723 5698 1806 5751; x_wconf 81' lang='lat' dir='ltr'><strong>fo-</strong></span> 
     </span>
    </p>
   </div>
   <div class='ocr_carea' id='block_1_90' title="bbox 225 5791 1804 5863">
    <p class='ocr_par' dir='ltr' id='par_1_90' title="bbox 225 5791 1804 5863">
     <span class='ocr_line' id='line_1_90' title="bbox 225 5791 1804 5863; baseline -0.003 -11"><span class='ocrx_word' id='word_1_705' title='bbox 225 5806 351 5852; x_wconf 82' lang='lat' dir='ltr'><strong>turo</strong></span> <span class='ocrx_word' id='word_1_706' title='bbox 379 5797 530 5853; x_wconf 85' lang='lat' dir='ltr'><strong>dabit</strong></span> <span class='ocrx_word' id='word_1_707' title='bbox 555 5797 940 5854; x_wconf 87' lang='lat' dir='ltr'><strong>conﬁtentibus</strong></span> <span class='ocrx_word' id='word_1_708' title='bbox 966 5799 1100 5862; x_wconf 81' lang='lat' dir='ltr'><strong>sibi,</strong></span> <span class='ocrx_word' id='word_1_709' title='bbox 1123 5807 1177 5852; x_wconf 89' lang='lat' dir='ltr'><strong>et</strong></span> <span class='ocrx_word' id='word_1_710' title='bbox 1210 5797 1262 5850; x_wconf 92' lang='lat' dir='ltr'><strong>in</strong></span> <span class='ocrx_word' id='word_1_711' title='bbox 1293 5795 1383 5850; x_wconf 80' lang='lat' dir='ltr'><strong>viis</strong></span> <span class='ocrx_word' id='word_1_712' title='bbox 1409 5793 1525 5863; x_wconf 81' lang='lat' dir='ltr'><strong>ejus</strong></span> <span class='ocrx_word' id='word_1_713' title='bbox 1539 5791 1804 5848; x_wconf 46' lang='lat' dir='ltr'><strong>cantanti-</strong></span> 
     </span>
    </p>
   </div>
   <div class='ocr_carea' id='block_1_91' title="bbox 1888 3302 2747 3360">
    <p class='ocr_par' dir='ltr' id='par_1_91' title="bbox 1888 3302 2747 3360">
     <span class='ocr_line' id='line_1_91' title="bbox 1888 3302 2747 3360; baseline -0.006 0"><span class='ocrx_word' id='word_1_714' title='bbox 1888 3316 2060 3360; x_wconf 88' lang='lat' dir='ltr'><strong>teram</strong></span> <span class='ocrx_word' id='word_1_715' title='bbox 2087 3304 2270 3360; x_wconf 83' lang='lat' dir='ltr'><strong>Patris</strong></span> <span class='ocrx_word' id='word_1_716' title='bbox 2301 3320 2387 3360; x_wconf 87' lang='lat' dir='ltr'><strong>me</strong></span> <span class='ocrx_word' id='word_1_717' title='bbox 2410 3302 2747 3358; x_wconf 89' lang='lat' dir='ltr'><strong>collocando.</strong></span> 
     </span>
    </p>
   </div>
   <div class='ocr_carea' id='block_1_92' title="bbox 1955 3389 3476 3461">
    <p class='ocr_par' dir='ltr' id='par_1_92' title="bbox 1955 3389 3476 3461">
     <span class='ocr_line' id='line_1_92' title="bbox 1955 3389 3476 3461; baseline -0.007 -7"><span class='ocrx_word' id='word_1_718' title='bbox 1955 3398 2084 3454; x_wconf 84' lang='lat' dir='ltr'><strong>Post</strong></span> <span class='ocrx_word' id='word_1_719' title='bbox 2132 3413 2243 3454; x_wconf 80' lang='lat' dir='ltr'><strong>sua:</strong></span> <span class='ocrx_word' id='word_1_720' title='bbox 2294 3397 2484 3452; x_wconf 90' lang='lat' dir='ltr'><strong>salutis</strong></span> <span class='ocrx_word' id='word_1_721' title='bbox 2530 3395 2924 3459; x_wconf 87' lang='lat' dir='ltr'><strong>ostensioncm,</strong></span> <span class='ocrx_word' id='word_1_722' title='bbox 2983 3391 3220 3450; x_wconf 88' lang='lat' dir='ltr'><strong>ostendit</strong></span> <span class='ocrx_word' id='word_1_723' title='bbox 3269 3389 3476 3461; x_wconf 84' lang='lat' dir='ltr'><strong>justam</strong></span> 
     </span>
    </p>
   </div>
   <div class='ocr_carea' id='block_1_93' title="bbox 1888 3479 3476 3556">
    <p class='ocr_par' dir='ltr' id='par_1_93' title="bbox 1888 3479 3476 3556">
     <span class='ocr_line' id='line_1_93' title="bbox 1888 3479 3476 3556; baseline -0.008 -10"><span class='ocrx_word' id='word_1_724' title='bbox 1888 3490 2234 3546; x_wconf 89' lang='lat' dir='ltr'><strong>inimicorum</strong></span> <span class='ocrx_word' id='word_1_725' title='bbox 2269 3489 2711 3552; x_wconf 88' lang='lat' dir='ltr'><strong>retributionem;</strong></span> <span class='ocrx_word' id='word_1_726' title='bbox 2744 3485 3131 3556; x_wconf 87' lang='lat' dir='ltr'><strong>apostropham</strong></span> <span class='ocrx_word' id='word_1_727' title='bbox 3163 3481 3372 3538; x_wconf 81' lang='lat' dir='ltr'><strong>faciens</strong></span> <span class='ocrx_word' id='word_1_728' title='bbox 3405 3479 3476 3534; x_wconf 89' lang='lat' dir='ltr'><strong>ad</strong></span> 
     </span>
    </p>
   </div>
   <div class='ocr_carea' id='block_1_94' title="bbox 1887 3573 3470 3646">
    <p class='ocr_par' dir='ltr' id='par_1_94' title="bbox 1887 3573 3470 3646">
     <span class='ocr_line' id='line_1_94' title="bbox 1887 3573 3470 3646; baseline -0.009 -8"><span class='ocrx_word' id='word_1_729' title='bbox 1887 3583 2186 3646; x_wconf 90' lang='lat' dir='ltr'><strong>auditores,</strong></span> <span class='ocrx_word' id='word_1_730' title='bbox 2211 3590 2268 3634; x_wconf 93' lang='lat' dir='ltr'><strong>ot</strong></span> <span class='ocrx_word' id='word_1_731' title='bbox 2291 3595 2386 3636; x_wconf 89' lang='lat' dir='ltr'><strong>eos</strong></span> <span class='ocrx_word' id='word_1_732' title='bbox 2411 3579 2478 3633; x_wconf 91' lang='lat' dir='ltr'><strong>ab</strong></span> <span class='ocrx_word' id='word_1_733' title='bbox 2509 3577 2852 3632; x_wconf 83' lang='lat' dir='ltr'><strong>inimicorum</strong></span> <span class='ocrx_word' id='word_1_734' title='bbox 2877 3573 3260 3631; x_wconf 88' lang='lat' dir='ltr'><strong>conformitate</strong></span> <span class='ocrx_word' id='word_1_735' title='bbox 3289 3579 3470 3626; x_wconf 86' lang='lat' dir='ltr'><strong>retra-</strong></span> 
     </span>
    </p>
   </div>
   <div class='ocr_carea' id='block_1_95' title="bbox 1889 3661 3478 3738">
    <p class='ocr_par' dir='ltr' id='par_1_95' title="bbox 1889 3661 3478 3738">
     <span class='ocr_line' id='line_1_95' title="bbox 1889 3661 3478 3738; baseline -0.01 -8"><span class='ocrx_word' id='word_1_736' title='bbox 1889 3677 1985 3731; x_wconf 89' lang='lat' dir='ltr'><strong>hat</strong></span> <span class='ocrx_word' id='word_1_737' title='bbox 2020 3675 2100 3728; x_wconf 91' lang='lat' dir='ltr'><strong>sic</strong></span> <span class='ocrx_word' id='word_1_738' title='bbox 2124 3689 2138 3727; x_wconf 86' lang='lat'><strong>:</strong></span> <span class='ocrx_word' id='word_1_739' title='bbox 2166 3674 2210 3728; x_wconf 92' lang='grc'>0</span> <span class='ocrx_word' id='word_1_740' title='bbox 2266 3672 2578 3736; x_wconf 90' lang='lat' dir='ltr'><strong>auditores,</strong></span> <span class='ocrx_word' id='word_1_741' title='bbox 2625 3669 2747 3725; x_wconf 91' lang='lat' dir='ltr'><strong>dico</strong></span> <span class='ocrx_word' id='word_1_742' title='bbox 2773 3668 2916 3738; x_wconf 87' lang='lat' dir='ltr'><strong>quod</strong></span> <span class='ocrx_word' id='word_1_743' title='bbox 2951 3682 3032 3720; x_wconf 84' lang='lat' dir='ltr'><strong>me</strong></span> <span class='ocrx_word' id='word_1_744' title='bbox 3082 3664 3282 3722; x_wconf 74' lang='lat' dir='ltr'><strong>salvum</strong></span> <span class='ocrx_word' id='word_1_745' title='bbox 3313 3661 3478 3717; x_wconf 90' lang='lat' dir='ltr'><strong>faciet</strong></span> 
     </span>
    </p>
   </div>
   <div class='ocr_carea' id='block_1_96' title="bbox 1889 3751 3477 3820">
    <p class='ocr_par' dir='ltr' id='par_1_96' title="bbox 1889 3751 3477 3820">
     <span class='ocr_line' id='line_1_96' title="bbox 1889 3751 3477 3820; baseline -0.009 -1"><span class='ocrx_word' id='word_1_746' title='bbox 1889 3763 2168 3820; x_wconf 90' lang='lat' dir='ltr'><strong>Dominus.</strong></span> <span class='ocrx_word' id='word_1_747' title='bbox 2201 3762 2523 3817; x_wconf 90' lang='lat' dir='ltr'><strong>Econtrario</strong></span> <span class='ocrx_word' id='word_1_748' title='bbox 2553 3774 2682 3814; x_wconf 89' lang='lat' dir='ltr'><strong>vero</strong></span> <span class='ocrx_word' id='word_1_749' title='bbox 2726 3758 2982 3812; x_wconf 83' lang='lat' dir='ltr'><strong>Dominus</strong></span> <span class='ocrx_word' id='word_1_750' title='bbox 3015 3755 3259 3812; x_wconf 68' lang='lat' dir='ltr'><strong>retribuet</strong></span> <span class='ocrx_word' id='word_1_751' title='bbox 3305 3753 3358 3808; x_wconf 94' lang='lat' dir='ltr'><strong>in</strong></span> <span class='ocrx_word' id='word_1_752' title='bbox 3389 3751 3477 3806; x_wconf 76' lang='lat' dir='ltr'><strong>fo-</strong></span> 
     </span>
    </p>
   </div>
   <div class='ocr_carea' id='block_1_97' title="bbox 1892 3845 3474 3926">
    <p class='ocr_par' dir='ltr' id='par_1_97' title="bbox 1892 3845 3474 3926">
     <span class='ocr_line' id='line_1_97' title="bbox 1892 3845 3474 3926; baseline -0.008 -16"><span class='ocrx_word' id='word_1_753' title='bbox 1892 3866 2014 3910; x_wconf 88' lang='lat' dir='ltr'><strong>toro</strong></span> <span class='ocrx_word' id='word_1_754' title='bbox 2038 3855 2240 3926; x_wconf 87' lang='lat' dir='ltr'><strong>justam</strong></span> <span class='ocrx_word' id='word_1_755' title='bbox 2271 3853 2508 3908; x_wconf 90' lang='lat' dir='ltr'><strong>inimicis</strong></span> <span class='ocrx_word' id='word_1_756' title='bbox 2531 3852 2666 3906; x_wconf 83' lang='lat' dir='ltr'><strong>meis</strong></span> <span class='ocrx_word' id='word_1_757' title='bbox 2695 3850 3100 3906; x_wconf 88' lang='lat' dir='ltr'><strong>damnationem</strong></span> <span class='ocrx_word' id='word_1_758' title='bbox 3141 3864 3235 3918; x_wconf 84' lang='lat' dir='ltr'><strong>pro</strong></span> <span class='ocrx_word' id='word_1_759' title='bbox 3261 3863 3364 3912; x_wconf 88' lang='lat' dir='ltr'><strong>me,</strong></span> <span class='ocrx_word' id='word_1_760' title='bbox 3419 3845 3474 3899; x_wconf 89' lang='lat' dir='ltr'><strong>id</strong></span> 
     </span>
    </p>
   </div>
   <div class='ocr_carea' id='block_1_98' title="bbox 1890 3937 3472 4015">
    <p class='ocr_par' dir='ltr' id='par_1_98' title="bbox 1890 3937 3472 4015">
     <span class='ocr_line' id='line_1_98' title="bbox 1890 3937 3472 4015; baseline -0.007 -15"><span class='ocrx_word' id='word_1_761' title='bbox 1890 3957 1973 4000; x_wconf 85' lang='lat' dir='ltr'><strong>est</strong></span> <span class='ocrx_word' id='word_1_762' title='bbox 2003 3945 2124 4000; x_wconf 92' lang='lat' dir='ltr'><strong>ideo</strong></span> <span class='ocrx_word' id='word_1_763' title='bbox 2158 3943 2286 4015; x_wconf 90' lang='lat' dir='ltr'><strong>quia</strong></span> <span class='ocrx_word' id='word_1_764' title='bbox 2334 3942 2465 3998; x_wconf 90' lang='lat' dir='ltr'><strong>mihi</strong></span> <span class='ocrx_word' id='word_1_765' title='bbox 2506 3941 2910 3998; x_wconf 89' lang='lat' dir='ltr'><strong>tribulationem</strong></span> <span class='ocrx_word' id='word_1_766' title='bbox 2961 3938 3160 4008; x_wconf 88' lang='lat' dir='ltr'><strong>injuste</strong></span> <span class='ocrx_word' id='word_1_767' title='bbox 3215 3937 3472 3990; x_wconf 83' lang='lat' dir='ltr'><strong>inferunt.</strong></span> 
     </span>
    </p>
   </div>
   <div class='ocr_carea' id='block_1_99' title="bbox 1892 4025 3478 4112">
    <p class='ocr_par' dir='ltr' id='par_1_99' title="bbox 1892 4025 3478 4112">
     <span class='ocr_line' id='line_1_99' title="bbox 1892 4025 3478 4112; baseline -0.01 -15"><span class='ocrx_word' id='word_1_768' title='bbox 1892 4040 1990 4097; x_wconf 79' lang='lat' dir='ltr'><strong>Vel</strong></span> <span class='ocrx_word' id='word_1_769' title='bbox 2019 4057 2112 4112; x_wconf 85' lang='lat' dir='ltr'><strong>pro</strong></span> <span class='ocrx_word' id='word_1_770' title='bbox 2136 4055 2234 4104; x_wconf 81' lang='lat' dir='ltr'><strong>me,</strong></span> <span class='ocrx_word' id='word_1_771' title='bbox 2262 4037 2314 4092; x_wconf 92' lang='lat' dir='ltr'><strong>id</strong></span> <span class='ocrx_word' id='word_1_772' title='bbox 2342 4049 2428 4093; x_wconf 83' lang='lat' dir='ltr'><strong>est</strong></span> <span class='ocrx_word' id='word_1_773' title='bbox 2449 4036 2568 4092; x_wconf 92' lang='lat' dir='ltr'><strong>loco</strong></span> <span class='ocrx_word' id='word_1_774' title='bbox 2599 4036 2726 4102; x_wconf 91' lang='lat' dir='ltr'><strong>mei,</strong></span> <span class='ocrx_word' id='word_1_775' title='bbox 2760 4034 2968 4091; x_wconf 87' lang='lat' dir='ltr'><strong>scilicet</strong></span> <span class='ocrx_word' id='word_1_776' title='bbox 2989 4033 3116 4102; x_wconf 89' lang='lat' dir='ltr'><strong>quia</strong></span> <span class='ocrx_word' id='word_1_777' title='bbox 3139 4029 3219 4084; x_wconf 88' lang='lat' dir='ltr'><strong>eis</strong></span> <span class='ocrx_word' id='word_1_778' title='bbox 3240 4029 3326 4082; x_wconf 90' lang='lat' dir='ltr'><strong>hic</strong></span> <span class='ocrx_word' id='word_1_779' title='bbox 3351 4025 3478 4081; x_wconf 83' lang='lat' dir='ltr'><strong>nolo</strong></span> 
     </span>
    </p>
   </div>
   <div class='ocr_carea' id='block_1_100' title="bbox 1892 4117 3477 4201">
    <p class='ocr_par' dir='ltr' id='par_1_100' title="bbox 1892 4117 3477 4201">
     <span class='ocr_line' id='line_1_100' title="bbox 1892 4117 3477 4201; baseline -0.01 -14"><span class='ocrx_word' id='word_1_780' title='bbox 1892 4133 2035 4188; x_wconf 88' lang='lat' dir='ltr'><strong>mala</strong></span> <span class='ocrx_word' id='word_1_781' title='bbox 2065 4147 2165 4201; x_wconf 92' lang='lat' dir='ltr'><strong>pro</strong></span> <span class='ocrx_word' id='word_1_782' title='bbox 2193 4129 2352 4186; x_wconf 88' lang='lat' dir='ltr'><strong>malis</strong></span> <span class='ocrx_word' id='word_1_783' title='bbox 2382 4131 2704 4184; x_wconf 79' lang='lat' dir='ltr'><strong>retribuere.</strong></span> <span class='ocrx_word' id='word_1_784' title='bbox 2741 4125 2891 4182; x_wconf 90' lang='lat' dir='ltr'><strong>Unde</strong></span> <span class='ocrx_word' id='word_1_785' title='bbox 2914 4121 3202 4192; x_wconf 78' lang='lat' dir='ltr'><strong>Apostolus</strong></span> <span class='ocrx_word' id='word_1_786' title='bbox 3231 4136 3244 4172; x_wconf 93' lang='lat'><strong>:</strong></span> <span class='ocrx_word' id='word_1_787' title='bbox 3289 4138 3307 4169; x_wconf 75' lang='grc' dir='ltr'><strong>ι</strong></span> <span class='ocrx_word' id='word_1_788' title='bbox 3347 4117 3477 4171; x_wconf 80' lang='lat' dir='ltr'><strong>Mihi</strong></span> 
     </span>
    </p>
   </div>
   <div class='ocr_carea' id='block_1_101' title="bbox 1892 4209 3477 4292">
    <p class='ocr_par' dir='ltr' id='par_1_101' title="bbox 1892 4209 3477 4292">
     <span class='ocr_line' id='line_1_101' title="bbox 1892 4209 3477 4292; baseline -0.011 -13"><span class='ocrx_word' id='word_1_789' title='bbox 1892 4224 2211 4287; x_wconf 84' lang='lat' dir='ltr'><strong>vindictam,</strong></span> <span class='ocrx_word' id='word_1_790' title='bbox 2241 4239 2342 4292; x_wconf 80' lang='lat' dir='ltr'><strong>ego</strong></span> <span class='ocrx_word' id='word_1_791' title='bbox 2360 4221 2656 4276; x_wconf 89' lang='lat' dir='ltr'><strong>retribuam</strong></span> <span class='ocrx_word' id='word_1_792' title='bbox 2677 4259 2692 4284; x_wconf 91' lang='lat'><strong>,</strong></span> <span class='ocrx_word' id='word_1_793' title='bbox 2715 4217 2848 4272; x_wconf 89' lang='lat' dir='ltr'><strong>dicit</strong></span> <span class='ocrx_word' id='word_1_794' title='bbox 2878 4213 3134 4270; x_wconf 87' lang='lat' dir='ltr'><strong>Dominus</strong></span> <span class='ocrx_word' id='word_1_795' title='bbox 3178 4209 3353 4282; x_wconf 82' lang='lat' dir='ltr'><strong>(Rom.</strong></span> <span class='ocrx_word' id='word_1_796' title='bbox 3377 4224 3477 4272; x_wconf 77' lang='lat' dir='ltr'><strong>xu,</strong></span> 
     </span>
    </p>
   </div>
   <div class='ocr_carea' id='block_1_102' title="bbox 1900 4303 3476 4387">
    <p class='ocr_par' dir='ltr' id='par_1_102' title="bbox 1900 4303 3476 4387">
     <span class='ocr_line' id='line_1_102' title="bbox 1900 4303 3476 4387; baseline -0.013 -13"><span class='ocrx_word' id='word_1_797' title='bbox 1900 4319 2052 4387; x_wconf 71' lang='grc'><strong>19).»</strong></span> <span class='ocrx_word' id='word_1_798' title='bbox 2095 4317 2227 4372; x_wconf 87' lang='lat' dir='ltr'><strong>Orat</strong></span> <span class='ocrx_word' id='word_1_799' title='bbox 2272 4317 2436 4370; x_wconf 87' lang='lat' dir='ltr'><strong>etiam</strong></span> <span class='ocrx_word' id='word_1_800' title='bbox 2470 4313 2687 4384; x_wconf 84' lang='lat' dir='ltr'><strong>assequi</strong></span> <span class='ocrx_word' id='word_1_801' title='bbox 2735 4311 2881 4380; x_wconf 88' lang='lat' dir='ltr'><strong>quod</strong></span> <span class='ocrx_word' id='word_1_802' title='bbox 2937 4303 3319 4363; x_wconf 87' lang='lat' dir='ltr'><strong>adnumeravit</strong></span> <span class='ocrx_word' id='word_1_803' title='bbox 3358 4303 3476 4387; x_wconf 86' lang='lat' dir='ltr'><strong>sic:</strong></span> 
     </span>
    </p>
   </div>
   <div class='ocr_carea' id='block_1_103' title="bbox 1895 4385 3482 4478">
    <p class='ocr_par' dir='ltr' id='par_1_103' title="bbox 1895 4385 3482 4478">
     <span class='ocr_line' id='line_1_103' title="bbox 1895 4385 3482 4478; baseline -0.011 -13"><span class='ocrx_word' id='word_1_804' title='bbox 1895 4385 2024 4465; x_wconf 85' lang='lat' dir='ltr'><strong>Dico</strong></span> <span class='ocrx_word' id='word_1_805' title='bbox 2054 4409 2217 4478; x_wconf 90' lang='lat' dir='ltr'><strong>quod,</strong></span> <span class='ocrx_word' id='word_1_806' title='bbox 2246 4408 2466 4462; x_wconf 85' lang='lat' dir='ltr'><strong>Domine</strong></span> <span class='ocrx_word' id='word_1_807' title='bbox 2492 4403 2812 4474; x_wconf 80' lang='lat' dir='ltr'><strong>,viviﬁcabis</strong></span> <span class='ocrx_word' id='word_1_808' title='bbox 2864 4419 2944 4456; x_wconf 84' lang='lat' dir='ltr'><strong>me</strong></span> <span class='ocrx_word' id='word_1_809' title='bbox 2975 4400 3203 4456; x_wconf 88' lang='lat' dir='ltr'><strong>interius</strong></span> <span class='ocrx_word' id='word_1_810' title='bbox 3235 4411 3331 4466; x_wconf 88' lang='lat' dir='ltr'><strong>per</strong></span> <span class='ocrx_word' id='word_1_811' title='bbox 3356 4385 3482 4466; x_wconf 62' lang='lat' dir='ltr'><strong>gra-</strong></span> 
     </span>
    </p>
   </div>
   <div class='ocr_carea' id='block_1_104' title="bbox 1896 4489 3481 4555">
    <p class='ocr_par' dir='ltr' id='par_1_104' title="bbox 1896 4489 3481 4555">
     <span class='ocr_line' id='line_1_104' title="bbox 1896 4489 3481 4555; baseline -0.007 0"><span class='ocrx_word' id='word_1_812' title='bbox 1896 4501 2023 4555; x_wconf 90' lang='lat' dir='ltr'><strong>tiam</strong></span> <span class='ocrx_word' id='word_1_813' title='bbox 2057 4501 2107 4554; x_wconf 90' lang='lat' dir='ltr'><strong>in</strong></span> <span class='ocrx_word' id='word_1_814' title='bbox 2163 4498 2450 4554; x_wconf 81' lang='lat' dir='ltr'><strong>\irtutibus</strong></span> <span class='ocrx_word' id='word_1_815' title='bbox 2485 4507 2540 4553; x_wconf 90' lang='lat' dir='ltr'><strong>et</strong></span> <span class='ocrx_word' id='word_1_816' title='bbox 2575 4497 2778 4552; x_wconf 79' lang='lat' dir='ltr'><strong>saluum</strong></span> <span class='ocrx_word' id='word_1_817' title='bbox 2815 4511 2894 4550; x_wconf 85' lang='lat' dir='ltr'><strong>me</strong></span> <span class='ocrx_word' id='word_1_818' title='bbox 2944 4492 3130 4548; x_wconf 86' lang='lat' dir='ltr'><strong>facies.</strong></span> <span class='ocrx_word' id='word_1_819' title='bbox 3165 4492 3225 4546; x_wconf 81' lang='lat' dir='ltr'><strong>Et</strong></span> <span class='ocrx_word' id='word_1_820' title='bbox 3257 4489 3336 4544; x_wconf 90' lang='lat' dir='ltr'><strong>sic</strong></span> <span class='ocrx_word' id='word_1_821' title='bbox 3382 4506 3481 4544; x_wconf 86' lang='lat' dir='ltr'><strong>oro</strong></span> 
     </span>
    </p>
   </div>
   <div class='ocr_carea' id='block_1_105' title="bbox 1898 4585 3484 4659">
    <p class='ocr_par' dir='ltr' id='par_1_105' title="bbox 1898 4585 3484 4659">
     <span class='ocr_line' id='line_1_105' title="bbox 1898 4585 3484 4659; baseline -0.008 -12"><span class='ocrx_word' id='word_1_822' title='bbox 1898 4602 1956 4648; x_wconf 90' lang='lat' dir='ltr'><strong>ut</strong></span> <span class='ocrx_word' id='word_1_823' title='bbox 1982 4593 2092 4653; x_wconf 81' lang='lat' dir='ltr'><strong>ﬁat,</strong></span> <span class='ocrx_word' id='word_1_824' title='bbox 2125 4607 2158 4645; x_wconf 89' lang='grc' dir='ltr'><strong>ο</strong></span> <span class='ocrx_word' id='word_1_825' title='bbox 2187 4590 2428 4655; x_wconf 78' lang='lat' dir='ltr'><strong>Domine,</strong></span> <span class='ocrx_word' id='word_1_826' title='bbox 2471 4588 2596 4659; x_wconf 87' lang='lat' dir='ltr'><strong>quia</strong></span> <span class='ocrx_word' id='word_1_827' title='bbox 2622 4585 2982 4641; x_wconf 77' lang='lat' dir='ltr'><strong>misericordia</strong></span> <span class='ocrx_word' id='word_1_828' title='bbox 3009 4594 3122 4647; x_wconf 87' lang='lat' dir='ltr'><strong>tua,</strong></span> <span class='ocrx_word' id='word_1_829' title='bbox 3143 4597 3307 4652; x_wconf 86' lang='lat' dir='ltr'><strong>quam</strong></span> <span class='ocrx_word' id='word_1_830' title='bbox 3329 4590 3484 4636; x_wconf 81' lang='lat' dir='ltr'><strong>natu-</strong></span> 
     </span>
    </p>
   </div>
   <div class='ocr_carea' id='block_1_106' title="bbox 1899 4673 3482 4747">
    <p class='ocr_par' dir='ltr' id='par_1_106' title="bbox 1899 4673 3482 4747">
     <span class='ocr_line' id='line_1_106' title="bbox 1899 4673 3482 4747; baseline -0.008 -8"><span class='ocrx_word' id='word_1_831' title='bbox 1899 4685 2082 4740; x_wconf 89' lang='lat' dir='ltr'><strong>raliter</strong></span> <span class='ocrx_word' id='word_1_832' title='bbox 2135 4683 2322 4747; x_wconf 89' lang='lat' dir='ltr'><strong>habes,</strong></span> <span class='ocrx_word' id='word_1_833' title='bbox 2381 4680 2642 4735; x_wconf 90' lang='lat' dir='ltr'><strong>duratura</strong></span> <span class='ocrx_word' id='word_1_834' title='bbox 2683 4687 2768 4734; x_wconf 87' lang='lat' dir='ltr'><strong>est</strong></span> <span class='ocrx_word' id='word_1_835' title='bbox 2815 4677 2870 4733; x_wconf 91' lang='lat' dir='ltr'><strong>in</strong></span> <span class='ocrx_word' id='word_1_836' title='bbox 2921 4675 3204 4740; x_wconf 70' lang='lat' dir='ltr'><strong>saxulum,</strong></span> <span class='ocrx_word' id='word_1_837' title='bbox 3233 4673 3285 4727; x_wconf 92' lang='lat' dir='ltr'><strong>id</strong></span> <span class='ocrx_word' id='word_1_838' title='bbox 3317 4673 3482 4729; x_wconf 81' lang='lat' dir='ltr'><strong>estin</strong></span> 
     </span>
    </p>
   </div>
   <div class='ocr_carea' id='block_1_107' title="bbox 1899 4765 3485 4842">
    <p class='ocr_par' dir='ltr' id='par_1_107' title="bbox 1899 4765 3485 4842">
     <span class='ocr_line' id='line_1_107' title="bbox 1899 4765 3485 4842; baseline -0.009 -10"><span class='ocrx_word' id='word_1_839' title='bbox 1899 4788 2182 4838; x_wconf 74' lang='lat' dir='ltr'><strong>teternum;</strong></span> <span class='ocrx_word' id='word_1_840' title='bbox 2217 4790 2278 4828; x_wconf 78' lang='lat' dir='ltr'><strong>ne</strong></span> <span class='ocrx_word' id='word_1_841' title='bbox 2303 4773 2561 4842; x_wconf 74' lang='lat' dir='ltr'><strong>despicias</strong></span> <span class='ocrx_word' id='word_1_842' title='bbox 2587 4787 2744 4840; x_wconf 88' lang='lat' dir='ltr'><strong>opera</strong></span> <span class='ocrx_word' id='word_1_843' title='bbox 2767 4785 3020 4824; x_wconf 87' lang='lat' dir='ltr'><strong>manuum</strong></span> <span class='ocrx_word' id='word_1_844' title='bbox 3048 4778 3282 4830; x_wconf 82' lang='lat' dir='ltr'><strong>tuarum,</strong></span> <span class='ocrx_word' id='word_1_845' title='bbox 3307 4765 3362 4819; x_wconf 87' lang='lat' dir='ltr'><strong>id</strong></span> <span class='ocrx_word' id='word_1_846' title='bbox 3400 4775 3485 4819; x_wconf 88' lang='lat' dir='ltr'><strong>est</strong></span> 
     </span>
    </p>
   </div>
   <div class='ocr_carea' id='block_1_108' title="bbox 1903 4857 3486 4935">
    <p class='ocr_par' dir='ltr' id='par_1_108' title="bbox 1903 4857 3486 4935">
     <span class='ocr_line' id='line_1_108' title="bbox 1903 4857 3486 4935; baseline -0.009 -10"><span class='ocrx_word' id='word_1_847' title='bbox 1903 4885 1971 4925; x_wconf 90' lang='lat' dir='ltr'><strong>ne</strong></span> <span class='ocrx_word' id='word_1_848' title='bbox 1996 4866 2230 4922; x_wconf 84' lang='lat' dir='ltr'><strong>videaris</strong></span> <span class='ocrx_word' id='word_1_849' title='bbox 2279 4865 2556 4935; x_wconf 89' lang='lat' dir='ltr'><strong>despicere</strong></span> <span class='ocrx_word' id='word_1_850' title='bbox 2591 4863 2766 4932; x_wconf 77' lang='lat' dir='ltr'><strong>digna-</strong></span> <span class='ocrx_word' id='word_1_851' title='bbox 2795 4877 2952 4930; x_wconf 78' lang='lat' dir='ltr'><strong>Opera</strong></span> <span class='ocrx_word' id='word_1_852' title='bbox 2985 4871 3098 4926; x_wconf 90' lang='lat' dir='ltr'><strong>tua,</strong></span> <span class='ocrx_word' id='word_1_853' title='bbox 3157 4874 3276 4928; x_wconf 80' lang='lat' dir='ltr'><strong>qtun</strong></span> <span class='ocrx_word' id='word_1_854' title='bbox 3317 4857 3370 4910; x_wconf 90' lang='lat' dir='ltr'><strong>in</strong></span> <span class='ocrx_word' id='word_1_855' title='bbox 3399 4871 3486 4910; x_wconf 90' lang='lat' dir='ltr'><strong>me</strong></span> 
     </span>
    </p>
   </div>
   <div class='ocr_carea' id='block_1_109' title="bbox 1903 4945 3484 5031">
    <p class='ocr_par' dir='ltr' id='par_1_109' title="bbox 1903 4945 3484 5031">
     <span class='ocr_line' id='line_1_109' title="bbox 1903 4945 3484 5031; baseline -0.011 -13"><span class='ocrx_word' id='word_1_856' title='bbox 1903 4960 2116 5031; x_wconf 88' lang='lat' dir='ltr'><strong>operari</strong></span> <span class='ocrx_word' id='word_1_857' title='bbox 2170 4957 2464 5027; x_wconf 72' lang='lat' dir='ltr'><strong>inempiin,</strong></span> <span class='ocrx_word' id='word_1_858' title='bbox 2493 4955 2910 5011; x_wconf 84' lang='lat' dir='ltr'><strong>viviﬁcationcm</strong></span> <span class='ocrx_word' id='word_1_859' title='bbox 2961 4952 3169 5008; x_wconf 88' lang='lat' dir='ltr'><strong>scilicet</strong></span> <span class='ocrx_word' id='word_1_860' title='bbox 3195 4949 3395 5003; x_wconf 72' lang='lat' dir='ltr'><strong>anima:</strong></span> <span class='ocrx_word' id='word_1_861' title='bbox 3428 4945 3484 5001; x_wconf 86' lang='lat' dir='ltr'><strong>in</strong></span> 
     </span>
    </p>
   </div>
   <div class='ocr_carea' id='block_1_110' title="bbox 1903 5037 3486 5120">
    <p class='ocr_par' dir='ltr' id='par_1_110' title="bbox 1903 5037 3486 5120">
     <span class='ocr_line' id='line_1_110' title="bbox 1903 5037 3486 5120; baseline -0.011 -12"><span class='ocrx_word' id='word_1_862' title='bbox 1903 5051 2360 5120; x_wconf 69' lang='lat' dir='ltr'><strong>virtutibus;qua:</strong></span> <span class='ocrx_word' id='word_1_863' title='bbox 2384 5048 2602 5119; x_wconf 89' lang='lat' dir='ltr'><strong>quidem</strong></span> <span class='ocrx_word' id='word_1_864' title='bbox 2620 5062 2784 5117; x_wconf 86' lang='lat' dir='ltr'><strong>opera</strong></span> <span class='ocrx_word' id='word_1_865' title='bbox 2816 5043 3075 5102; x_wconf 83' lang='lat' dir='ltr'><strong>videreris</strong></span> <span class='ocrx_word' id='word_1_866' title='bbox 3111 5039 3408 5110; x_wconf 81' lang='lat' dir='ltr'><strong>deSpiccre,</strong></span> <span class='ocrx_word' id='word_1_867' title='bbox 3439 5037 3486 5091; x_wconf 86' lang='lat' dir='ltr'><strong>si</strong></span> 
     </span>
    </p>
   </div>
   <div class='ocr_carea' id='block_1_111' title="bbox 1904 5127 3489 5204">
    <p class='ocr_par' dir='ltr' id='par_1_111' title="bbox 1904 5127 3489 5204">
     <span class='ocr_line' id='line_1_111' title="bbox 1904 5127 3489 5204; baseline -0.012 -4"><span class='ocrx_word' id='word_1_868' title='bbox 1904 5145 2321 5200; x_wconf 87' lang='lat' dir='ltr'><strong>viviﬁcationem</strong></span> <span class='ocrx_word' id='word_1_869' title='bbox 2347 5140 2492 5195; x_wconf 86' lang='lat' dir='ltr'><strong>illam</strong></span> <span class='ocrx_word' id='word_1_870' title='bbox 2548 5139 2600 5194; x_wconf 90' lang='lat' dir='ltr'><strong>in</strong></span> <span class='ocrx_word' id='word_1_871' title='bbox 2640 5155 2724 5193; x_wconf 92' lang='lat' dir='ltr'><strong>me</strong></span> <span class='ocrx_word' id='word_1_872' title='bbox 2753 5153 2859 5192; x_wconf 87' lang='lat' dir='ltr'><strong>non</strong></span> <span class='ocrx_word' id='word_1_873' title='bbox 2898 5133 3188 5204; x_wconf 85' lang='lat' dir='ltr'><strong>perﬁceres</strong></span> <span class='ocrx_word' id='word_1_874' title='bbox 3215 5171 3228 5182; x_wconf 93' lang='lat'><strong>.</strong></span> <span class='ocrx_word' id='word_1_875' title='bbox 3260 5144 3325 5184; x_wconf 87' lang='lat' dir='ltr'><strong>ac</strong></span> <span class='ocrx_word' id='word_1_876' title='bbox 3346 5127 3489 5183; x_wconf 87' lang='lat' dir='ltr'><strong>sidi-</strong></span> 
     </span>
    </p>
   </div>
   <div class='ocr_carea' id='block_1_112' title="bbox 1906 5215 3490 5293">
    <p class='ocr_par' dir='ltr' id='par_1_112' title="bbox 1906 5215 3490 5293">
     <span class='ocr_line' id='line_1_112' title="bbox 1906 5215 3490 5293; baseline -0.011 -3"><span class='ocrx_word' id='word_1_877' title='bbox 1906 5244 1995 5290; x_wconf 88' lang='lat' dir='ltr'><strong>cat</strong></span> <span class='ocrx_word' id='word_1_878' title='bbox 2032 5232 2280 5288; x_wconf 88' lang='lat' dir='ltr'><strong>:Perﬁee</strong></span> <span class='ocrx_word' id='word_1_879' title='bbox 2318 5231 2373 5287; x_wconf 87' lang='lat' dir='ltr'><strong>in</strong></span> <span class='ocrx_word' id='word_1_880' title='bbox 2427 5245 2514 5285; x_wconf 89' lang='lat' dir='ltr'><strong>me</strong></span> <span class='ocrx_word' id='word_1_881' title='bbox 2557 5223 2936 5284; x_wconf 85' lang='lat' dir='ltr'><strong>viviﬁcationis</strong></span> <span class='ocrx_word' id='word_1_882' title='bbox 2989 5235 3172 5293; x_wconf 78' lang='lat' dir='ltr'><strong>opera,</strong></span> <span class='ocrx_word' id='word_1_883' title='bbox 3222 5235 3344 5289; x_wconf 67' lang='lat' dir='ltr'><strong>quae</strong></span> <span class='ocrx_word' id='word_1_884' title='bbox 3371 5215 3490 5288; x_wconf 86' lang='lat' dir='ltr'><strong>jam</strong></span> 
     </span>
    </p>
   </div>
   <div class='ocr_carea' id='block_1_113' title="bbox 1905 5324 2198 5397">
    <p class='ocr_par' dir='ltr' id='par_1_113' title="bbox 1905 5324 2198 5397">
     <span class='ocr_line' id='line_1_113' title="bbox 1905 5324 2198 5397; baseline -0.017 -15"><span class='ocrx_word' id='word_1_885' title='bbox 1905 5324 2198 5397; x_wconf 66' lang='lat' dir='ltr'><strong>incoepisti.</strong></span> 
     </span>
    </p>
   </div>
   <div class='ocr_carea' id='block_1_114' title="bbox 2253 5402 3117 5476">
    <p class='ocr_par' dir='ltr' id='par_1_114' title="bbox 2253 5402 3117 5476">
     <span class='ocr_line' id='line_1_114' title="bbox 2253 5402 3117 5476; baseline -0.012 -8"><span class='ocrx_word' id='word_1_886' title='bbox 2253 5411 2353 5476; x_wconf 79' lang='grc' dir='ltr'><strong>,ΙΝ</strong></span> <span class='ocrx_word' id='word_1_887' title='bbox 2407 5406 2734 5467; x_wconf 77' lang='lat' dir='ltr'><strong>PSALMUM</strong></span> <span class='ocrx_word' id='word_1_888' title='bbox 2786 5402 3117 5461; x_wconf 75' lang='lat' dir='ltr'><strong>CXXXVIII.</strong></span> 
     </span>
    </p>
   </div>
   <div class='ocr_carea' id='block_1_115' title="bbox 1983 5492 3494 5566">
    <p class='ocr_par' dir='ltr' id='par_1_115' title="bbox 1983 5492 3494 5566">
     <span class='ocr_line' id='line_1_115' title="bbox 1983 5492 3494 5566; baseline -0.013 0"><span class='ocrx_word' id='word_1_889' title='bbox 1983 5509 2196 5566; x_wconf 87' lang='lat' dir='ltr'><strong>Titulus</strong></span> <span class='ocrx_word' id='word_1_890' title='bbox 2217 5505 2496 5563; x_wconf 87' lang='lat' dir='ltr'><strong>centesimi</strong></span> <span class='ocrx_word' id='word_1_891' title='bbox 2535 5501 2794 5557; x_wconf 89' lang='lat' dir='ltr'><strong>tricesimi</strong></span> <span class='ocrx_word' id='word_1_892' title='bbox 2855 5499 3052 5555; x_wconf 86' lang='lat' dir='ltr'><strong>octavi.</strong></span> <span class='ocrx_word' id='word_1_893' title='bbox 3083 5495 3332 5552; x_wconf 70' lang='lat' dir='ltr'><strong>Paulinus</strong></span> <span class='ocrx_word' id='word_1_894' title='bbox 3380 5492 3494 5548; x_wconf 80' lang='lat' dir='ltr'><strong>Da-</strong></span> 
     </span>
    </p>
   </div>
   <div class='ocr_carea' id='block_1_116' title="bbox 1908 5586 3489 5661">
    <p class='ocr_par' dir='ltr' id='par_1_116' title="bbox 1908 5586 3489 5661">
     <span class='ocr_line' id='line_1_116' title="bbox 1908 5586 3489 5661; baseline -0.015 -3"><span class='ocrx_word' id='word_1_895' title='bbox 1908 5604 1991 5658; x_wconf 77' lang='lat' dir='ltr'><strong>vid</strong></span> <span class='ocrx_word' id='word_1_896' title='bbox 2019 5601 2213 5656; x_wconf 79' lang='lat' dir='ltr'><strong>Christi</strong></span> <span class='ocrx_word' id='word_1_897' title='bbox 2244 5595 2561 5653; x_wconf 75' lang='lat' dir='ltr'><strong>rcsoicientis</strong></span> <span class='ocrx_word' id='word_1_898' title='bbox 2589 5595 2642 5647; x_wconf 88' lang='lat' dir='ltr'><strong>in</strong></span> <span class='ocrx_word' id='word_1_899' title='bbox 2663 5594 2846 5661; x_wconf 75' lang='lat' dir='ltr'><strong>finem,</strong></span> <span class='ocrx_word' id='word_1_900' title='bbox 2893 5591 2946 5646; x_wconf 90' lang='lat' dir='ltr'><strong>id</strong></span> <span class='ocrx_word' id='word_1_901' title='bbox 2973 5599 3058 5646; x_wconf 83' lang='lat' dir='ltr'><strong>est</strong></span> <span class='ocrx_word' id='word_1_902' title='bbox 3107 5590 3162 5644; x_wconf 91' lang='lat' dir='ltr'><strong>in</strong></span> <span class='ocrx_word' id='word_1_903' title='bbox 3193 5586 3489 5660; x_wconf 60' lang='lat' dir='ltr'><strong>perfectam</strong></span> 
     </span>
    </p>
   </div>
   <div class='ocr_carea' id='block_1_117' title="bbox 1909 5675 3494 5753">
    <p class='ocr_par' dir='ltr' id='par_1_117' title="bbox 1909 5675 3494 5753">
     <span class='ocr_line' id='line_1_117' title="bbox 1909 5675 3494 5753; baseline -0.011 -7"><span class='ocrx_word' id='word_1_904' title='bbox 1909 5693 1990 5746; x_wconf 86' lang='lat' dir='ltr'><strong>sui</strong></span> <span class='ocrx_word' id='word_1_905' title='bbox 2018 5688 2572 5750; x_wconf 86' lang='lat' dir='ltr'><strong>consummationem;</strong></span> <span class='ocrx_word' id='word_1_906' title='bbox 2600 5684 2665 5738; x_wconf 91' lang='lat' dir='ltr'><strong>de</strong></span> <span class='ocrx_word' id='word_1_907' title='bbox 2689 5699 2794 5752; x_wconf 87' lang='lat' dir='ltr'><strong>qua</strong></span> <span class='ocrx_word' id='word_1_908' title='bbox 2829 5684 2919 5738; x_wconf 88' lang='lat' dir='ltr'><strong>hic</strong></span> <span class='ocrx_word' id='word_1_909' title='bbox 2968 5683 3098 5753; x_wconf 76' lang='lat' dir='ltr'><strong>agit.</strong></span> <span class='ocrx_word' id='word_1_910' title='bbox 3127 5681 3186 5734; x_wconf 89' lang='lat' dir='ltr'><strong>In</strong></span> <span class='ocrx_word' id='word_1_911' title='bbox 3223 5679 3326 5734; x_wconf 91' lang='lat' dir='ltr'><strong>hoc</strong></span> <span class='ocrx_word' id='word_1_912' title='bbox 3345 5675 3494 5731; x_wconf 90' lang='lat' dir='ltr'><strong>enim</strong></span> 
     </span>
    </p>
   </div>
   <div class='ocr_carea' id='block_1_118' title="bbox 1910 5768 3508 5856">
    <p class='ocr_par' dir='ltr' id='par_1_118' title="bbox 1910 5768 3508 5856">
     <span class='ocr_line' id='line_1_118' title="bbox 1910 5768 3508 5856; baseline -0.013 -15"><span class='ocrx_word' id='word_1_913' title='bbox 1910 5783 2119 5856; x_wconf 83' lang='lat' dir='ltr'><strong>psalmo</strong></span> <span class='ocrx_word' id='word_1_914' title='bbox 2138 5780 2451 5837; x_wconf 78' lang='lat' dir='ltr'><strong>Dominiccs</strong></span> <span class='ocrx_word' id='word_1_915' title='bbox 2477 5779 2637 5834; x_wconf 82' lang='lat' dir='ltr'><strong>homo</strong></span> <span class='ocrx_word' id='word_1_916' title='bbox 2660 5778 2725 5832; x_wconf 86' lang='lat' dir='ltr'><strong>ad</strong></span> <span class='ocrx_word' id='word_1_917' title='bbox 2772 5776 3066 5848; x_wconf 75' lang='lat' dir='ltr'><strong>gratiarum</strong></span> <span class='ocrx_word' id='word_1_918' title='bbox 3097 5773 3361 5828; x_wconf 75' lang='lat' dir='ltr'><strong>actionem</strong></span> <span class='ocrx_word' id='word_1_919' title='bbox 3386 5768 3508 5824; x_wconf 84' lang='lat' dir='ltr'><strong>Deo.</strong></span> 
     </span>
    </p>
   </div>
  </div>
