3978 6328
485 301 617 357 1563

1044 299 1100 355 S.
1132 299 1476 357 BTKUNONIS
1509 300 2083 358 CARTHUSIANORt

2187 303 2679 370 INSTITUTOIHS
2718 315 2868 372 OPP.
2911 319 3094 377 PARS
3130 321 3171 376 ι.

3605 329 3751 386 1364

485 418 624 472 Patri
644 417 867 488 loquens
893 457 907 481 ,
977 417 1214 472 ostendit
1266 416 1560 488 perfectam
1609 417 1950 480 innocentiae,
2009 426 2062 472 et
2091 425 2134 483 Α
2166 431 2249 477 est
2282 422 2444 491 Deus,
2469 427 2611 484 sicut
2641 431 2869 499 quilibet
2909 434 2962 488 in
3011 437 3382 495 accubatioue.
3416 438 3534 496 Non
3570 445 3750 500 solum

484 509 720 574 iustitiae,
745 518 799 563 et
829 508 1088 572 scientias,
1115 517 1172 562 et
1202 509 1366 562 totius
1391 508 1646 563 bonitatis
1676 524 1785 562 sua:
1807 524 2058 564 consum-

484 599 803 664 mationem,
835 607 894 651 ut
930 597 1204 652 auditores
1258 598 1651 652 inexcusabilcs
1709 599 1935 658 reddat:
1968 613 2060 654 os-
2097 589 2106 596 ”

484 691 707 746 tendens
733 705 792 746 se
822 692 956 744 adeo
984 691 1201 761 dignum
1239 706 1358 744 esse
1408 705 1527 744 cum
1553 689 1791 758 perfecte
1811 707 2062 746 consum-

484 790 662 834 matus
682 781 752 834 sit
803 797 817 834 :
849 782 915 834 ad
946 781 1099 848 cujus
1139 781 1441 849 exemplum
1473 789 1526 834 et
1580 781 1683 850 ipsi
1713 781 1765 835 in
1797 794 2060 852 quantum

484 870 738 936 possibile
765 881 848 925 est
876 881 1338 935 consummentur,
1375 881 1431 926 et
1469 872 1548 928 sic
1576 889 1670 928 eos
1697 875 1761 929 ad
1811 875 1890 929 sui
1935 892 2063 930 cou-

485 960 812 1018 formitatem
838 963 1098 1016 attrahat.

555 1054 776 1112 Domine
806 1054 970 1110 Pater
995 1056 1223 1124 probasti
1269 1072 1371 1122 me,
1405 1056 1456 1112 id
1505 1067 1589 1113 est
1629 1057 1806 1114 fecisti
1861 1076 1940 1114 me
1973 1075 2067 1130 ap-

485 1150 719 1218 probare
749 1159 804 1202 et
859 1147 1096 1217 experiri
1130 1160 1400 1219 prreccpta
1443 1159 1552 1216 tua,
1583 1160 1644 1204 ut
1669 1152 1798 1206 mihi
1832 1168 1936 1206 non
1983 1153 2066 1207 vi-

485 1240 745 1293 derentur
791 1254 981 1306 aspera
1030 1247 1085 1292 et
1127 1239 1454 1308 injucunda,
1511 1242 1604 1296 sed
1649 1243 1948 1312 probabilia
2013 1253 2069 1298 et

486 1330 775 1386 laudabilia
804 1340 858 1385 et
887 1331 1248 1386 delectabilia.
1305 1332 1432 1388 ihec
1478 1335 1654 1389 oratio
1681 1335 2066 1404 compendiosa

486 1433 587 1491 est,
604 1422 953 1493 tequipoilens
971 1439 1034 1479 ac
1047 1424 1093 1478 si
1122 1434 1379 1494 poneret:
1399 1424 1620 1480 Domine
1642 1425 1820 1492 Pater,
1844 1426 2069 1496 posuisti

487 1527 572 1566 me
613 1513 664 1566 in
695 1513 1138 1582 approbationem
1167 1525 1222 1568 et
1243 1516 1635 1584 experientiam
1674 1526 2068 1586 praeceptorum

489 1612 730 1669 tuorum,
779 1614 939 1660 utea
981 1606 1330 1676 complerem.
1385 1605 1448 1660 Et
1487 1607 1649 1680 549
1705 1626 1786 1662 me
1833 1610 1883 1663 in
1932 1611 2072 1666 hanc

486 1695 876 1764 experientiam
919 1697 1208 1752 adductum
1258 1699 1562 1769 cognovisti,
1609 1703 1660 1756 id
1697 1712 1776 1757 est
1813 1702 2069 1759 dilexisti.

2160 523 2339 570 autem
2373 516 2672 574 intellexisti
2692 525 3056 593 cogitationes,
3085 538 3216 597 ctc.,
3247 533 3342 586 sed
3383 542 3442 586 ut
3466 535 3758 592 universa-

2163 603 2287 660 litcr
2311 607 2508 673 dicam,
2559 620 2629 670 et.
2663 612 2716 667 id
2751 623 2833 668 est
2863 617 3027 670 etiam
3060 636 3236 674 omnes
3278 623 3392 676 vias
3428 641 3570 680 meas
3609 644 3758 690 pra:-

2161 698 2356 764 tn'disti,
2391 699 2441 753 id
2465 710 2548 756 est
2581 705 2926 770 operationes
2955 725 3103 764 meas
3124 727 3314 768 omnes
3340 716 3534 783 quibus
3558 718 3762 773 incedo

2166 789 2820 862 aliteternodisposuisti,
2856 798 2908 852 id
2960 809 3044 854 est
3070 801 3306 857 voluisti.
3356 805 3510 872 Quod
3565 810 3766 878 utique

2166 895 2272 935 non
2299 893 2465 950 esset,
2497 885 2598 940 nisi
2631 887 2836 944 idoneae
2869 901 3072 946 essent.
3127 893 3220 948 Vel
3272 913 3449 951 omnes
3475 901 3586 951 eius
3612 917 3765 952 meas

2164 974 2474 1041 prwvidisti,
2508 975 2560 1030 id
2586 986 2666 1031 est
2690 992 2774 1031 me
2800 981 3098 1050 prtevidere
3121 983 3318 1050 fecisti,
3349 997 3406 1040 ιιι
3433 988 3505 1042 nil
3551 999 3767 1043 temere

2167 1059 2402 1117 facerem
2449 1074 2500 1120 et
2524 1066 2838 1136 improvise,
2901 1073 2997 1126 sed
3036 1075 3215 1128 omnia
3268 1091 3390 1129 cum
3433 1078 3648 1132 ratione
3707 1089 3769 1132 et

2167 1153 2527 1220 providentia.
2556 1157 2630 1211 Ea
2649 1160 2856 1230 quippe
2883 1161 3185 1232 ’sapienter
3209 1176 3478 1238 aguntur,
3503 1186 3625 1238 qua:
3672 1186 3770 1222 ra-

2170 1244 2502 1298 tionabiliter
2523 1250 2905 1318 prmvidcutnr.
2965 1253 3228 1321 Quoniam
3259 1266 3441 1311 autem
3495 1274 3554 1312 se
3581 1260 3650 1313 ad
3679 1262 3772 1314 in-

2171 1335 2523 1390 structionem
2556 1353 2775 1394 suorum
2805 1345 3317 1413 commemlaverat,
3370 1363 3438 1403 ne
3486 1349 3775 1405 videretur

2173 1423 2275 1479 hoc
2312 1441 2377 1479 ex
2409 1431 2713 1500 arrogantia
2738 1431 2931 1489 fecisse
2957 1453 2970 1488 :
3001 1440 3364 1508 arrogantiam
3396 1451 3578 1495 autem
3627 1443 3771 1496 dici—

2175 1533 2312 1582 mus,
2339 1523 2556 1589 quando
2580 1523 2680 1578 sibi
2735 1526 2959 1595 quilibet
3012 1529 3112 1583 hoc
3161 1532 3302 1598 quod
3333 1548 3437 1585 non
3477 1533 3644 1587 habet
3675 1535 3764 1604 ja-

2175 1617 2388 1662 ctantcr
2443 1612 2688 1678 ascribit,
2743 1626 2988 1670 removet
3035 1619 3138 1672 hoc
3187 1620 3469 1676 sic:Dico
3527 1624 3776 1691 probasti

2175 1714 2276 1760 me,
2308 1707 2409 1752 etc.
2444 1698 2555 1754 Hoc
2583 1710 2763 1756 autem
2793 1704 2936 1773 quod
2982 1707 3062 1762 sic
3111 1723 3198 1761 me
3219 1711 3604 1766 commendavi
3635 1713 3776 1766 nulli

490 1788 565 1842 Ea
621 1789 817 1858 quippe
863 1806 984 1859 qua;
1031 1791 1236 1863 diligit,
1291 1795 1488 1850 dicitur
1520 1796 1662 1851 Deus
1712 1812 2065 1867 cognoscere,
2107 1789 2149 1848 Β
2180 1787 2426 1842 videatur
2455 1801 2774 1862 arroganter
2803 1809 2923 1850 esse
2955 1797 3314 1870 dictum,quia
3337 1817 3509 1856 sermo
3534 1803 3642 1857 iste
3663 1819 3778 1872 quo

489 1891 546 1934 et
581 1894 645 1934 ea
675 1897 796 1949 qua:
842 1883 966 1936 odio
1022 1884 1183 1938 habet
1230 1885 1431 1942 dicitur
1483 1889 1716 1944 nescire.
1745 1888 1902 1943 Juxta
1928 1891 2069 1960 quod

491 1971 545 2024 in
584 1970 876 2043 Evangelio
922 1974 988 2028 de
1033 1974 1212 2044 impiis
1250 1987 1303 2031 et
1345 1977 1504 2033 fatuis
1555 1979 1793 2048 legitur:
1849 1999 1866 2030 ι
1904 1984 2073 2034 Amen

491 2061 613 2119 dico
639 2065 809 2129 vobis,
844 2067 1027 2122 nescio
1071 2083 1164 2123 vos
1208 2068 1358 2140 (Luc.
1404 2086 1524 2135 xm,
1559 2071 1658 2137 25;
1707 2071 1892 2125 Matth.
1946 2089 2072 2140 xxv,

493 2154 604 2224 12).
643 2175 663 2208 ι
733 2157 1000 2224 Quoniam
1062 2167 1241 2214 autem
1289 2176 1347 2216 se
1393 2176 1420 2215 a
1493 2163 1601 2216 Deo
1673 2163 1955 2232 probatum
2023 2172 2078 2218 et

491 2248 764 2317 cognitum
794 2261 1216 2314 asseveraverat,
1248 2261 1429 2323 posset
1453 2253 1521 2308 ab
1543 2254 1851 2310 infidelibus
1873 2255 2032 2326 objici
2061 2275 2074 2311 :

493 2336 628 2391 Cum
657 2338 736 2392 sic
763 2341 1020 2407 probatus
1061 2343 1137 2396 sis
1173 2351 1226 2396 et
1257 2345 1522 2414 cognitus,
1558 2346 1750 2400 mirum
1781 2357 1864 2402 est
1894 2363 1992 2403 cur
2031 2357 2080 2404 te

495 2427 638 2483 Deus
671 2441 826 2500 pater
843 2433 1120 2500 permittet
1140 2434 1433 2502 humiliari,
1466 2438 1555 2507 qui
1589 2453 1684 2506 pro
1713 2449 1862 2494 certo
1884 2442 1989 2496 hoc
2014 2441 2081 2498 de

499 2529 553 2574 te
581 2535 685 2575 non
713 2531 1005 2591 pateretur,
1041 2525 1145 2580 nisi
1174 2526 1310 2580 mala
1351 2537 1438 2582 tua
1494 2530 1684 2594 merita
1712 2547 2082 2601 promerereu-

497 2617 607 2663 tur.
631 2611 709 2666 Ad
739 2611 839 2667 hoc
863 2626 992 2683 ergo
1021 2618 1425 2685 removendum,
1472 2619 1554 2673 sic
1592 2621 1740 2675 addit
1765 2641 1777 2676 :
1807 2622 1956 2678 Licet
1994 2640 2081 2680 me

496 2704 812 2774 probaveris
827 2716 881 2761 et
905 2710 1259 2778 cognoveris,
1286 2721 1342 2764 tu
1395 2721 1572 2767 tamen
1608 2715 1699 2784 qui
1724 2715 1796 2770 nil
1844 2717 1968 2770 mali
1999 2718 2082 2773 vis

497 2795 801 2864 cognovisti,
829 2797 884 2852 id
902 2807 985 2854 est
1029 2798 1239 2856 voluisti
1322 2810 1377 2856 et
1411 2803 1479 2856 ab
1525 2815 1729 2860 aeterno
1773 2805 2082 2876 disposuisti

498 2886 777 2938 sessionem
805 2902 994 2954 meam,
1029 2886 1079 2940 id
1103 2897 1184 2943 est
1208 2890 1633 2948 humiliationem
1663 2909 1838 2949 meam
1869 2896 1919 2948 in
1946 2911 2086 2950 mor-

441 2980 451 2990 '
501 2984 612 3031 tem
639 2993 654 3030 :
686 2989 731 3031 et
757 2979 836 3033 sic
887 2995 984 3049 per
1013 2982 1293 3036 sessionem
1332 2986 1614 3055 cognovisti
1654 2989 2084 3042 resurrectionem

501 3085 670 3123 meam
701 3085 720 3124 :
759 3085 822 3125 ac
847 3071 892 3126 si
914 3071 1117 3127 diceret
1148 3091 1159 3126 :
1190 3073 1299 3128 Hoc
1331 3090 1437 3129 non
1469 3077 1571 3130 erit
1595 3092 1658 3131 ex
1693 3078 1847 3133 malis
1878 3080 2085 3133 meritis

2176 1892 2260 1930 nte
2287 1881 2659 1934 commendavi
2683 1899 2786 1936 non
2813 1895 2886 1938 est
2917 1894 3122 1942 tantum
3189 1890 3241 1942 in
3277 1890 3458 1961 lingua
3506 1909 3650 1954 mea,
3681 1895 3780 1947 sed

2174 1966 2336 2019 etiam
2365 1967 2418 2020 in
2448 1983 2505 2022 re
2535 1977 2640 2024 est.
2667 1969 2820 2037 Quod
2851 1983 2934 2029 est
2963 1975 3146 2031 dicere
3186 1995 3199 2030 :
3231 1977 3347 2032 Non
3379 1980 3459 2034 sic
3485 1996 3550 2034 ea
3583 1981 3782 2050 loquor

2175 2063 2235 2108 ιιι
2258 2072 2405 2126 purae
2431 2073 2592 2114 voces
2614 2060 2720 2115 sint
2749 2079 2761 2114 :
2790 2063 2860 2117 ita
2895 2079 3128 2136 namque
3157 2078 3240 2124 est
3285 2070 3336 2123 in
3362 2086 3418 2124 re
3452 2081 3512 2125 ut
3535 2074 3684 2128 dico.
3712 2075 3782 2130 Et

2176 2152 2279 2207 hoc
2303 2153 2394 2208 tibi
2420 2163 2521 2219 est,
2547 2173 2678 2220 ecce,
2723 2158 2773 2211 id
2805 2169 2888 2214 est
2910 2177 3148 2229 pnesens
3197 2172 3252 2218 et
3300 2167 3605 2236 cognitum,
3653 2171 3783 2237 quia

2179 2261 2284 2298 non
2324 2257 2398 2300 est
2427 2263 2596 2301 sermo
2623 2257 2829 2304 tantum
2861 2251 2913 2305 in
2947 2252 3148 2323 lingua.
3183 2243 3276 2308 Tui
3300 2257 3468 2318 enim,
3525 2256 3784 2322 Domine,

2179 2339 2461 2407 cognovisti
2484 2341 2658 2394 omnia
2686 2343 2970 2396 novissima
3002 2355 3049 2398 et
3089 2345 3328 2415 antiqua,
3361 2345 3413 2400 id
3442 2354 3528 2401 est
3552 2359 3789 2416 pneter-

2185 2429 2260 2484 ita
2313 2439 2366 2485 et
2397 2429 2597 2498 futura,
2651 2442 2705 2489 et
2761 2450 2883 2489 cum
2928 2437 3109 2490 omnia
3160 2440 3504 2506 cognoveris,
3562 2449 3620 2495 et
3681 2443 3787 2497 hoc

2181 2535 2396 2591 quoque
2435 2525 2736 2594 cognoscis.
2792 2525 2922 2582 Dico
2975 2529 3119 2597 quod
3185 2531 3441 2599 quoniam
3473 2532 3789 2588 intellexisti

2183 2615 2520 2685 cogitationes
2549 2633 2712 2683 meas,
2769 2631 2815 2672 et
2857 2621 3146 2688 prtevidisti
3175 2639 3351 2678 omnes
3399 2626 3505 2678 vias
3553 2643 3704 2678 meas
3737 2636 3790 2679 et

2182 2705 2416 2773 probasti
2443 2722 2543 2760 me.
2570 2706 2634 2760 Et
2658 2707 2758 2773 sic,
2783 2718 2839 2761 tu
2889 2711 2979 2780 qui
3033 2719 3222 2780 potens
3269 2727 3329 2767 es
3375 2728 3460 2766 me
3515 2711 3786 2778 formare,

2185 2799 2426 2868 formasti
2461 2817 2560 2865 me,
2616 2801 2668 2855 id
2717 2811 2798 2857 est
2844 2818 2929 2858 me
2955 2803 3250 2861 formosum
3308 2807 3542 2862 interius
3607 2807 3788 2862 fecisti

2186 2888 2238 2941 in
2266 2889 2523 2946 moribus.
2564 2890 2713 2945 Licet
2740 2907 2836 2961 per
2880 2893 3254 2952 tribulationes
3297 2897 3484 2951 videar
3531 2895 3787 2950 informis

2186 2981 2447 3035 exterius.
2489 2982 2645 3038 Unde
2685 2982 2968 3039 Psalmisla
3001 2985 3126 3041 alibi
3162 3005 3220 3040 τι
3252 2987 3547 3058 Speciosas
3609 2987 3787 3042 {arma

2188 3086 2298 3142 pra:
2327 3073 2452 3128 liliis
2493 3075 2769 3130 hominum
2808 3075 2980 3147 (Psal.
3007 3095 3156 3144 xuii,
3185 3079 3263 3150 4).
3294 3100 3312 3132 ι
3369 3079 3470 3146 Tu,
3528 3082 3782 3150 inquam,

502 3162 659 3229 meis,
687 3164 826 3232 quod
853 3164 904 3218 in
920 3173 1146 3221 mortem
1175 3167 1518 3235 humilialmr,
1545 3169 1638 3224 sed
1667 3184 1735 3224 ex
1764 3169 1876 3224 sola
1906 3171 2088 3224 νυιυη-
2115 3145 2161 3208 C
2192 3165 2436 3232 fortunati
2489 3183 2586 3220 me.
2642 3166 2708 3220 Et
2755 3185 2910 3236 super
2944 3168 3231 3223 formatum
3288 3169 3516 3239 posuisti
3567 3187 3788 3224 manant

507 3261 614 3306 tate
665 3262 722 3307 et
759 3253 1111 3324 dispositione
1176 3267 1286 3311 tua.
1327 3258 1434 3314 Nec
1463 3261 1631 3314 sofum
1660 3273 1838 3315 au'etn
1863 3278 1942 3316 me
1962 3277 2086 3331 pro-

505 3345 640 3398 basti
661 3356 710 3400 et
739 3348 1040 3418 cognovisti,
1067 3348 1182 3415 sed,
1222 3359 1278 3404 ut
1316 3369 1382 3404 in:
1396 3350 1487 3421 jus
1517 3354 1642 3422 quid
1665 3353 1863 3418 dicam,
1890 3353 2092 3408 intelle-

505 3437 630 3490 εἰ-ιί
656 3438 993 3509 cogitationes
1019 3459 1182 3508 meas,
1209 3443 1365 3498 id'est
1395 3447 1528 3501 adeo
1551 3457 1765 3502 sanctas
1787 3457 1842 3503 et
1869 3447 2090 3503 idoneas

507 3526 679 3582 freiin
707 3531 1041 3599 cogitationes
1057 3551 1196 3588 meas
1214 3543 1272 3588 ut
1292 3534 1562 3591 intellectu
1581 3547 1671 3592 tuo
1683 3549 1865 3595 essent
1895 3540 2088 3608 dignm.

511 3617 606 3672 illa
634 3637 828 3692 nempe
879 3627 1018 3680 Deus
1073 3636 1280 3682 tantum
1339 3629 1638 3702 intelligere
1696 3633 1916 3700 dicitur,
1972 3648 2093 3702 qua:

511 3713 700 3768 idonea
730 3725 853 3770 sum
876 3732 940 3772 ac
974 3719 1018 3773 si-
1051 3721 1197 3775 dicat
1221 3740 1232 3775 :
1253 3722 1495 3780 Dilexisti
1530 3728 1884 3796 cogitationes
1920 3741 2090 3792 meas,

511 3812 702 3873 utpote
747 3805 936 3876 dignas
961 3817 1016 3863 et
1051 3811 1288 3869 idoneas.
1349 3815 1682 3882 Intellexisti,
1743 3819 1984 3889 inquam,
2039 3830 2094 3874 et

511 3895 616 3950 hoc
655 3911 764 3952 uou—
791 3913 818 3950 a
848 3899 1108 3955 moderno
1127 3911 1384 3972 tempore,
1420 3908 1512 3962 sed
1541 3910 1605 3962 de
1625 3909 1796 3979 longe,
1823 3911 1874 3964 id
1904 3918 1987 3965 est
2009 3911 2092 3964 in-

511 3989 766 4046 tellexisti
805 3992 983 4046 omnia
1006 4008 1124 4062 qua:
1145 3996 1377 4066 cogitavi
1411 4016 1438 4052 a
1467 4001 2094 4072 principiohumanitatis

511 4098 664 4136 meze.
713 4083 780 4137 Et
825 4084 1130 4141 intellexisti
1177 4089 1414 4144 semitam
1459 4108 1646 4159 meant,
1679 4094 1731 4148 id
1761 4096 2094 4153 estdilexisti

511 4174 924 4244 completiorezn
964 4178 1204 4233 omnium
1262 4181 1553 4238 arduorum
1605 4193 1660 4239 et
1703 4187 2093 4257 prtecipuorum

508 4276 901 4337 praeceptorum
929 4284 1049 4338 qure
1079 4271 1132 4324 in
1163 4287 1247 4326 me
1281 4282 1386 4340 est,
1409 4290 1528 4345 quze
1557 4276 1747 4331 semita
1780 4278 2002 4345 dicitur,
2028 4295 2094 4336 eo

508 4359 652 4426 tptod
668 4360 734 4413 ad
753 4359 968 4415 modum
986 4362 1194 4418 semita:
1217 4375 1364 4419 arcta
1419 4367 1509 4431 sit,
1555 4368 1605 4420 id
1631 4383 1708 4423 εει
1737 4370 1922 4440 paucis
1948 4387 2096 4427 com-

511 4454 710 4508 munis.
743 4454 809 4509 Et
847 4470 946 4524 per
997 4457 1242 4511 semitam
1280 4467 1335 4514 et
1378 4461 2091 4532 cogitationesinvestigasti,

509 4543 564 4598 ιιι
594 4551 678 4596 cst
711 4558 796 4598 me
830 4545 1156 4617 investigare
1185 4557 1236 4602 et
1265 4551 1549 4618 exquirere
1587 4549 1758 4606 fecisti
1799 4553 2092 4622 funiculum

507 4645 712 4698 meum,
747 4634 798 4687 id
828 4644 910 4690 est
959 4638 1348 4694 dimensionem
1404 4642 1727 4696 [Hereditatis
1765 4659 1924 4708 mete,
1973 4659 2093 4713 qua:

507 4736 608 4792 per
637 4722 929 4780 funiculum
955 4730 1236 4800 accipitur,
1280 4748 1344 4788 eo
1372 4733 1514 4804 quod
1543 4735 1778 4790 funiculo
1809 4736 2092 4793 ltazrcditas

507 4823 872 4871 incusaretur.
920 4819 1070 4885 Quod
1113 4834 1197 4877 est
1259 4825 1478 4880 dicere:
1517 4825 1622 4881 Per
1681 4827 2088 4897 completionetn

507 4908 800 4966 arduorum
827 4920 1214 4980 praeceptorum
1273 4927 1508 4984 tuorum,
1540 4919 1714 4976 fecisti
1773 4935 1860 4975 me
1906 4921 2094 4989 esqui-

505 5017 631 5058 rere
668 5017 697 5056 a
739 5011 792 5056 te
840 5002 1230 5073 luereditatem,
1287 5011 1494 5066 scilicet
1541 5026 1710 5080 genus
1748 5012 2036 5066 lmmanum
2073 5027 2088 5064 :

507 5095 651 5164 quod
706 5094 995 5151 tlitnetiar:
1029 5109 1236 5166 partem
1289 5113 1570 5158 assumens
1621 5104 1673 5158 in
1719 5103 2088 5167 salvatiouem,

503 5200 714 5258 partem
743 5203 874 5244 vero
900 5191 1196 5247 dimittens.
1253 5192 1406 5248 Unde
1462 5195 1513 5247 in
1551 5194 1758 5264 psalmo
1806 5195 2090 5251 secundo:

512 5297 533 5330 ι
573 5278 792 5333 Postula
821 5295 850 5334 a
881 5296 987 5346 me,
1041 5289 1097 5343 α
1154 5284 1292 5339 dabo
1341 5284 1436 5339 tibi
1487 5295 1674 5355 gentes
1725 5287 2092 5344 luereditatem

508 5380 657 5425 tuam
689 5367 864 5439 (Psal.
901 5388 961 5436 ιι,
983 5375 1057 5442 8).
1081 5395 1098 5427 ι
1131 5373 1228 5429 Ubi
1262 5376 1352 5431 hic
1405 5377 1638 5430 habet-ur
1689 5376 2004 5442 funiculum,
2039 5379 2090 5431 in

509 5457 779 5522 Hebraiea
831 5468 1187 5524 translatione
1234 5469 1466 5523 habetur
1519 5468 1927 5522 accubationem.
1964 5468 2092 5535 th

499 5571 612 5614 vox
639 5557 1050 5627 :equipo'lcuter
1097 5559 1180 5612 hic
1213 5561 1352 5614 idem
1417 5559 1662 5628 designat
1687 5572 1807 5612 cum
1836 5557 2090 5623 funiculo,

509 5651 718 5709 scilicet
748 5661 957 5721 partem
987 5649 1388 5716 salvandorum,
1415 5666 1536 5722 qua:
1571 5651 1668 5706 Dei
1703 5649 1982 5705 accubatio
2015 5650 2094 5703 di-

507 5741 672 5809 eitur.
701 5743 752 5799 id
785 5755 866 5800 est
910 5743 1002 5800 Dei
1042 5741 1258 5801 reuuies
1286 5760 1300 5796 :
1329 5758 1393 5796 co
1438 5742 1581 5802 quod
1623 5743 1674 5796 in
1692 5756 1754 5795 ea
1800 5739 2092 5798 delectatus

2194 3267 2358 3320 tuam,
2386 3256 2436 3310 id
2465 3267 2548 3309 est
2577 3256 2831 3310 auxilium
2861 3259 3050 3327 gratiae
3092 3268 3212 3322 tua),
3236 3258 3441 3313 scilicet
3473 3273 3543 3311 ne
3571 3259 3792 3329 aliqua-

2195 3359 2354 3404 tenus
2381 3365 2409 3402 a
2442 3347 2775 3403 formositate
2824 3350 2912 3403 illa
2942 3350 3186 3404 deliciam
3245 3353 3467 3418 posuisti
3516 3367 3685 3420 super
3713 3369 3792 3406 me

2195 3439 2522 3509 adiutorium
2550 3439 2734 3508 gratia:
2759 3445 2882 3504 tum,
2915 3443 3056 3510 quod
3101 3456 3184 3496 me
3215 3439 3372 3496 faciat
3405 3457 3788 3510 perseverare,

2197 3549 2226 3588 a
2254 3533 2606 3588 similitudine
2635 3529 2961 3598 adjuvantis,
2984 3535 3074 3603 qui
3103 3550 3321 3588 manum
3347 3550 3514 3604 super
3547 3536 3788 3606 aliquem

2195 3625 2349 3695 ponit
2374 3633 2432 3676 ut
2463 3639 2582 3677 cum
2618 3633 2800 3679 teneat
2853 3640 2919 3678 ne
2941 3625 3113 3678 cadat.
3160 3624 3464 3678 Notandum
3512 3628 3666 3695 quod
3691 3627 3791 3681 hoc

2199 3727 2370 3774 totum
2403 3718 2604 3773 dictum
2627 3727 2710 3772 est
2735 3727 2976 3787 respectu
2993 3717 3158 3771 solius
3179 3716 3557 3770 luuuanitatis.

2269 3811 2400 3865 Dico
2421 3809 2562 3879 quod
2591 3825 2672 3862 me
2695 3809 2956 3878 formasti,
2979 3817 3084 3862 etc.
3109 3807 3174 3862 Et
3199 3823 3304 3861 non
3347 3805 3522 3861 solum
3593 3807 3791 3862 formo-

2199 3919 2314 3958 sum
2339 3901 2596 3973 5502mc
2620 3903 2674 3957 in
2706 3901 2943 3955 moribus
2967 3899 3162 3962 fecisti,
3195 3897 3466 3952 setlctiam
3495 3898 3785 3957 scienter»,

2198 4005 2257 4049 ut
2297 4006 2349 4050 te
2378 3994 2722 4065 singulariter
2779 4001 2834 4047 et
2879 3992 3141 4046 secretius
3182 3990 3392 4044 caeteris
3445 3989 3672 4044 scirem.
3728 3991 3790 4043 Et

2198 4091 2316 4144 haec
2351 4087 2568 4141 scientia
2603 4097 2716 4150 tua,
2767 4085 2818 4138 id
2850 4092 2931 4138 est
2963 4082 3089 4138 mihi
3124 4097 3152 4135 a
3181 4091 3230 4136 te
3259 4082 3404 4145 data,
3439 4097 3547 4135 non
3580 4090 3668 4136 est
3696 4097 3792 4151 per

2197 4195 2287 4235 me
2339 4177 2760 4247 contemptibilis
2809 4176 2968 4240 facta,
2999 4175 3141 4230 sicut
3168 4173 3268 4228 fuit
3297 4190 3392 4244 per
3432 4175 3639 4239 Adam,
3699 4174 3788 4243 qui

2200 4285 2323 4326 eum
2351 4271 2421 4323 tui
2455 4269 2734 4324 scientiam
2759 4266 3030 4329 habuerit,
3071 4273 3127 4318 et
3179 4265 3248 4318 ah
3302 4280 3363 4318 ea
3397 4264 3539 4318 male
3579 4265 3791 4333 agendo

2199 4359 2689 4422 dissenserit,eam
2739 4355 3196 4424 contemptibilem
3245 4354 3413 4408 videri
3467 4354 3620 4408 fecit.
3657 4353 3788 4406 Illud

2199 4451 2345 4507 enim
2381 4449 2522 4520 quod
2545 4445 2948 4516 contemptibile
2995 4453 3098 4507 est,
3133 4455 3192 4498 ut
3215 4445 3318 4498 vile
3345 4444 3552 4513 aliquid
3587 4443 3786 4496 dimitti

2129 4515 2174 4572 υ
2199 4543 2356 4598 solet;
2386 4515 2502 4596 βίον
2524 4549 2632 4603 est,
2667 4515 2910 4606 inquam,
2937 4553 3033 4606 per
3062 4552 3148 4591 me
3171 4537 3600 4606 contemptibilis
3620 4536 3784 4600 facta,

2196 4637 2292 4694 sed
2327 4636 2540 4690 scientia
2569 4644 2658 4688 tua
2705 4649 2768 4687 ex
2797 4649 2877 4686 me
2913 4632 3052 4686 bene
3095 4637 3377 4699 operante,
3434 4636 3490 4682 et
3515 4628 3598 4682 sic
3641 4629 3692 4682 in
3721 4641 3784 4679 ea

2197 4728 2524 4798 persistente
2571 4725 2824 4778 mirabilis
2876 4724 3018 4792 facta
3056 4731 3130 4776 est
3178 4721 3298 4776 aliis
3326 4731 3381 4775 et
3424 4721 3786 4774 admiratione

2198 4821 2357 4892 digna
2382 4817 2840 4874 etdcsiderabilis.
2868 4817 3001 4871 Cum
3019 4816 3162 4869 enim
3187 4815 3462 4882 sapienter
3487 4829 3576 4867 me
3589 4811 3786 4882 prmdi-

2197 4929 2324 4967 care
2348 4911 2610 4973 viderent,
2646 4917 2702 4962 et
2745 4909 2879 4963 bene
2907 4906 3143 4976 operari,
3165 4905 3446 4959 scientiam
3489 4920 3520 4957 a
3573 4913 3626 4958 te
3657 4899 3786 4956 mihi

2200 5007 2382 5060 datam
2437 5003 2575 5057 miro
2633 5001 2792 5056 modo
2854 5000 3148 5068 pretiosam
3207 5013 3330 5052 esse
3379 4997 3783 5066 indicaverunt.

2203 5097 2424 5152 Undeiu
2450 5092 2788 5164 Evangelio:
2825 5109 2842 5142 ι
2875 5090 3176 5160 Stupebant
3221 5097 3404 5143 autem
3459 5104 3656 5142 attines
3693 5085 3782 5156 qui

2202 5205 2328 5245 eum
2352 5187 2663 5250 audiebant,
2701 5199 2864 5254 super
2930 5181 3216 5252 prudentia
3254 5189 3310 5234 et
3355 5180 3638 5250 responsis
3671 5178 3783 5247 ejus

2205 5280 2357 5353 (Luc.
2386 5296 2444 5344 tt,
2473 5278 2587 5348 d7).
2618 5295 2637 5329 ι
2665 5277 2731 5328 Et
2777 5289 2883 5328 non
2907 5273 3080 5327 solum
3107 5271 3361 5324 mirabilis
3388 5270 3534 5338 facta
3560 5279 3654 5333 est,
3691 5268 3782 5321 sed

2201 5371 2566 5442 etconfortata
2595 5378 2670 5422 est
2735 5368 2788 5421 in
2846 5376 3002 5436 parte
3052 5364 3461 5427 salvandorum,
3527 5378 3648 5431 qua:
3691 5375 3786 5430 per

2198 5466 2370 5519 Adam
2401 5465 2451 5517 in
2475 5461 2618 5516 oumi
2649 5461 2885 5514 humano
2927 5471 3124 5527 genere
3167 5455 3442 5511 debilitata
3478 5453 3688 5520 fnit;ac
3737 5450 3781 5505 si

2199 5560 2342 5614 dicat
2375 5573 2387 5608 :
2417 5554 2654 5611 Seicntia
2675 5569 2779 5620 qua
2808 5561 2860 5606 te
2883 5565 3053 5620 genus
3096 5549 3390 5601 lnnnanum
3445 5546 3632 5606 Sciret,
3685 5545 3781 5596 nisi

2197 5649 2369 5702 Adam
2420 5653 2691 5714 peccaret,
2726 5658 2790 5696 eo
2814 5649 3072 5711 peccante
3125 5638 3204 5692 sic
3257 5637 3539 5690 debilitata
3587 5635 3681 5688 fuit
3729 5633 3780 5686 in

2197 5739 2456 5796 erunibus
2480 5747 2544 5803 ut
2567 5737 2654 5791 vix
2683 5734 2920 5806 aliquam
2953 5739 3056 5790 tute
3083 5730 3284 5787 notitfa:
3309 5726 3658 5786 scintilluiatu
3686 5727 3786 5780 hr
