3978 6328
228 239 380 297 1565

1098 241 1452 299 EXPOSITIO
1479 243 1544 298 IN
1569 243 1899 298 PSALMOS.
1936 273 1998 282 —
2019 242 2213 299 PSAL.
2253 246 2574 302 CXXXVIII.

3354 253 3490 308 sese
3507 336 3510 340 Ι

226 359 471 423 herent,
503 363 558 411 et
593 363 645 413 te
701 356 853 426 quasi
885 371 982 427 per
1030 359 1294 413 somnium
1339 361 1620 415 viderent.
1665 360 1813 414 Unde
1840 379 1887 422 Α
1916 358 2184 413 constabit
2211 361 2334 429 quia
2359 362 2510 416 adest
2533 362 2585 415 in
2619 363 2831 418 medio:
2861 365 2905 420 si
2931 366 3226 444 sumpseris
3248 370 3509 440 pennas!

227 448 404 500 etiam
435 445 633 500 Paulus
665 445 793 500 dicit
821 463 834 500 :
873 464 892 499 ι
928 445 1180 502 Videmus
1231 464 1372 504 nunc
1401 465 1498 520 per
1541 451 1810 522 speculum

227 538 290 593 in
325 541 610 608 aenigmate
634 535 686 606 (Ι
717 536 836 591 Cor.
867 553 984 601 xm,
1014 537 1121 604 I2).
1164 557 1182 590 ι
1213 539 1316 592 Ρει·
1356 557 1488 595 meae
1517 556 1641 595 vero
1673 557 1815 595 mor-

227 630 307 683 tis
338 627 699 682 obedientiam
733 628 958 683 scicntia
1013 637 1114 682 ista
1151 629 1202 682 in
1246 629 1487 684 fidelibus
1539 629 1812 685 conforta-

225 721 407 787 hitur,
435 721 487 775 id
528 730 610 775 est
641 720 1110 786 corroborabitur,
1149 730 1206 776 ut
1253 729 1302 776 te
1329 723 1488 777 etiam
1521 724 1679 779 solito
1705 724 1814 794 ple-

228 817 366 867 nius
395 812 591 867 sciant.
621 812 773 866 Licet
822 813 872 866 in
901 814 1002 867 hac
1027 813 1132 867 vita
1161 829 1262 867 non
1293 815 1398 868 sint
1451 813 1590 870 hanc
1641 816 1812 870 scien-

227 904 370 956 tiam
405 905 640 974 perfecte
691 905 1122 976 habituri,quod
1175 907 1226 960 in
1287 905 1468 962 futuro
1517 909 1811 964 habebunt.

225 993 505 1061 Quoniam
548 1003 726 1050 autem
779 997 846 1050 de
896 997 1118 1051 scientia
1145 1007 1349 1067 egerat,
1388 1015 1508 1068 quae
1548 1000 1814 1070 praecipue

225 1084 516 1139 soletesse
537 1101 696 1140 causa
727 1086 1008 1156 superbiae,
1031 1095 1088 1139 ut
1113 1087 1186 1140 ait
1209 1088 1494 1156 Apestoliis
1521 1105 1535 1138 :
1577 1107 1592 1139 ι
1623 1088 1811 1142 Scien-

227 1176 308 1228 tia
339 1173 493 1228 inﬂat
517 1175 566 1244 (l
592 1175 715 1230 Cor.
745 1191 860 1242 vni,
889 1177 940 1246 I)
971 1195 989 1225 ι
1022 1194 1034 1229 :
1072 1178 1210 1232 hanc
1252 1179 1531 1234 scientiam
1548 1180 1812 1234 habituris

226 1267 559 1322 humilitatis
582 1268 884 1341 exemplum
923 1270 972 1322 in
995 1284 1052 1324 se
1067 1270 1367 1340 praescrihit
1388 1271 1464 1325 sic
1490 1288 1503 1323 :
1531 1271 1810 1337 Mirabilis,

225 1357 480 1428 inquam,
504 1361 645 1430 facta
669 1372 741 1415 est
765 1362 979 1415 scientia
1002 1372 1113 1428 tua,
1141 1370 1193 1416 ct
1216 1363 1508 1433 confortata
1534 1373 1606 1416 est
1626 1380 1690 1417 ex
1711 1381 1810 1427 me,

225 1450 281 1504 id
320 1459 409 1506 est
430 1467 525 1522 per
551 1468 655 1508 me.
687 1452 750 1505 Et
776 1453 900 1507 licet
935 1454 1073 1507 hanc
1111 1453 1353 1522 plenarie
1380 1455 1662 1508 scientiam
1719 1455 1816 1508 ha-

222 1541 415 1606 beam,
440 1551 617 1596 tamen
647 1559 750 1596 non
769 1552 946 1612 potero
973 1543 1040 1596 ad
1068 1561 1206 1607 capti,
1240 1544 1292 1598 id
1330 1553 1414 1599 est
1468 1560 1575 1598 non
1607 1559 1694 1599 me
1716 1560 1812 1615 po-

223 1641 438 1688 tentem
473 1633 784 1704 judicavero
827 1636 894 1688 ad
947 1650 1067 1690 eam
1130 1635 1507 1704 possidendam
1561 1652 1658 1707 per
1725 1651 1810 1690 me

1914 448 1991 502 Ad
2020 450 2159 518 quod
2201 451 2590 520 designandum
2614 453 2762 507 addit
2796 456 2874 510 sic
2903 474 2916 510 ε
2949 457 3084 514 Vere
3131 460 3516 515 constabit-te-

1911 539 2100 593 adesse
2125 541 2175 593 in
2208 541 2308 595 hoc
2356 542 2553 607 medio,
2613 544 2659 598 si
2697 561 2964 614 sumpsero
3007 567 3221 618 pennas.
3277 551 3485 606 Etenim

1911 643 2098 681 manus
2130 637 2240 695 tua,
2267 628 2318 682 id
2341 638 2423 685 est
2450 633 2696 700 operatio
2723 635 2977 703 potentiae
3007 635 3295 706 551mm
3320 640 3486 693 dedu-

1912 725 1986 769 cet
2012 732 2091 768 me
2122 715 2272 783 illuc,
2295 727 2352 772 ut
2381 733 2586 788 pennas
2613 737 2824 776 sumam
2849 732 2905 778 et
2951 723 3002 778 in
3033 728 3292 783 extremis
3321 729 3510 784 maris.

1913 805 2170 861 habitem.
2200 808 2304 864 Sed
2331 820 2386 864 et
2418 812 2464 864 si
2508 812 2608 866 hoc
2636 813 2705 867 sit
2727 814 2870 882 quod
2900 831 3098 883 pennas
3117 831 3399 886 sumpsero,
3431 829 3505 876 eti

1911 897 1965 950 in
1992 900 2234 951 extremis
2255 899 2432 968 [utaris
2454 901 2775 968 habitarem,
2799 914 2845 956 et
2870 904 2940 958 ibi
2969 906 3155 960 tenebit
3181 924 3280 973 me,
3326 910 3377 962 id
3401 920 3494 965 est-

1912 1005 2262 1060 perseverare
2314 991 2475 1049 faciet
2503 993 2715 1048 dextera
2754 1004 2866 1062 tua,
2906 995 2958 1050 id
2987 1005 3071 1052 est
3118 993 3486 1054 misericordia

1915 1093 2022 1147 tua,
2055 1083 2261 1140 scilicet
2306 1095 2588 1156 postquam
2622 1087 2720 1140 ista
2752 1087 2978 1158 adeptus
3017 1102 3132 1152 ero,
3165 1104 3267 1144 nec
3326 1089 3378 1144 in
3403 1091 3488 1144 his

1912 1190 2258 1244 perseverare
2295 1187 2518 1247 potero,
2574 1178 2679 1232 nisi
2711 1179 3086 1234 misericordia
3132 1189 3221 1234 tua
3273 1189 3488 1237 tenente

1912 1282 2020 1322 me.
2849 1339 2856 1346 _

1983 1358 2282 1414 Notandum
2334 1363 2474 1432 quod
2525 1378 2646 1419 cum
2687 1363 2740 1418 in
2777 1379 2873 1419 sua
2909 1378 3138 1434 persona
3180 1365 3488 1420 Dominicus

1914 1448 2074 1502 homo
2105 1459 2286 1519 ponat,
2333 1469 2433 1522 qua
2464 1451 2548 1505 ibo
2576 1469 2607 1506 a
2639 1452 2840 1523 Spiritu
2865 1461 2978 1518 tuo,
3017 1462 3147 1519 etc.,
3179 1468 3349 1522 usque
3377 1471 3392 1506 :
3419 1451 3487 1506 Et

1911 1536 2022 1590 dixi
2045 1537 2289 1606 forsitan,
2318 1539 2552 1595 etc.Non
2578 1541 2697 1595 ideo
2723 1541 2802 1596 sic
2823 1541 2933 1612 agit
2959 1541 3012 1596 in
3043 1556 3274 1612 persona
3291 1551 3502 1606 sua,ut=

1913 1631 2270 1700 unquamlioc
2287 1631 2356 1684 sit
2375 1632 2426 1685 in
2449 1645 2513 1687 eo
2543 1631 2806 1698 futurum,
2825 1641 2882 1687 ut
2907 1649 2936 1688 a
2962 1633 3163 1703 Spiritu
3185 1633 3277 1687 Dei
3311 1640 3508 1696 eat,et‘

223 1726 352 1781 sine
383 1734 474 1782 tuo
511 1725 730 1793 auxilio,
765 1727 971 1782 scilicet
997 1728 1135 1796 quod
1187 1727 1363 1783 sciens
1393 1744 1510 1783 sum
1539 1743 1812 1799 nunquam
1846 1715 1887 1768 Β
1916 1736 1942 1772 a
1976 1719 2116 1775 facie
2155 1721 2285 1790 ejus
2333 1722 2525 1794 fugiat.
2557 1725 2675 1792 Quo
2706 1725 2907 1780 etenim
2956 1726 3116 1780 modo
3149 1725 3424 1779 recederet
3457 1739 3502 1776 a.

225 1815 391 1877 mihi,
423 1817 516 1870 sed
546 1816 637 1870 tibi
663 1831 876 1885 semper
900 1817 1186 1871 ascribam.

175 1895 180 1900 ’
297 1905 410 1960 Ρει·
439 1907 540 1962 hoc
569 1919 746 1962 au'em
781 1907 935 1978 plane
957 1908 1230 1964 auditores
1265 1909 1501 1974 instruit,
1535 1918 1594 1964 ut
1633 1910 1812 1966 nullus

224 1999 295 2055 de
321 1999 551 2054 scientia
589 2015 686 2054 sua
717 2000 768 2054 in
803 2015 878 2062 se,
905 2000 998 2055 sed
1025 2002 1074 2055 in
1107 2001 1327 2056 Domino
1355 2003 1630 2073 glorietur.
1659 1989 1815 2057 Unde

221 2092 523 2162 Apostolus
549 2109 561 2144 :
600 2111 618 2144 ι
650 2092 786 2159 Quid
810 2093 952 2147 enim
979 2093 1145 2148 habes
1161 2095 1299 2162 quod
1315 2110 1417 2148 non
1437 2095 1726 2164 accepisti?
1751 2095 1810 2151 Si

223 2193 413 2236 autem
448 2184 728 2253 accepisti,
757 2185 885 2253 quid
910 2184 1159 2254 gloriaris
1186 2185 1336 2254 quasi
1370 2201 1475 2240 non
1499 2187 1809 2255 acceperis?

224 2275 277 2344 (1
306 2275 434 2330 Cor.
472 2291 544 2341 tv,
586 2275 660 2347 7).
698 2296 716 2328 ι
754 2275 1034 2342 Mirabilis,
1069 2277 1306 2345 inquam,
1334 2277 1475 2346 facta
1505 2278 1809 2331 estscientia

220 2375 339 2418 tua.
371 2365 432 2419 El
461 2381 582 2421 cum
613 2383 696 2420 ιιιε
721 2375 866 2420 tanta
895 2367 1122 2422 seient’a
1159 2367 1804 2436 spiritaliilluminaveris,

221 2473 331 2524 quo
355 2457 438 2510 ibo
464 2474 494 2509 a
523 2456 704 2526 spiritu
731 2458 859 2511 tuo?
905 2457 1058 2523 Quod
1107 2467 1188 2512 est
1235 2459 1412 2512 dicere
1439 2475 1452 2512 :
1479 2457 1534 2512 Si
1563 2475 1594 2510 α
1621 2460 1808 2527 spiritu

225 2557 321 2599 tuo
353 2561 438 2602 me
469 2546 569 2600 hac
597 2547 820 2601 scientia
856 2547 1213 2612 illuminante,
1234 2548 1528 2602 secundum
1555 2547 1806 2602 humani-

225 2643 403 2689 tatem
454 2634 594 2690 male
649 2635 875 2692 vivendo
921 2651 1217 2700 recessero,
1269 2653 1369 2706 quo
1425 2637 1529 2702 ibo,
1557 2636 1710 2690 idest
1740 2636 1805 2689 ad

223 2746 394 2798 quem
445 2729 607 2784 alium
656 2745 741 2785 me
796 2729 1069 2786 conferam
1111 2731 1404 2785 secundum
1445 2729 1803 2794 devotionem,

223 2824 319 2891 qui
351 2838 439 2877 me
466 2821 764 2876 illuminet?
815 2821 894 2875 Ad
947 2820 1150 2874 nullum
1192 2819 1271 2874 ire
1300 2827 1506 2888 potero.
1565 2817 1632 2871 Et
1682 2832 1804 2871 cum

221 2914 486 2966 ultionem
525 2921 667 2966 tuam
691 2925 757 2966 ex
786 2913 980 2965 merito
1009 2925 1264 2966 sensurus
1292 2909 1416 2975 sim,
1458 2910 1502 2963 si
1544 2924 1573 2962 a
1602 2907 1804 2975 Spiritu

221 3011 316 3055 tuo
350 3017 649 3065 recessero,
673 3017 775 3072 quo
825 3017 858 3054 α
909 3001 1044 3070 fac-ie
1093 3010 1184 3053 tua
1238 2999 1478 3070 fugiam,
1520 2999 1572 3053 id
1626 2996 1806 3052 estad

1914 1809 2009 1864 Dei
2043 1808 2246 1879 Spiritu
2265 1851 2280 1878 ,
2313 1812 2404 1882 qui
2431 1813 2522 1867 Dei
2549 1815 2724 1870 Verbo
2746 1815 3106 1885 personaliter
3135 1822 3219 1870 est
3255 1815 3440 1868 unitus
3464 1814 3494 1867 i

1915 1899 2020 1955 Sed
2044 1901 2147 1956 hoc
2176 1901 2379 1958 idcirco
2411 1903 2465 1958 in
2495 1918 2730 1974 persona
2761 1907 2843 1962 sui
2874 1906 3310 1976 transﬁguratur,
3344 1915 3403 1960 ut
3434 1905 3489 1959 in

1912 2005 1972 2045 se
2012 1993 2252 2046 membra
2281 2007 2376 2048 sua
2405 1993 2667 2061 instruat,
2720 2011 2792 2050 ne
2833 1996 3043 2067 aliquid
3072 1997 3308 2064 ipsorum
3332 2010 3363 2048 a
3391 1995 3489 2049 Dei

1913 2081 2115 2152 Spiritu
2162 2085 2417 2141 recedere
2464 2096 2778 2156 praesumat,
2814 2088 3150 2143 ostendendo
3173 2088 3226 2142 in
3254 2103 3314 2142 se
3346 2087 3494 2155 quoci-

1912 2191 2070 2233 nemo
2106 2179 2366 2236 recedens
2394 2194 2426 2234 a
2459 2179 2599 2235 facie
2628 2179 2746 2248 ejus
2777 2180 2964 2250 fugere
3011 2189 3211 2249 potest.
3259 2180 3357 2234 Est
3390 2179 3490 2248 igi-

1913 2277 1998 2322 tur
2049 2284 2202 2338 aeque
2251 2269 2438 2326 valens
2489 2286 2552 2326 ac
2579 2271 2622 2326 si
2682 2271 2763 2326 sic
2811 2282 3038 2341 poneret
3069 2284 3084 2324 :
3113 2271 3247 2326 Cum
3280 2284 3366 2324 me
3409 2269 3492 2325 sic

1910 2360 2212 2416 mirabilem
2248 2361 2300 2414 in
2331 2362 2557 2416 scientia
2586 2361 2801 2428 feceris,
2828 2370 2884 2416 et
2929 2362 3172 2416 eamdem
3207 2361 3490 2416 scientiam

1910 2448 1963 2502 in
1997 2449 2230 2503 humano
2256 2465 2455 2520 genere
2489 2451 2907 2514 confortaveris,
2938 2457 3088 2518 palel.
3116 2462 3180 2502 ex
3215 2449 3319 2504 hoc
3348 2449 3490 2518 quod

1909 2540 2042 2594 nulli
2068 2550 2154 2594 est
2192 2557 2221 2594 a
2251 2540 2455 2610 Spiritu
2487 2549 2580 2594 tuo
2609 2541 2994 2596 recedendum.
3021 2539 3140 2607 Quo
3162 2541 3316 2596 ibunt
3344 2539 3490 2594 enim

1910 2631 2011 2684 mei
2053 2645 2083 2684 a
2115 2630 2252 2686 facie
2292 2642 2382 2686 tua
2433 2632 2786 2686 recedentes?
2828 2639 2884 2686 et
2909 2645 3016 2700 quo
3045 2645 3074 2684 a
3103 2630 3240 2686 facie
3285 2639 3374 2684 tua
3403 2629 3490 2684 fu-

1907 2721 2090 2791 gient?
2125 2721 2420 2790 Nusquam.
2458 2721 2517 2776 Si
2539 2723 2682 2775 enim
2720 2722 3070 2777 ascenderint
3099 2723 3152 2774 in
3198 2721 3402 2784 coelum,
3431 2730 3490 2773 tu

1905 2811 2014 2864 illic
2037 2811 2174 2876 es,si
2192 2812 2574 2866 descenderint
2597 2813 2651 2864 in
2673 2812 2958 2880 infernum,
2986 2812 3145 2876 ades;
3168 2812 3214 2864 si
3240 2825 3489 2880 sumpse-

1907 2901 2016 2954 rint
2037 2902 2089 2955 in
2116 2903 2218 2956 hoc
2239 2902 2418 2956 medio
2433 2919 2629 2970 pennas
2643 2919 2765 2955 suas
2781 2901 3032 2966 diluculo,
3047 2911 3102 2957 et
3123 2902 3493 2958 habitaverint

1905 2993 1960 3048 in
1997 2992 2238 3048 extremis
2273 2993 2454 3060 maris,
2474 2994 2630 3048 'ades.
2661 2993 2866 3048 Etenim
2899 2993 3024 3048 illuc
3063 3011 3248 3048 manus
3273 3004 3363 3049 tua
3393 2995 3489 3050 de-

219 3105 384 3158 quem
424 3091 598 3146 locum
639 3089 821 3161 fugere
866 3101 1052 3158 potero
1092 3103 1120 3142 a
1152 3089 1433 3158 praesentia
1486 3097 1598 3154 tua,
1631 3095 1689 3142 ut
1714 3087 1800 3141 ul-
1828 3083 1873 3144 C
1903 3086 2055 3139 ducet
2104 3100 2232 3152 eos,
2264 3095 2311 3140 et
2354 3085 2539 3140 tenebit
2590 3101 2688 3141 eos
2733 3085 2948 3140 dextera
2993 3096 3104 3139 tua.
3150 3085 3489 3141 Perfectione

221 3185 430 3237 tionem
471 3182 628 3236 istam
667 3181 926 3237 evadam?
970 3182 1263 3252 Nusquam.
1324 3180 1383 3236 Si
1433 3181 1577 3236 enim
1621 3181 1803 3249 fugere

219 3277 410 3329 valens
438 3275 720 3328 ascendero
765 3274 1011 3328 localiter
1063 3275 1116 3327 in
1143 3271 1324 3327 calum
1348 3313 1362 3338 ,
1392 3283 1446 3328 tu
1470 3273 1578 3327 illic
1599 3290 1652 3328 es
1693 3288 1800 3328 non

220 3365 490 3432 localiter,
525 3365 617 3421 sed
642 3367 1026 3436 potentialiter.
1057 3367 1124 3422 Et
1153 3367 1198 3422 si
1220 3367 1530 3422 descendere
1557 3367 1624 3420 ad
1643 3366 1802 3433 infer-

221 3476 372 3525 num,
403 3467 461 3512 ut
487 3459 562 3513 tui
590 3459 934 3529 praesentiam
958 3461 1207 3523 evadam,
1252 3462 1392 3528 quod
1447 3465 1624 3512 tamen
1669 3473 1803 3512 nun-

218 3567 384 3620 quam
413 3551 538 3616 erit,
566 3550 763 3604 frustra
789 3551 914 3610 erit,
947 3550 1200 3618 quoniam
1232 3549 1341 3604 illic
1374 3549 1521 3613 ades,
1542 3549 1712 3616 idest,
1744 3563 1802 3603 es

219 3637 289 3692 ibi
361 3655 598 3708 praesens
639 3639 1007 3709 pmentialiter
1035 3639 1126 3708 qui
1175 3655 1262 3694 me
1309 3639 1516 3708 punies.
1572 3638 1802 3706 Ideoque

221 3747 327 3784 non
355 3741 440 3784 est
471 3740 574 3785 ate
602 3731 976 3798 recedendmn,
1009 3746 1132 3785 cum
1166 3747 1432 3801 nusquam
1478 3730 1644 3800 possit
1685 3729 1798 3784 fieri

220 3819 554 3888 confugium.
588 3820 702 3874 Non
753 3821 924 3875 solum
982 3831 1162 3876 autem
1215 3822 1338 3875 ades
1378 3822 1431 3876 in
1471 3821 1607 3876 coelo
1642 3829 1697 3875 et
1748 3821 1799 3874 in

220 3911 456 3977 inferno,
482 3913 574 3968 sed
599 3914 762 3968 etiam
795 3915 849 3968 in
873 3914 976 3970 hoe
999 3915 1240 3980 mundo;
1278 3915 1418 3984 quod
1461 3914 1693 3969 medium
1716 3921 1799 3968 est

220 4005 370 4059 inter
401 4005 594 4059 cmlum
621 4015 674 4061 et
697 4005 990 4062 infernum.
1037 4005 1190 4075 Quod
1237 4007 1360 4061 inde
1388 4008 1711 4062 ostenditur.
1737 4005 1800 4060 Si

220 4097 367 4150 cnim
409 4095 463 4150 in
492 4096 594 4152 hoc
632 4096 808 4153 medio
824 4098 1062 4154 existens
1098 4114 1364 4168 sumpsero
1401 4113 1597 4160 pennas
1634 4113 1796 4162 meas,

221 4186 272 4240 id
305 4197 390 4240 est
420 4187 650 4242 virtutes
670 4183 790 4258 qua:
843 4203 1034 4258 pennae
1086 4197 1215 4242 sunt
1263 4189 1400 4242 bene
1445 4187 1795 4250 smnentibus,

222 4292 322 4346 per
351 4292 489 4346 quas
517 4278 583 4331 ad
607 4280 915 4346 paradisum
949 4279 1248 4344 volatur,et
1271 4279 1430 4332 etiam
1455 4277 1499 4333 si
1525 4294 1618 4333 eas
1653 4295 1800 4333 sum-

222 4381 386 4434 psero
420 4366 473 4419 in
515 4367 746 4421 diluculo
800 4368 1025 4439 positas,
1087 4368 1138 4422 id
1179 4378 1261 4423 est
1305 4369 1356 4423 in
1410 4369 1799 4424 illuminalionc

1897 3177 2124 3248 justitiae
2153 3190 2207 3233 et
2232 3193 2442 3234 mormn
2477 3186 2533 3232 et
2561 3178 2804 3233 scientiae
2825 3191 2935 3232 suae
2963 3186 3212 3245 ostensa,
3244 3179 3484 3234 ostendit

1902 3271 2063 3328 etiam
2093 3286 2151 3326 se
2190 3279 2368 3325 tamen
2401 3286 2429 3324 a
2462 3269 2664 3326 ludatis
2691 3271 2744 3325 in
2790 3280 3017 3326 mortem
3048 3271 3482 3325 conculcandmn

1900 3378 2042 3429 esse,
2083 3363 2208 3419 licet
2237 3363 2374 3418 adeo
2400 3361 2678 3433 perfecws
2707 3365 2802 3427 sit,
2834 3371 2896 3416 ut
2939 3371 3060 3435 post
3087 3369 3488 3432 consequenter

1901 3459 2130 3516 fructum
2149 3459 2415 3530 passionis
2429 3473 2541 3514 sua:
2555 3457 2818 3520 ostendat,
2833 3467 2886 3512 et
2901 3457 2978 3512 sic
2994 3470 3088 3510 eos
3101 3455 3296 3526 quibus
3309 3455 3490 3525 passio

1900 3567 1994 3608 sua
2023 3551 2301 3608 salutifera
2323 3560 2429 3618 est,
2460 3551 2564 3606 sibi
2588 3551 2855 3607 obnoxios
2878 3550 3240 3614 reddat,ctad
3261 3549 3495 3620 iustitiae

1900 3651 1956 3697 et
1974 3641 2276 3696 sanctitatis
2292 3657 2402 3696 suae
2421 3639 2878 3706 conformitatem,
2893 3649 2947 3694 ει
2966 3640 3032 3696 ad
3058 3640 3370 3708 patiendum
3388 3655 3494 3708 pro

1901 3732 2079 3800 seipse
2105 3731 2342 3785 attrahat
2369 3748 2383 3798 ;
2427 3730 2732 3786 incredulos
2766 3745 2895 3786 vero
2924 3730 3138 3786 Iudaeos
3162 3731 3485 3800 resipiscere

1901 3819 2232 3890 negligentes
2258 3858 2273 3883 ,
2323 3819 2390 3874 de
2443 3829 2616 3874 morte
2647 3835 2744 3875 sua
2786 3821 3181 3876 inexcusabiles
3211 3823 3480 3879 ostendat.

1901 3925 2022 3965 cum
2065 3925 2190 3964 eum
2221 3925 2608 3980 usquequaque
2655 3911 2954 3981 perfectam
2989 3911 3042 3966 itt
3083 3921 3308 3965 mortem
3350 3926 3482 3964 con-

1901 4002 2255 4056 culcaverint.
2291 4002 2403 4058 Iloc
2425 4007 2555 4075 ergo
2593 4005 2672 4060 sic
2702 4005 2834 4059 dicit
2865 4019 2880 4058 a
2912 4005 3040 4058 Dico
3066 4004 3208 4072 quod
3239 4003 3482 4071 formast:

1900 4110 2001 4148 me.
2039 4091 2102 4148 Et
2134 4109 2257 4150 cum
2303 4111 2389 4150 mc
2418 4097 2499 4151 sic
2523 4085 2843 4150 formaveris
2870 4095 3013 4160 dixi,
3063 4095 3114 4148 id
3144 4103 3228 4148 est
3256 4093 3481 4163 concepi

1901 4185 2040 4256 apud
2090 4201 2216 4250 me,
2282 4187 2506 4240 tenebrae
2570 4185 2949 4238 conculcabunt
2999 4200 3080 4237 me
3129 4183 3180 4237 in
3251 4193 3482 4238 mortem

1899 4290 1964 4328 ex
2009 4273 2206 4328 invidia
2240 4273 2594 4329 formositatis
2623 4282 2678 4328 et
2725 4273 2971 4328 scientiae
3019 4288 3173 4328 meae.
3205 4270 3482 4326 Tenebras

1899 4369 2114 4426 Iudaeos
2165 4385 2264 4441 per
2316 4369 2616 4440 emphasim
2666 4370 2826 4437 dicit,
2859 4384 2924 4424 eo
2970 4370 3112 4439 quod
3161 4367 3480 4438 ignorantiae

220 4457 377 4511 bonae
405 4455 719 4521 voluntatis,
749 4468 796 4512 et
828 4473 871 4513 ει
904 4459 1205 4512 habitavere
1244 4473 1356 4527 prae
1387 4457 1659 4513 volattone
1681 4455 1793 4526 spei
1832 4436 1874 4489 D
1901 4462 2138 4516 tenebris
2167 4461 2329 4516 nimis
2375 4460 2578 4514 fuerint
2626 4461 2876 4528 involuti,
2909 4477 3032 4515 cum
3065 4461 3376 4515 Creatorem
3426 4471 3492 4513 et-

219 4558 272 4603 et
305 4549 463 4602 bonae
490 4550 612 4603 vita:
647 4551 1055 4606 conversatione
1109 4553 1162 4604 in
1207 4551 1470 4615 extremis,
1511 4549 1562 4604 id
1610 4557 1694 4604 est
1745 4550 1798 4604 in

218 4647 381 4708 portu
415 4638 572 4706 hujus
594 4641 778 4704 maris,
811 4641 862 4694 id
911 4650 994 4694 est
1042 4639 1093 4693 in
1125 4640 1226 4692 alia
1256 4641 1361 4692 vita
1390 4655 1507 4709 quae
1557 4649 1800 4693 extrema

215 4738 302 4782 est
332 4739 453 4799 post
477 4730 614 4784 hanc
643 4729 806 4784 vitam
837 4770 852 4795 ,
895 4739 1115 4800 propter
1152 4731 1233 4784 sui
1263 4731 1611 4785 mutationem
1650 4745 1800 4784 mare

213 4821 443 4876 dictam.
469 4821 602 4887 Quae
641 4820 804 4876 etiam
853 4831 1040 4890 portus
1087 4821 1286 4891 quietis
1321 4830 1405 4874 est
1456 4821 1702 4876 fidelibus
1731 4822 1797 4876 de

216 4911 382 4980 hujus
409 4913 532 4965 vitae
559 4921 875 4981 tempestate
910 4912 1441 4979 evadentibus,ades,
1471 4913 1522 4966 id
1553 4923 1637 4968 est
1657 4929 1794 4984 prae-

214 5017 343 5055 sens
363 5017 486 5056 esse
510 5003 560 5056 in
591 5004 692 5057 hoc
723 5003 902 5058 medio
933 5019 1162 5072 appares
1203 5019 1301 5072 per
1340 5020 1425 5058 me
1472 5020 1674 5074 pennas
1699 5021 1792 5060 su-

215 5101 479 5156 mentem,
511 5100 566 5147 et
587 5094 640 5146 in
667 5095 906 5147 extremis
930 5094 1460 5149 marishahitantcm.
1498 5095 1796 5149 Notandum

214 5180 342 5248 quia
369 5195 476 5234 non
502 5181 622 5235 ideo
641 5183 769 5235 dicit
799 5184 844 5235 si
876 5199 1164 5252 sumpsero,
1215 5191 1342 5247 etc.,
1376 5183 1504 5252 quin
1545 5199 1638 5238 eas
1672 5199 1800 5254 pen-

216 5287 316 5326 nas
337 5287 368 5325 a
400 5273 696 5342 primordio
726 5276 994 5340 habuerit,
1032 5277 1124 5330 sed
1151 5276 1218 5330 ad
1241 5277 1604 5330 ostensionem
1625 5318 1639 5342 ,
1663 5292 1794 5332 eou-

215 5365 521 5420 eessionem
573 5367 704 5422 facit
729 5369 794 5423 de
844 5385 900 5424 re
956 5385 1076 5440 quae
1121 5386 1226 5423 non
1275 5371 1400 5436 erit,
1435 5387 1498 5426 ac
1534 5372 1577 5426 si
1607 5373 1791 5427 dicat:

216 5456 559 5510 Concedatur
601 5466 658 5512 ut
703 5473 908 5528 pennas
941 5474 1149 5512 sumam
1183 5459 1237 5513 in
1267 5459 1519 5526 diluculo,
1561 5470 1616 5516 et
1677 5463 1797 5517 ideo

213 5564 426 5603 sumam
466 5557 522 5602 ut
555 5551 607 5602 in
643 5553 884 5605 extremis
935 5552 1191 5618 habitem,
1222 5562 1277 5607 et
1318 5568 1416 5623 per
1469 5555 1569 5609 hoc
1618 5555 1794 5625 palam

213 5638 312 5690 erit
340 5639 465 5708 quia
491 5639 545 5693 in
569 5641 670 5695 hoc
696 5643 871 5697 medio
887 5641 1030 5696 ades.
1063 5642 1256 5698 Posset
1279 5645 1445 5713 quaeri
1479 5660 1491 5698 a
1518 5644 1795 5710 Quomodo

1897 4552 2236 4607 Salvatorem
2281 4567 2438 4606 suum
2473 4551 2527 4605 in
2576 4560 2922 4606 mortemex
2960 4551 3160 4606 invidia
3207 4550 3476 4605 dederint.

1970 4643 2234 4705 Tenebrae,
2265 4643 2504 4712 inquam,
2536 4643 2913 4696 conculcabunt
2946 4659 3044 4699 me.
3074 4643 3142 4697 Et
3189 4643 3291 4698 hoc
3318 4643 3487 4710 forsi-.

1898 4744 1986 4788 tan
2033 4733 2252 4798 facient,
2287 4733 2337 4786 id
2386 4742 2468 4788 est
2503 4733 2791 4802 improvise
2839 4740 2893 4786 et
2937 4733 3380 4788 irrationabiliter
3425 4741 3478 4790 ct

1900 4825 2189 4880 temerario
2239 4835 2407 4878 motu.
2462 4823 2555 4878 Vel
2603 4824 2856 4893 forsitan,
2895 4825 2946 4880 id
2978 4833 3060 4880 est
3095 4841 3304 4890 revera,
3337 4825 3480 4878 sicut

1897 4919 2058 4974 etiam
2104 4919 2156 4971 in
2212 4915 2502 4986 Evangelio
2551 4917 2774 4985 forsitan
2827 4934 2930 4972 non
2979 4917 3314 4978 dubitative,
3383 4917 3474 4968 sed

1897 5007 2216 5062 allirmative
2266 5007 2507 5075 ponitur,
2568 5023 2690 5061 eum
2749 5008 2879 5062 dicit
2931 5026 2945 5062 :
3001 5025 3020 5057 ι
3073 5007 3130 5061 Si
3179 5006 3480 5060 crederetis

1902 5099 2101 5169 Moysi,
2139 5099 2368 5152 forsitan
2405 5099 2706 5154 crederetis
2739 5109 2795 5154 et
2832 5100 2961 5153 mihi
2994 5098 3178 5168 (Joan.
3213 5114 3262 5164 ι’,
3302 5099 3414 5168 46).
3451 5118 3469 5150 ι

1901 5187 2311 5254 Conculcabunl,
2339 5188 2584 5259 inquam,
2612 5207 2692 5244 me
2721 5189 2962 5245 tenebrae.
3007 5189 3074 5243 Et
3111 5205 3177 5244 ex
3215 5189 3318 5243 mei
3344 5205 3474 5243 con-

1899 5280 2206 5334 culcatione
2260 5281 2537 5350 continget
2575 5280 2717 5350 quod
2757 5297 2860 5334 nox
2888 5295 2986 5348 per
3031 5279 3334 5350 emphasim
3372 5279 3478 5332 erit

1899 5371 2219 5426 illuminatio
2249 5387 2387 5437 mea,
2415 5371 2469 5425 id
2497 5379 2577 5425 est
2613 5385 2740 5440 pars
2775 5369 3030 5424 salvanda
3051 5385 3115 5424 ex
3137 5369 3362 5424 Judaico
3382 5382 3480 5437 po-

1899 5464 2042 5533 pulo,
2077 5464 2168 5532 qui
2194 5480 2290 5533 per
2312 5463 2615 5532 emphasim
2650 5477 2754 5517 nox
2800 5463 3018 5530 dicitur,
3057 5478 3123 5517 eo
3151 5467 3294 5532 quod
3323 5462 3475 5530 igno—

1900 5555 2093 5609 rantiae
2126 5564 2286 5609 nocte
2316 5554 2388 5608 sit
2419 5553 2712 5618 involutus,
2743 5553 3135 5608 illuminabitur
3163 5554 3267 5608 fide
3295 5559 3351 5604 et
3379 5549 3480 5608 Det.

1901 5646 2205 5717 cognitione
2252 5659 2348 5716 per
2380 5656 2484 5699 mc.
2538 5642 2662 5698 No.1:
2712 5644 2833 5700 dico
2878 5644 3122 5718 ponenda
3175 5644 3228 5697 in
3271 5639 3484 5705 deliciis.
