3978 6328
580 337 715 406 ιδδτ

1169 330 1228 388 S.
1268 328 1618 404 BRUNONIS
1652 325 2300 387 CARTllUSlANOIlUM
2337 327 2826 385 INSTITUTORIS
2852 327 3003 386 OPP.
3037 326 3213 385 PARS
3233 327 3275 382 Ι.

3671 335 3772 389 1568

578 455 723 515 m'ets,
754 453 806 504 ιιι
833 456 917 503 est
953 449 1095 504 inter
1127 445 1351 502 delicias
1379 461 1549 511 meas,
1573 446 1783 502 scilicet
1809 446 1861 500 in
1888 444 2164 502 consortio
2196 448 2236 506 Α
2269 444 2392 499 aliis
2437 454 2700 500 terrorem
2755 444 3032 500 intulerim
3075 443 3234 512 justae
3286 444 3647 515 damnationis,
3694 451 3772 507 nis1

577 549 628 594 et
677 540 1056 596 conformitate
1105 537 1492 608 discipulorum
1541 553 1784 592 meorum
1812 578 1827 603 ,
1885 537 1980 608 qui
2035 547 2162 590 sunt

576 631 782 687 delicia:
809 647 961 695 mem,
1019 630 1072 684 in
1109 645 1340 700 quorum
1389 631 1684 685 sanctitate
1729 629 1990 696 delector,
2022 631 2160 686 sicut

575 739 627 778 tn
663 723 892 778 summis
921 721 1152 777 deliciis.
1182 720 1309 776 Inde
1337 735 1464 776 vero
1493 729 1700 778 certum
1734 730 1818 776 est
1842 721 1972 776 mihi
2017 723 2160 792 quod

575 816 649 872 illi
691 817 786 888 qui
819 832 925 870 nox
953 823 1008 870 et
1039 815 1275 871 tenebrae
1316 813 1600 880 dicuntur,
1649 829 1749 885 per
1793 814 2160 870 eonculcatio-

575 925 696 963 nem
751 907 1243 970 illuminabuntur,
1292 907 1416 975 quia
1475 906 1579 976 ipsi
1645 907 1806 963 iidem
1861 908 2160 964 existentes

573 1001 732 1056 modo
781 1000 1005 1054 tenebris
1055 1015 1160 1054 non
1215 999 1635 1054 obscurabuntur
1665 1010 1795 1067 ate,
1827 1001 1881 1056 id
1925 1009 2010 1056 est
2051 1017 2156 1056 non

572 1091 992 1146 exciecabnntur
1031 1088 1183 1160 justo
1233 1088 1442 1159 judicio
1488 1100 1599 1156 tuo,
1631 1091 1776 1146 sicut
1814 1093 1974 1148 modo
2009 1091 2160 1161 juste

572 1182 934 1237 obscurantur
958 1197 1056 1251 pro
1085 1169 1243 1237 malis
1283 1183 1490 1238 meritis
1539 1183 1674 1239 suis.
1708 1183 1843 1239 Cum
1895 1185 2025 1241 dicit
2052 1202 2155 1242 non

570 1271 1007 1335 obscurabuntur,
1051 1271 1215 1325 datur
1251 1271 1518 1342 intelligi,
1559 1289 1659 1344 per
1709 1273 1972 1345 lyptoten,
2022 1292 2155 1346 quo-

569 1361 714 1414 niam
735 1375 764 1413 a
790 1360 899 1415 Deo
929 1359 1089 1414 Patre
1120 1360 1588 1428 illuminabuutur,
1623 1371 1678 1419 et
1705 1379 1802 1433 per
1829 1365 1932 1422 hoc
1975 1368 2153 1438 palam

568 1460 650 1506 est
683 1451 900 1520 quodet
931 1467 960 1506 a
987 1451 1126 1506 Filio
1156 1453 1624 1510 illuminabuntur.
1656 1455 1791 1512 Nam
1818 1474 2154 1530 quzecunqne

566 1540 766 1608 Pater,
814 1541 1002 1597 eadem
1048 1551 1103 1598 et
1153 1543 1323 1599 Filius
1373 1556 1660 1615 operatur,
1707 1558 1756 1603 et
1809 1564 2148 1608 econverso:

566 1648 732 1688 unum
762 1634 906 1688 enim
933 1645 1081 1690 sunt.
1120 1634 1245 1690 Non
1274 1637 1712 1708 obscurabuntur,
1740 1641 1992 1712 inquam,
2023 1663 2055 1699 α
2079 1655 2148 1700 te.

564 1723 633 1778 Et
663 1724 803 1778 idem
829 1725 1056 1796 pepulus
1090 1743 1194 1784 nox
1225 1729 1468 1786 existens
1496 1733 1575 1788 sic
1602 1749 1630 1788 a
1665 1745 1717 1791 te
1748 1737 1852 1792 fide
1879 1746 1934 1793 et
1967 1741 2150 1809 cogni-

2264 548 2319 590 et
2353 537 2453 609 ipsi
2494 547 2546 592 te
2571 538 2824 607 exemplo
2875 537 2981 592 mei
3029 537 3375 608 magnificare
3411 541 3696 597 studuerint.
3725 544 3774 598 Et

2263 630 2384 685 ideo
2433 645 2652 700 quoque
2703 631 2899 702 dignus
2942 645 3062 684 sum
3090 668 3104 694 ,
3153 629 3280 698 quia
3327 645 3419 700 per
3462 635 3771 692 memirabilia

2259 732 2478 778 ostensa
2509 732 2637 777 sunt
2662 740 2820 791 opera
2849 733 2962 785 tua,
2995 723 3047 776 id
3073 733 3157 777 est
3198 739 3284 778 me
3327 723 3678 782 rationabiliter
3699 730 3770 783 ba-

2259 813 2437 869 bendo
2468 816 2678 871 ostendi
2713 814 2981 870 mirabilia
3009 824 3065 869 et
3109 815 3425 885 dignissima
3455 832 3564 873 esse
3588 835 3660 884 ea,
3684 838 3774 890 qua:

2260 905 2314 960 in
2347 921 2435 960 me
2463 915 2724 976 operatus
2763 919 2847 970 es,
2879 905 3309 959 rationalitatem
3336 905 3534 960 scilicet
3564 918 3611 962 et
3646 911 3777 963 virtu-

2261 1005 2364 1061 tes,
2409 1012 2637 1066 qnarum
2669 995 2991 1066 dignitatem
3017 1011 3116 1066 per
3144 996 3393 1051 effectum
3424 1013 3624 1070 eperum
3650 1002 3777 1057 bono-

2259 1102 2376 1141 rum
2417 1087 2650 1143 ostendi.
2675 1086 2755 1142 Ac
2795 1086 2838 1142 si
2873 1085 3028 1143 dicat
3064 1086 3283 1141 :Adam
3314 1087 3367 1141 in
3398 1104 3498 1157 quo
3538 1091 3778 1146 rationabi-

2258 1178 2464 1234 litatem
2495 1189 2550 1234 et
2577 1179 2807 1259 virtutes
2833 1187 3093 1249 operatus
3120 1192 3180 1232 es
3205 1219 3221 1244 ,
3261 1194 3325 1232 ea
3359 1180 3603 1234 mirabilia
3642 1189 3687 1236 et
3719 1183 3777 1237 di-

2256 1287 2359 1341 gna
2391 1286 2495 1326 non
2520 1272 2781 1336 ostendit,
2815 1272 2944 1326 dum
2987 1272 3056 1325 ab
3085 1272 3169 1325 eis
3199 1270 3414 1326 defecit.
3443 1272 3546 1343 Ego
3567 1289 3674 1328 vero
3701 1276 3777 1329 mi-

2256 1365 2446 1419 rabilia
2482 1364 2718 1428 ostendi,
2745 1365 2872 1418 dum
2919 1364 2969 1416 in
3003 1364 3084 1419 eis
3114 1364 3444 1434 persistens,
3485 1380 3540 1420 ea
3585 1367 3777 1423 exterius

2255 1477 2352 1532 per
2380 1476 2543 1531 opera
2576 1462 2716 1515 bona
2761 1459 3129 1515 manifestavi.

2327 1551 2621 1615 Mirabitia,
2651 1553 2894 1621 inquam,
2929 1567 3032 1620 per
3065 1567 3151 1606 me
3181 1550 3328 1607 facta
3357 1561 3479 1606 sunt
3504 1569 3640 1622 opera
3665 1565 3774 1608 tua:

2253 1651 2301 1697 et
2337 1657 2399 1696 ea
2444 1643 2624 1696 anima
2653 1658 2768 1696 mea
2807 1651 3078 1711 cognoscet
3121 1643 3309 1708 nimis,
3343 1643 3393 1696 id
3437 1653 3512 1700 est
3560 1646 3776 1714 repntabit

2253 1733 2410 1788 valde
2439 1735 2599 1805 digna
2627 1743 2682 1788 et
2709 1732 2999 1788 mirabilia.
3033 1733 3114 1789 Ac
3143 1734 3190 1790 si
3227 1735 3375 1789 dicat
3405 1753 3417 1788 :
3460 1733 3707 1803 Sicntjam
3726 1751 3773 1791 ea

564 1813 712 1871 tione
759 1817 834 1871 tui
864 1817 1269 1887 illuminabitur,
1299 1831 1354 1875 ut
1399 1824 1511 1878 dies
1545 1825 1650 1880 dici
1697 1828 1886 1897 possit,
1919 1845 2031 1900 pra:
2065 1833 2147 1886 ni-
2184 1811 2228 1870 Β
2256 1823 2525 1879 mirabilia
2557 1823 2826 1894 reputavi,
2861 1824 2934 1876 ita
2983 1839 3202 1894 quoque
3238 1824 3559 1880 incessanter
3601 1827 3774 1879 mirabi-

563 1908 670 1963 mia
699 1909 945 1965 claritate
979 1912 1102 1968 fidei
1128 1923 1183 1968 et
1219 1916 1548 1986 cognitionis
1577 1935 1709 1975 sure.
1744 1921 1834 1976 Vel
1865 1923 1946 1978 sic
1976 1941 1990 1977 :
2023 1924 2150 1980 Nox

563 2001 947 2058 illuminabitur
982 2007 1114 2060 sicut
1179 2007 1312 2074 dies,
1363 2009 1416 2064 id
1449 2020 1534 2066 est
1571 2013 1637 2066 ad
1687 2017 2147 2084 comparationem

562 2093 954 2162 apostolorum,
980 2097 1072 2165 qui
1097 2113 1193 2168 per
1214 2100 1514 2166 emphasim
1548 2102 1666 2159 dies
1692 2103 1965 2161 dicuntur.
2000 2106 2145 2175 Nox,

561 2189 806 2258 inquam,
835 2191 1238 2248 illuminabitur.
1282 2180 1484 2252 Et'sic
1531 2196 1956 2262 illuminabitur,
2003 2203 2147 2272 quod

559 2281 692 2337 sicut
721 2293 882 2338 erunt
925 2288 1149 2342 tenebrat
1177 2288 1323 2358 ejus,
1354 2288 1426 2342 ita
1469 2290 1573 2345 erit
1603 2301 1652 2346 et
1699 2292 1872 2347 lumen
1904 2295 2062 2364 ejus,
2094 2296 2149 2350 id

557 2382 664 2448 est‘
695 2386 898 2442 quanta
961 2378 1068 2432 erit
1121 2381 1360 2450 cognitio
1421 2381 1767 2439 tenebrarum
1825 2385 2148 2456 ignorantiae

559 2465 702 2530 ejus,
735 2474 882 2520 tanta
912 2467 1018 2522 erit
1062 2467 1383 2526 illnminatio
1415 2472 1538 2528 fidei
1578 2483 1632 2528 et
1656 2476 1982 2545 cognitionis
2006 2479 2145 2549 ejus,

559 2554 768 2610 scilicet
789 2571 984 2627 magna
1015 2556 1178 2612 fuerit
1223 2559 1543 2630 ignorantize
1573 2573 1628 2616 et
1655 2575 1999 2632 peccatorum
2031 2567 2148 2636 ejus

558 2644 848 2706 confessio.
883 2661 1078 2716 magna
1127 2649 1233 2703 erit
1282 2649 1630 2707 illnminatio.
1669 2653 1775 2708 Per
1813 2655 1918 2711 hoc
1965 2665 2146 2714 autem

558 2738 718 2810 552
750 2740 946 2796 invitat
979 2744 1256 2801 auditores
1285 2747 1352 2801 ad
1390 2749 1766 2806 vehementem
1799 2765 2146 2822 peccatorum

555 2847 778 2888 suorum
827 2836 1263 2906 confessionem,
1303 2848 1364 2895 ut
1413 2842 1879 2900 vehementiorem
1931 2847 2145 2903 veniam

555 2937 936 2997 promereantu
946 2945 988 2984 r.

627 3017 819 3074 Posset
863 3021 1031 3090 quaeri
1073 3038 1088 3076 :
1119 3021 1300 3088 Quare
1329 3025 1512 3094 potius
1543 3042 1640 3096 per
1675 3035 1730 3082 te
1758 3027 2148 3087 illuminabitur

556 3124 706 3174 nox,
755 3125 878 3165 cum
934 3127 1033 3182 per
1092 3113 1297 3168 nullum
1353 3118 1780 3185 praecedentium
1829 3132 2141 3178 sanctorum

559 3200 850 3257 iiluminari
879 3203 1148 3272 potuerit?
1175 3205 1256 3261 Ad
1302 3209 1444 3277 quod
1489 3212 1884 3268 ostendendum
1919 3230 2144 3284 respon-

557 3295 650 3351 det
677 3297 798 3352 sic:
836 3297 962 3353 Ideo
1006 3314 1111 3353 nos:
1144 3300 1249 3354 erit
1289 3299 1609 3358 illnminatio
1655 3322 1792 3370 mea,
1829 3307 1880 3360 id
1907 3318 1990 3363 est
2022 3310 2142 3366 ideo

555 3388 751 3458 dignus
798 3403 918 3443 sum
970 3399 1030 3445 ut
1078 3405 1174 3460 per
1211 3407 1299 3446 me
1352 3392 1723 3450 illuminentur
1772 3397 1848 3452 illi
1893 3399 1982 3470 qui
2035 3416 2140 3458 nox

554 3486 700 3540 sunt,
741 3479 866 3546 quia
899 3487 955 3532 tu
1003 3481 1281 3549 possedisti
1312 3499 1460 3536 renes
1505 3501 1663 3546 meos,
1695 3486 1746 3540 id
1778 3497 1863 3542 est
1905 3489 2143 3546 delecta-

554 3564 730 3620 tiones
769 3582 941 3634 meas,
968 3584 1087 3638 qua:
1116 3586 1213 3640 per
1241 3587 1398 3628 renes
1427 3574 1779 3642 denotantnr,
1820 3593 1886 3634 eo
1908 3581 2050 3649 quod
2071 3597 2139 3638 ex

554 3657 778 3712 renibus
801 3661 1091 3718 delectatio
1121 3667 1417 3733 procedere
1447 3667 1640 3724 soleat.
1667 3670 1920 3743 Congrue
1943 3690 2138 3746 nempe

551 3747 788 3813 positum
819 3761 924 3806 est
955 3763 1032 3814 tu,
1081 3757 1147 3810 ad
1181 3757 1568 3828 differentiam,
1599 3778 1663 3819 ac
1707 3766 1752 3820 si
1791 3765 1938 3821 dicat
1971 3782 1986 3821 :
2029 3769 2136 3824 De-

552 3834 873 3892 lectationes
921 3847 1240 3896 carterornm
1277 3846 1330 3898 in
1380 3858 1534 3916 parte
1571 3848 1819 3907 diabolus
1873 3853 2134 3922 possidet,

548 3941 672 3981 cum
706 3927 1000 3998 aliquando
1042 3930 1227 3987 illicita
1279 3935 1332 3989 in
1372 3937 1452 3991 eis
1507 3941 1762 4010 cogitatio
1801 3945 2131 4002 snboriatur.

547 4014 944 4075 Delectationes
977 4034 1108 4076 vero
1141 4037 1290 4077 meas
1341 4033 1396 4077 tu
1429 4027 1576 4082 solus
1609 4039 1663 4082 et
1690 4032 1955 4099 possides,
1985 4043 2040 4088 et
2069 4037 2134 4090 ab

545 4109 697 4163 initio
737 4109 843 4164 mei
891 4112 1200 4180 possedisti,
1237 4121 1294 4168 ut
1324 4114 1466 4170 nulla
1501 4117 1552 4171 in
1599 4133 1686 4172 me
1717 4121 2005 4177 delectatio
2037 4125 2134 4178 ba-

546 4197 758 4263 heatnr,
796 4199 902 4254 nisi
933 4201 1029 4257 tibi
1075 4203 1277 4273 placita
1309 4214 1364 4261 et
1408 4222 1438 4262 a
1473 4217 1524 4262 te
1570 4208 1853 4280 diSposita.
1903 4213 2136 4285 Ideoque

547 4289 799 4344 solus'ex
827 4293 1080 4348 omnibus
1117 4295 1310 4365 dignus
1365 4313 1506 4359 sum,
1543 4313 1640 4367 per
1686 4315 1844 4370 quem
1892 4303 2138 4361 infideles

546 4379 933 4438 illum’nentur.
982 4385 1046 4438 Et
1093 4397 1146 4440 tu
1212 4389 1376 4442 etiam
1423 4391 1696 4461 suscepisti
1746 4411 1827 4448 me
1871 4396 1936 4450 de
1987 4408 2134 4453 utero

2253 1915 2320 1970 lia
2357 1931 2477 1972 esse
2527 1917 2812 1986 reputabo,
2841 1924 2896 1970 et
2941 1929 3006 1970 ea
3047 1915 3315 1970 mirabilia
3342 1931 3458 1970 esse
3499 1915 3608 1970 aliis
3640 1916 3774 1968 Inani-

2252 2004 2486 2061 festabo.
2529 2006 2659 2074 Quae
2685 2021 2784 2076 pro
2815 2015 2966 2062 certo
2993 2005 3168 2060 Adam
3193 2007 3455 2062 mirabilia
3485 2023 3577 2062 non
3605 2018 3774 2076 reputa-

2251 2097 2352 2163 vit,
2384 2098 2510 2152 dum
2569 2098 2626 2152 in
2677 2098 2758 2152 eis
2808 2112 3166 2168 perseverare
3216 2098 3466 2167 neglexit.
3515 2097 3628 2152 Cum
3675 2097 3771 2149 dicit

2251 2195 2431 2249 anima
2480 2209 2596 2247 mea
2646 2202 2976 2262 cognoscet,
3023 2193 3166 2247 idem
3199 2203 3282 2248 est
3330 2209 3395 2248 ac
3433 2194 3473 2247 si
3511 2191 3772 2261 dicat:Ego

2249 2301 2594 2356 cognoscam.
2637 2284 2854 2340 Partem
2891 2285 3036 2340 enim
3068 2299 3168 2355 pro
3217 2296 3330 2340 toto
3366 2285 3525 2355 ponit.
3559 2284 3769 2350 Quoniam

2249 2386 2433 2431 autem
2466 2377 2680 2431 dixerat
2727 2375 2946 2431 Patrem
2980 2391 3080 2446 per
3118 2391 3177 2430 se
3228 2391 3350 2430 esse
3397 2373 3768 2445 magniﬁcatunt,

2249 2467 2520 2538 quomodo
2545 2483 2640 2536 per
2667 2483 2789 2522 eum
2822 2466 3205 2535 magnificatus
3238 2467 3310 2521 sit
3347 2467 3609 2522 ostendere
3634 2465 3770 2518 inten-

2248 2563 2347 2627 dit,
2381 2561 2459 2616 sic
2489 2579 2501 2614 :
2536 2560 2668 2615 Dico
2701 2560 2843 2629 quod
2884 2573 2985 2629 per
3040 2575 3126 2615 me
3160 2560 3518 2630 magniﬁcatus
3545 2577 3605 2624 es,
3627 2569 3666 2612 er
3692 2571 3768 2626 per

2248 2653 2354 2707 hoc
2383 2663 2436 2707 te
2465 2651 2832 2722 magnifica‘vi,
2858 2652 2984 2721 quia
3013 2669 3118 2706 non
3144 2663 3223 2706 est
3257 2671 3289 2705 a
3323 2669 3402 2706 me
3431 2651 3694 2705 occultatam
3718 2664 3765 2700 os

2246 2763 2421 2800 meum
2459 2756 2571 2800 ate
2602 2746 2788 2800 datum
2835 2747 2974 2816 quod
3014 2763 3092 2810 os,
3125 2747 3338 2802 scilicet
3377 2756 3426 2802 tu
3470 2747 3610 2816 fecisti
3632 2745 3675 2797 in
3698 2760 3765 2796 oc-

2247 2836 2408 2901 culto,
2444 2835 2494 2888 id
2520 2843 2624 2902 ,εει
2652 2836 2702 2889 in
2734 2835 2979 2890 interiori
3014 2852 3158 2902 meo,
3193 2837 3248 2891 in
3288 2838 3462 2892 anima
3485 2837 3661 2891 scilicet
3677 2848 3768 2901 quae

2251 2927 2470 2981 occulta
2526 2935 2630 2980 est.
2667 2926 2894 2980 Ponitur
2947 2937 3128 2980 autem
3165 2928 3258 2984 hic
3311 2945 3367 2982 os
3406 2943 3496 2997 pro
3534 2943 3645 2989 esse,
3686 2939 3764 2977 non

2246 3033 2345 3087 pro
2395 3034 2504 3072 ore.
2551 3019 2689 3073 Dicit
2723 3034 2852 3073 vero
2896 3019 3323 3073 rationalitatcm
3377 3034 3488 3074 esse
3524 3016 3766 3078 osanima',

2246 3123 2312 3164 eo
2341 3109 2484 3178 quod
2533 3110 2806 3164 robustior
2836 3125 2962 3180 pars
3002 3111 3200 3166 anima:
3241 3112 3333 3175 sit,
3363 3111 3496 3165 sicut
3529 3125 3583 3164 os
3611 3109 3652 3161 in
3679 3121 3766 3162 cor-

2248 3216 2380 3271 pore
2431 3200 2705 3256 robustins
2754 3212 2856 3256 est.
2924 3202 3035 3256 Iloc
3085 3211 3272 3256 autem
3331 3203 3467 3272 quod
3506 3200 3646 3262 dicit,
3689 3213 3764 3249 non

2243 3301 2320 3345 est
2354 3293 2704 3354 occultatum,
2733 3293 2874 3347 idem
2925 3302 3010 3346 est
3049 3309 3115 3346 ac
3166 3293 3210 3346 si
3271 3294 3451 3348 dicat:
3484 3291 3549 3346 Os
3583 3304 3719 3344 meum
3741 3301 3764 3340 τι

2245 3393 2296 3440 te
2342 3384 2559 3448 datum,
2615 3384 2758 3454 quod
2803 3384 3056 3440 videlicet
3105 3385 3283 3454 fecisti
3323 3387 3375 3439 in
3418 3383 3638 3447 occulto,
3688 3394 3764 3432 non

2241 3488 2316 3533 est
2345 3495 2378 3531 a
2405 3495 2485 3532 me
2513 3475 2865 3542 occultatum,
2908 3479 3120 3533 scilicet
3165 3479 3249 3532 vis
3289 3477 3506 3533 rationis
3535 3488 3649 3528 mea:
3683 3486 3761 3524 non

2239 3579 2324 3624 est
2347 3585 2377 3623 a
2405 3585 2491 3624 me
2514 3569 2804 3635 occultata,
2829 3571 2923 3624 sed
2946 3571 3186 3624 exterius
3220 3571 3572 3630 manifestata,
3598 3565 3701 3619 dum
3725 3571 3765 3612 te

2240 3662 2378 3716 bene
2401 3663 2631 3716 vivendo
2657 3673 2711 3717 et
2747 3663 2868 3719 aliis
2911 3663 3260 3734 praedicando
3296 3663 3569 3734 gloriosum
3608 3666 3654 3712 et
3679 3669 3762 3708 ma-

2239 3769 2404 3824 gnum
2452 3756 2690 3811 ostendi.
2735 3757 2866 3824 Quae
2910 3757 3099 3828 utique
3152 3757 3383 3811 rationis
3414 3755 3492 3808 vis
3525 3754 3586 3807 ab
3628 3751 3762 3803 Adam

2239 3847 2510 3902 occultata
2564 3847 2705 3914 fuit,
2757 3852 2882 3904 dum
2923 3849 2992 3903 ab
3044 3848 3354 3904 obedientia
3393 3846 3480 3901 Dci
3528 3843 3761 3900 desislcns,

2238 3953 2361 3992 eum
2392 3940 2769 4009 glorificareet
2797 3941 3140 4011 magnificum
3163 3941 3448 3995 ostendere
3467 3953 3563 3992 non
3584 3930 3761 3988 studuit-

2240 4031 2454 4086 Dictum
2485 4042 2564 4087 es|
2591 4046 2620 4085 a
2645 4032 2996 4087 similitudine
3022 4033 3212 4086 inertis
3247 4031 3448 4096 militis,
3475 4028 3554 4098 qui
3574 4022 3761 4097 gladium

2239 4138 2434 4189 suum,
2475 4140 2598 4178 cum
2653 4125 2880 4179 viriliter
2930 4140 3172 4194 pugnare
3210 4124 3468 4187 deberet,
3510 4113 3758 4173 abscondit.

2238 4215 2372 4271 Cum
2414 4217 2544 4272 dicit
2590 4235 2648 4271 os
2698 4234 2802 4270 non
2854 4232 2975 4272 esse
3025 4217 3386 4283 occultatum,
3436 4229 3526 4284 per
3569 4209 3764 4301 l)'l“°'e_“

2239 4308 2399 4362 datur
2429 4307 2653 4378 intelligi
2689 4308 2833 4377 quod
2873 4307 3000 4362 illud
3048 4323 3110 4362 os
3159 4307 3301 4361 bene
3330 4302 3587 4375 operando
3623 4309 3759 4350 main-

2241 4397 2478 4465 festavit,
2503 4410 2557 4454 et
2589 4400 2670 4453 sic
2717 4399 2884 4453 Deum
2940 4399 3328 4469 magnificavit.
3368 4397 3562 4450 Dicitur
3587 4397 3758 4460 quoque

544 4473 729 4524 matris
757 4490 906 4538 ntere,
947 4476 998 4530 id
1029 4485 1112 4532 est
1165 4487 1220 4532 tu
1271 4478 1420 4534 fuisti
1474 4492 1759 4552 susceptor
1787 4495 1840 4540 et
1873 4495 2134 4555 patronus
2163 4520 2211 4579 Β
2241 4492 2467 4547 liberum
2517 4490 2805 4545 arbitrium
2837 4505 2901 4544 os
2940 4491 3155 4544 animm.
3189 4491 3354 4560 Cujus
3385 4504 3479 4560 pro
3498 4493 3636 4579 certe
3658 4489 3756 4579 tunc

545 4575 700 4614 meus
752 4578 780 4614 a
818 4575 1058 4634 tempore
1091 4567 1218 4632 illo,
1264 4583 1330 4624 ex
1359 4586 1470 4640 quo
1497 4573 1552 4626 in
1595 4588 1742 4629 utero
1771 4579 1957 4633 matris
2001 4596 2128 4636 mea:

543 4648 660 4714 fui,
701 4653 914 4710 scilicet
959 4658 1030 4711 ita
1089 4670 1370 4731 susceptor
1417 4679 1571 4719 mens
1622 4666 1881 4722 exstitisti
1931 4679 1989 4723 ιιι
2042 4687 2128 4724 me

543 4741 717 4796 solum
767 4743 1060 4802 immunem
1110 4766 1140 4804 a
1186 4763 1412 4821 peccato
1467 4755 1679 4811 faceres
1734 4758 2007 4830 originali.
2061 4763 2128 4817 Et

541 4832 664 4888 ideo
693 4848 913 4904 quoque
939 4837 1136 4907 dignus
1167 4856 1305 4905 sum,
1340 4854 1397 4899 ιιι
1443 4860 1540 4914 per
1569 4862 1656 4901 me
1691 4863 1798 4902 nox
1849 4850 2124 4908 illumine-

540 4937 648 4993 tur,
686 4930 814 5000 quia
867 4947 968 5003 ego
999 4935 1285 5002 conﬁtebor
1329 4938 1424 4992 tibi
1461 4951 1903 5008 perseveranter,
1949 4945 2003 4999 id
2045 4955 2130 5000 est

538 5021 684 5081 nullo
727 5032 968 5096 tempore
1015 5026 1273 5082 desistam
1324 5046 1353 5084 a
1384 5033 1728 5092 confessione
1777 5037 1949 5094 laudis
1999 5049 2120 5096 tute.

539 5114 691 5180 Quod
737 5125 834 5172 est
870 5118 1052 5174 dicere
1087 5137 1100 5173 :
1140 5117 1413 5190 Quidquid
1456 5124 1581 5178 boni
1632 5126 1686 5181 in
1728 5143 1812 5182 me
1840 5137 1942 5193 est,
1977 5129 2124 5184 laudi

541 5217 644 5260 tute
671 5211 963 5266 ascribam.
995 5211 1060 5266 Et
1102 5213 1223 5268 ideo
1270 5214 1452 5270 adhuc
1495 5218 1619 5285 quia
1649 5221 2020 5288 magnificatus
2068 5237 2122 5275 es

540 5313 636 5368 per
660 5314 764 5367 me,
803 5303 860 5357 id
903 5312 987 5359 est
1015 5306 1138 5373 quia
1189 5322 1286 5376 per
1330 5308 1770 5378 praedicationem
1818 5321 1874 5366 et
1924 5315 2118 5370 bonam

538 5391 708 5446 vitam
755 5411 927 5450 meam
980 5399 1356 5470 magnificatus
1395 5411 1450 5458 et
1499 5402 1834 5472 glorificatus
1873 5422 1933 5462 es
1981 5409 2122 5478 apud

536 5484 832 5556 discipulos
875 5504 1046 5544 meos.
1104 5491 1254 5546 Unde
1302 5494 1444 5550 idem
1496 5495 1548 5550 in
1606 5495 1898 5565 Evangelia
1946 5500 2122 5556 dicit:

542 5585 562 5628 ι
596 5578 778 5646 l‘ater,
812 5582 1159 5636 manifestavi
1196 5600 1390 5640 nonien
1443 5596 1594 5646 tuum
1627 5587 1956 5655 hominibus,
1989 5605 2125 5658 quos

535 5669 732 5727 dedisti
781 5673 910 5728 mihi
953 5672 1140 5745 (Joan.
1175 5690 1306 5740 xvu,
1357 5677 1436 5746 6).
1475 5699 1491 5728 ι
1525 5677 1904 5750 Magniﬁcatus
1934 5697 2008 5744 cs,
2043 5682 2124 5734 in-

534 5774 717 5832 Quen),
748 5781 842 5839 per
889 5781 992 5823 me.
1028 5766 1097 5824 Et
1148 5766 1248 5822 hoc
1275 5767 1593 5833 terribiliter,
1631 5769 1682 5824 id
1727 5779 1809 5826 est
1857 5771 1932 5826 ita
1978 5771 2122 5841 quod

2240 4585 2320 4639 vis
2345 4584 2664 4646 occultatur,
2704 4598 2826 4636 cum
2859 4598 2964 4637 non
2999 4594 3144 4638 recte
3173 4593 3483 4653 usurpatur,
3511 4588 3558 4633 et
3582 4575 3638 4629 ad
3657 4568 3753 4626 mali

2235 4677 2416 4746 aperis
2436 4676 2754 4730 exercitium
2784 4675 3186 4730 llectitnr.l\"am
3208 4691 3329 4730 cum
3353 4692 3383 4729 a
3413 4661 3752 4764 Domino§53

2237 4769 2358 4823 ideo
2409 4768 2593 4822 datum
2641 4769 2711 4821 sit
2758 4776 2815 4821 ιιι
2865 4768 2917 4821 in
2973 4769 3114 4822 bono
3159 4778 3494 4831 exerceatur,
3522 4772 3571 4817 et
3599 4761 3664 4814 sic
3700 4761 3755 4808 sil

2237 4858 2510 4922 meritum,
2544 4856 2631 4911 ille
2663 4873 2848 4912 revera
2898 4857 3026 4912 illud
3074 4874 3179 4912 non
3210 4859 3276 4912 ad
3317 4860 3417 4913 hoc
3459 4869 3566 4910 esse
3605 4851 3752 4905 datum

2233 4951 2350 5021 ipsa
2377 4950 2452 5003 rei
2488 4949 2824 5019 experientia
2856 4959 3045 5016 negat,
3081 4951 3170 5019 qui
3201 4951 3379 5020 potius
3405 4949 3467 5004 ad
3495 4958 3630 5000 ιιειιιιι
3650 4950 3750 5007 0pc-

2233 5043 2460 5097 rationis
2485 5056 2664 5110 pravae
2697 5040 2952 5096 declinat.
2989 5041 3123 5109 Quia
3155 5058 3283 5096 vero
3324 5041 3526 5094 dixerat
3549 5052 3598 5090 os
3627 5041 3750 5124 sumo

2233 5152 2334 5188 non
2360 5148 2481 5188 esse
2503 5132 2844 5198 occultatum,
2885 5143 3069 5199 posset
3096 5132 3200 5188 dici
3239 5151 3252 5186 :
3285 5131 3398 5189 Non
3432 5138 3510 5183 est
3530 5125 3690 5180 mirum
3713 5131 3749 5169 ει

2225 5242 2282 5280 os
2310 5241 2414 5279 non
2443 5223 2722 5279 occultasti
2745 5264 2760 5290 ,
2807 5225 2932 5293 quia
2973 5222 3196 5278 forsitan
3231 5223 3282 5277 in
3325 5225 3422 5277 hac
3453 5211 3748 5290 possibilime

2227 5314 2281 5368 in
2327 5330 2433 5383 qua
2463 5327 2651 5368 sumus
2682 5329 2780 5368 nos
2823 5331 2931 5368 non
2978 5313 3148 5368 fuisti.
3179 5312 3375 5367 Contra
3407 5308 3538 5381 quod
3567 5311 3746 5398 reSPO‘f'

2227 5403 2401 5459 dendo
2423 5419 2481 5458 se
2504 5403 2672 5458 fuisse
2693 5404 3001 5474 passibileni
3026 5404 3280 5468 ostendit,
3311 5410 3368 5456 ut
3383 5416 3476 5472 per
3507 5399 3596 5452 h'oc
3615 5399 3748 5492 pinsiti

2223 5497 2571 5552 commendet
2613 5498 3073 5566 perseverantiam
3107 5513 3216 5551 sum
3268 5497 3414 5551 bona:
3451 5487 3745 5561 Operationis.

2222 5588 2473 5659 Magnum
2523 5590 2666 5643 enim
2699 5588 2801 5642 fuit
2845 5605 2968 5644 eum
3016 5589 3066 5642 in
3096 5588 3369 5658 proposito
3409 5581 3637 5639 bonitatis
3658 5587 3746 5630 suae

2221 5695 2616 5748 perseverasse,
2643 5696 2767 5737 cum
2796 5697 2862 5738 ex
2899 5682 3178 5738 debilitate
3206 5675 3562 5752 possibilitatis
3586 5669 3744 5728 habue-

2223 5772 2294 5826 rit
2329 5787 2487 5842 posse
2510 5772 2764 5828 deiicere.
