3978 6328
237 351 260 405 1
273 350 373 405 3-09

1133 349 1491 408 EXPOSlTlO
1523 351 1589 406 IN
1614 351 1944 408 [‘szLMOS.
1971 383 2038 391 —
2069 350 2261 406 PSAL.
2295 349 2621 407 CXXXVIII.

3377 357 3504 414 1370

309 463 420 516 lloc
457 472 636 517 autem
669 462 749 517 sic
774 462 904 516 dicit
933 481 946 516 :
979 461 1108 517 Dico
1137 479 1239 516 non
1276 472 1348 516 est
1395 462 1710 517 occultatum
1757 481 1812 518 os
1845 470 1890 526 Α
1922 463 2121 529 Nemo,
2165 465 2418 534 inquam,
2456 465 2508 519 in
2545 465 2617 518 eis
2658 479 2807 534 spem
2850 467 3071 522 habebit
3127 469 3500 528 formositatis.

234 569 429 618 nteant,
467 562 510 606 et
543 552 837 607 substantia
869 569 1004 618 mea,
1039 552 1089 604 id
1126 561 1204 606 est
1242 562 1435 605 natura
1475 568 1616 618 mea,
1654 569 1813 622 quam
1839 568 1859 586 '

234 644 484 714 superius
513 660 569 696 os
599 643 810 708 vocavi,
843 658 946 696 non
973 651 1056 696 est
1085 641 1374 707 occultata,
1403 642 1705 698 scilicetvis
1731 660 1816 696 ra-

234 738 556 794 tionalitatis
588 746 642 792 et
683 737 835 791 liberi
874 735 1082 790 arbitrii
1117 735 1220 790 mei
1272 751 1376 790 non
1405 744 1488 790 est
1521 736 1814 802 occultata,

234 835 360 889 licet
377 833 446 888 sit
467 833 704 887 existens
721 832 773 884 in
795 829 1128 899 inferioribus
1147 828 1391 900 partibus
1405 837 1580 894 terras,
1595 829 1646 883 id
1661 839 1742 885 est
1761 830 1812 884 in

233 925 394 994 hujus
421 925 605 979 mundi
639 922 881 994 partibus
925 937 1046 992 quin
1071 922 1324 976 dicuntur
1349 922 1604 977 inferiora
1635 931 1813 988 terrai,

232 1019 284 1073 id
316 1026 400 1072 est
431 1016 761 1087 indigniores
803 1024 986 1085 partes
1016 1023 1193 1079 terrm,
1226 1014 1292 1068 ad
1323 1025 1628 1084 respectum
1656 1031 1816 1086 para-

231 1108 336 1164 disi
378 1107 670 1171 terrestris,
723 1108 776 1161 in
822 1122 929 1176 quo
953 1105 1123 1160 Adam
1163 1107 1374 1176 positus
1412 1108 1642 1177 primum
1683 1108 1813 1174 fuit;

230 1201 323 1270 qui
353 1200 566 1270 dignior
587 1208 640 1254 et
667 1199 914 1268 superior
941 1198 1162 1263 dicitur,
1193 1213 1258 1252 eo
1288 1199 1429 1267 quod
1470 1199 1540 1253 ibi
1569 1198 1716 1253 nulla
1746 1200 1818 1254 sit

229 1291 377 1344 aeris
413 1287 781 1353 inclementia,
813 1286 1190 1342 immoderatio
1219 1287 1388 1354 nulla,
1421 1303 1596 1357 neque
1619 1287 1816 1343 caloris

228 1395 408 1448 neque
433 1377 667 1448 frigoris,
696 1378 788 1432 sed
812 1377 991 1431 omnia
1015 1392 1206 1432 serena
1231 1386 1283 1432 et
1305 1387 1619 1446 temperata.
1647 1378 1819 1432 Carte-

229 1488 352 1526 ruin
385 1472 438 1526 in
468 1471 624 1541 hujus
652 1471 834 1525 mundi
872 1471 1114 1526 convalle
1142 1479 1226 1526 est
1253 1471 1484 1525 maxima
1518 1472 1660 1526 aeris
1689 1487 1815 1541 per-

229 1564 490 1627 turbatio,
531 1564 672 1618 unde
702 1562 980 1632 multiplex
1029 1564 1208 1632 passio
1243 1563 1532 1634 contingit.
1588 1564 1816 1634 Ideoque

227 1656 465 1710 mundus
492 1656 593 1710 iste
620 1655 874 1725 paradiso
905 1653 1150 1721 inferior,
1180 1670 1285 1709 non
1317 1657 1614 1710 secundum
1652 1657 1814 1710 situm

227 1747 360 1813 loci,
384 1748 478 1802 sed
495 1747 788 1803 secundum
811 1747 902 1801 ind
927 1747 1185 1817 gnitatem
1211 1747 1306 1802 rei.
1337 1747 1448 1801 Hoc
1469 1757 1647 1801 autem
1672 1747 1815 1816 quod

1919 554 2054 608 Mihi
2101 566 2296 620 autem,
2350 555 2398 610 id
2449 565 2532 610 est
2580 555 2672 610 sed
2720 557 2786 609 ad
2830 557 3092 614 honorem
3139 577 3316 616 meum
3349 567 3503 618 nimis

1917 647 2256 716 lionoriﬁcati
2293 657 2416 701 sunt
2456 648 2614 701 amici
2652 647 2749 712 tui,
2776 647 2938 715 Deus,
2972 652 3023 704 id
3060 662 3140 708 est
3182 655 3506 709 houorifica-

1917 737 2119 792 buntur
2158 739 2210 792 in
2245 738 2506 793 virtutum
2565 739 2902 796 formositate
2948 741 3171 808 fideles,
3225 747 3314 815 qni
3365 747 3503 800 bene

1917 829 2146 884 vivendo
2185 831 2344 886 amici
2383 831 2458 886 tui
2489 829 2653 886 futuri
2691 844 2835 899 sunt;
2868 849 2930 888 ac
2955 834 2998 890 si
3031 834 3210 900 dicat:
3238 838 3363 891 Mihi
3398 837 3504 891 soli

1917 920 2296 974 ascribeudum
2335 930 2438 986 est,
2482 922 2626 991 quod
2665 923 2975 993 quicunque
3025 923 3208 979 fideles
3253 936 3412 980 erunt
3451 926 3505 981 in

1915 1012 2212 1066 virtutibus
2261 1011 2507 1077 formosi,
2567 1030 2665 1084 per
2722 1031 2808 1070 me
2861 1015 3006 1070 enim
3075 1015 3298 1071 formosi
3349 1016 3506 1073 fient.

1916 1102 1982 1156 Et
2015 1103 2179 1156 etiam
2215 1105 2356 1172 quod
2399 1105 2569 1172 majus
2605 1114 2710 1172 est,
2737 1107 2888 1170 mihi,
2932 1105 2982 1160 id
3023 1115 3105 1161 est
3143 1111 3208 1161 ad
3247 1108 3504 1163 honorem

1917 1211 2095 1250 meum
2129 1197 2280 1251 nimis
2309 1197 2638 1267 confortatus
2665 1209 2738 1253 est
2765 1199 3090 1268 principatus
3115 1198 3278 1271 554
3304 1215 3504 1263 eorum,

1917 1288 1968 1343 id
1997 1297 2078 1343 cst
2111 1279 2512 1345 etinfortabitur
2552 1291 2603 1345 in
2641 1292 2900 1344 virtutum
2943 1290 3310 1356 formositate;
3360 1305 3424 1344 ac
3461 1289 3506 1342 si

1917 1381 2061 1436 dicat
2104 1398 2117 1434 :
2154 1380 2282 1436 Mihi
2339 1381 2720 1436 ascriliendum
2766 1390 2852 1436 est
2889 1382 3032 1450 quod
3078 1381 3326 1450 discipuli
3375 1382 3506 1447 mei,

1916 1475 2006 1544 qui
2046 1475 2321 1544 principes
2359 1483 2413 1529 et
2439 1474 2714 1546 digniores
2749 1485 2875 1528 sunt
2912 1475 3052 1528 inter
3093 1474 3238 1543 ipsos
3277 1461 3510 1539 amicos,

1917 1567 2207 1620 eonfortati
2241 1575 2296 1620 et
2329 1567 2531 1620 robusti
2567 1577 2726 1620 erunt
2765 1566 2817 1620 in
2858 1567 2958 1620 hac
2991 1566 3349 1621 formositate.
3396 1565 3507 1636 Ego

1917 1660 2060 1714 enim
2107 1657 2452 1712 dinumerabo
2494 1674 2581 1711 eos
2619 1657 2847 1722 amicos,
2887 1657 2940 1712 id
2977 1665 3060 1711 est
3101 1671 3195 1710 eos
3219 1656 3284 1710 de
3327 1671 3508 1710 massa

1919 1751 2314 1821 perdeiidornm
2357 1759 2660 1820 exemptos,
2700 1760 2848 1804 certo
2890 1763 3118 1803 numero
3157 1747 3222 1800 ad
3253 1745 3507 1802 formosi-

227 1843 365 1897 dicit
393 1841 684 1895 substantia
723 1857 837 1894 mea
876 1842 933 1894 in
974 1841 1313 1910 inferioribus
1365 1851 1538 1907 teme,
1589 1842 1667 1897 sic
1721 1841 1814 1895 ad-
1848 1843 1890 1896 B
1920 1858 2082 1901 tatem
2133 1845 2323 1900 salutis
2371 1843 2590 1914 eligam,
2627 1859 2690 1898 ac
2733 1843 2776 1898 si
2811 1842 2996 1897 dicat:
3031 1841 3109 1896 Ita
3147 1840 3280 1896 mihi
3325 1847 3509 1895 certus

225 1943 450 2004 aptatur
475 1950 489 1986 :
523 1932 829 1988 Substantia
857 1950 996 1999 mea,
1015 1933 1068 1988 id
1097 1945 1180 1989 est
1203 1934 1282 1989 vis
1310 1944 1518 1989 naturae
1545 1950 1675 1989 mem
1705 1949 1813 1989 non

223 2036 313 2082 est
347 2026 638 2088 occultata,
670 2025 764 2081 sed
805 2040 902 2096 per
939 2026 1399 2096 perseverantiam
1435 2027 1591 2082 home
1627 2041 1816 2095 opera-

225 2119 395 2175 tionis
442 2118 820 2183 manifestata,
864 2117 991 2173 licet
1053 2118 1123 2172 sit
1169 2119 1341 2188 posita
1389 2121 1442 2172 in
1477 2119 1815 2188 inferioribus

225 2219 406 2274 terrm,
431 2209 482 2264 id
506 2218 590 2264 est
618 2208 674 2262 in
701 2207 859 2277 hujus
882 2208 1066 2262 mundi
1096 2209 1410 2264 calamitosa
1437 2211 1700 2275 convalle,
1727 2210 1814 2265 ubi

226 2307 416 2370 posset
462 2313 581 2354 esse
629 2298 780 2353 locus
820 2297 1164 2363 occultandi,
1218 2310 1440 2368 propter
1499 2300 1814 2354 instantiam

225 2391 563 2446 multimoda:
599 2390 910 2446 anxietatis.
958 2390 1110 2458 Quod
1145 2407 1240 2460 pro
1271 2402 1422 2447 certo
1453 2392 1619 2448 Adam
1668 2392 1816 2458 fecit,

224 2481 438 2537 scilicet
465 2482 571 2536 vim
605 2491 813 2536 natura:
850 2496 962 2537 sum
990 2481 1306 2546 abscondit,
1343 2498 1448 2536 non
1478 2482 1818 2552 persistendo

226 2573 280 2627 in
309 2572 640 2637 obcdientia,
671 2573 800 2627 licet
835 2574 1070 2628 nondum
1103 2575 1157 2628 in
1181 2574 1521 2644 inferioribus
1544 2583 1698 2628 terra:
1725 2590 1819 2644 po-

224 2664 368 2719 situs
393 2673 559 2729 esset,
592 2664 685 2719 sed
733 2665 785 2718 in
815 2664 1067 2734 paradiso
1100 2665 1187 2719 ubi
1237 2665 1377 2719 nulla
1408 2665 1676 2734 passionis
1723 2680 1820 2718 an~

223 2757 427 2821 xietas,
455 2755 598 2810 nulla
623 2755 906 2810 deficiendi
941 2759 1256 2812 necessitas.
1288 2756 1404 2811 Non
1445 2767 1528 2812 est
1549 2758 1818 2812 occultata

223 2849 523 2904 substantia
562 2865 676 2903 mea
710 2849 848 2904 idem
877 2850 1131 2919 estquod
1164 2866 1268 2903 non
1302 2859 1376 2902 est
1416 2849 1732 2902 occultatum
1762 2865 1819 2904 os

223 2959 424 3008 meum,
472 2942 568 2996 sed
606 2945 894 3012 repetitum
937 2951 1020 2997 est
1069 2950 1127 2994 ut
1174 2942 1342 2998 addat
1386 2941 1441 2995 in
1479 2941 1819 3012 inferioribus

223 3046 404 3090 terrm.
432 3034 568 3090 Cum
605 3035 768 3106 igitur
795 3033 1067 3105 perfectus
1096 3035 1199 3089 siin
1231 3050 1296 3090 eo
1323 3034 1466 3104 quod
1505 3051 1650 3090 renes
1681 3051 1819 3089 meos

221 3127 504 3197 possedisti
546 3137 601 3182 et
626 3128 898 3196 suscepisti
933 3144 1012 3182 me
1059 3128 1124 3181 de
1173 3137 1318 3182 utero
1358 3139 1544 3183 matris
1576 3145 1723 3193 meas,
1769 3139 1820 3182 et

1916 1938 2022 1994 erit
2060 1951 2316 1991 numerus
2361 1951 2571 2000 eorum,
2617 1943 2677 1989 ut
2716 1949 2889 2004 neque
2929 1948 3175 1988 crescere
3215 1948 3388 2002 neque
3417 1931 3511 1985 de-

1917 2043 2168 2084 crescere
2219 2027 2410 2098 possit.
2463 2025 2566 2081 Per
2613 2027 2718 2082 hoc
2769 2035 2949 2080 autem
2983 2040 3077 2081 eos
3127 2024 3304 2080 reddit
3341 2023 3509 2078 bene-

1918 2119 2088 2184 volas,
2129 2135 2252 2174 eum
2291 2119 2357 2173 ad
2396 2117 2622 2173 salutem
2662 2133 2757 2173 eos
2787 2119 2934 2173 dicat
2968 2131 3086 2172 esse
3115 2115 3508 2170 diiiumeratos.

1917 2209 2053 2279 Quia
2083 2226 2213 2266 vero
2245 2211 2456 2265 dixerat
2490 2211 2854 2277 dinumerabo,
2905 2225 2972 2264 ne
3011 2209 3326 2263 viderentur
3369 2203 3510 2275 apud

1918 2302 2166 2357 homines
2199 2301 2588 2369 numerabiles,
2623 2302 2772 2356 addit
2800 2319 2812 2355 :
2844 2301 2933 2366 Et,
2965 2300 3092 2355 licet
3137 2301 3314 2354 dicam
3361 2296 3507 2367 quod

1916 2412 2010 2450 eos
2060 2393 2442 2459 dinumerabo,
2501 2402 2678 2448 tamen
2730 2393 3218 2463 multipticabuutur
3267 2389 3399 2444 adeo
3452 2396 3514 2441 ut

1917 2489 2026 2542 sint
2055 2503 2212 2557 super
2243 2503 2481 2553 arenam,
2513 2501 2617 2542 non
2655 2497 2715 2540 ut
2743 2486 2852 2540 sint
2881 2486 3064 2554 plures
3097 2495 3321 2536 numero
3347 2495 3511 2548 quant

1919 2595 2120 2641 areum,
2149 2577 2244 2632 sed
2275 2593 2440 2647 super
2469 2593 2691 2632 arenam
2721 2585 2902 2642 erunt,
2955 2575 3006 2639 id
3033 2583 3116 2630 est
3153 2572 3326 2644 magis
3355 2572 3514 2626 innu-

1919 2667 2208 2722 merabiles
2245 2682 2409 2736 quam
2449 2682 2636 2732 arena,
2667 2666 2876 2721 scilicet
2913 2673 2970 2718 ut
2997 2664 3160 2718 citius
3196 2663 3368 2733 possit
3407 2677 3509 2716 nu-

1921 2775 2102 2814 merus
2127 2774 2306 2813 arenae
2337 2757 2463 2812 sciri
2518 2773 2678 2826 quam
2711 2771 2897 2810 eorum
2939 2770 3218 2809 numerus.
3270 2753 3383 2808 lloc
3415 2768 3512 2806 au-

1921 2861 2025 2905 tem
2053 2849 2197 2920 quod
2231 2849 2309 2904 sic
2338 2848 2496 2902 amici
2527 2848 2604 2900 tui
2633 2846 3159 2910 honorificabnntnr,
3194 2857 3300 2899 non
3335 2841 3508 2898 solum

1920 2943 2132 2997 accidet
2179 2957 2276 3010 per
2319 2938 2677 3009 imperfectum
2723 2953 2917 3000 meum,
2953 2935 3004 2990 id
3045 2945 3128 2990 est
3153 2949 3250 3006 per
3278 2944 3510 2988 mortem

1922 3048 2096 3088 meam
2137 3051 2152 3087 :
2194 3033 2286 3088 sed
2315 3047 2410 3102 per
2440 3032 2542 3087 hoc
2568 3045 2784 3101 quoque
2814 3028 2956 3100 quod
2989 3028 3291 3093 exsurrexi,
3335 3025 3388 3081 id
3428 3035 3514 3080 est

1922 3127 2064 3196 quod
2105 3140 2170 3179 ex
2212 3133 2388 3178 morte
2431 3138 2649 3194 surgam
2690 3130 2744 3177 et
2790 3109 3114 3176 immortalis
3143 3117 3269 3173 fiam
3305 3125 3362 3171 et
3404 3116 3512 3170 im-

224 3235 330 3272 uon
377 3227 452 3271 est
499 3218 817 3272 occultatum
869 3234 927 3272 os
975 3235 1179 3283 meum,
1236 3218 1423 3288 procul
1463 3219 1624 3274 dubio
1672 3226 1819 3289 patet
1847 3208 1887 3264 C
1923 3217 2237 3288 passibilis:
2277 3225 2354 3278 et,
2403 3214 2528 3268 licet
2567 3215 2807 3268 nondum
2853 3210 3280 3273 exsurrexerint,
3331 3217 3510 3262 tamen

223 3309 370 3380 quod
412 3308 554 3362 oculi
595 3309 674 3361 tui
705 3308 945 3363 viderunt
996 3309 1355 3378 imperfectum
1404 3327 1600 3375 meum,
1647 3310 1697 3364 id
1737 3322 1822 3368 est

222 3401 369 3457 oculi
418 3400 790 3470 dispositionis
842 3409 946 3455 tua:
996 3401 1377 3470 praeviderunt,
1431 3410 1487 3456 et
1535 3402 1822 3458 voluerunt

224 3492 695 3563 imperfectionem
744 3507 938 3555 meam,
979 3493 1032 3547 id
1075 3501 1158 3548 est
1195 3503 1424 3548 mortem
1473 3509 1668 3561 meam,
1702 3511 1821 3566 qua:

223 3601 438 3642 summa
468 3586 719 3640 debilitas
740 3595 898 3641 estet
920 3585 1280 3655 imperfectio,
1306 3587 1514 3642 scilicet
1533 3604 1653 3641 cuin
1687 3588 1822 3644 adeo

222 3667 635 3734 consummatus
670 3679 773 3733 sim
821 3679 876 3732 in
919 3679 1065 3733 omni
1114 3679 1444 3747 perfectione
1491 3681 1820 3748 sanctitatis,

224 3773 461 3842 ideoque
518 3780 576 3826 ut
621 3787 720 3841 per
769 3785 856 3825 me
907 3769 1093 3825 fideles
1142 3772 1418 3826 salventur
1465 3771 1658 3843 dignus
1695 3773 1820 3837 sim,

225 3865 437 3936 placuit
466 3862 806 3932 dispositioni
849 3873 974 3928 tote,
1007 3871 1065 3916 ut
1100 3862 1400 3917 secundum
1435 3863 1819 3917 mortalitatem

225 3956 582 4028 imperfectus
611 3971 802 4026 essem
835 3965 888 4010 et
911 3955 1134 4019 debilis,
1167 3965 1220 4010 et
1247 3965 1343 4024 pro
1371 3955 1544 4010 salute
1577 3971 1819 4009 meorum

224 4054 538 4105 futurorum
588 4047 806 4102 moriar.
870 4047 938 4101 Et
991 4063 1085 4117 per
1147 4049 1286 4102 hanc
1353 4047 1820 4117 imperfectionem

223 4145 423 4198 mortis
451 4157 585 4196 mea:
608 4142 660 4194 in
693 4155 778 4195 me
803 4141 935 4194 libro
963 4151 1054 4194 tuo
1089 4140 1204 4195 dies
1229 4140 1538 4204 scribentur,
1571 4140 1622 4193 id
1655 4150 1737 4194 est
1768 4140 1819 4194 in

223 4235 483 4305 exemplo
511 4234 614 4288 mei
647 4233 738 4302 qui
781 4248 900 4286 sum
933 4232 1071 4285 liber
1100 4241 1243 4294 tuus,
1286 4246 1448 4300 quem
1489 4231 1817 4302 proposuisti

223 4329 510 4399 exemplar
532 4327 758 4396 justiti-.1:
785 4326 837 4379 in
867 4324 1140 4390 omnibus,
1167 4323 1472 4378 scribentur
1497 4323 1631 4387 dies,
1661 4322 1712 4376 id
1739 4331 1824 4376 est

225 4421 464 4492 perfecti
503 4420 681 4474 eﬂ‘ecti
718 4419 1021 4474 efiicientur
1062 4417 1137 4472 illi
1169 4417 1261 4487 qui
1301 4415 1466 4470 futuri
1513 4423 1640 4468 sunt
1681 4415 1818 4479 dies,

225 4516 282 4571 id
316 4524 398 4571 est
429 4514 560 4570 clari
591 4523 644 4568 et
676 4511 958 4566 illiiminati
1003 4511 1054 4564 in
1096 4511 1350 4571 scientia,
1398 4506 1644 4576 discipuli
1690 4505 1818 4569 mei,

225 4608 458 4663 scilicet.
503 4605 655 4672 Quod
693 4615 874 4658 autem
915 4618 976 4657 se
1008 4601 1203 4655 librum
1251 4599 1404 4664 dicit,
1448 4606 1504 4652 et
1531 4598 1646 4653 dies
1683 4595 1819 4652 scri-

225 4699 438 4755 bendos
465 4713 584 4753 esse
611 4698 677 4751 ad
712 4694 1017 4764 exemplum
1048 4692 1131 4746 sui
1162 4690 1378 4755 asserit,
1410 4704 1438 4742 a
1467 4687 1821 4742 similitudine

226 4794 438 4848 dictum
476 4801 558 4845 est
594 4788 783 4860 optimi
824 4787 967 4853 libri,
1012 4785 1080 4840 ad
1111 4785 1264 4853 cujus
1304 4781 1611 4852 exemplum
1638 4780 1819 4836 caeteri

226 4885 358 4939 libri
400 4882 734 4936 scribuntur.
1322 4890 1326 4894 ·

308 4973 540 5042 Exponit
579 4981 757 5026 autem
789 4971 1056 5041 quomodo
1092 4969 1157 5023 ad
1192 4967 1308 5035 ejus
1343 4965 1648 5036 exemplum
1685 4963 1817 5018 scri-

229 5069 451 5130 hcntur,
479 5065 722 5120 addendo
753 5065 863 5119 sic:
894 5064 1022 5118 Dico
1041 5064 1182 5132 quod
1207 5062 1260 5115 in
1291 5076 1374 5114 me
1399 5059 1532 5112 libro
1553 5059 1663 5112 dies
1685 5057 1818 5111 scri-

231 5160 440 5222 bentur,
477 5157 684 5210 scilicet
730 5155 1101 5224 formabuntur
1135 5153 1203 5206 ad
1243 5150 1554 5219 exemplum
1599 5149 1727 5214 mei,
1764 5148 1815 5202 id

232 5261 318 5305 est
377 5251 606 5306 interius
647 5251 699 5305 in
741 5249 1030 5303 virtutibus
1078 5249 1206 5302 fient
1257 5243 1480 5299 formosi
1519 5259 1533 5296 :
1572 5251 1619 5296 et
1667 5257 1817 5296 nemo

235 5342 560 5398 formabitur
600 5343 653 5396 in
678 5344 752 5395 eis
783 5355 1088 5394 remanens.
1120 5339 1196 5391 Ac
1229 5336 1275 5391 si
1303 5336 1448 5390 dicat
1494 5333 1665 5388 :Cum
1696 5331 1817 5401 plu-

233 5451 324 5490 res
377 5436 444 5489 ad
496 5450 684 5488 eorum
735 5433 1040 5502 cxrmpluin
1097 5428 1318 5484 formosi
1375 5427 1487 5481 sint
1529 5423 1816 5486 efﬁciendi,

233 5529 410 5583 nullus
463 5537 640 5581 tamen
691 5529 742 5581 in
788 5527 868 5580 eis
915 5540 1062 5594 spem
1115 5532 1280 5594 ponet
1329 5517 1706 5581 formositatis,
1761 5523 1821 5569 ut

235 5622 375 5675 dono
400 5621 641 5689 ipsorum
668 5632 819 5688 putet
841 5634 898 5672 se
922 5617 1218 5671 formosum
1249 5613 1386 5669 fieri.
1419 5612 1569 5668 Unde
1592 5608 1819 5664 Paulus:

243 5725 260 5757 ι
299 5707 547 5775 Nunquid
580 5707 779 5760 l'auliis
827 5704 1122 5758 crucifixus
1151 5713 1232 5756 cst
1271 5718 1369 5771 pro
1401 5699 1590 5754 vobis?
1629 5705 1720 5750 aut
1767 5696 1820 5749 in

237 5795 454 5851 nomine
508 5795 670 5849 'l’auli
740 5794 998 5864 baptizati
1065 5791 1237 5847 estis?
1283 5812 1300 5842 ›
1348 5789 1410 5844 (1
1453 5789 1573 5844 Cor.
1619 5805 1658 5852 t,
1705 5785 1824 5857 l5.)

1853 4569 1898 4627 D

1924 3325 2023 3379 ego
2055 3307 2228 3360 adhuc
2258 3306 2501 3361 existens
2540 3305 2783 3360 mortalis
2811 3313 2864 3358 et
2894 3303 3164 3372 passibilis
3187 3319 3302 3356 sum
3343 3309 3512 3354 tecum

1925 3408 2231 3456 coaaternus
2260 3408 2314 3452 et
2343 3396 2841 3461 consubstaiitialis,
2875 3395 3171 3449 secundum
3200 3393 3344 3464 quod
3370 3391 3513 3445 Deus

1924 3497 2153 3564 ideoque
2185 3503 2378 3562 potens
2405 3508 2521 3548 sum
2551 3492 2753 3545 amicos
2784 3498 2902 3545 tuos
2932 3487 3314 3542 houorificare.

1993 3589 2120 3643 inde
2143 3604 2271 3644 vero
2302 3594 2444 3656 patet
2477 3585 2617 3654 quod
2652 3593 2829 3637 tecum
2864 3581 2915 3635 in
2950 3580 3183 3635 essentia
3216 3578 3343 3632 item
3370 3590 3512 3638 sum,

1923 3680 2180 3748 quoniam
2229 3679 2273 3731 si
2323 3676 2573 3732 occideris
2615 3673 2755 3726 Deus
2793 3673 2955 3726 Pater
2983 3678 3302 3742 peccatores,
3349 3665 3402 3720 id
3431 3672 3516 3719 est

1923 3781 2137 3828 constat
2163 3771 2305 3841 quod
2344 3779 2396 3823 tu
2427 3767 2674 3823 occidisti
2719 3766 2832 3837 jam
2873 3764 3199 3820 exczecando
3239 3761 3293 3816 in
3333 3758 3514 3814 anima

1916 3865 2065 3935 justo
2108 3863 2312 3933 judicio
2359 3870 2448 3915 tuo
2491 3869 2826 3928 peccatores,
2875 3855 3196 3924 resipiscere
3241 3850 3513 3913 nolentes,

1923 3958 2110 4011 dicens
2161 3955 2268 4008 illis
2307 3951 2518 4008 occulto
2549 3960 2604 4006 et
2635 3949 2915 4004 inaudibili
2951 3947 3098 4001 dicto
3145 3940 3516 4012 dispositionis

1924 4058 2065 4104 tute:
2098 4047 2141 4102 0
2173 4047 2268 4101 viri
2300 4045 2560 4100 effusores
2595 4044 2936 4114 sanguinum,
2973 4038 3025 4092 id
3061 4046 3144 4091 est
3179 4050 3212 4089 o
3245 4033 3348 4086 viri
3389 4045 3516 4102 pro-

1926 4141 2195 4194 ximorum
2242 4137 2640 4199 interfectores,
2689 4130 2982 4202 aliquando
3030 4129 3082 4182 in
3131 4137 3362 4192 corpore
3410 4136 3513 4192 pu-

1925 4231 2147 4294 niendo,
2193 4229 2482 4296 aliquando
2516 4241 2643 4278 vero
2675 4225 2726 4278 in
2761 4223 2939 4277 anima
2973 4234 3067 4274 eos
3097 4215 3375 4272 blanditiis
3424 4215 3515 4268 dc-

1924 4321 2191 4390 cipicudo,
2221 4319 2476 4372 declinate
2517 4334 2547 4370 a
2581 4332 2680 4381 me,
2714 4315 2765 4369 id
2802 4322 2885 4368 cst
2925 4310 3187 4366 discedite
3216 4317 3270 4362 et
3295 4307 3516 4376 elonga-

1924 4411 2055 4464 iniui
2107 4426 2136 4462 a
2181 4409 2284 4462 mei
2338 4405 2649 4477 cognitione
2703 4412 2756 4458 et
2809 4399 3108 4456 voluntaria
3157 4396 3512 4467 subjectione.

1925 4504 1988 4557 Et
2040 4503 2160 4556 idco
2190 4515 2381 4570 nempe
2425 4498 2712 4562 declinata,
2754 4495 2875 4566 quia
2905 4493 3081 4546 dicitis
3121 4491 3173 4543 in
3202 4487 3516 4558 cogitatione

1929 4604 2105 4648 vestra
2146 4591 2478 4661 nequissima
2513 4605 2526 4642 :
2560 4586 2771 4642 Fideles
2807 4583 3065 4653 accipiant
3098 4581 3152 4632 in
3185 4579 3410 4634 vanitate
3439 4576 3516 4629 ci-

1928 4687 2108 4743 vitates
2138 4703 2284 4751 suas,
2319 4683 2368 4738 id
2407 4691 2490 4738 est
2525 4679 2870 4736 collectiones
2900 4675 3202 4739 hominum,
3235 4687 3372 4742 quas
3411 4668 3516 4724 sibi

1927 4777 2292 4840 conformant,
2338 4774 2542 4830 scilicet
2577 4786 2697 4826 cum
2741 4768 2838 4838 ipsi
2872 4766 3068 4820 multos
3099 4764 3202 4821 sibi
3235 4762 3519 4832 colligant,

1928 4869 2125 4940 quibus
2188 4864 2373 4920 iieScio
2438 4879 2556 4932 qua:
2618 4858 2910 4916 invisibilia
2973 4857 3110 4910 bona
3165 4851 3512 4924 promittunt,

1929 4959 2072 5013 unde
2110 4956 2212 5025 ipsi
2250 4969 2466 5024 quoque
2494 4949 2985 5006 remunerationem
3019 4950 3373 5014 exspectant:
3401 4941 3516 4995 Hoc

1927 5049 2132 5105 faciant
2163 5048 2214 5100 in
2244 5046 2494 5107 vanitate,
2528 5042 2576 5096 id
2605 5053 2688 5095 est
2715 5039 2998 5100 inutiliter,
3031 5045 3088 5090 ut
3119 5051 3215 5090 nec
3242 5033 3344 5103 ipsi
3389 5032 3516 5087 inde

1926 5138 2220 5211 quidquam
2257 5135 2506 5190 utilitatis
2547 5133 2781 5188 habeant
2825 5142 3086 5198 unquam,
3128 5140 3227 5180 nec
3265 5124 3338 5178 illi
3379 5135 3516 5194 quos

1925 5232 2028 5288 sibi
2067 5228 2454 5285 conformanda
2497 5226 2787 5294 accipiunt.
2825 5218 3016 5273 Nonne
3054 5217 3173 5271 illos
3203 5225 3525 5286 peccatores.

1921 5329 2011 5400 qui
2055 5325 2196 5380 male
2235 5323 2466 5378 videndo
2505 5322 2727 5375 oderunt
2761 5327 2809 5370 te
2862 5314 3097 5375 oderam,
3143 5311 3196 5365 id
3242 5319 3326 5364 est
3369 5311 3516 5400 odivi

1924 5399 2225 5476 occidendo
2261 5431 2355 5471 cos
2397 5422 2573 5468 tecum
2616 5412 2666 5463 in
2714 5408 2894 5462 anima
2948 5401 3316 5459 excaecando?
3359 5399 3518 5454 Odiri

1928 5512 2135 5580 utique,
2187 5509 2418 5576 ideoque
2459 5511 2674 5558 constat
2719 5500 2862 5570 quod
2893 5509 3069 5554 tecum
3118 5496 3259 5550 idem
3294 5507 3411 5547 sum
3462 5492 3518 5544 in

1929 5611 2148 5656 natura.
2200 5599 2312 5653 lloc
2343 5604 2525 5650 autem
2555 5594 2696 5647 idem
2725 5600 2808 5646 est
2833 5593 2896 5645 ac
2923 5589 2966 5644 si
2995 5589 3072 5643 sic
3099 5593 3343 5656 poneret.
3391 5582 3518 5636 Inde

1930 5705 2077 5765 patet
2107 5709 2192 5748 me
2217 5701 2391 5746 tecum
2422 5703 2560 5750 esse,
2586 5688 2709 5756 quia
2741 5694 3055 5754 peccatores
3082 5693 3218 5748 quos
3243 5675 3446 5729 occidis
3474 5674 3514 5738 i,

1932 5801 2025 5842 eos
2063 5783 2187 5839 odio
2227 5781 2431 5836 habens
2472 5777 2618 5833 ideo.
2661 5776 2782 5847 quia
2819 5773 3067 5827 dixerunt
3110 5769 3163 5820 in
3205 5766 3516 5836 cogitatione
