3962 6318
525 311 656 367 1571

1088 305 1147 363 S.
1189 306 1538 366 BRUNONIS
1574 307 2209 366 CARTIIUSIANOn‘UM
2249 306 2734 364 INSTITUTORIS
2766 307 2918 366 OPP.
2945 309 3124 366 PARS
3149 311 3188 365 Ι.

3626 316 3724 372 1572

523 439 619 478 sua
656 422 924 492 accipiant
971 419 1154 476 fideles
1205 421 1259 475 in
1290 425 1514 478 vanitate
1547 424 1776 477 civitates
1819 437 1969 485 suas,
2000 436 2095 476 eos
2124 423 2170 478 Α
2196 427 2278 473 est
2302 420 2516 473 assidua
2564 422 2630 474 ad
2661 422 3022 478 aeternitatem
3051 423 3258 479 ducens
3291 443 3304 479 :
3341 424 3547 480 scilicet
3573 428 3640 484 sic
3662 431 3724 489 iac

523 515 774 568 similiter
811 513 980 568 occidi
1019 513 1142 568 odio
1179 513 1404 569 habens.
1445 515 1510 568 Et
1552 515 1675 569 licet
1711 530 1804 568 eos
1842 515 2088 577 oderant,

523 612 701 657 tamen
732 619 796 658 ex
829 603 1201 672 compassione
1240 605 1625 659 misericordiae
1661 602 2003 666 tabescebam,
2039 603 2092 657 id

520 703 604 748 est
635 693 900 748 anxiabar
931 710 1028 763 pro
1057 693 1136 748 eis
1171 695 1224 748 in
1263 695 1472 756 anima,
1510 708 1538 745 a
1572 693 1922 747 similitudine
1952 693 2091 748 illius

520 783 610 852 qui
651 799 716 837 ex
741 782 924 836 .nimia
970 783 1240 836 anxietate
1292 781 1535 834 tabescit.
1588 779 1954 845 Tabescebant,
2005 781 2090 835 itt-

519 889 706 942 quam,
734 857 1032 928 extendens
1069 888 1152 926 me
1179 871 1609 926 consideratione
1647 889 1797 941 super
1835 873 1951 927 illos
1989 873 2090 926 ini-

518 965 679 1019 micos
702 981 840 1019 meos
876 963 1189 1024 existentes,
1223 961 1540 1029 quod'juste
1574 961 1829 1031 puniendi
1860 972 2003 1026 sunt,
2038 961 2090 1015 id

517 1061 600 1106 est
653 1053 914 1106 anxiabar
961 1066 1027 1104 ex
1080 1050 1456 1120 compassione
1499 1051 1861 1106 damnationis
1905 1067 2089 1106 eorum

517 1157 678 1209 quam
711 1141 1092 1212 prtevidebam.
1149 1139 1204 1194 ιιι
1239 1140 1341 1194 hoc
1375 1149 1555 1195 autem
1595 1141 1750 1195 nobis
1789 1142 2088 1213 exemplum

520 1234 572 1286 in
605 1248 663 1286 se
694 1233 1027 1301 prmscribit,
1068 1240 1334 1299 quatenus
1374 1233 1440 1287 de
1479 1231 1818 1286 inimicorum
1865 1233 2091 1288 damna—

519 1323 663 1377 tione
692 1321 1065 1392 compatiendo
1092 1323 1298 1376 auxFari
1329 1323 1608 1385 debemus,
1639 1323 1736 1378 etsi
1790 1338 1882 1377 eos
1913 1324 1963 1376 in
1991 1325 2091 1380 hoc

516 1412 656 1481 quod
690 1411 813 1464 mali
849 1420 975 1465 sant
1020 1411 1251 1466 odimus.
1290 1411 1439 1468 Unde
1475 1412 1704 1481 Prosper
1734 1429 1746 1465 :
1785 1431 1802 1466 ι
1835 1412 2003 1469 Recte
2037 1416 2088 1468 in

515 1502 671 1557 malis
696 1503 906 1559 odimus
932 1503 1191 1558 malitiam
1219 1513 1274 1560 et
1299 1503 1570 1572 diligimus
1593 1514 1920 1560 creaturam.
1957 1525 1978 1560 ι

583 1593 719 1660 Quia
740 1609 869 1649 vero
892 1594 1103 1650 dixerat
1129 1610 1186 1650 se
1211 1595 1336 1650 odio
1367 1596 1569 1651 habere
1595 1608 1934 1667 peccatores,
1965 1616 2088 1656 cum

513 1685 781 1754 quoddam
816 1687 997 1741 odium
1037 1687 1236 1741 malum
1269 1689 1360 1754 sit,
1403 1691 1468 1744 de
1510 1705 1616 1759 quo
1644 1691 1768 1746 odio
1795 1693 1958 1758 dicat,
1996 1694 2089 1748 de-

2192 525 2275 567 ηις
2318 510 2369 564 in
2397 525 2460 563 ea
2487 526 2855 580 perseverare,
2893 525 2947 568 ut
2978 531 3255 584 nunquam
3287 517 3356 571 ab
3397 534 3460 571 ea
3492 519 3721 585 desistam,

2190 613 2232 652 e"
2271 616 2365 670 ger
2389 617 2506 656 eam
2537 603 2604 656 ad
2642 605 3003 660 aeternitatem
3037 608 3323 677 attingam.
3357 608 3504 663 Multi
3531 613 3652 665 enim
3677 619 3724 670 ad

2191 697 2401 758 tempus
2427 702 2836 759 perseverantes
2861 695 3182 766 quandoque
3211 697 3493 766 deficiunt,
3527 711 3579 755 et
3596 703 3660 757 sic
3676 708 3723 759 ad

2190 780 2542 834 aeternitatem
2577 797 2681 835 non
2709 782 2998 853 attingunt.

2611 914 2677 970 IN
2700 916 3024 973 PSALMUM
3049 919 3339 974 CXXXIX.

2258 1023 2470 1079 Titulus
2499 1028 2778 1081 centesimi
2826 1030 3083 1084 tricesimi
3135 1033 3259 1086 noni
3302 1033 3546 1088 Psalmns
3574 1037 3722 1104 Dat-id,

2190 1112 2244 1166 id
2274 1123 2359 1167 est
2385 1114 2803 1184 uniuscujusque
2841 1117 3012 1172 fidelis
3043 1121 3386 1189 respicientis
3421 1124 3471 1174 in
3504 1125 3663 1189 tinem,
3687 1130 3724 1182 id
3799 1135 3802 1138 ‘

2188 1212 2271 1258 est
2294 1204 2346 1257 in
2379 1203 2675 1270 Christum,
2706 1208 2797 1276 qui
2828 1217 2910 1263 est
2943 1209 3065 1264 finis
3091 1221 3145 1264 et
3166 1214 3408 1280 perfecte
3432 1231 3724 1272 consumma-

2191 1305 2276 1349 tus
2299 1297 2350 1349 in
2373 1297 2746 1365 omnijustitia
2770 1309 2824 1354 et
2854 1303 3160 1365 sanctitate,
3196 1318 3254 1358 ut
3289 1306 3340 1358 in
3377 1307 3581 1376 psalmo
3603 1325 3725 1378 supe-

2190 1387 2316 1440 riori
2347 1396 2621 1442 ostensum
2645 1399 2747 1444 est.
2774 1391 2936 1460 Cujus
2961 1396 3307 1462 perfectionis
3325 1406 3384 1450 ut
3410 1398 3611 1452 valeant
3629 1415 3723 1456 esse

2189 1478 2500 1547 participes,
2529 1489 2685 1534 orant
2710 1493 2768 1536 ut
2795 1483 2931 1538 Deus
2957 1500 3050 1554 per
3073 1487 3302 1555 gratiam
3331 1488 3520 1557 eripiat
3544 1505 3570 1542 a
3594 1492 3717 1546 malis

2190 1570 2518 1637 hominibus,
2569 1573 2620 1626 id
2661 1583 2743 1627 est
2789 1589 2817 1628 a
2859 1575 2998 1630 tnalc
3027 1579 3400 1646 operantibus,
3452 1589 3505 1633 et
3545 1581 3722 1649 iniquis,

2191 1661 2242 1716 id
2277 1671 2359 1717 est
2399 1665 2464 1718 ab
2496 1665 2781 1730 hterctieis,
2811 1667 2901 1736 qui
2931 1683 3023 1722 eos
3051 1668 3150 1722 sibi
3188 1669 3534 1725 conformare
3573 1676 3720 1728 nitun-

515 1775 770 1830 lcrminat
806 1791 929 1832 cum
973 1777 1103 1832 dicit
1138 1795 1150 1832 ε
1187 1777 1432 1843 aderam,
1468 1754 1708 1849 induam,
1739 1781 1878 1846 mos,
1911 1754 1962 1835 ei
1990 1783 2090 1836 hoc
2120 1770 2165 1828 Β
2337 1754 2485 1849 lianc
2503 1765 2691 1849 autem
2727 1759 3024 1812 orationem
3051 1775 3114 1813 ea
3147 1761 3447 1818 intentione
3473 1763 3657 1818 faciunt
3680 1775 3724 1820 ut

512 1882 618 1919 non
643 1867 825 1936 iniquo
847 1869 994 1935 odio,
1014 1869 1107 1924 sed
1131 1869 1361 1939 profecto
1385 1871 1504 1924 odio
1528 1872 1742 1926 oderam
1769 1873 1907 1936 illos,
1931 1875 1982 1928 id
2005 1885 2088 1931 est

514 1955 605 2008 tali
645 1957 770 2010 odio
797 1958 938 2026 quod
968 1959 1166 2013 bonum
1203 1969 1286 2015 est
1313 1970 1364 2016 et
1398 1959 1464 2014 ad
1492 1961 1760 2031 perfectos
1793 1965 1937 2020 viros
1967 1983 2090 2035 per-

513 2049 665 2102 tinet.
699 2048 947 2116 Oderam,
977 2050 1182 2106 scilicet
1213 2067 1306 2106 eos
1336 2053 1388 2106 in
1415 2053 1517 2107 hoc
1548 2054 1689 2124 quod
1721 2055 1864 2118 mali,
1900 2073 2004 2110 non
2035 2058 2086 2112 in

511 2139 615 2192 hoc
644 2139 784 2206 quod
819 2141 908 2194 Dei
941 2148 1187 2196 creatura
1227 2152 1400 2197 erant.
1441 2144 1570 2198 Dico
1596 2149 1734 2213 quod
1766 2146 2087 2202 tabescebant

511 2246 668 2298 super
689 2231 922 2285 inimicos
948 2247 1123 2287 meos:
1150 2243 1202 2287 et
1233 2233 1357 2290 licet
1381 2251 1445 2290 ex
1475 2239 1843 2307 compassione
1866 2239 2089 2294 damna-

513 2320 675 2374 tionis
718 2335 903 2374 eormn
942 2321 1294 2389 tabescerem,
1335 2333 1511 2380 tamen
1559 2326 1761 2381 inimici
1793 2327 1917 2382 facti
1963 2339 2089 2384 sunt

514 2411 646 2465 mihi
687 2411 825 2466 male
851 2413 1096 2476 vivendo,
1141 2417 1282 2484 quod
1318 2417 1536 2471 minime
1582 2418 1758 2472 facere
1807 2419 2084 2487 deberent,

514 2501 739 2569 ideoque
768 2501 1020 2570 eosjustc
1049 2504 1172 2558 odio
1204 2505 1386 2560 habui.
1417 2506 1709 2579 Postquam
1742 2525 2087 2564 consumma-

514 2600 623 2645 tam
647 2591 1031 2662 perfectionem
1064 2610 1216 2649 suam
1245 2597 1310 2650 ad
1341 2598 1644 2652 auditorum
1678 2600 2084 2656 instructionem

511 2682 766 2748 ostendit,
789 2692 904 2770 ora‘t
927 2685 992 2738 de
1021 2687 1418 2755 perseverantia
1447 2686 1683 2756 ejusdem
1708 2689 2084 2760 perfectionis,

512 2783 570 2826 ut
595 2776 809 2829 eosdem
847 2777 1121 2833 auditores
1146 2779 1210 2833 de
1239 2779 1339 2834 bac
1364 2780 1548 2834 eadem
1573 2781 1903 2851 perfectione
1927 2798 2084 2838 orare

514 2866 769 2920 instruat.
800 2868 942 2934 Dixi,
973 2884 1005 2924 ο
1034 2869 1255 2924 Domine
1281 2869 1462 2936 Pater,
1481 2873 1622 2940 quod
1648 2873 1882 2942 probasti
1909 2891 2009 2940 me,
2037 2884 2084 2927 et

511 2958 789 3044 cognovisti
819 2975 920 3024 me,
947 2971 994 3013 et
1025 2961 1310 3030 cognovisti
1349 2963 1588 3014 semitam
1621 2978 1810 3015 nteant.
1843 2961 1952 3017 lloc
1983 2979 2083 3016 au-

513 3056 617 3104 tem
648 3048 807 3120 555
835 3065 932 3106 oro
960 3061 1018 3105 ut
1045 3063 1460 3122 perseveranter
1491 3055 1678 3118 facias,
1731 3055 1935 3112 scilicet
1961 3072 2082 3128 per-

509 3149 819 3194 severanter
848 3142 1006 3209 proba
1025 3159 1124 3208 me,
1159 3143 1294 3199 Deus
1317 3144 1496 3209 Pater,
1530 3145 1579 3199 id
1619 3156 1702 3201 est
1732 3147 1834 3202 duc
1861 3165 1943 3204 me
1963 3166 2075 3219 per-
2111 3122 2153 3182 C

508 3238 822 3285 sevcranter
863 3231 914 3286 in
962 3235 1404 3304 approbationem
1435 3245 1487 3290 et
1517 3238 1907 3306 experientiam
1947 3257 2084 3310 prte-

509 3333 789 3392 ceptorum
829 3334 1062 3394 tuorum,
1092 3335 1144 3381 et
1176 3327 1276 3381 Itoc
1316 3327 1436 3382 dico
1472 3330 1762 3382 secundum
1798 3331 2084 3401 cogitatio-

509 3429 626 3467 ncs.
657 3412 806 3479 Quod
830 3424 914 3468 est
943 3413 1122 3469 dicere
1161 3434 1173 3469 :
1206 3416 1310 3470 Fac
1339 3431 1424 3470 me
1447 3418 1612 3485 probe
1633 3428 1686 3471 et
1709 3418 1993 3488 diligenter
2023 3423 2086 3473 t’e

509 3505 789 3574 prteceptis
814 3505 918 3559 tuis
943 3507 1200 3574 cogitare.
1235 3505 1299 3558 Et
1328 3507 1408 3561 sic
1435 3509 1683 3561 scito‘cor
1717 3525 1906 3573 meum,
1939 3510 2086 3563 scili-

511 3605 594 3650 cet
617 3596 750 3651 adeo
775 3597 953 3652 cordis
973 3598 1076 3653 mei
1101 3598 1453 3669 cogitationes
1477 3601 1674 3669 probas
1702 3600 1890 3668 facias,
1917 3610 1973 3655 ut
1992 3618 2085 3656 cor

511 3703 689 3742 meum
728 3689 806 3744 sic
848 3689 1066 3758 dignum
1104 3692 1174 3745 sit
1205 3699 1263 3745 ut
1292 3691 1420 3746 illttd
1458 3693 1622 3757 scias,
1666 3693 1716 3746 id
1758 3702 1841 3747 est
1870 3695 2082 3766 diligas.

510 3780 604 3834 Illa
629 3781 768 3836 enim
798 3783 936 3838 Deus
975 3783 1115 3837 scire
1142 3783 1341 3837 dicitur
1373 3800 1494 3854 qua:
1532 3785 1722 3855 diligit.
1752 3785 1867 3839 Non
1910 3787 2082 3841 solum

509 3887 686 3928 autem
716 3889 796 3925 me
817 3890 978 3942 proca
1009 3883 1268 3943 quantum
1299 3875 1366 3930 ad
1395 3875 1771 3946 cogitationes,
1805 3878 1896 3930 sed
1921 3878 2084 3931 etiam

507 3979 605 4020 Oro
632 3964 893 4034 in‘erroga
925 3981 1004 4018 me
1042 3975 1300 4033 quantum
1338 3967 1402 4020 ad
1430 3982 1616 4034 opera,
1663 3967 1714 4020 id
1757 3975 1838 4021 est
1880 3967 1964 4022 fac
2002 3981 2086 4022 me

507 4057 739 4126 experir;
790 4066 844 4111 et
894 4056 1195 4126 approbare
1246 4058 1496 4110 mandata
1556 4065 1642 4109 tua
1705 4067 1965 4126 quantum
2021 4059 2084 4113 ad

507 4165 691 4220 opera,
721 4149 927 4204 scilicet
956 4149 1040 4203 fac
1085 4157 1143 4202 ut
1180 4149 1314 4202 bene
1357 4163 1552 4217 operor
1596 4149 1912 4218 complenda
1950 4166 2087 4220 prte-

466 4299 470 4302 ,
508 4251 662 4312 cepta
695 4252 806 4300 tua.
847 4243 1189 4310 Interrogare
1217 4241 1435 4310 ponitur
1477 4255 1577 4310 pro
1604 4241 1840 4310 experiri
1873 4241 1954 4296 vel
1989 4257 2086 4310 pro

509 4335 856 4404 investigare,
905 4350 968 4388 eo
1009 4334 1152 4404 quod
1196 4334 1580 4403 interrogando
1609 4332 1745 4388 solet
1777 4331 1890 4386 fieri
1923 4348 2086 4403 expe-

510 4425 700 4480 rientia
729 4437 781 4480 et
808 4427 1167 4495 investigatio.
1203 4424 1494 4495 Interroga,
1522 4425 1766 4495 inquam,
1791 4443 1871 4480 me
1893 4441 2082 4480 secun-

508 4516 633 4570 dum
660 4532 842 4586 opera,
868 4527 913 4570 et
942 4516 1019 4570 sic
1045 4532 1292 4585 cognosce
1317 4516 1526 4570 semitas
1551 4532 1713 4580 meas,
1750 4516 1799 4569 id
1839 4525 1920 4572 cst
1944 4519 2078 4571 adeo

510 4621 596 4659 me
623 4615 886 4676 praecepta
933 4616 1021 4660 tua
1063 4605 1296 4674 experiri
1335 4604 1526 4670 facias,
1575 4614 1634 4659 ut
1679 4606 1899 4660 semitas
1932 4623 2079 4662 meas

508 4711 823 4764 cegnoscas,
859 4697 910 4750 id
953 4703 1117 4751 estut
1145 4695 1382 4750 rationes
1411 4709 1558 4749 meas
1594 4695 1812 4765 diligas;
1847 4712 1965 4765 quae
1993 4711 2079 4751 se-

509 4788 655 4841 mitae
700 4788 975 4852 dicuntur,
1005 4801 1070 4841 eo
1100 4789 1240 4856 quod
1273 4787 1453 4841 arduas
1500 4797 1627 4842 sunt
1668 4799 1722 4842 et
1756 4787 2078 4856 singulares.

511 4879 708 4946 Proba,
751 4880 988 4948 inquam,
1031 4889 1078 4933 et
1112 4877 1394 4950 interroga,
1421 4891 1469 4935 et
1496 4882 1610 4934 ride
1637 4880 2079 4944 misericorditer,

509 4976 716 5030 scilicet
744 4975 844 5030 hoc
874 4991 977 5029 non
1009 4989 1105 5028 oro
1139 4975 1265 5029 solis
1299 4976 1507 5030 meritis
1545 4976 1698 5040 meis,
1729 4975 1820 5030 sed
1847 4975 1960 5028 hmc
1987 4987 2083 5026 oro

511 5068 676 5121 facias
722 5078 961 5138 reSpeetu
1004 5067 1386 5122 misericordi-1'
1423 5077 1544 5123 tuae.
1580 5068 1672 5122 llla
1705 5068 1901 5137 quippe
1943 5068 2082 5121 Dens

508 5161 691 5213 videre
715 5172 769 5215 et
803 5161 1070 5229 respicere
1099 5161 1296 5216 dicitur
1325 5175 1553 5230 quorum
1581 5160 1892 5214 miseretur.
1929 5157 2081 5221 Vide,

509 5251 828 5317 inquam-si
855 5259 1029 5304 tamen
1063 5251 1116 5304 in
1157 5267 1236 5303 me
1260 5259 1334 5304 est
1363 5250 1540 5317 aliqua
1571 5250 1653 5300 ria
1689 5249 1998 5318 iniquitatis,
2029 5247 2081 5300 id

508 5353 594 5398 est
622 5344 862 5412 operatio
889 5341 1208 5410 iniquitatis,
1239 5357 1357 5412 qua:
1382 5341 1431 5394 itt
1455 5341 1579 5394 altis
1608 5349 1689 5394 est
1716 5341 1797 5392 via
1829 5339 1894 5392 ad
1932 5339 2082 5392 dam-

513 5435 806 5498 nationem,
840 5443 965 5488 tunc
994 5449 1264 5502 nunquam
1309 5450 1394 5488 tne
1439 5434 1640 5487 videas.
1681 5432 1760 5485 Ac
1800 5431 1843 5484 si
1878 5431 2021 5484 dicat
2067 5448 2080 5485 :

525 5525 648 5579 l’irle
673 5543 774 5591 me,
803 5540 927 5579 cum
953 5540 1056 5579 non
1082 5525 1154 5579 sit
1177 5525 1228 5578 in
1260 5541 1346 5580 me
1371 5525 1452 5578 via
1477 5524 1797 5593 iniquitatis.
1832 5521 1894 5574 Et
1919 5521 2084 5574 deduc

513 5634 592 5670 mc
619 5619 670 5670 in
700 5619 780 5670 via
810 5627 1004 5670 wterna
1036 5615 1197 5683 facta,
1234 5617 1286 5671 id
1309 5625 1390 5670 est
1419 5632 1502 5670 tne
1537 5629 1882 5684 perseverare
1914 5613 1997 5668 fac
2031 5614 2081 5666 in

516 5710 598 5765 via
637 5707 1009 5764 mandatorum
1038 5716 1268 5765 tuorum.
1310 5709 1388 5762 sic
1425 5717 1479 5763 ιιι
1511 5708 1639 5765 mihi
1671 5709 1738 5761 sit
1771 5716 1994 5769 interna,
2028 5705 2077 5759 id

2188 1845 2307 1899 aliis
2346 1847 2448 1900 hoc
2499 1847 2639 1901 idem
2681 1849 2869 1902 orandi
2921 1851 3046 1904 dent
3093 1851 3424 1920 exemplum.
3467 1853 3723 1909 Ostendunt

2187 1939 2651 2008 quoqueipsorum
2679 1939 3052 1994 luereticornm
3080 1941 3480 1998 infestationem
3506 1947 3723 2000 etoccul-

2189 2037 2378 2082 tamet
2411 2030 2771 2098 manifestam,
2819 2041 2877 2085 ut
2915 2033 3193 2088 auditores
3233 2035 3302 2089 ab
3344 2050 3406 2090 ea
3444 2051 3624 2092 cavere
3651 2038 3724 2092 do-

2187 2130 2364 2175 ceant.
3127 2128 3130 2130 ’

2259 2231 2418 2300 Eripe
2464 2248 2561 2294 me,
2611 2231 2850 2300 Domine,
2891 2248 2988 2303 per
3024 2234 3282 2288 auxilium
3315 2236 3504 2304 gratia:
3534 2246 3643 2300 tuae,
3675 2239 3724 2290 ab

2188 2323 2392 2375 homine
2419 2323 2578 2386 malo,
2611 2322 2662 2376 id
2692 2332 2773 2377 est
2803 2339 2830 2376 a
2861 2340 3038 2379 massa
3065 2325 3346 2379 hominum
3376 2327 3511 2380 mala
3541 2345 3727 2397 operan-

2189 2414 2340 2478 tium,
2379 2427 2443 2466 ne
2477 2427 2564 2466 me
2595 2413 2692 2467 sibi
2724 2413 3062 2469 conformare
3097 2417 3325 2484 possint.
3363 2416 3428 2469 Et
3453 2421 3585 2486 eripe
3611 2435 3678 2470 me
3701 2437 3725 2471 ιι

2189 2506 2295 2558 viro
2337 2505 2534 2573 iniquo,
2568 2503 2618 2558 id
2659 2513 2742 2558 est
2776 2519 2805 2558 a
2851 2520 3026 2559 massa
3075 2506 3314 2560 virorum
3363 2507 3725 2574 Itmreticorum,

2187 2597 2612 2650 antonomastice
2649 2596 2975 2666 iniquorum,
3017 2613 3085 2650 ne
3123 2613 3209 2652 me
3253 2600 3353 2652 sibi
3385 2597 3593 2653 valeant
3626 2615 3724 2652 con-

2187 2686 2444 2742 formare.
2477 2687 2620 2742 Bene
2669 2703 2798 2744 vero
2841 2688 3188 2758 singulariter
3227 2691 3406 2758 primo
3447 2692 3652 2759 ponitur
3679 2691 3729 2743 ab

2186 2780 2392 2832 [tamine
2417 2777 2556 2832 maio
2587 2787 2639 2834 et
2683 2797 2714 2832 a
2747 2780 2853 2833 viro
2879 2779 3054 2849 iniquo
3084 2796 3104 2834 :
3141 2790 3323 2848 postea
3356 2780 3628 2850 pluraliter
3657 2796 3732 2851 po-

2189 2871 2334 2923 nitur
2362 2871 2452 2938 qtti
2487 2871 2860 2939 cogitaverunt,
2891 2871 3015 2940 quia
3040 2880 3091 2926 et
3121 2887 3286 2925 unum
3332 2873 3462 2942 quid
3505 2873 3556 2927 in
3585 2889 3730 2926 massa

2187 2970 2311 3015 sunt
2339 2969 2393 3014 et
2435 2961 2616 3016 mutue
2645 2976 2909 3031 personae.
2945 2962 3078 3016 Cum
3108 2965 3286 3015 autem
3331 2976 3391 3016 se
3429 2971 3486 3016 et
3520 2963 3581 3016 de
3618 2963 3734 3016 mala

2186 3054 2559 3124 aperantibus,
2591 3061 2642 3108 et
2675 3069 2701 3106 a
2735 3053 2864 3107 viris
2899 3052 3098 3120 iniquis
3131 3053 3266 3122 eripi
3314 3053 3556 3106 oraverit
3589 3051 3734 3106 ﬁdelis

2187 3145 2240 3198 in
2292 3145 2390 3198 hoc
2424 3143 2628 3213 psalmo
2663 3157 2850 3212 agens,
2889 3144 3158 3213 pra'cipue
3198 3146 3520 3200 immoratur
3561 3147 3610 3198 in
3637 3161 3736 3199 ora-

2187 3235 2333 3290 tione
2355 3233 2646 3303 ereptionis
2683 3235 2750 3286 ab
2790 3233 3078 3298 hrcreticis,
3109 3250 3230 3288 cum
3261 3236 3554 3304 perieulum
3591 3237 3738 3288 maxi-

2187 3341 2332 3379 mum
2376 3325 2429 3378 in
2466 3325 2547 3378 eis
2575 3324 2663 3379 sit.
2711 3322 2911 3378 Horum
2948 3334 3127 3380 autem
3174 3327 3554 3381 haereticorum
3594 3327 3738 3394 impn-

2186 3417 2488 3485 gnationent
2515 3417 2770 3480 ostendit,
2794 3417 2872 3470 sic
2899 3433 2912 3469 :
2939 3416 3098 3482 Eripe
3119 3433 3221 3480 mc,
3248 3418 3492 3486 inquam,
3523 3435 3550 3470 a
3581 3434 3735 3471 massa

2185 3509 2422 3561 virorum
2453 3507 2757 3576 iniqttorum
2785 3521 2798 3561 :
2829 3509 2920 3578 qui
2949 3508 3047 3561 viri
3080 3507 3246 3578 iniqui
3276 3510 3622 3578 cogitaverunt
3647 3511 3733 3563 ini-

2183 3602 2428 3671 quitates,
2455 3599 2507 3652 id
2529 3610 2609 3654 est
2634 3600 2849 3670 iniquas
2871 3609 2925 3654 et
2948 3600 3229 3656 luereticas
3256 3602 3626 3671 cogitationes.
3656 3603 3734 3655 ad-

2187 3693 2435 3748 inventas
2476 3692 2528 3745 in
2573 3692 2757 3754 corde,
2791 3706 2895 3743 non
2937 3691 2989 3744 in
3024 3690 3343 3760 Scripturis.
3375 3692 3455 3746 Ac
3485 3693 3532 3746 si
3567 3693 3731 3746 dicat:

2185 3783 2308 3838 ldeo
2336 3799 2554 3839 necesse
2580 3794 2662 3836 est
2694 3797 2853 3836 orare
2875 3797 2978 3846 me,
3007 3791 3067 3835 ut
3093 3797 3121 3835 a
3155 3783 3286 3836 viris
3317 3783 3517 3852 iniquis
3541 3784 3732 3852 eripiar,

2185 3876 2311 3944 quia
2332 3875 2430 3944 ipsi
2450 3874 2843 3944 cogitaverunt,
2880 3883 2936 3927 et
2961 3874 3133 3928 adhuc
3162 3875 3402 3943 cogitant
3429 3875 3734 3944 iniquitates,

2185 3981 2320 4036 quas
2349 3967 2399 4020 in
2428 3967 2588 4021 corde
2616 3966 3028 4028 adinvenernnt,
3063 3974 3114 4018 et
3141 3982 3166 4018 a
3199 3966 3499 4034 Scripturis
3527 3982 3622 4020 non
3653 3968 3732 4020 ha-

2184 4059 2435 4112 buerunt.
2471 4058 2533 4112 Et
2574 4074 2678 4112 non
2709 4057 2878 4111 soluat
2911 4057 3288 4126 cogitaverunt,
3317 4058 3411 4110 sed
3447 4067 3500 4112 et
3525 4067 3624 4110 tota
3646 4059 3733 4118 die,

2187 4151 2238 4203 Id
2269 4160 2351 4204 est
2381 4151 2582 4219 jugiter
2605 4149 3003 4206 constituebant.
3037 4148 3088 4202 id
3121 4156 3205 4202 est
3235 4148 3496 4204 adversus
3523 4148 3733 4203 Catho¥i~

2186 4260 2278 4299 cos
2324 4245 2508 4314 prirtia
2557 4243 2936 4307 moliebantur,
2978 4257 3074 4311 per
3101 4241 3479 4312 garrulitatem
3512 4241 3734 4311 multipli-

2185 4349 2306 4389 cum
2339 4334 2864 4403 argumentationum
2895 4348 3136 4386 suarum.
3173 4333 3240 4386 Et
3269 4350 3374 4387 non
3402 4334 3736 4404 qualicunque

2186 4425 2345 4480 modo
2372 4424 2749 4477 constituebant
2772 4422 2975 4490 prtulia,
3002 4423 3093 4476 sed
3120 4423 3189 4476 ita
3223 4423 3364 4492 quod
3387 4436 3628 4477 acuerent
3651 4423 3735 4473 lin-

2185 4534 2342 4587 guam
2369 4532 2540 4579 suam,
2575 4515 2625 4568 id
2659 4526 2741 4569 est
2771 4523 2927 4568 acuta
2970 4524 3025 4568 et
3059 4515 3278 4569 subtilia
3321 4514 3564 4568 fecerunt
3589 4513 3730 4565 verba

2188 4625 2306 4673 sua,
2333 4606 2496 4678 556
2523 4616 2582 4662 ut
2614 4608 2786 4674 magis
2825 4606 3100 4672 lmderent,
3133 4614 3187 4659 et
3212 4621 3277 4660 eo
3305 4605 3531 4674 amplius
3552 4606 3733 4674 pericu-

2189 4699 2299 4753 losa
2328 4708 2528 4753 essent.
2561 4698 2846 4760 Acnerunt,
2880 4697 3120 4764 inquam,
3147 4696 3446 4750 existentes
3476 4696 3600 4748 sicut
3643 4708 3735 4746 ser—

2184 4803 2387 4862 pentes,
2414 4791 2466 4845 id
2497 4799 2580 4844 est
2604 4787 2995 4858 eomparabiles
3024 4789 3384 4852 serpentibus.
3432 4786 3578 4842 Sicut
3609 4785 3732 4838 enim

2187 4895 2470 4956 serpentes
2515 4893 2753 4937 tortuose
2785 4883 3091 4936 incedentes
3141 4880 3375 4936 latenter
3422 4887 3650 4948 serpunt,
3688 4884 3735 4928 et

2187 4977 2265 5031 sic
2302 4977 2352 5029 in
2381 4974 2593 5030 occulto
2624 4973 2961 5042 percutiunt;
2993 4971 3063 5023 ita
3095 4969 3194 5037 ipsi
3231 4978 3474 5022 tortuose
3511 4966 3738 5020 inceden-

2186 5073 2285 5124 tes,
2315 5079 2409 5132 per
2432 5064 2674 5117 diversos
2703 5076 2915 5116 errores
2942 5060 3225 5119 btet-cson,
3277 5058 3328 5110 in
3371 5057 3577 5112 occulto
3600 5066 3651 5108 et
3679 5069 3736 5106 ex

2190 5155 2483 5224 improviso
2529 5155 2774 5208 incautos
2801 5151 3124 5220 percutiunt.
3171 5149 3234 5202 Et
3265 5148 3359 5201 sub
3393 5148 3541 5200 labiis
3578 5159 3736 5199 eorum

2188 5258 2272 5300 est
2318 5262 2563 5300 venenum
2596 5245 2857 5313 aspidem,
2906 5242 2958 5296 id
2989 5250 3071 5294 est
3101 5240 3154 5292 in
3186 5241 3366 5294 verbis
3400 5255 3582 5294 eorum
3628 5237 3739 5288 latet

2190 5355 2345 5395 error
2384 5339 2717 5402 insanabilis,
2766 5338 2906 5393 sicut
2943 5351 3210 5390 venenum
3261 5335 3507 5403 asptdum
3548 5334 3739 5386 insana:

2189 5435 2296 5489 bile
2335 5443 2437 5488 est.
2467 5432 2752 5501 Postquam
2782 5431 2925 5484 enim
2954 5445 3018 5484 eo
3047 5443 3232 5482 errore
3256 5427 3482 5496 quilibet
3523 5425 3736 5478 imbutus

2187 5527 2312 5589 erit,
2357 5527 2443 5579 vix
2493 5525 2583 5580 illo
2623 5524 2821 5594 poterit
2849 5522 3110 5592 expediri,
3151 5523 3293 5575 sicut
3323 5519 3520 5588 aliquis
3545 5529 3737 5569 veneno

2189 5618 2434 5685 aspidum
2467 5616 2726 5677 imbutus,
2757 5629 2822 5666 cn
2853 5623 2942 5666 aut
2973 5612 3059 5663 vix
3099 5619 3189 5662 aut
3232 5624 3507 5676 nunquam
3537 5603 3738 5674 expetii-

2193 5719 2298 5764 tur.
2330 5711 2575 5778 tiongrtte
2600 5705 2886 5775 veroponil
2912 5703 3002 5756 sub
3022 5702 3174 5756 labiis
3199 5718 3214 5755 :
3239 5717 3362 5756 cum
3392 5700 3531 5756 enim
3562 5711 3732 5751 eorum
