3978 6328
236 315 374 372 I573

1150 310 1512 370 EXPOSI'flO
1551 312 1613 367 ΙΝ
1657 309 1989 367 l’S.\L\iO‘S.
2030 344 2102 354 —
2129 313 2323 370 PSAL.
2355 315 2636 371 CXXXIX.

3366 323 3501 380 1574

230 431 395 489 verba
440 429 634 486 blanda
673 428 960 486 videantur
985 437 1038 484 et
1081 429 1240 483 bona.
1277 427 1407 482 latet
1448 428 1500 482 in
1535 443 1615 482 ειε
1660 443 1814 482 error
1844 437 1890 493 Α
1921 427 2034 482 lane
2061 438 2144 483 est
2177 447 2189 482 :
2235 429 2279 484 Ο
2323 429 2563 494 Domine,
2599 446 2780 486 revera
2830 431 3065 499 Domine,
3106 435 3196 504 qui
3237 435 3351 506 jam
3399 439 3500 492 hoc

233 521 648 578 inextricabilis.

302 613 596 684 Postquam
627 611 864 669 osténdit
897 616 1264 668 necessarium
1296 627 1416 668 esse
1451 627 1510 667 se
1553 627 1730 676 orare,
1761 621 1820 665 ut

231 721 258 760 a
288 705 426 760 viris
473 704 672 774 iniquis
723 704 1004 774 eripiatur,
1041 719 1161 758 cum
1213 706 1476 759 adversus
1511 703 1817 758 Catholicus

231 796 570 850 constituant
599 794 781 865 praelia
810 795 1024 849 auditus
1047 795 1212 849 etiam
1240 811 1468 865 quorum
1491 794 1644 848 valde
1675 796 1821 864 peri-

229 886 455 942 culosus
485 893 592 951 est,
623 888 871 940 eamdem
894 887 1194 940 orationem
1228 889 1293 940 ad
1326 888 1470 941 aliud
1513 888 1728 955 repetit,
1762 895 1820 939 ut

229 975 485 1031 videlicet
525 977 772 1031 ostendat
805 978 1173 1031 necessarium
1204 992 1326 1031 esse
1361 993 1539 1032 orare.
1575 993 1697 1032 cum
1725 977 1823 1030 ad-

229 1083 422 1124 versus
447 1085 568 1124 eam
603 1070 936 1123 constituant
968 1070 1168 1140 praelia,
1203 1086 1324 1140 quae
1361 1082 1524 1126 etiam
1561 1071 1818 1126 ostendit.

229 1157 344 1211 Hoc
368 1167 548 1212 autem
579 1159 656 1213 sic
686 1159 816 1212 dicit
849 1177 862 1212 :
897 1159 1010 1213 Non
1038 1161 1211 1215 solum
1245 1175 1341 1215 oro
1362 1161 1496 1230 eripi
1521 1163 1585 1214 ab
1614 1162 1821 1214 homine

230 1249 392 1315 malo,
422 1259 476 1303 et
508 1268 538 1304 a
581 1251 690 1304 viro
732 1251 928 1322 iniquo,
960 1250 1080 1306 ideo
1109 1252 1232 1321 quia
1261 1252 1594 1306 constituunt
1635 1252 1820 1321 prtelia

229 1341 496 1396 adversus
539 1356 890 1411 quoscunque
939 1341 1290 1406 Catliolicos,
1345 1358 1466 1412 quae
1511 1343 1818 1414 periculosa

228 1440 357 1486 sunt
384 1432 548 1486 etiam
576 1431 748 1487 solum
777 1433 1146 1500 audientibus,
1170 1437 1264 1490 sed
1287 1444 1342 1490 et
1363 1451 1464 1490 oro
1490 1437 1690 1490 custodi
1715 1453 1818 1503 me,

227 1523 478 1589 Domine,
505 1525 568 1578 de
593 1541 754 1578 manu
789 1527 1103 1595 peccatoris,
1139 1527 1192 1581 id
1219 1537 1301 1582 est
1333 1528 1399 1581 de
1430 1537 1692 1597 potestate
1725 1545 1820 1583 ett-

225 1615 535 1687 inscunque
557 1618 696 1672 mala
727 1619 1026 1688 operantis,
1056 1635 1123 1673 ne
1149 1635 1235 1673 me
1268 1621 1436 1689 possit
1469 1621 1820 1690 ineorporare

226 1707 360 1774 sibi,
387 1718 435 1761 et
463 1712 603 1778 eripe
635 1725 716 1762 me
745 1727 775 1762 a
812 1709 938 1762 viris
977 1710 1193 1777 iniquis,
1240 1711 1292 1764 id
1336 1721 1419 1764 est
1447 1712 1716 1766 bmretieis
1752 1727 1818 1767 ne

1921 519 2051 572 mihi
2084 521 2401 575 benelieium
2431 523 2701 587 concedis,
2731 524 2873 591 quod
2925 534 2976 578 tu
3023 527 3215 580 existis
3245 528 3408 580 virtus
3448 538 3503 582 et

1921 622 2080 662 causa
2114 609 2299 663 salutis
2329 627 2476 675 meae,
2509 612 2560 665 id
2604 621 2684 666 est
2713 612 2804 680 qui
2848 627 2907 665 es
2937 617 3236 670 constantia
3281 632 3401 669 mea
3451 618 3500 668 in

1919 701 2067 754 Omni
2110 702 2270 767 bona,
2319 717 2415 771 per
2462 719 2622 770 quam
2657 704 2723 757 ad
2767 703 2996 758 salutem
3035 714 3292 759 teternam
3343 708 3506 760 attin-

1921 811 2075 864 gam;
2102 803 2155 848 tu
2182 794 2337 866 557
2369 796 2690 850 obumbrasti
2720 814 2878 868 super
2895 808 3048 866 caput
3073 815 3241 852 meum
3268 803 3502 870 positum

1920 885 1974 938 in
2005 885 2088 939 die
2113 885 2253 950 belli,
2285 886 2336 940 id
2367 895 2453 940 est
2474 887 2664 942 dedisti
2692 887 3184 953 obumbrationem,
3217 891 3267 944 id
3299 899 3378 946 est
3421 909 3506 945 re-

1921 975 2202 1046 frigerium
2234 977 2621 1033 misericordia:
2655 989 2778 1044 tum,
2827 994 2992 1048 super
3035 991 3272 1034 mentem
3307 997 3500 1046 meam,

1923 1072 2151 1140 positam
2182 1071 2234 1124 in
2256 1071 2471 1127 fervore
2493 1071 2641 1136 belli,
2674 1073 2762 1141 qui
2795 1087 2892 1142 per
2917 1072 3061 1126 diem
3090 1071 3412 1143 intelligitur
3440 1090 3505 1128 eo

1922 1159 2063 1226 quod
2095 1159 2149 1216 in
2196 1161 2281 1216 die
2324 1160 2503 1216 fervor
2549 1161 2679 1216 solis
2719 1161 2808 1216 sit.
2845 1159 2999 1226 Quod
3035 1169 3121 1215 est
3144 1161 3326 1217 dicere
3361 1162 3506 1228 :Qui

1917 1251 2029 1322 jam
2067 1253 2171 1308 hoc
2203 1253 2333 1307 mihi
2378 1247 2698 1309 beneficium
2732 1253 3033 1318 contulisti,
3059 1261 3116 1305 ut
3143 1269 3266 1307 cum
3302 1255 3355 1308 in
3397 1253 3506 1308 fer-

1925 1344 2190 1400 vorebelli
2211 1346 2586 1401 luereticorum
2611 1347 2819 1416 positus
2843 1359 3048 1408 essem,
3075 1355 3308 1399 mentem
3328 1363 3504 1400 meam

1925 1435 2282 1507 refrigerares
2306 1437 2534 1509 spiritali
2572 1449 2628 1492 et
2651 1439 2908 1492 invisibili
2942 1437 3354 1508 refrigeratione
3383 1454 3508 1509 gra-

1924 1528 2011 1582 tia:
2046 1536 2169 1590 tuae,
2217 1544 2286 1582 ne
2331 1528 2589 1582 deficeret
2617 1529 2716 1582 sub
2745 1537 2876 1582 a'stn
2922 1529 3091 1581 nimio
3137 1527 3276 1580 illius
3318 1528 3440 1580 belli
3473 1545 3507 1584 ει

1922 1619 2278 1676 similitudine
2309 1621 2688 1690 pugnantium,
2735 1621 2824 1690 qui
2853 1621 3248 1676 obumbrantur
3274 1635 3341 1675 ne
3374 1635 3509 1688 pro-

1924 1721 2043 1782 pter
2065 1721 2256 1765 testum
2287 1712 2560 1766 deliciant.

226 1797 551 1866 incorporcr
575 1800 641 1853 ab
669 1799 748 1853 eis
786 1798 876 1868 qui
917 1801 1271 1868 cogitaverunt
1309 1802 1646 1872 supplantare
1673 1821 1816 1874 gres-
1852 1805 1896 1858 B
1993 1802 2072 1856 Tu
2103 1803 2319 1872 inquam
2345 1845 2358 1868 ,
2391 1801 2634 1864 Domine,
2670 1819 2771 1856 non
2800 1802 2982 1856 tradas
3012 1817 3092 1856 me
3120 1802 3403 1870 peccaturi,
3441 1801 3492 1854 id

225 1905 319 1942 sus
364 1905 531 1954 meos,
565 1890 614 1943 id
653 1900 738 1944 est
769 1890 889 1944 ideo
915 1905 947 1943 a
979 1891 1112 1944 viris
1149 1890 1350 1959 iniquis
1373 1907 1470 1946 oro
1497 1893 1655 1962 enpi,
1692 1908 1818 1962 quia

225 1981 589 2050 cogitaverunt
631 1989 686 2034 et
725 1981 903 2035 adhuc
955 1981 1194 2052 cogitant
1232 1983 1569 2052 supplantare
1613 2001 1819 2053 gressus

224 2089 394 2138 πισοί,
443 2073 495 2126 id
539 2081 619 2126 est
668 2072 1047 2144 cogitaverunt
1090 2074 1326 2142 qualiter
1353 2073 1665 2130 alTectiones
1697 2075 1822 2129 fidei

225 2178 367 2216 mete
400 2164 751 2218 pessumdare
782 2171 1026 2233 possent,
1071 2179 1135 2218 ac
1183 2165 1228 2218 si
1268 2166 1414 2220 dicat
1449 2182 1464 2220 :
1515 2166 1570 2220 Si
1612 2176 1818 2220 tantum

225 2258 494 2310 adversus
535 2255 671 2310 alios
715 2264 770 2310 et
815 2269 921 2326 non
953 2257 1217 2310 adversus
1259 2273 1341 2310 me
1383 2258 1708 2328 cogitarent,
1754 2260 1822 2311 ti-

225 2345 488 2400 mendum
519 2354 661 2399 esset
699 2345 825 2398 mihi
858 2361 928 2400 ne
974 2357 1293 2400 caeterorum
1337 2348 1583 2416 exemplo
1631 2359 1820 2404 contra

225 2455 367 2508 quos
395 2439 637 2509 cogitant
667 2437 1070 2510 incorporarer,
1101 2439 1144 2493 si
1186 2440 1285 2508 ipsi
1318 2441 1818 2510 iucorporarentur.

225 2533 448 2598 Quanto
479 2531 653 2600 magis
679 2545 808 2600 ergo
842 2531 1140 2584 timendum
1172 2539 1256 2586 est
1288 2546 1410 2584 cum
1447 2532 1712 2586 adversus
1737 2549 1824 2587 me

225 2621 634 2692 cogitaverim?
681 2619 797 2676 Non
845 2621 1018 2675 solum
1068 2631 1249 2676 autem
1298 2621 1400 2676 ltoc
1444 2624 1821 2692 cogitaverunt,

224 2716 328 2769 sed
353 2723 408 2768 et
435 2715 532 2782 ipsi
567 2713 784 2781 superbi
813 2714 1134 2775 existentes,
1161 2712 1210 2765 id
1237 2721 1320 2765 est
1354 2728 1417 2764 ex
1457 2712 1707 2780 superbia
1730 2727 1822 2764 er-

226 2816 442 2871 rantes,
471 2805 856 2860 absconderant
886 2803 1014 2856 mihi
1038 2803 1306 2872 laqueum,
1352 2803 1404 2855 id
1433 2810 1516 2856 est
1548 2801 1649 2854 nisi
1698 2808 1825 2854 sunt

225 2901 500 2952 absconse
527 2911 722 2966 parare
757 2895 888 2949 milii
929 2894 1202 2963 laqueum,
1239 2894 1290 2948 id
1325 2903 1406 2949 est
1441 2907 1682 2948 errorem
1714 2907 1825 2962 quo

226 3009 320 3048 me
362 2992 732 3059 illaquearent
762 2997 816 3042 et
844 2987 947 3041 sibi
974 2985 1405 3040 cenformarent.

301 3085 448 3139 Bene
483 3099 612 3137 vero
629 3082 760 3136 dicit
797 3079 1201 3134 absconderant.
1234 3077 1384 3132 Tunc
1415 3078 1562 3132 enim
1609 3077 1662 3132 in
1703 3077 1826 3134 abs-

1922 1904 2004 1949 est
2031 1909 2098 1948 ne
2128 1894 2410 1963 permittas
2443 1908 2527 1947 me
2581 1893 2717 1946 tradi
2760 1893 3046 1957 han-elice,
3079 1891 3510 1946 antonomastice

1920 1987 2193 2054 peceatori
2217 2025 2232 2051 ,
2266 1994 2324 2038 ut
2356 1984 2428 2038 illi
2461 1983 2791 2040 conformer.
2837 1983 3071 2038 Necesse
3106 1993 3188 2038 est
3225 1993 3404 2036 autem
3451 1991 3510 2038 ut

1923 2079 2024 2131 hoc
2049 2091 2221 2130 orem.
2270 2075 2371 2145 Ipsi
2413 2075 2557 2129 enim
2593 2084 2890 2144 peccatores
2930 2075 3281 2143 cogitarerunt
3325 2084 3510 2125 contra

1921 2185 2002 2222 me
2025 2208 2038 2230 ,
2070 2169 2280 2223 scilicet
2321 2169 2702 2238 cogitaverunt
2748 2167 2876 2221 talia
2907 2182 3026 2236 qua:
3073 2167 3202 2220 mihi
3235 2165 3508 2221 contraria

1921 2263 2060 2327 sint,
2107 2263 2251 2332 quali
2299 2263 2552 2318 videlicet
2604 2261 2762 2316 modo
2813 2277 2900 2316 me
2949 2260 3239 2328 decipiant.
3275 2258 3360 2312 Me
3390 2258 3513 2314 dico

1921 2363 2236 2424 separatum
2271 2372 2304 2408 a
2342 2354 2603 2406 desiderio
2650 2369 2784 2408 meo.
2825 2352 3082 2406 Desidero
3113 2350 3256 2404 enim
3287 2349 3340 2404 in
3371 2349 3514 2402 intc—

1922 2447 2120 2514 gritate
2153 2445 2276 2498 ﬁdei
2322 2445 2636 2514 persistere.
2668 2442 2713 2494 Α
2757 2457 2865 2510 quo
2897 2457 3090 2510 nempe
3133 2440 3400 2494 desiderio
3431 2453 3514 2492 re-

1923 2554 2193 2602 moverer,
2240 2537 2286 2592 si
2334 2542 2609 2607 peccator]
2651 2536 3050 2590 conformarer.
3083 2535 3147 2587 Et
3175 2534 3512 2602 quia'contra

1923 2643 2004 2679 me
2030 2629 2417 2696 cogitaverunt,
2451 2641 2550 2680 oro
2581 2641 2644 2678 ne
2679 2623 3016 2692 derelinquas
3052 2638 3132 2676 me
3178 2621 3512 2689 inatljutum,

1924 2734 2046 2772 cum
2065 2735 2184 2790 ego,
2212 2720 2263 2772 in
2286 2727 2548 2787 quantum
2578 2731 2818 2786 possum,
2841 2730 2938 2784 per
2965 2714 3194 2768 liberum
3225 2713 3512 2766 arbitrium

1923 2808 2302 2878 peccatoribus
2330 2807 2602 2860 resistam.
2638 2801 2722 2856 Ne
2751 2803 3082 2869 derelinquas
3120 2817 3201 2855 me
3265 2801 3405 2854 idem
3432 2808 3516 2854 est

1923 2901 2066 2970 quod
2097 2899 2344 2967 superius
2375 2897 2611 2968 positum
2642 2903 2763 2960 est,
2793 2911 2855 2948 ne
2877 2906 3057 2946 traaas
3095 2909 3175 2946 me
3213 2893 3472 2962 peccatori
3493 2931 3510 2957 ,

1927 2993 2029 3047 nisi
2057 2992 2183 3062 quia
2215 2990 2442 3045 liberum
2486 2988 2773 3042 arbitrium
2822 2996 3004 3050 notat,
3037 2995 3093 3039 et
3118 2993 3203 3040 est
3249 3000 3312 3038 ex
3348 2985 3514 3037 nimia

1927 3084 2217 3140 alfectione
2251 3083 2558 3152 repetitum.
2591 3080 2682 3135 llle
2731 3079 2929 3148 quippe
2967 3077 3056 3146 qui
3089 3091 3186 3146 per
3223 3089 3280 3130 se
3312 3074 3516 3143 aliquid

227 3177 455 3230 condito
520 3183 715 3246 parant
788 3172 996 3230 erroris
1051 3170 1298 3239 laqueum
1324 3210 1338 3234 ,
1410 3185 1531 3225 cum
1579 3173 1823 3240 quaedam
1853 3173 1898 3234 C
1929 3188 2206 3249 operatur,
2239 3182 2539 3245 Opportune
2567 3181 2687 3226 orat
2715 3180 2771 3225 ut
2803 3169 3108 3238 adjuvetur.
3142 3168 3304 3231 Dico,
3341 3181 3402 3218 ne
3425 3165 3516 3217 de-

227 3271 429 3328 blanda
469 3272 653 3337 verba,
679 3283 802 3339 quae
827 3274 1024 3330 saneta
1049 3265 1304 3319 videntur
1340 3264 1705 3325 admiscemlo,
1749 3265 1830 3318 in-

231 3361 578 3419 ductionibus
606 3363 719 3415 suis
749 3358 936 3414 fideles
967 3357 1017 3410 in
1043 3371 1285 3412 errorem
1327 3356 1609 3410 attrahere
1650 3358 1832 3410 nitun-

231 3469 324 3511 tur
357 3474 369 3509 :
413 3471 444 3508 a
472 3453 827 3509 simiiitudine
867 3451 1167 3514 venatoris,
1211 3449 1303 3519 qui
1347 3447 1477 3503 ferae
1512 3447 1594 3502 vel
1629 3448 1832 3504 volucri

229 3549 585 3620 decipiendus,
623 3547 876 3616 laqueum
913 3545 968 3598 in
1006 3543 1329 3599 abscondito
1361 3543 1554 3598 tendit.
1600 3541 1716 3596 Non
1745 3559 1833 3598 so—

231 3641 346 3695 lum
384 3651 564 3694 autem
599 3637 979 3692 absconderant
1023 3635 1290 3706 laqueum,
1337 3634 1431 3689 sed
1461 3643 1518 3688 et
1549 3634 1833 3688 manifeste

231 3734 584 3788 extenderunt
625 3731 777 3798 funes
808 3729 862 3781 in
889 3727 1156 3799 laqueum,
1187 3727 1238 3781 id
1267 3733 1350 3781 est
1384 3735 1643 3780 extensus
1667 3734 1720 3779 et
1747 3740 1837 3779 or-

232 3827 460 3881 dinatas
507 3822 751 3878 fecerunt
798 3819 1302 3890 argumentationes
1347 3832 1498 3880 snas,
1545 3825 1603 3870 ut
1645 3824 1830 3870 essent

233 3917 372 3974 mihi
421 3917 476 3968 in
511 3913 778 3982 laqueum,
820 3911 870 3965 id
925 3921 1010 3964 est
1049 3910 1102 3963 in
1140 3909 1444 3977 captionem
1493 3915 1548 3961 et
1581 3907 1834 3960 interem-

233 4011 506 4080 ptionem,
529 4020 649 4074 qua-
675 4005 932 4058 dicuntur
961 4001 1135 4066 funes,
1159 4015 1224 4056 eo
1251 3999 1392 4068 quod
1419 4013 1611 4070 graves
1635 4000 1745 4052 sint
1767 4001 1834 4053 ad

235 4100 692 4171 dirumpendum,
727 4097 862 4153 sicut
894 4095 1071 4164 laquei
1095 4095 1161 4148 de
1198 4093 1420 4148 funibus
1460 4092 1611 4158 facti,
1633 4091 1833 4148 asimi-

235 4197 470 4253 litudine
499 4193 793 4256 venatoris,
823 4190 913 4259 qui
945 4188 1011 4242 ad
1036 4188 1180 4242 feras
1211 4185 1582 4254 illaqueandas
1611 4185 1833 4256 laqueos

238 4289 421 4343 factus
451 4285 518 4340 de
550 4279 1060 4338 funibusextcndit.
1095 4277 1210 4332 Non
1252 4276 1425 4331 solum
1463 4285 1643 4331 autem
1677 4277 1833 4346 funes

237 4380 612 4444 extenderunt,
645 4375 736 4432 sed
767 4383 821 4431 et
851 4373 948 4443 ipsi
974 4373 1270 4426 existentes
1301 4385 1405 4424 non
1438 4370 1492 4424 in
1523 4371 1714 4424 itinere
1741 4368 1834 4422 sed

232 4478 396 4548 juxta
425 4475 543 4536 iter,
574 4471 624 4524 id
650 4477 733 4525 est
754 4468 854 4522 visi
880 4477 1067 4521 tenere
1091 4463 1472 4518 auctoritatem
1497 4469 1830 4524 sanctorum,

1935 3272 2196 3340 relinquas
2220 3285 2326 3334 me,
2353 3285 2414 3320 ne
2430 3277 2724 3330 peccatores
2748 3264 3068 3326 exaltentur,
3092 3261 3141 3315 id
3173 3269 3256 3316 est
3281 3259 3514 3328 superbe

1933 3365 2235 3432 glorientur
2270 3361 2314 3416 si
2349 3359 2641 3415 derelictus
2675 3358 2893 3412 fuerim.
2941 3354 3024 3409 Ne
3069 3354 3384 3417 exaltcntur,
3435 3352 3518 3404 in-

1933 3468 2119 3522 quam,
2150 3463 2206 3507 et
2237 3451 2339 3504 boc
2369 3449 2528 3520 forte,
2551 3450 2602 3502 id
2632 3457 2716 3502 est
2747 3447 3084 3501 infortunate
3117 3446 3184 3498 ad
3209 3459 3396 3498 eorum
3433 3443 3512 3496 vi-

1933 3545 2130 3599 delicet
2159 3543 2534 3597 infortunium.
2565 3540 2709 3594 istud
2756 3548 2935 3592 autem
2964 3537 3105 3606 quod
3141 3536 3274 3590 dicit
3300 3551 3361 3588 ne
3385 3534 3518 3604 forte

1933 3638 2228 3692 exaltentur
2277 3635 2452 3690 oratio
2485 3643 2568 3688 est
2610 3647 2706 3703 pro
2735 3630 3145 3701 peccatoribus,
3195 3637 3252 3682 ut
3284 3644 3379 3696 pro
3412 3628 3517 3681 ini-

1935 3730 2090 3785 micis
2114 3729 2392 3784 auditores
2413 3741 2570 3781 orare
2601 3725 2854 3779 instruat.
2883 3724 2957 3776 Ac
2981 3721 3024 3775 si
3050 3722 3196 3774 dicat
3229 3737 3241 3773 :
3277 3719 3400 3774 Ideo
3421 3733 3518 3771 oro

1935 3836 2040 3876 non
2070 3819 2406 3887 derelinqui,
2435 3819 2560 3887 quia
2612 3818 2655 3870 si
2705 3813 2998 3868 derelictus
3044 3812 3522 3878 delicerem,-pee-

1933 3920 2150 3965 catores
2180 3908 2306 3964 inde
2338 3907 2402 3960 ad
2434 3921 2621 3961 eorum
2651 3903 3006 3958 infortunium
3035 3910 3090 3954 et
3117 3899 3517 3952 damnationem

1933 3999 2322 4056 exultarentur.
2353 3995 2448 4052 Vel
2478 4013 2540 4050 ne
2563 4001 2864 4050 exattentur
2885 3993 3049 4062 forte,
3085 3989 3136 4043 id
3167 3996 3252 4042 est
3285 3996 3511 4041 temere.

1933 4095 2012 4150 Ac
2037 4093 2081 4149 si
2114 4093 2260 4148 dicat
2288 4109 2302 4146 :
2337 4090 2459 4145 Ideo
2485 4104 2584 4144 oro
2627 4097 2684 4140 ut
2715 4103 2818 4140 non
2848 4084 3178 4143 exaltentur,
3210 4079 3301 4149 qui
3352 4088 3520 4133 teme-

1939 4185 2078 4240 raria
2105 4192 2251 4238 esset
2284 4178 2585 4248 hujusmodi
2615 4176 2908 4237 exultatio,
2944 4174 3170 4238 ideoque
3196 4169 3386 4223 nociva
3415 4168 3515 4220 eis.

1938 4275 2020 4330 Ne
2049 4274 2378 4342 derelinquas
2399 4311 2413 4334 ,
2441 4272 2656 4336 inquam
2681 4305 2697 4331 ,
2734 4282 2834 4320 me.
2866 4265 2932 4318 Et
2970 4277 3192 4317 necesse
3222 4268 3306 4314 est
3331 4268 3388 4312 ut
3419 4259 3522 4312 hoc

1935 4380 2105 4421 orem.
2139 4362 2271 4416 Nam
2303 4361 2549 4414 circuitus
2576 4373 2755 4412 eorum
2785 4355 2962 4425 operit
2989 4362 3043 4409 et
3079 4352 3287 4422 aperiet
3312 4347 3517 4421 jugiter

1936 4465 2091 4526 caput
2116 4469 2318 4517 eorum,
2348 4451 2574 4520 ideoque
2599 4447 2959 4518 periculosum
2984 4455 3067 4499 est
3089 4460 3210 4498 cum
3229 4443 3308 4497 eis
3336 4456 3518 4510 agere.

240 4533 367 4636 quae
413 4563 660 4616 fidelibus
687 4569 770 4615 est
797 4568 1003 4614 rectum
1040 4557 1145 4610 iter
1177 4555 1323 4620 ﬁdei,
1363 4568 1524 4622 quam
1569 4552 1667 4620 ipsi
1702 4551 1835 4604 sini-
1867 4533 1910 4587 D
1939 4547 2104 4618 Caput
2129 4561 2310 4601 eorum
2333 4558 2599 4599 summam
2629 4540 2850 4595 haeresis
2871 4537 3022 4602 dicit,
3049 4551 3115 4590 eo
3142 4535 3284 4604 quod
3307 4534 3373 4587 ad
3399 4548 3519 4616 eam

242 4665 360 4711 stre
404 4659 700 4721 exponunt,
731 4657 788 4704 et
823 4648 902 4702 sic
932 4662 1037 4700 non
1072 4652 1196 4699 sunt
1239 4644 1291 4697 in
1336 4643 1451 4712 ipso
1489 4640 1705 4706 itinere,
1741 4640 1832 4694 sed

235 4749 402 4819 juxta
433 4747 562 4809 iter;
597 4743 686 4797 tali
729 4740 892 4796 modo
932 4746 1214 4808 posuerunt
1247 4736 1374 4789 mihi
1413 4732 1745 4796 scandalum,
1781 4732 1832 4785 id

243 4848 336 4894 est
393 4833 774 4890 olfendiculum
834 4829 1040 4885 erroris
1083 4824 1623 4902 periculosissimtnn.
1684 4822 1833 4876 Tunc

245 4931 398 4985 enim
423 4929 582 4983 citius
610 4924 804 4994 aliquis
832 4921 1123 4992 decipitur,
1147 4935 1266 4974 cmn
1299 4918 1398 4988 ipsi
1431 4915 1730 4971 auctoritas
1755 4913 1832 4970 si-

247 5022 426 5078 nistre
457 5020 808 5088 interpretata
833 5012 1202 5082 pne-tenditur.
1236 5008 1504 5075 Quoniam
1536 5015 1716 5060 autem
1747 5019 1837 5057 ex-

248 5116 528 5172 tenderunt
571 5113 746 5181 funes,
774 5118 827 5162 et
862 5109 1023 5178 juxta
1061 5107 1158 5158 iter
1186 5101 1494 5157 scandalum
1531 5108 1836 5170 posuerunt,

251 5209 366 5262 dixi
397 5205 620 5260 Domino
647 5213 700 5257 et
745 5201 974 5256 interius
1005 5199 1142 5253 bona
1172 5195 1477 5258 affectione,
1509 5201 1563 5247 et
1593 5192 1839 5247 exterius

251 5318 387 5359 ore:
419 5302 560 5356 Deus
581 5316 724 5353 meus
746 5315 798 5352 es
827 5308 906 5361 tu,
933 5296 984 5350 id
1014 5303 1097 5348 est
1123 5292 1353 5348 Creator
1379 5306 1562 5355 meus;
1601 5299 1652 5344 te
1683 5289 1803 5344 scili
1828 5314 1838 5323 η

255 5409 341 5455 cet
389 5405 579 5468 reputo
615 5395 926 5450 Creatorem
971 5398 1027 5444 et
1062 5404 1148 5442 me
1188 5395 1379 5456 reputo
1409 5395 1740 5440 creaturam.
1773 5383 1842 5436 Et

255 5507 379 5547 cum
407 5499 458 5544 te
487 5489 654 5543 Deum
679 5500 856 5540 meum
889 5497 1009 5537 esse
1034 5488 1310 5550 reputem;
1343 5477 1556 5541 exaudi,
1597 5475 1836 5540 Domine,

256 5603 429 5644 vocem
477 5579 855 5652 deprecationis
885 5593 1029 5640 metu,
1059 5574 1267 5630 Stilicet
1302 5587 1423 5626 cum
1463 5571 1538 5624 sis
1581 5569 1840 5624 Dominus

259 5681 620 5750 omnipotens,
654 5673 775 5728 audi
805 5685 989 5724 vocem
1032 5682 1230 5726 meam,
1259 5681 1362 5735 qua
1408 5673 1461 5718 te
1491 5665 1752 5732 deprecor
1783 5670 1840 5714 ut

262 5771 460 5835 ciliciis
491 5767 633 5844 quod
669 5781 786 5820 oro.
840 5763 966 5828 Quae
1016 5759 1269 5816 nimirum
1309 5774 1407 5812 vox
1445 5754 1840 5824 deprecationis

1939 4656 2129 4697 omnes
2158 4654 2348 4694 eorum
2385 4635 2673 4692 sententiae
2702 4640 2981 4704 spectant,
3031 4630 3170 4685 sicut
3207 4637 3367 4698 caput
3405 4614 3523 4682 om.

1942 4735 2088 4788 nimn
2141 4733 2504 4788 membrorum
2549 4728 2847 4801 principale
2897 4735 3000 4782 est.
3051 4723 3312 4778 Circuitus
3357 4723 3520 4785 dicit,

1944 4825 2272 4895 multiplices
2319 4822 2599 4877 anfractus
2643 4818 3173 4890 argumentationum
3213 4825 3268 4872 et
3304 4825 3526 4870 senten-

1940 4919 2140 4973 tiarum
2191 4918 2466 4989 ipsorum,
2501 4915 2697 4984 quibus
2728 4928 2994 4966 stnmnam
3029 4911 3250 4964 lneresis
3290 4925 3402 4964 sum
3431 4924 3524 4963 oe-

1939 5013 2148 5068 cultant
2195 5021 2251 5066 et
2302 5011 2579 5073 muniunt,
2615 5023 2681 5061 ne
2729 5023 2757 5061 a
2781 5005 3075 5061 Catltolicis
3099 5005 3456 5072 perimantur,
3491 5015 3522 5054 a

1940 5105 2294 5161 similitudine
2340 5102 2638 5172 serpentis,
2687 5099 2777 5168 qui
2830 5098 3060 5152 circuitu
3125 5094 3309 5149 cauda:
3362 5101 3526 5162 caput

1942 5199 2147 5267 operit,
2180 5198 2232 5251 in
2270 5212 2376 5266 quo
2407 5195 2678 5266 praecipue
2722 5189 2960 5243 vitalitas
2987 5187 3104 5258 ejus
3131 5193 3240 5252 est,
3276 5201 3344 5240 ne
3378 5186 3431 5239 in
3461 5203 3527 5240 eo

1938 5288 2296 5356 percutiatur.
3477 5295 3480 5298 ·

2013 5379 2247 5448 Exponit
2279 5387 2456 5432 autem
2484 5378 2586 5430 hoc
2611 5370 2753 5444 quod
2787 5371 3022 5441 positum
3053 5379 3136 5424 est
3166 5369 3416 5423 circuitus
3442 5384 3530 5422 ec-

1945 5487 2060 5524 rum
2093 5471 2460 5540 Operietcaput
2499 5481 2699 5528 eorum,
2736 5463 2815 5517 sic
2863 5479 2877 5514 :
2928 5461 3226 5525 Circuitus,
3269 5461 3526 5528 inquam,

1945 5582 2152 5628 eorum,
2193 5565 2384 5634 aperiet
2408 5571 2563 5630 caput
2591 5576 2768 5614 eorum
2789 5601 2803 5625 ,
2827 5559 2878 5614 id
2907 5569 2991 5615 est
3032 5555 3312 5627 multiplex
3342 5552 3528 5608 aufra-

1948 5669 2068 5715 ctus
2112 5657 2503 5712 sententiarum
2538 5662 2584 5707 et
2618 5652 3150 5723 argumentatimumt
3205 5662 3390 5702 eorum
3435 5660 3528 5699 oc-

1949 5750 2174 5806 cultabit
2205 5756 2258 5803 ct
2301 5746 2616 5824 prannunict
2647 5761 2908 5801 summam
2953 5742 3174 5798 lucrcsis
3222 5752 3528 5806 commuto
