3978 6328
460 341 598 397 1375
1027 342 1083 400 S.
1125 342 1471 401 BRUNONIS
1507 337 2152 401 CARTHUSIANORUM
2190 339 2680 400 lNSTlTUTORlS
2713 341 2865 399 OPP.
2905 343 3084 400 PARS
3111 343 3152 400 1.
3589 345 3735 400 1576

454 465 628 527 possrt
658 456 951 529 exstingui.
987 457 1138 526 Quod
1165 467 1250 516 est
1293 461 1474 516 dicere
1511 479 1525 516 :
1563 460 1740 515 Labor
1780 459 2039 514 labiorum
2068 457 2114 514 Α
2135 455 2402 526 judicium
2439 473 2506 514 ae
2533 474 2857 528 quocunque
2896 457 3076 522 bono,
3121 473 3219 528 pro
3255 471 3322 513 eo
3363 452 3600 528 inopiam
3636 475 3738 528 pa-

456 548 688 618 ipsorum
711 549 899 618 aperiet
930 565 1047 615 eos,
1081 550 1133 604 id
1161 559 1246 605 est
1272 551 1559 605 verborum
1588 566 1809 604 suorum
1857 549 2042 605 multi-
2147 551 2344 615 tiente,
2373 549 2532 619 juxta
2583 551 2727 620 quod
2779 549 2978 618 legitur
3017 566 3030 602 :
3072 567 3090 600 ε
3128 549 3358 617 lneipiat
3395 550 3662 617 judicium
3699 567 3736 603 ει

456 641 700 710 plicitas,
726 642 779 696 in
802 641 1002 711 quibus
1025 642 1364 698 inveniendis
1387 644 1484 714 ipsi
1516 643 1671 698 valde
1695 643 2040 710 laborabunt,
2143 643 2303 697 domo
2333 641 2427 696 Dei
2459 642 2509 708 (Ι
2545 641 2689 696 Patr.
2723 658 2798 707 Iv,
2827 641 2939 712 l7).
2972 660 2992 694 ι
3045 641 3278 710 Exponit
3305 658 3436 712 ergo
3463 644 3608 712 quod
3643 641 3739 709 ju-

457 733 665 788 nmniet
690 749 806 789 eos.
836 735 971 800 Quia
1003 749 1103 806 pro
1130 737 1401 792 haereticis
1441 746 1729 800 oraverat,
1765 738 1954 793 dicens
1980 756 2044 792 ne
2143 736 2342 790 dicium
2369 734 2533 790 faciet
2561 735 2628 790 de
2656 734 2850 804 inope,
2899 749 3022 789 eum
3055 735 3136 788 sic
3162 733 3314 788 addit
3343 752 3357 787 :
3391 734 3489 799 Et,
3524 735 3574 788 id
3612 745 3737 796 est,

460 823 594 892 forte
643 825 958 890 exaltentur,
1001 827 1237 882 ostendit
1285 827 1428 897 quod
1473 843 1578 881 non
1622 829 2038 894 exaltabuntnr;
2143 825 2304 880 faciet
2329 825 2610 880 vindictam
2647 841 2968 895 pauperum,
3014 824 3066 878 id
3106 835 3190 878 est
3219 824 3370 894 justo
3395 823 3603 892 judicio
3634 841 3742 878 suo

458 916 551 969 sed
583 917 803 985 quidatn
829 933 1014 972 eorum
1045 929 1452 986 convertentur,
1482 929 1534 976 et
1561 920 2038 987 siesalvabuntur;
2091 932 2093 934 ·
2145 915 2310 972 faciet
2357 916 2652 970 vindictam
2682 916 2749 969 de
2785 917 3116 986 pauperibus
3173 917 3287 970 suis
3345 917 3740 986 peccantibus,

457 1007 676 1076 quidam
705 1024 836 1064 vero
865 1009 916 1062 in
946 1010 1264 1078 garrulitate
1288 1013 1644 1082 persistentes
1665 1055 1679 1079 ,
1710 1013 2043 1068 damnabnn-
2143 1022 2266 1063 cum
2298 1019 2390 1062 eos
2419 1006 2507 1061 hic
2534 1021 2631 1076 per
2665 1005 2978 1060 transitoria
3009 1005 3216 1076 ﬂagella
3264 1006 3523 1076 corrigit,
3553 1015 3614 1059 ut
3639 1021 3746 1075 per

459 1111 567 1158 tur.
608 1104 720 1160 Hoc
756 1115 936 1160 autem
969 1120 1031 1160 ea
1072 1106 1374 1160 intentione
1419 1107 1548 1161 dicit
1581 1117 1638 1160 ut
1665 1123 1856 1162 omnes
1883 1106 2042 1160 audi-
2145 1100 2249 1154 hoc
2273 1099 2590 1166 comprobet
2634 1096 2776 1164 quod
2829 1111 2950 1150 cum
2997 1113 3099 1152 nec
3146 1097 3258 1151 suis
3302 1107 3518 1166 pareat,
3565 1095 3748 1150 multo

457 1201 602 1249 tores
635 1195 700 1249 ab
735 1196 925 1250 haeresi
960 1197 1222 1251 retrahat.
1271 1197 1380 1252 Oro
1413 1213 1480 1252 ne
1521 1196 1664 1252 forte
1694 1197 2037 1265 exaltonuin‘;
2114 1249 2117 1251 _
2146 1190 2322 1243 minus
2376 1188 2430 1242 in
2489 1187 2673 1240 futuro
2713 1196 2899 1256 parcet
2926 1185 3166 1255 injustis.
3201 1186 3411 1250 Faciet,
3472 1187 3702 1255 inquam
3729 1225 3750 1250 ,

457 1294 514 1339 el
541 1300 667 1340 vere
691 1302 794 1340 non
825 1287 1231 1356 exaltabuntur,
1259 1305 1382 1343 nam
1407 1290 1592 1343 cadent
1616 1289 1864 1344 carbones
1888 1305 2044 1359 super
2143 1281 2426 1337 uindictam
2480 1295 2799 1350 pauperum,
2860 1288 3238 1333 verumtamen
3285 1294 3598 1348 quanquam
3651 1279 3753 1332 hic

456 1390 574 1438 eos,
605 1375 656 1429 id
687 1386 771 1430 est
800 1377 1073 1446 spiritales
1103 1380 1202 1433 viri
1232 1380 1321 1450 qui
1351 1389 1479 1436 sunt
1528 1381 1795 1436 carbones
1831 1380 2043 1436 desola-
2144 1387 2410 1446 pauperes
2432 1387 2560 1427 suos
2582 1372 2759 1443 justos
2799 1386 2898 1442 per
2927 1371 3130 1440 ﬂagella
3168 1373 3432 1442 corrigat.
3467 1369 3601 1438 justi
3633 1387 3752 1425 non

459 1467 615 1530 torii,
667 1467 787 1536 igne
835 1469 1124 1526 charitatis
1171 1481 1225 1527 et
1275 1473 1366 1528 Dei
1419 1474 1744 1546 cognitionis
1790 1475 2039 1539 accensi,
2145 1469 2265 1524 ideo
2305 1467 2571 1522 desistent
2612 1480 2641 1518 a
2676 1465 2832 1520 laude
2863 1466 2975 1530 tui,
3022 1466 3115 1520 sed
3153 1463 3287 1533 justi
3335 1464 3755 1519 conﬁtebuntur

456 1562 640 1616 cadent
703 1581 859 1634 super
914 1583 1032 1632 eos,
1098 1568 1149 1622 id
1213 1577 1294 1624 est
1355 1585 1477 1625 cum
1543 1585 1742 1642 magno
1802 1571 2043 1641 pondere
2145 1565 2350 1621 nomini
2385 1573 2496 1618 tuo.
2523 1561 2637 1616 lloe
2663 1571 2723 1617 ut
2746 1563 2998 1632 superius
3020 1561 3470 1632 exponiturJlie,
3495 1562 3753 1629 inquam,

457 1654 855 1708 sententiarum
937 1673 1160 1712 suarum
1234 1661 1673 1715 authenticarum
1732 1662 2042 1732 oppriment
2145 1657 2533 1727 conﬁtebuntur
2563 1655 2762 1709 nomini
2800 1665 2912 1708 tuo.
2945 1654 3010 1708 Et
3045 1654 3095 1708 in
3143 1652 3328 1706 [ιιιινο
3362 1653 3461 1720 ipsi
3498 1651 3627 1703 recti
3654 1652 3759 1701 Im-

457 1760 550 1798 eos
579 1753 635 1798 et
669 1745 990 1814 devincent,
1023 1765 1051 1802 a
1083 1750 1441 1806 similitudine
1484 1755 1801 1822 ponderosa:
1830 1753 1906 1808 rei
1932 1794 1946 1817 ,
1974 1754 2040 1808 de
2079 1813 2118 1822 _
2149 1749 2382 1804 bitabunt
2406 1789 2420 1813 ,
2472 1749 2526 1803 in
2571 1756 2776 1802 aeterna
2829 1745 3005 1817 gloria
3029 1787 3044 1810 ,
3077 1745 3400 1807 existentes,
3429 1760 3462 1798 o
3493 1741 3756 1803 Christe,

457 1851 620 1904 super
645 1839 917 1906 cadentis,
955 1853 1075 1910 quae
1111 1841 1344 1912 aliquem
1386 1813 1665 1914 opprimit.
1713 1845 1828 1899 Non
1869 1845 2042 1899 solum
2078 1813 2123 1874 Β
2149 1859 2266 1897 cum
2299 1841 2442 1896 vultu
2472 1853 2584 1905 tuo,
2615 1841 2666 1896 id
2695 1847 2779 1894 est
2807 1854 2926 1893 cum
2955 1837 3276 1908 pmnitentia
3313 1845 3400 1889 tua
3431 1833 3675 1888 videndo
3705 1843 3761 1886 te

458 1936 640 1980 autem
679 1927 928 1984 carbones
949 1931 1134 1984 cadent
1159 1949 1316 2002 super
1355 1951 1474 2000 eos,
1506 1944 1563 1989 ιιι
1589 1937 1880 1992 devincant
1902 1977 1918 2004 ,
1948 1943 2042 1995 sed
2148 1933 2290 1988 facie
2317 1934 2384 1988 ad
2419 1931 2637 1988 faciem.
2673 1930 2768 1985 Vel
2799 1931 2911 1995 sic,
2936 1930 2979 1982 si
3009 1929 3073 1982 de
3106 1928 3266 1982 Patre
3295 1927 3512 1981 dicatur
3540 1942 3556 1978 :
3587 1924 3657 1977 Et
3697 1940 3758 1977 tn

457 2019 657 2085 etiam,
692 2021 948 2091 Domine,
977 2039 1075 2094 per
1102 2027 1319 2080 eosdem
1370 2028 1635 2083 carbones
1661 2030 1872 2099 dcjicies
1895 2049 1978 2086 eos
2014 2048 2045 2087 ει
2149 2025 2366 2088 futuro,
2409 2039 2442 2077 o
2473 2024 2616 2078 Deus
2657 2021 2838 2084 Pater,
2887 2019 2989 2089 ipsi
3031 2018 3154 2072 recti
3201 2016 3550 2079 habitabant,
3587 2014 3640 2066 id
3669 2023 3761 2068 est

458 2113 709 2181 superbia
735 2129 957 2182 eorum,
1006 2117 1057 2170 id
1088 2127 1174 2172 est
1201 2133 1296 2173 eos
1339 2119 1568 2175 humiles
1597 2120 1793 2186 facies,
1828 2123 2048 2179 mittens
2150 2117 2452 2171 manebunt
2483 2116 2538 2169 in
2569 2122 2772 2168 mterna
2797 2111 2966 2183 gloria
2991 2127 3107 2164 cum
3131 2108 3274 2163 vultu
3298 2118 3406 2170 tuo,
3434 2107 3485 2160 id
3515 2115 3606 2159 est
3625 2121 3756 2160 cum

457 2212 647 2271 postea
675 2205 728 2258 in
759 2205 1052 2276 ignem,dd
1088 2216 1172 2262 est
1208 2209 1260 2263 in
1311 2209 1765 2268 illuminationem
1812 2211 2048 2282 Spiritus
2149 2211 2372 2266 Christo
2423 2209 2563 2264 Filio
2607 2217 2733 2274 tuo,
2787 2206 2877 2276 qui
2922 2203 3101 2258 vultus
3153 2212 3275 2256 tuus
3319 2201 3543 2261 dicitur.
3587 2209 3650 2252 υι
3699 2199 3756 2252 in

460 2294 658 2348 sancti.
713 2293 778 2349 Et
819 2295 872 2351 in
911 2296 1091 2366 ignem
1141 2299 1290 2354 missi
1323 2300 1552 2356 ulterius
1583 2319 1686 2355 non
1733 2302 2046 2368 subsistant,
2151 2313 2349 2372 quarto
2380 2302 2593 2372 psalmo
2637 2309 2916 2356 ostensum
2943 2290 3026 2351 eSt
3055 2295 3146 2349 ubi
3169 2294 3342 2349 dicit:
3388 2311 3406 2344 ι
3447 2293 3742 2362 Signatnm

461 2383 515 2437 id
552 2393 766 2438 estnon
798 2388 1194 2455 permanebunt
1240 2390 1295 2442 in
1333 2391 1558 2446 miseriis
1599 2393 1887 2447 haeresum.
1938 2394 2051 2450 lloc
2151 2401 2237 2448 est
2257 2409 2422 2464 snper
2443 2408 2542 2448 nos
2574 2391 2754 2446 lumen
2795 2387 2972 2441 vultus
3009 2387 3084 2439 tui
3115 2383 3286 2454 (Psal.
3318 2398 3391 2450 tv,
3425 2383 3505 2448 7l-
3545 2402 3566 2434 ι

463 2477 647 2529 autem
671 2477 737 2530 de
759 2491 916 2546 parte
939 2479 1146 2532 dictum
1171 2490 1270 2535 est.
1299 2481 1471 2552 Super
1489 2485 1774 2552 quosdam,
1806 2485 2047 2555 inquam,
2615 2479 2680 2535 IN
2736 2475 3069 2534 PSALMUM
3123 2473 3280 2530 CXL.

461 2582 650 2622 eorum
680 2569 865 2622 cadent
899 2571 1149 2626 carbones
1171 2613 1185 2638 ,
1211 2582 1268 2627 et
1298 2571 1625 2641 dejicientnr
1667 2575 1720 2628 in
1761 2577 1968 2646 ignem,
1998 2586 2054 2632 et
2227 2575 2446 2632 Titulus
2469 2573 2750 2630 centesimi
2779 2568 3202 2640 quadragesimi.
3253 2565 3504 2621 Psahnus
3544 2565 3760 2628 Dat-id,

461 2659 516 2713 in
548 2659 770 2713 miseriis
797 2677 901 2714 non
931 2662 1236 2718 subsistent.
1281 2664 1373 2718 Vir
1395 2678 1570 2720 autent
1602 2668 1915 2738 quicunque
1947 2669 2054 2725 lin-
2153 2669 2209 2724 id
2247 2679 2321 2725 est
2367 2667 2606 2722 fidelium
2646 2666 2712 2720 ad
2745 2662 3160 2719 instructionem
3193 2659 3535 2722 auditorum,
3560 2669 3760 2712 osten-

460 2765 687 2818 guosus,
733 2748 898 2821 558
941 2751 994 2806 id
1026 2763 1110 2808 est
1139 2755 1450 2825 quicunque
1497 2771 1561 2811 ex
1602 2757 1682 2812 eis
1732 2759 2055 2828 resipiscere
2155 2760 2399 2815 cientium
2433 2773 2494 2812 se
2518 2757 2583 2812 ad
2609 2755 2898 2811 Dominum
2924 2752 3194 2807 clamasse
3219 2758 3275 2803 et
3299 2764 3424 2802 eum
3450 2763 3673 2811 orasse,
3701 2757 3766 2802 ut

459 2841 653 2897 nolens
678 2883 692 2905 ,
740 2843 793 2896 in
844 2845 1194 2915 linguositale
1241 2848 1468 2902 haeresis
1498 2863 1608 2903 suae
1652 2851 2053 2918 perseverabit,
2154 2867 2248 2908 eos
2277 2853 2435 2924 digne
2463 2849 2669 2904 faceret
2711 2861 2872 2902 orare
2910 2853 2964 2900 et
2987 2843 3130 2899 bene
3159 2841 3411 2912 Operari,
3447 2851 3503 2895 et
3533 2841 3762 2895 eosdem

459 2931 515 2986 in
546 2943 685 2987 terra
717 2933 819 2991 hac
867 2951 968 2990 non
995 2936 1254 3007 dirigetur
1280 2953 1310 2992 a
1342 2937 1576 2994 Domino
1601 2980 1616 3003 ,
1648 2940 1738 2994 ubi
1774 2940 1924 2996 locus
1971 2952 2054 2997 est
2155 2945 2457 3000 custodiret
2483 2956 2549 2996 ne
2575 2941 2628 2995 in
2653 2955 2749 2994 ore
2771 2937 2855 2992 vel
2885 2937 2938 2991 in
2967 2935 3134 2991 corde
3165 2931 3530 2988 criminaliter
3558 2945 3762 3000 pecca-

461 3025 1511 3098 dirigendi,idest;quandiuinhacterra
1535 3034 1700 3100 vivet,
1725 3051 1828 3090 non
1861 3036 2056 3107 diriget
2149 3043 2314 3100 rent,
2345 3043 2399 3090 et
2424 3048 2490 3089 ne
2521 3047 2644 3087 eum
2676 3029 2992 3084 hominibus
3025 3023 3383 3096 operantibus
3407 3021 3763 3089 iniquitatem

462 3134 587 3174 eum
616 3119 898 3187 Dominus,
917 3131 978 3176 ut
1005 3120 1130 3178 fidei
1161 3133 1368 3178 rectum
1401 3125 1504 3180 iter
1533 3126 1770 3183 incedat.
1795 3126 1862 3181 In
1891 3131 2055 3182 inlet-
2085 3171 2125 3188 η
2159 3126 2649 3182 communicarent.
2675 3120 2986 3177 Ostendnnt
3015 3130 3232 3188 quoque
3255 3113 3400 3183 quod
3423 3154 3438 3179 ,
3475 3113 3521 3165 si
3563 3125 3768 3182 pecca-

461 3211 541 3265 itu
581 3227 710 3268 vero
739 3229 863 3269 eum
893 3215 1075 3270 anima
1131 3219 1475 3287 separabitur
1502 3235 1531 3274 a
1577 3237 1837 3292 corpore,
1876 3223 2052 3292 ipsum
2082 3171 2128 3232 c
2161 3221 2369 3285 verint,
2405 3216 2616 3287 ajustis
2659 3214 3047 3283 corripientur,
3077 3218 3135 3263 ut
3174 3204 3721 3262 auditores-instruat
3745 3243 3765 3268 ,

461 3303 630 3356 virum
662 3303 951 3374 injustam,
1001 3306 1053 3361 id
1097 3315 1181 3361 est
1211 3307 1386 3362 virum
1437 3309 1744 3380 linguosnm
1779 3312 1900 3367 ideo
1926 3315 2051 3382 quia
2161 3329 2228 3368 ne
2275 3313 2319 3368 si
2360 3312 2578 3382 quando
2621 3306 2970 3378 peccaverint
3015 3319 3044 3357 a
3086 3301 3250 3371 jnstis
3293 3298 3497 3369 corripi
3527 3297 3765 3368 fugiant.

463 3394 702 3464 iniustus
723 3408 830 3464 est,
878 3399 1083 3468 capient
1124 3399 1268 3454 mala
1311 3410 1531 3456 arternae
1558 3404 1959 3471 damnationis,
1991 3421 2058 3460 ne
2159 3406 2470 3461 Praedictum
2495 3418 2711 3476 quoque
2739 3399 3099 3472 quorumdam
3143 3403 3496 3466 peccatorum
3531 3407 3768 3447 conver-

465 3486 696 3541 ulterius
721 3489 935 3544 evadat.
963 3489 1100 3557 Quia
1133 3506 1261 3547 vero
1298 3491 1380 3545 vir
1411 3493 1693 3564 linguosus
1723 3495 1802 3551 sic
1831 3497 2058 3551 damna-
2161 3501 2369 3556 sionem
2389 3541 2404 3566 ,
2432 3508 2491 3552 nt
2517 3495 2860 3552 auditoribus
2892 3489 3199 3561 exemplum
3243 3485 3606 3543 convertendi
3637 3499 3767 3554 pec-

469 3577 640 3642 bitur,
674 3583 891 3650 cognoui
931 3597 1032 3653 ego
1061 3597 1158 3652 per
1187 3584 1549 3638 contrarium.
1582 3585 1688 3642 Per
1715 3587 1820 3642 hoc
1847 3589 2054 3643 scilicet
2161 3601 2382 3647 eatores
2407 3589 2669 3645 tribuant.
2702 3586 3010 3644 OStendunt
3036 3583 3261 3650 insuper
3285 3595 3345 3636 se
3370 3595 3402 3634 a
3430 3578 3766 3648 quibusdam

465 3669 572 3724 Ιιοο
617 3674 866 3740 cognovi.
907 3677 1033 3744 quia
1073 3677 1300 3746 cognovi
1346 3679 1491 3748 quod
1522 3677 1778 3733 Dominus
1814 3679 1969 3749 faciet
2003 3680 2054 3733 in
2160 3683 2550 3754 peccatoribus
2578 3696 2685 3736 non
2712 3675 3096 3735 convertendis
3131 3687 3254 3728 esse
3293 3685 3558 3742 passuros
3590 3668 3770 3722 tribu-

467 3760 649 3818 futuro
671 3763 874 3832 justum
903 3768 1158 3830 iudicium
1185 3771 1354 3842 inopis
1373 3813 1387 3837 ,
1431 3771 1482 3826 id
1520 3780 1602 3828 est
1625 3771 1772 3840 juste
1799 3785 2038 3827 remune-

2198 3779 2429 3844 ttiones,
2461 3782 2516 3828 et
2539 3788 2636 3844 pro
2667 3770 2800 3842 ipsis
2841 3765 3280 3824 tribulationibus
3323 3769 3517 3826 orant,
3565 3770 3627 3814 ut
3666 3775 3769 3814 auo

463 3855 612 3910 73b“
635 3871 907 3926 (ιιιθιηίιιιθ
930 3857 1141 3915 ﬁdelem
1169 3879 1348 3929 suum,
1373 3863 1461 3934 (ιιιῑ
1486 3878 1584 3933 Ι)ΐο
1609 3877 1674 3919 00
1701 3864 1790 3919 hic
1816 3863 2055 3934 inoDiam
2161 3871 2428 3927 ditoribus
2457 3864 2766 3935 exemplum
2797 3861 3066 3925 tribuant,
3099 3869 3154 3914 et
3181 3855 3420 3927 patiendi
3466 3863 3527 3910 et
3565 3855 3619 3908 in
3666 3855 3770 3908 tri-

463 3945 690 4015 patitur.
721 3945 800 4001 Ac
829 3945 877 4002 si
909 3947 1052 4002 dicat
1084 3962 1098 4002 :
1131 3948 1263 4003 Cum
1295 3967 1422 4007 suos
1449 3953 1521 4007 sit
1559 3954 1771 4008 interna
1817 3954 2058 4008 beatitu-
2162 3959 2536 4018 putationibus
2570 3954 2782 4011 orandi.
2808 3953 2990 4024 Agunt
3023 3965 3241 4021 quoque
3276 3949 3342 4003 de
3391 3945 3766 4016 quorumdam

466 4038 593 4094 dine
617 4049 1066 4096 remuneraturus
1085 4083 1098 4106 ,
1135 4054 1344 4096 eertum
1373 4053 1456 4099 est
1489 4045 1615 4100 inde
1643 4046 1772 4099 mihi
1791 4086 1806 4111 ,
1833 4046 1978 4112 quod
2002 4061 2032 4100 e

2192 4051 2598 4108 ibristianorum
2629 4047 2680 4102 in
2717 4041 3156 4100 tribulationibus
3192 4038 3441 4099 defectu.
3475 4052 3621 4106 quos
3653 4037 3763 4090 sei-

463 4131 615 4186 viros
641 4133 917 4204 linguosos
947 4143 1030 4189 est
1053 4135 1200 4205 justc
1237 4135 1611 4192 damnaturus.
1643 4138 1710 4192 Et
1739 4153 1845 4194 non
1881 4139 2057 4194 solum
2164 4147 2293 4202 licet
2322 4152 2546 4216 propter
2571 4138 2876 4210 iniquitatis
2905 4152 3017 4192 sua:
3044 4134 3300 4190 meritmn
3341 4133 3487 4188 Deus
3521 4132 3765 4187 deiicere

465 4224 620 4296 faciet
633 4225 895 4296 judicium
921 4227 1089 4297 inopis
1109 4269 1123 4293 ,
1154 4227 1246 4284 sed
1274 4238 1318 4282 et
1347 4227 1510 4285 faciet
1539 4230 1826 4314 vindictam
1863 4247 2060 4301 paupe—
2160 4240 2388 4310 ραιίιυιι,
2419 4244 2479 4291 ιιι
2507 4249 2605 4304 per
2625 4234 2731 4288 ιιοο
2759 4231 3076 4286 deterreant
3115 4227 3184 4282 ab
3223 4225 3515 4294 iniquitate
3549 4223 3763 4277 audito.

466 4333 582 4372 rum
611 4319 678 4373 de
712 4319 844 4374 viris
869 4319 1162 4390 linguosis,
1191 4320 1400 4376 scilicet
1430 4321 1553 4376 inde
1585 4323 1713 4377 mihi
1738 4331 1950 4377 certum
1976 4331 2060 4378 est
2162 4350 2282 4398 τρε,
2309 4345 2378 4385 ne
2407 4326 2664 4382 deliciam
2693 4331 2746 4378 et
2781 4323 2862 4377 sic
2897 4321 2950 4374 in
2987 4329 3252 4374 aeternum
3284 4323 3535 4386 pereant.

467 4409 612 4479 quod
655 4411 802 4466 viros
852 4410 1129 4482 linguosos
1179 4413 1495 4478 damnabit,
1549 4413 1676 4483 quia
1719 4425 1902 4470 certus
1935 4430 2056 4470 sum
2240 4422 2403 4497 559
2426 4419 2648 4474 Domine
2677 4417 2840 4480 Deus,
2881 4412 2948 4466 ad
2973 4421 3020 4465 te
3043 4407 3452 4465 misericordem
3479 4414 3538 4461 et
3580 4406 3762 4461 omni-

469 4501 610 4568 quod
638 4518 906 4572 pauperes
951 4521 1078 4560 suos
1104 4505 1170 4558 de
1203 4504 1308 4558 illis
1333 4505 1465 4559 viris
1515 4503 1776 4575 linguosis
1805 4506 2049 4560 vindica-
2083 4538 2132 4598 ο
2157 4526 2428 4592 ροιεῃιθιη
2481 4508 2777 4580 respiciens
2806 4504 3031 4560 clamavi
3059 4543 3074 4567 ,
3135 4501 3189 4557 id
3215 4509 3299 4556 est
3327 4500 3628 4554 clamorem
3679 4500 3756 4553 in-

467 4591 582 4655 bit;
635 4610 754 4662 qu.e
800 4610 898 4664 pro
946 4604 1096 4650 certo
1148 4595 1388 4650 vindicta
1437 4611 1542 4650 non
1593 4597 1698 4652 erit
1744 4597 1850 4652 alia
1889 4613 2038 4666 quau‘

2186 4629 2330 4672 ensaa
2373 4607 2672 4665 all‘ectionis
2708 4603 2897 4669 emisi,
2941 4611 2999 4656 ut
3051 4599 3147 4656 tibi
3196 4611 3423 4670 prorsus
3471 4595 3750 4650 voluntate

397 4735 400 4737 Α
470 4683 749 4740 damnatio
778 4698 999 4741 teterna.
1035 4688 1168 4742 Cum
1197 4687 1328 4742 dicit
1349 4687 1492 4757 qttod
1523 4686 1679 4755 facet
1703 4689 1768 4741 de
1802 4688 1930 4742 virts
1957 4687 2057 4740 lin-
2164 4709 2303 4762 bona
2332 4704 2556 4759 devotus
2577 4713 2771 4753 essem,
2806 4693 3070 4762 Quoniam
3097 4705 3226 4762 ergo
3250 4688 3476 4743 claman
3498 4726 3516 4752 ,
3565 4685 3750 4740 exaudi

470 4781 654 4856 gnosis
681 4781 962 4834 vindictam
985 4798 1308 4852 pauperum,
1343 4782 1504 4836 datur
1538 4780 1766 4852 intelligi
1797 4781 2054 4850 quoniam
2165 4815 2264 4858 me,
2293 4805 2352 4850 υι
2386 4791 2530 4863 (μιοά
2577 4787 2799 4844 clamavi
2847 4787 3154 4855 impetrem.
3206 4780 3324 4835 Non
3359 4779 3538 4833 solum
3582 4787 3756 4832 autem

470 4876 618 4946 ipsos
655 4889 920 4945 pauperes
945 4884 1363 4946 persequentur.

2182 4886 2414 4950 :lamavi,
2441 4881 2534 4936 sed
2556 4892 2609 4936 et
2633 4885 3049 4948 perseveranter
3078 4873 3344 4930 clamabo.
3386 4870 3456 4924 Et
3485 4885 3611 4923 cum
3652 4868 3753 4921 cla-

539 4989 620 5042 Ad
652 4989 754 5045 hoc
785 4997 966 5043 autem
998 4988 1141 5056 quod
1170 4999 1322 5043 extra
1371 4987 1570 5044 liorum
1603 4985 1941 5056 intelligitur,
1979 4984 2060 5040 sic

2183 4994 2375 5032 navero
2399 4975 2468 5029 ad
2495 4984 2563 5037 te,
2595 4971 2805 5025 intende
2835 4969 2946 5023 uoci
2993 4982 3142 5030 meas,
3179 4965 3230 5018 id
3272 4971 3358 5018 est
3381 4961 3468 5015 lae
3504 4971 3558 5014 te
3588 4960 3754 5014 inten-

470 5079 755 5147 sequenlia
788 5077 1112 5149 junguntur.
1155 5079 1285 5132 Dico
1320 5078 1462 5148 quod
1510 5077 1667 5146 faciet
1705 5077 1770 5132 de
1802 5076 2062 5144 Iingnosis
2168 5087 2286 5127 sum
2319 5065 2563 5124 interiori
2593 5064 2708 5119 voci
2750 5060 3006 5118 clamoris
3042 5057 3169 5122 mei,
3211 5066 3271 5110 ut
3313 5053 3572 5149 videlicet
3617 5049 3752 5122 quod

474 5146 756 5225 uindictam
805 5146 1123 5242 pauperum,
1174 5146 1459 5241 pt'Opterea
1523 5171 1664 5239 quod
1725 5183 1821 5223 eos
1878 5182 2062 5238 perse-
2170 5162 2384 5218 intense
2405 5173 2524 5224 oro,
2560 5165 2613 5211 tu
2645 5158 2856 5210 intense
2876 5151 3150 5209 conferas.
3199 5148 3460 5211 Clamaui,
3516 5146 3746 5244 inquam,

475 5273 734 5328 qnnntur.
790 5261 1157 5318 Verumtamen
1201 5262 1327 5318 licet
1365 5276 1459 5317 eos
1487 5236 2056 5331 persequantur—metu
2164 5263 2220 5310 ct
2249 5251 2528 5307 clamabo:
2555 5257 2610 5302 et
2637 5261 2762 5301 ecce
2795 5246 2924 5316 quid
2956 5242 3180 5297 clamavi
3204 5251 3258 5294 et
3286 5239 3540 5293 clamabo
3577 5255 3590 5289 :
3619 5236 3752 5288 Diri-

475 5354 842 5424 eort.un,justi
865 5355 985 5408 atni
1015 5356 1377 5420 confessione,
1403 5369 1436 5408 o
1465 5354 1624 5417 Deus,
1650 5367 1754 5404 non
1785 5348 2056 5413 deficient,
2165 5359 2320 5419 gatnr
2340 5345 2546 5401 scilicet
2570 5357 2598 5395 a
2627 5351 2676 5395 te
2704 5341 2872 5392 oratio
2897 5353 3035 5397 mea,
3070 5335 3123 5388 id
3173 5343 3259 5388 est
3315 5331 3398 5385 fac
3450 5331 3745 5424 orationem

475 5444 572 5498 sed
610 5441 738 5512 justi
772 5444 974 5514 jugitcr
1033 5445 1419 5512 conﬁtebuntur
1465 5441 1663 5496 nomini
1697 5454 1819 5503 tuo,
1873 5439 1924 5492 id
1974 5446 2060 5492 est
2167 5454 2342 5494 meam
2382 5436 2652 5490 directam
2673 5441 2728 5487 et
2757 5431 2982 5499 justam.
3033 5426 3171 5493 Quia
3224 5439 3352 5477 vero
3398 5419 3751 5491 quorumdam

477 5534 776 5592 laudabunt
827 5543 878 5590 te
917 5550 995 5589 .ex
1040 5537 1478 5591 consideratione
1511 5532 1743 5587 nominis
1793 5530 1888 5591 tui,
1915 5527 2058 5599 quod
2167 5529 2570 5603 hypocritarum
2593 5525 2770 5580 oratio
2803 5520 3110 5577 hominibus
3138 5517 3347 5572 directa
3373 5516 3604 5574 videtur,
3632 5523 3750 5606 Clllll

475 5639 558 5682 est
611 5628 888 5683 Dominus.
948 5625 1037 5681 ιὀι
1064 5629 1141 5684 sic
1177 5648 1189 5683 :
1228 5629 1357 5683 Dico
1406 5627 1549 5698 quod
1590 5626 1755 5679 virum
1806 5623 2060 5692 injustam
2169 5625 2344 5690 potius
2386 5622 2457 5676 sit
2505 5618 2722 5688 injusta,
2781 5615 2847 5669 ad
2899 5609 3369 5668 delerminandunt
3417 5604 3649 5666 additur,
3689 5604 3750 5695 tu

477 5722 618 5776 mala
658 5724 858 5792 capient
898 5721 953 5778 in
978 5721 1212 5775 interitu.
1247 5722 1373 5775 lude
1404 5736 1532 5774 vero
1555 5719 1656 5772 hoc
1681 5717 1914 5786 cognoui,
1938 5717 2060 5784 quia
2169 5723 2441 5782 conspectu
2469 5723 2578 5764 tuo.
2619 5711 2694 5763 Ae
2727 5708 2771 5760 si
2835 5705 2980 5759 dicat
3016 5719 3030 5756 :
3076 5700 3187 5754 Nec
3235 5714 3333 5753 oro
3379 5705 3436 5749 nt
3474 5705 3644 5748 tamen
3689 5702 3747 5738 In

478 5791 734 5872 Dominus
781 5815 934 5871 faciet
991 5815 1240 5870 iudicium
1289 5815 1486 5880 inopis,
1525 5814 1735 5868 scilicet
1782 5809 1943 5865 faciet
1975 5809 2061 5865 hic
2171 5813 2460 5877 COIISpCCllI
2498 5803 2774 5858 hominum
2805 5797 3090 5867 dirigatur,
3122 5792 3214 5848 sed
3247 5791 3299 5845 in
3329 5794 3602 5858 conspectu
3629 5791 3743 5840 tuo.
