3978 6328
250 349 379 405 1577

1234 337 1596 396 EXPOSITIO
1635 336 1698 392 ΙΝ
1751 334 2082 392 PSALMOS.
2114 367 2179 374 —
2203 335 2394 390 PSAL.
2429 335 2585 391 CXL.
2631 410 2634 412 γ

3381 343 3482 399 157

249 465 299 518 id
331 459 514 518 estsic
545 457 806 529 dirigatur
831 461 888 510 ut
909 453 980 510 sit
1006 453 1058 508 in
1094 451 1440 522 beneplacita
1469 458 1581 513 tuo,
1615 447 1828 502 scilicet
1857 455 1904 512 Α
1935 448 2028 501 sed
2052 463 2148 500 oro
2176 447 2317 516 quod
2349 437 2520 514 majus
2547 455 2652 511 est,
2700 449 2909 505 scilicet
2957 469 3018 506 ne
3047 451 3298 520 declines,
3356 456 3404 510 id
3435 470 3521 511 ειμι

249 567 306 611 ιιι
346 571 408 610 ea
452 562 630 624 petam
668 567 788 621 qua:
818 549 910 603 tibi
938 547 1172 619 placent,
1205 557 1258 601 et
1283 561 1402 616 quae
1432 541 1657 614 petenda
1684 547 1831 594 sunt.

249 649 512 716 Quoniam
543 655 721 698 autem
746 643 965 713 quidatu
995 648 1155 694 orant
1178 655 1240 694 ea
1272 652 1392 708 qua:
1441 634 1645 690 oranda
1687 640 1832 697 sunt,

247 751 302 795 et
337 741 445 794 Deo
476 738 713 809 placent,
759 743 814 790 et
840 735 943 788 hoc
967 743 1148 787 tamen
1181 746 1287 785 non
1342 729 1482 783 bona
1536 725 1837 780 intentione

247 842 308 886 ut
332 833 405 885 illi
438 831 528 900 qui
559 827 880 898 sapientiam
918 832 1078 880 orant
1115 821 1364 893 adipisci,
1405 835 1510 874 non
1532 826 1590 872 ut
1624 817 1839 887 sapien-

250 935 332 978 ter
359 922 587 976 vivendo
603 919 843 975 coelestia
869 917 1007 972 bona
1037 922 1319 986 expetant,
1344 913 1436 967 sed
1461 919 1518 964 ut
1540 925 1603 965 ex
1625 924 1686 962 ea
1710 924 1837 962 con-

247 1023 434 1068 secuta
473 1030 592 1068 sese
622 1011 741 1066 aliis
767 1009 1080 1080 praeferant,
1129 1007 1345 1062 additur
1372 1005 1502 1058 sicut
1549 1005 1836 1057 incensum.

246 1107 325 1160 Ac
345 1107 388 1161 si
424 1107 600 1161 dicat:
635 1105 710 1158 Ita
742 1119 838 1158 oro
859 1104 1122 1172 dirigatur
1147 1101 1316 1154 oratio
1346 1117 1458 1152 mea
1482 1099 1536 1152 in
1565 1108 1839 1166 conspectu

248 1205 338 1250 tuo
367 1195 519 1249 utsit
546 1196 679 1248 sicut
728 1195 1024 1256 incensum,
1078 1193 1181 1256 sic,
1215 1190 1448 1254 scilicet,
1499 1190 1565 1244 ad
1597 1188 1840 1244 ctclcstia

247 1288 389 1344 bona
421 1288 719 1342 intentione
751 1285 1018 1349 intendes,
1043 1284 1183 1340 sicut
1206 1284 1386 1338 fumus
1418 1282 1625 1338 incensi
1657 1283 1721 1337 ad
1750 1297 1843 1336 su-

248 1379 680 1446 periorateudit.
737 1377 850 1432 lloc
878 1385 1058 1431 autem
1085 1386 1255 1430 totum
1297 1386 1380 1430 est
1435 1391 1498 1430 ac
1549 1375 1594 1430 si
1647 1375 1836 1429 dicat:

246 1471 356 1525 Fac
391 1486 476 1524 me
496 1486 652 1524 orare
679 1485 740 1523 ea
766 1485 885 1539 quae
915 1469 1118 1522 oranda
1153 1477 1297 1532 sunt,
1329 1477 1385 1521 et
1414 1468 1514 1522 hoc
1543 1467 1842 1522 intentione

247 1561 552 1615 caelestium
582 1561 866 1617 honorum.
910 1560 976 1614 Et
1019 1559 1234 1614 elevatio
1283 1574 1536 1613 manuum
1582 1574 1838 1623 mearum,

249 1652 301 1704 id
331 1662 414 1705 est
450 1668 672 1722 operum
707 1667 948 1705 meorum
985 1650 1056 1704 sit
1106 1650 1426 1717 sacri/icium
1473 1649 1838 1716 vespertinum,

249 1743 302 1795 id
328 1743 900 1813 estcompletionovte
943 1741 1077 1810 legis
1107 1782 1120 1806 ,
1181 1757 1302 1812 qua:
1353 1751 1436 1797 est
1467 1741 1839 1796 dulcissimum

247 1833 578 1888 sacriﬁcium
621 1834 749 1888 Deo.
779 1833 934 1902 Unde
965 1833 1236 1902 Prosper;

514 1923 712 1994 Oﬂ'erri
748 1925 923 1994 nequit
951 1925 1122 1977 hostia
1153 1925 1349 1994 major,

250 2014 425 2079 Quam
455 2031 572 2068 cum
604 2016 760 2068 homo
785 2025 1050 2068 castorum
1079 2014 1276 2084 profert
1333 2013 1585 2067 libamina
1615 2028 1840 2080 morum,

320 2105 392 2160 Et
424 2109 487 2160 de
519 2108 769 2161 virtutum
798 2123 1011 2160 munere
1034 2123 1186 2160 sacra
1211 2106 1352 2159 litat.

319 2199 534 2252 Dicitur
556 2209 736 2253 autem
767 2213 903 2253 nova
931 2197 1018 2252 lex
1035 2195 1730 2267 vespertinumsacriﬁcium,
1758 2195 1843 2250 vel

248 2289 376 2358 quia
413 2289 705 2344 tiovissima
733 2298 818 2344 est
851 2297 974 2360 post
1001 2298 1254 2348 veterem,
1307 2286 1386 2341 sic
1428 2295 1487 2340 ut
1517 2300 1636 2340 eam
1696 2301 1841 2341 nuua

246 2379 352 2433 alia
370 2388 646 2448 sequatur,
672 2380 1132 2449 sicutvcsperum,
1159 2393 1282 2432 cum
1300 2377 1680 2431 sitextremum
1699 2377 1841 2430 nulla

246 2485 378 2539 pars
393 2470 495 2525 diei
514 2471 783 2540 sequitur,
815 2470 895 2525 vel
930 2471 1055 2540 quia
1083 2470 1136 2524 iu
1164 2477 1336 2522 morte
1359 2466 1562 2522 Christi
1597 2467 1840 2521 dedicata

246 2571 351 2626 est,
382 2579 501 2634 qum
518 2564 861 2633 vespertinum
878 2560 1427 2630 sacriﬁciumdicitur,
1456 2574 1521 2614 eo
1534 2560 1674 2627 quod
1697 2559 1842 2614 circa

247 2670 536 2724 vesperum
568 2656 634 2709 ad
658 2655 845 2709 horam
891 2670 1122 2718 nonam,
1182 2653 1388 2707 scilicet
1413 2666 1533 2705 sese
1565 2650 1842 2705 moriendo

248 2744 363 2798 Deo
396 2745 722 2799 sacrilicium
773 2745 947 2798 laudis
981 2743 1194 2798 obtulit.
1234 2743 1364 2810 Qua:
1408 2742 1667 2795 nimirum
1697 2757 1841 2796 mor-

247 2837 318 2889 tis
351 2836 556 2889 oblatio
585 2837 636 2890 in
666 2836 781 2906 lege
805 2836 972 2890 veteri
1007 2851 1102 2905 per
1126 2850 1323 2906 agnum
1356 2832 1714 2902 ﬁgurabatur,
1745 2848 1843 2902 per

247 2925 406 2994 cujus
434 2928 780 2996 vespertinum
804 2926 1122 2996 sacriﬁcium
1148 2924 1378 2995 populus
1411 2923 1738 2980 lsraeliticus
1759 2933 1842 2981 est

246 3019 313 3072 ab
345 3017 668 3089 [Egyptiaca
693 3021 956 3073 servitute
979 3017 1258 3073 liberatus.

318 3114 585 3182 Elei-alio,
619 3114 1129 3182 inquam,manuum
1165 3127 1400 3165 mearum
1427 3110 1840 3180 sitsacriﬁcium

1938 553 2004 593 ne
2033 540 2312 608 permittas
2337 539 2592 594 declinari
2623 547 2680 593 et
2707 555 2734 592 a
2762 541 3021 611 dignitate
3041 545 3202 618 560
3217 548 3522 605 sanctitatis

1937 645 2049 685 sure
2087 631 2356 685 lmmiliari
2395 648 2485 685 cor
2504 649 2674 686 meum
2701 632 2754 685 in
2780 633 2932 687 verba
2960 639 3176 691 malitia:
3195 680 3210 702 ,
3259 639 3310 694 itl
3337 649 3422 695 est
3451 643 3518 695 ad

1938 723 2282 794 cogitandum
2309 723 2470 778 verba
2494 723 2580 777 illa
2603 740 2722 794 qua:
2747 725 2998 782 malitiosi
3028 729 3273 786 homines
3292 732 3522 802 loquun-

1941 823 2049 878 tur,
2081 814 2390 870 excusando
2417 829 2477 869 se
2506 815 2573 869 de
2601 817 2866 885 peccatis,
2896 818 2978 873 vel
3003 835 3099 887 per
3148 822 3517 877 inﬁrmitatem

1941 910 2166 969 natura),
2199 903 2281 955 Vel
2305 919 2400 972 per
2424 905 2808 959 necessitatem
2840 907 2988 963 facti.
3014 912 3088 965 Ac
3119 911 3164 964 si
3195 913 3336 965 dicat
3364 931 3377 966 :
3405 914 3518 967 Non

1940 993 2112 1048 solum
2145 1010 2242 1050 oro
2280 1011 2349 1051 ne
2371 997 2531 1052 verba
2569 997 2786 1052 malitia:
2814 997 3022 1068 loquar,
3069 1002 3164 1056 sed
3187 1003 3349 1057 etiam
3380 1005 3522 1073 quod

1941 1085 2226 1140 minimum
2249 1095 2333 1141 est
2364 1102 2555 1144 oro'ne
2576 1089 2628 1142 in
2655 1091 2821 1144 corde
2853 1090 3013 1144 verba
3073 1092 3293 1146 malitia:
3337 1096 3522 1148 conci-

1941 1177 2106 1246 piam,
2146 1187 2204 1232 ut
2227 1193 2312 1233 me
2332 1177 2398 1232 de
2421 1179 2662 1248 peccatis
2689 1195 2963 1236 excusem.
2995 1179 3110 1235 Non
3141 1181 3315 1236 solum
3342 1195 3521 1238 autem

1942 1269 2046 1323 hoc
2079 1284 2198 1334 oro,
2231 1270 2326 1324 sed
2357 1270 2460 1326 hoc
2489 1285 2704 1341 quoque
2729 1311 2742 1338 ,
2778 1287 2885 1326 non
2928 1281 3215 1341 permittas
3265 1274 3524 1329 declinari

1943 1379 2034 1414 cor
2060 1378 2230 1416 meum
2258 1363 2324 1416 ad
2341 1366 2668 1418 excusandas
2697 1367 3056 1420 excusationes
3095 1367 3201 1421 mei
3241 1367 3529 1423 existentis

1944 1455 1996 1506 in
2023 1456 2266 1524 peccatis,
2292 1440 2502 1511 scilicet
2531 1468 2588 1510 ιιι
2615 1457 2658 1511 si
2691 1457 2873 1526 aliquo
2922 1459 3082 1513 modo
3127 1459 3416 1530 contigerit
3467 1467 3528 1513 ut

1946 1563 2034 1602 me
2061 1547 2221 1602 stulte
2253 1549 2318 1603 de
2347 1549 2586 1618 peccatis
2611 1564 2886 1616 excusem,
2940 1553 3004 1605 ad
3033 1550 3152 1621 {hoc
3194 1551 3384 1605 saltem
3432 1565 3528 1604 ex-

1945 1638 2254 1692 caecatiouis
2279 1655 2348 1694 ne
2371 1656 2457 1695 me
2479 1641 2760 1710 permittas
2785 1641 2961 1710 dejici,
3019 1653 3076 1695 ut
3106 1658 3250 1710 Ipsas
3300 1656 3528 1697 excusa-

1952 1729 2128 1783 tiones
2155 1745 2436 1798 excuscm,
2477 1733 2530 1788 id
2554 1742 2637 1788 cst
2668 1734 2810 1803 ipsas
2833 1734 3114 1805 essejuste
3141 1738 3309 1789 factas
3339 1736 3389 1788 in
3408 1752 3528 1788 cor-

1873 1833 1918 1893 n
1947 1821 2013 1876 de
2037 1822 2362 1892 concipiam.
2397 1821 2557 1891 Pejor
2579 1823 2719 1879 enim
2739 1833 2821 1880 est
2838 1825 3117 1880 excusatio
3136 1826 3526 1890 excusationis,

1945 1925 2107 1980 quam
2137 1913 2422 1968 excusatio
2444 1914 2510 1970 de
2544 1915 2833 1983 peccatis..

2014 2001 2262 2058 Ostendit
2286 2016 2466 2060 autem
2499 2022 2620 2076 quae
2649 2009 2750 2063 sibi
2779 2009 2984 2066 utilitas
3009 2011 3306 2081 continget,
3338 2010 3382 2066 si
3407 2026 3526 2064 ora.

1947 2093 2021 2149 tio
2055 2110 2152 2148 sua
2185 2097 2436 2165 superius
2463 2100 2638 2168 posita
2661 2101 3001 2170 admittatur,
3034 2112 3092 2156 ut
3116 2118 3213 2172 per
3231 2106 3333 2157 hoc
3358 2103 3529 2173 magis

1945 2187 2086 2255 quod
2116 2197 2235 2241 orat
2253 2191 2466 2259 assequi
2495 2201 2790 2246 mercatur.
2815 2193 2924 2249 Oro
2949 2211 3082 2264 pone
3109 2197 3401 2250 custodiam
3447 2196 3528 2248 ori

1943 2293 2079 2343 meo,
2117 2287 2172 2333 et
2202 2295 2304 2334 non
2330 2280 2556 2336 declines
2577 2300 2668 2337 cor
2689 2301 2879 2341 meum.
2909 2285 3060 2352 Quod
3084 2287 3129 2341 si
3166 2288 3530 2357 impetravero

1944 2369 2136 2426 beatus
2163 2386 2279 2437 ero,
2314 2372 2441 2443 quia
2467 2390 2585 2427 cum
2615 2377 2913 2432 hominibus
2963 2382 3298 2448 operantibus
3330 2381 3529 2450 iniqui-

1945 2469 2102 2513 tatem
2127 2463 2462 2517 criminalem
2493 2481 2594 2518 non
2620 2470 3032 2534 communicabo,
3082 2472 3134 2526 id
3181 2481 3264 2526 est
3291 2489 3396 2526 non
3430 2489 3526 2527 ero

1902 2617 1907 2622 h
1943 2553 2218 2622 particeps
2245 2562 2300 2609 et
2336 2565 2661 2624 cooperator
2685 2558 2988 2628 iniquitatis
3011 2577 3222 2617 eorum.
3255 2564 3320 2618 Et
3346 2565 3528 2619 deter-

1945 2642 2259 2696 tniuandum
2301 2653 2384 2698 est
2413 2653 2637 2715 propter
2658 2648 2962 2716 sequentia,
3027 2654 3151 2720 quia
3196 2654 3396 2708 dictum
3449 2665 3532 2709 est

1944 2732 2047 2786 hoc
2075 2735 2141 2788 de
2179 2735 2359 2790 minus
2396 2739 2770 2805 operantibus.
2812 2741 2935 2797 Non
2978 2748 3394 2814 communicabo,
3446 2749 3530 2802 in-

1943 2840 2128 2894 quam,
2170 2843 2286 2880 cum
2340 2829 2636 2885 hominibus
2680 2836 3014 2900 operantibus
3064 2837 3430 2906 iniquitatem,
3482 2851 3531 2894 et

1943 2915 2107 2970 etiam
2138 2931 2242 2969 non
2267 2919 2662 2974 communicabo
2690 2937 2810 2975 cum
2863 2923 3042 2979 electis
3092 2944 3294 2993 eorum,
3345 2930 3398 2984 id
3446 2941 3532 2985 est

1943 3024 2064 3064 cum
2095 3009 2332 3078 pradatis
2359 3022 2414 3066 et
2445 3027 2568 3067 cum
2596 3015 2892 3082 majoribus
2933 3033 3146 3087 eorum,
3187 3023 3530 3092 operantium

1945 3097 2312 3167 iniquitatem.
2353 3099 2432 3156 Ne
2460 3117 2590 3158 vero
2624 3104 2906 3160 videretur
2931 3122 2988 3162 se
3015 3111 3232 3179 penitus
3256 3127 3323 3168 ex
3373 3129 3530 3168 arro-

247 3203 618 3274 vespertinum,
645 3203 853 3258 scilicet
888 3202 966 3256 sic
1010 3203 1296 3272 permittas
1342 3216 1430 3255 me
1490 3203 1630 3258 bona
1676 3217 1841 3272 Opera

1945 3191 2127 3260 gantia
2154 3190 2478 3260 justiﬁeare,
2516 3197 2584 3252 ad
2635 3199 2947 3269 exemplum
2979 3202 3306 3270 humilitatis
3354 3223 3413 3262 se
3450 3209 3534 3262 iu-

249 3312 374 3350 tnea
404 3295 544 3350 bona
577 3294 879 3350 intentione
908 3295 1120 3349 elevare
1149 3303 1203 3350 et
1227 3295 1596 3366 magniﬁcare,
1633 3306 1690 3348 ut
1735 3312 1840 3350 non

247 3384 423 3438 solum
449 3392 706 3447 veterem,
736 3384 829 3438 sed
857 3393 910 3437 et
939 3399 1132 3439 novam
1159 3384 1330 3454 legem
1346 3384 1666 3453 complcam.
1694 3384 1845 3441 Unde

249 3478 516 3532 Dominus
549 3478 600 3532 in
647 3478 938 3548 Evangelio
969 3497 982 3534 :
1019 3498 1036 3530 ι
1068 3477 1179 3535 Nisi
1224 3480 1581 3535 abundaverit
1633 3481 1842 3551 justitia

246 3577 432 3621 vestra
460 3568 578 3638 plus
605 3584 768 3637 quam
793 3569 1109 3623 Scribarum
1164 3581 1217 3625 et
1265 3570 1685 3633 Pharisaeorum,
1736 3588 1840 3628 non

247 3659 528 3716 intrabitis
557 3659 608 3713 in
634 3675 856 3726 regnum
885 3660 1148 3714 caelorum
1176 3659 1388 3731 (Matth.
1423 3677 1477 3727 v,
1497 3662 1615 3730 20).
1649 3681 1668 3713 ι

310 3747 439 3804 ~Non
472 3749 645 3803 solum
671 3758 850 3804 autem
880 3749 1116 3804 clamore
1138 3751 1349 3805 iuteuso
1373 3752 1548 3815 oravi,
1589 3760 1642 3804 ul
1674 3751 1842 3806 oratio

246 3861 367 3898 mea
395 3845 677 3914 dirigatur,
707 3843 1000 3898 etelevatio
1041 3861 1292 3898 manuum
1340 3862 1575 3900 mearum
1624 3848 1697 3900 sit
1756 3865 1844 3901 sa-

247 3935 509 4004 criﬁcium
546 3936 907 4012 vespertinum,
935 3935 1028 3990 sed
1052 3937 1217 3990 etiam
1245 3935 1313 3991 de
1351 3937 1598 3991 custodia
1629 3937 1741 3992 oris
1763 3939 1844 3994 sic

247 4028 402 4082 oravi
431 4045 444 4080 :
477 4025 640 4094 Pone,
678 4025 919 4089 Domine,
948 4028 1237 4081 custodiant
1263 4029 1341 4082 ori
1375 4044 1507 4093 meo,
1559 4029 1609 4084 id
1639 4039 1719 4084 est
1749 4045 1845 4085 cu-

247 4120 392 4175 stodi
423 4120 662 4189 potentia
693 4120 989 4175 voluntatis
1021 4130 1123 4175 tua:
1153 4136 1215 4175 os
1245 4136 1447 4176 meum.
1504 4121 1582 4176 Ne
1607 4139 1736 4179 vero
1765 4124 1844 4180 vi-

247 4213 477 4266 deretur
506 4225 663 4264 orare
693 4220 748 4265 ιιι
774 4212 851 4266 sic
877 4211 1196 4276 custodiret,
1250 4227 1319 4266 ne
1347 4211 1548 4282 aliquid
1588 4213 1842 4285 loquere-

249 4313 358 4369 tur,
382 4302 451 4356 ad
477 4302 945 4357 determinaudum
975 4303 1053 4357 sic
1079 4303 1225 4357 addit
1255 4321 1267 4357 :
1302 4302 1389 4369 Et,
1415 4304 1468 4357 id
1501 4314 1587 4360 est
1611 4305 1840 4372 scilicet,

246 4393 406 4447 labiis
435 4395 559 4448 meis
583 4409 720 4464 pone
743 4396 951 4460 ostium,
984 4394 1035 4448 id
1058 4404 1142 4449 est
1185 4394 1346 4449 talem
1391 4396 1692 4451 custodiam
1721 4413 1842 4466 qua:

248 4485 637 4555 comparabilis
669 4487 736 4540 sit
759 4487 918 4551 ostio,
947 4486 1152 4541 scilicet
1175 4487 1316 4540 sicut
1340 4486 1537 4540 ostium
1559 4487 1625 4540 ad
1659 4490 1759 4541 hoc
1787 4487 1840 4541 in

1947 3286 2131 3356 digere
2159 3290 2504 3360 correptione
2535 3294 2776 3348 ostendit
2805 3296 2885 3350 sic
2909 3314 2922 3350 :
2953 3293 3077 3351 Non
3104 3301 3530 3366 communicabo,

1945 3376 2188 3447 inquam,
2225 3396 2342 3434 cum
2394 3383 2730 3450 operantibus
2782 3385 3158 3457 iniquitatem:
3195 3390 3270 3446 ita
3323 3391 3534 3447 scilicet

1946 3477 2005 3522 ut
2034 3469 2400 3526 criminaliler
2429 3487 2668 3542 peccem.
2699 3473 2806 3530 Sed
2853 3485 3031 3534 tamen
3062 3495 3185 3534 cum
3245 3484 3533 3538 venialiter

1942 3573 2260 3628 peccavero,
2286 3563 2527 3632 corripiet
2559 3581 2638 3619 me
2663 3566 3036 3624 ecclesiastica
3091 3571 3400 3642 disciplina,
3439 3575 3534 3644 ju-

1947 3659 2054 3704 stus
2083 3651 2309 3721 quilibet
2339 3653 2593 3710 Ecclesiae
2620 3659 2897 3726 przelatus,
2953 3669 3008 3715 et
3041 3661 3143 3718 hoc
3175 3679 3280 3718 non
3329 3665 3382 3718 in
3429 3666 3533 3732 ira,

1944 3741 2038 3795 sed
2067 3741 2120 3796 in
2147 3744 2523 3800 misericordia.
2558 3747 2625 3800 Et
2653 3749 2937 3820 increpabit
2985 3770 3066 3808 me
3086 3755 3289 3811 severis
3313 3758 3490 3813 verbis
3517 3800 3534 3825 ,

1945 3841 1995 3886 et
2023 3832 2149 3888 illud
2181 3843 2359 3889 tamen
2390 3837 2481 3892 ﬁet
2531 3841 2582 3892 in
2634 3842 3033 3900 misericordia.
3097 3846 3396 3919 Corripiar,
3455 3850 3528 3905 in-

1945 3940 2134 3994 quam,
2165 3943 2193 3980 a
2221 3927 2388 3997 justo,
2415 3930 2584 3985 oleum
2609 3944 2783 3988 autem
2805 3940 3093 4006 peccatoris
3121 3956 3222 3996 non
3251 3942 3534 4012 impinguet

1946 4024 2102 4084 caput
2129 4032 2322 4084 meum,
2381 4018 2432 4073 id
2459 4031 2542 4074 est
2583 4033 2818 4080 mentem
2853 4043 3054 4093 meam,
3106 4039 3160 4083 et
3202 4030 3280 4085 sic
3331 4046 3428 4084 oro
3475 4042 3532 4085 ut

1943 4106 2163 4161 eveniat
2186 4107 2355 4163 oleum
2381 4111 2908 4183 scilicctpeccatoris,
2962 4118 3013 4172 id
3042 4130 3126 4174 est
3156 4121 3394 4176 adulatio
3440 4137 3533 4178 cu-

1939 4197 2164 4267 juslibet
2186 4202 2508 4270 peccatoris,
2539 4204 2683 4257 dicta
2713 4205 2916 4270 oleum,
2963 4222 3028 4262 co
3049 4210 3190 4278 quod
3220 4212 3287 4266 ad
3313 4213 3533 4268 modum

1945 4291 2047 4346 olei
2072 4293 2254 4347 suavis
2275 4295 2345 4348 sit
2380 4304 2435 4348 et
2465 4294 2682 4360 blanda,
2708 4313 2811 4350 non
2835 4298 3120 4370 impinguet
3151 4313 3308 4373 caput
3340 4321 3531 4370 meum,

1946 4382 1998 4437 id
2025 4393 2111 4438 est
2138 4399 2244 4439 non
2269 4386 2496 4440 deliniat
2520 4397 2753 4442 mentem
2786 4405 2963 4445 meam
2984 4434 2998 4458 ,
3031 4401 3081 4446 et
3112 4393 3344 4450 delectet
3388 4405 3446 4450 ut
3468 4399 3535 4453 ad

1947 4491 2269 4532 consensum
2303 4479 2546 4534 illicitum
2578 4482 2881 4549 pertrahat,
2909 4483 2975 4537 ad
3006 4485 3222 4539 modum
3240 4486 3366 4553 olei,
3390 4490 3535 4557 quod

248 4547 414 4632 domo
442 4577 682 4642 ponitur,
733 4587 791 4632 ιιι
819 4547 1022 4648 his‘qui
1057 4579 1110 4632 in
1165 4578 1385 4631 domum
1439 4576 1646 4631 intrare
1695 4576 1842 4647 digni
1879 4547 1922 4600 Β
1947 4582 2084 4637 quos
2111 4569 2410 4640 impingunt
2435 4570 2644 4624 delinit.
2686 4571 2811 4626 Non
2838 4573 3144 4644 impinguet,
3196 4547 3443 4645 inquaui,
3478 4588 3534 4632 ut

248 4677 377 4722 sunt
411 4669 700 4737 aperiatur.
730 4667 825 4723 llis
847 4684 974 4722 vero
995 4668 1084 4738 qui
1117 4668 1320 4724 intrare
1349 4684 1454 4722 non
1479 4666 1675 4722 debent
1701 4667 1846 4722 clau-

249 4759 433 4820 datur,
474 4757 546 4811 ita
577 4772 792 4828 quoque
840 4759 922 4813 ori
979 4771 1099 4811 meo
1147 4757 1394 4813 custodia
1453 4758 1842 4813 misericordia:

251 4857 360 4902 tute
397 4847 707 4924 praesideat,
742 4855 800 4901 ut
838 4862 956 4917 quae
987 4846 1254 4915 loquenda
1293 4854 1419 4900 sunt
1461 4846 1662 4911 dicam,
1718 4861 1840 4916 quae

247 4954 384 4994 vero
435 4953 571 4992 vana
602 4948 727 4992 sunt
755 4947 809 4994 et
835 4939 1044 5006 nociva,
1090 4947 1321 4994 taceam.
1353 4957 1370 4990 ι
1413 4939 1485 4993 De
1512 4938 1659 4992 omni
1698 4939 1843 4994 enim

248 5031 421 5085 verbo
453 5029 628 5084 otioso
649 5030 1006 5099 quodcunque
1029 5029 1190 5084 locuti
1224 5029 1426 5084 fuerint
1457 5029 1702 5084 homines
1728 5032 1848 5086 red-

247 5122 385 5174 dent
419 5122 682 5176 ratiouem
714 5122 766 5175 in
791 5113 877 5176 die
901 5121 1088 5192 judicii
1115 5119 1327 5189 (Matth.
1361 5137 1458 5188 xu,
1483 5121 1596 5193 36).
1625 5141 1642 5174 ι
1677 5120 1845 5190 Pone,

249 5216 500 5286 inquam,
533 5217 722 5270 ostium
753 5215 904 5269 labiis
927 5215 1073 5270 meis.
1105 5214 1310 5269 Ostium
1352 5215 1472 5270 dico
1500 5217 1846 5271 circumstan-

247 5309 361 5372 tiae,
394 5308 444 5361 id
477 5317 561 5362 est
591 5308 750 5362 talem
802 5307 1095 5360 custodiam
1144 5307 1222 5360 ori
1272 5321 1382 5359 meo
1426 5323 1577 5376 pone,
1630 5317 1688 5360 ut
1738 5323 1844 5362 non

249 5399 576 5468 simpliciter
605 5415 664 5454 os
693 5400 760 5452 ah
785 5399 968 5452 illicita
1000 5397 1269 5451 locutione
1297 5397 1591 5464 custodiat,
1613 5397 1704 5452 sed
1725 5413 1844 5468 qute

247 5491 419 5547 etiam
449 5492 704 5546 omnibus
723 5490 968 5561 corporis
998 5489 1247 5544 sensibus
1276 5489 1592 5545 circumstet
1619 5532 1633 5557 ,
1668 5500 1721 5546 et
1749 5505 1844 5546 eos

248 5587 319 5641 ab
358 5585 562 5640 illicitis
587 5584 820 5637 motibus
846 5582 1076 5647 muniat,
1102 5581 1273 5636 visum
1307 5581 1515 5637 setlicet
1560 5598 1628 5638 ne
1659 5582 1842 5640 illicile

247 5681 459 5744 videat,
487 5693 674 5732 aureut
711 5695 778 5731 ne
811 5677 997 5732 illicite
1033 5676 1238 5743 audiat,
1287 5684 1340 5729 et
1386 5685 1614 5731 cmteros
1651 5692 1843 5733 sensus

251 5768 500 5826 iutililcr.
540 5766 656 5822 Non
687 5766 862 5823 solum
893 5776 1075 5824 autem
1099 5783 1195 5824 oro
1232 5767 1358 5836 poni
1407 5769 1700 5823 custodiam
1729 5771 1833 5838 ori,

1948 4674 2035 4714 me
2064 4661 2165 4716 sibi
2193 4661 2518 4717 conl‘ormet.
2545 4663 2613 4718 Et
2644 4679 2774 4720 vere
2825 4681 2932 4720 non
2977 4667 3375 4738 impinguabit,
3441 4673 3538 4727 sed

1945 4770 2045 4826 ego
2067 4756 2248 4825 potius
2299 4767 2647 4828 peccatorum
2706 4769 2919 4831 partem
2972 4762 3103 4818 mihi
3158 4764 3536 4822 conformabo.

1947 4847 2209 4914 Quoniam
2232 4850 2406 4904 adhuc
2442 4851 2836 4922 aliquantulum
2871 4855 3031 4924 spatii
3079 4866 3270 4921 restat,
3315 4871 3368 4913 et
3417 4869 3534 4928 post

1946 4939 2116 4992 oratio
2139 4955 2254 4993 mea
2283 4940 2531 5010 superius
2557 4941 2730 5010 posita
2763 4943 2867 4998 erit
2896 4944 2953 4999 in
2980 4945 3310 5016 beneplacitis
3333 4965 3534 5013 eorum,

1950 5027 2002 5082 id
2026 5039 2108 5083 est
2137 5030 2508 5094 continebitur
2532 5031 2682 5087 inter
2703 5033 3039 5106 beneplacita
3064 5051 3274 5104 eorum,
3327 5038 3534 5095 scilicet

1949 5121 2184 5192 placebit
2205 5122 2285 5178 eis
2310 5121 2412 5177 hoc
2437 5121 2578 5179 idem
2604 5139 2764 5180 orare
2787 5126 2930 5195 quod
2957 5128 3209 5196 superius
3256 5131 3432 5197 oravi,
3480 5142 3534 5186 ct

1951 5228 2049 5284 per
2077 5213 2178 5268 hoc
2211 5214 2381 5268 oratio
2410 5231 2524 5269 mea
2562 5216 2667 5272 erit
2697 5217 2750 5270 in
2775 5216 3109 5285 beneplacitis
3137 5237 3342 5288 eorum,
3387 5229 3534 5294 quod

1947 5304 2178 5373 absorpti
2202 5315 2322 5359 sunt
2340 5305 2518 5375 juncti
2537 5317 2718 5375 petra’,
2770 5308 2824 5362 id
2882 5316 2968 5364 est
3000 5325 3028 5363 a
3062 5311 3218 5367 nobis
3271 5313 3535 5373 absorbe-

1948 5396 2170 5461 huntur,
2197 5395 2250 5451 id
2279 5407 2363 5452 est
2389 5397 2889 5466 incorporabuntur
2922 5401 3185 5474 jungendi
3215 5413 3384 5475 petra:
3435 5407 3530 5460 ﬁr-

1950 5489 2155 5543 mitatis
2183 5488 2400 5546 Christo
2447 5504 2543 5559 per
2571 5489 2769 5546 bonam
2823 5493 3010 5560 vitam.
3059 5497 3528 5564 Absorbebuntur,

1950 5580 2192 5651 inquam,
2219 5595 2324 5635 non
2356 5581 2594 5637 minores
2625 5590 2862 5648 tantum;
2893 5587 2990 5641 sed
3036 5588 3179 5657 quod
3226 5587 3535 5643 mirabilius

1948 5677 2074 5740 erit,
2105 5676 2496 5747 ctiamjudices
2526 5695 2726 5744 eorum,
2767 5680 2978 5751 prtelati
3032 5682 3242 5737 scdicet
3295 5697 3528 5751 quorum

1941 5767 2148 5838 judicio
2171 5777 2223 5824 et
2252 5769 2498 5840 cxctnplo
2523 5771 2759 5829 minores
2785 5780 3028 5843 peccant.
3096 5771 3520 5833 Absorbebuntu
