3978 6328
488 316 508 370 l
520 317 620 372 379

1008 337 1020 349 ι
1055 310 1116 364 S.
1156 307 1504 364 BRUNONIS
1542 299 2181 361 CAIl'I'llUSlANOI‘tUM
2224 300 2708 360 INSTITUTORIS
2741 303 2894 362 OPP.
2927 305 3108 360 PARS
3133 313 3175 359 ι.

3610 316 3634 363 1
3645 315 3749 364 δδυ

477 445 714 504 mquam,
743 436 797 482 cl
826 427 928 481 hoc
957 439 1054 493 per
1083 399 1250 480 verba
1284 414 1693 493 'przedicatio‘nis
1745 430 1894 470 meae.
1940 416 2046 468 Au-
2073 421 2120 480 Α
2149 413 2358 504 Titulus
2388 415 2466 470 sic
2490 394 2795 485 exponitur.
2823 415 3126 471 Intellectus
3151 416 3274 480 iste,
3310 415 3362 471 id
3387 426 3471 472 est
3507 419 3747 488 psalmus

476 529 614 579 diem
642 522 784 576 enim
809 518 1032 573 auribus
1058 515 1240 570 cordis
1265 514 1415 570 verba
1442 528 1578 577 mea,
1605 520 1660 564 et
1684 509 1892 572 merito,
1917 523 2048 577 quo-

477 615 616 666 niam
640 612 754 680 ipsa
777 615 1076 678 potuerunt,
1111 604 1162 656 id
1189 612 1273 656 εει
1291 601 1526 672 polentia
1551 607 1710 653 erttnt
1737 607 1791 651 et
1817 597 2048 650 valentia

475 705 538 756 ad
572 716 667 756 eos
697 696 1062 753 instruendos.
1094 693 1347 761 Quidam,
1375 691 1620 758 inquam,
1648 687 1862 740 audient
1894 685 2048 740 verba

475 811 610 860 mea,
641 801 696 845 et
726 788 1153 844 absorbebuntur
1170 782 1426 854 jungendi
1459 791 1639 850 petrre.
1669 778 1896 846 Quidam
1921 791 2050 832 vero

477 904 580 942 non
605 881 841 943 audituri
868 889 1027 936 erunt
1053 877 1262 934 dicendi
1287 891 1383 946 per
1427 873 1730 943 emphasim
1785 871 2047 935 infernus,

474 993 538 1031 eo
563 975 710 1046 quod
732 990 790 1028 se
817 971 954 1026 male
988 966 1233 1029 vivendo,
1261 975 1317 1020 et
1340 973 1567 1018 etetcros
1612 961 1754 1016 malo
1802 959 2050 1030 exemplo

473 1071 541 1123 ad
571 1066 838 1122 infernum
867 1060 1163 1119 attrahent,
1191 1065 1246 1111 et
1272 1073 1423 1110 secus
1479 1055 1622 1108 hunc
1656 1052 1944 1121 infernum,
1994 1050 2046 1104 id

474 1167 558 1215 est
585 1159 734 1229 juxta
763 1152 1026 1222 judicium
1059 1146 1218 1216 hujus
1249 1145 1472 1210 inferni,
1503 1145 1758 1214 dissipata
1780 1153 1901 1196 sunt
1928 1159 2048 1196 ossa

475 1259 674 1310 nostra,
705 1245 757 1298 id
785 1251 864 1297 est
901 1239 1303 1310 dissipabuntur
1329 1277 1344 1302 ,
1403 1234 1652 1300 scilicet,
1704 1235 2051 1288 destruentur

476 1339 726 1394 fortiores
755 1351 820 1389 ex
852 1332 1052 1387 nostris
1077 1329 1374 1385 secundum
1398 1341 1595 1394 corpus
1621 1339 1717 1394 per
1763 1323 1907 1376 varia
1935 1332 2047 1377 tor-

469 1407 677 1483 menta.
733 1425 867 1480 Ossa
913 1422 1036 1477 dico
1079 1419 1336 1488 dissipata
1370 1417 1501 1470 sicut
1560 1413 1849 1468 crassitudo
1897 1421 2049 1465 terra:

469 1527 653 1588 erupta
676 1527 748 1571 est
781 1529 936 1581 super
968 1523 1182 1576 terram,
1216 1511 1269 1564 id
1292 1517 1374 1564 est
1403 1509 1547 1563 sicut
1577 1507 1734 1560 limus
1760 1505 1887 1559 licet
1929 1519 2048 1557 sor-

471 1609 652 1664 didum
685 1605 884 1674 aliquid
911 1612 964 1657 et
994 1601 1115 1666 vile,
1145 1609 1321 1654 tamen
1351 1613 1512 1667 super
1549 1603 1747 1650 terram
1776 1596 2046 1663 diruptus,

470 1707 523 1760 id
549 1713 632 1758 est
655 1704 953 1772 dispersus,
986 1707 1184 1752 terram
1214 1708 1452 1748 crassam
1491 1691 1666 1746 reddit
1709 1699 1763 1746 et
1793 1687 2044 1752 fertilem,

2153 503 2256 559 iste
2283 512 2384 569 est,
2415 505 2608 572 David,
2634 507 2832 560 Christi
2882 507 3100 562 habitus
3147 507 3221 560 illi
3252 509 3442 574 Damt,
3475 526 3588 563 cum
3618 524 3748 566 esset

2153 598 2208 653 in
2232 599 2502 668 spelunca,
2526 598 2578 652 id
2615 607 2697 652 est
2729 599 2782 652 in
2813 608 3089 669 assumpta
3119 600 3458 654 humanitate
3487 606 3699 656 mortali
3728 622 3744 670 ;

2154 704 2276 758 qua:
2305 687 2372 741 ad
2409 696 2710 756 respectum
2750 687 2966 742 deitatis
3009 687 3230 742 humilis
3273 687 3392 752 fuit,
3428 690 3494 742 ad
3528 694 3748 744 modum

2154 780 2446 851 speluncae,
2487 786 2542 832 et.
2578 778 2630 832 in
2663 795 2768 849 qua
2800 778 2958 832 latuit
2996 787 3055 832 ut
3083 778 3136 832 in
3186 779 3458 848 spelunca.
3504 780 3594 834 Vel
3628 783 3747 834 sic:

2150 872 2210 928 ln
2250 874 2354 927 hoc
2382 870 2588 940 psalmo
2635 871 2925 924 denotatur
2956 869 3260 924 intellectus
3303 871 3470 924 David
3513 872 3749 937 Christi,

2154 963 2372 1018 habitus
2395 977 2509 1014 cum
2539 970 2667 1014 esset
2700 961 2754 1014 in
2780 959 3052 1030 spelunca,
3100 969 3158 1013 ut
3187 961 3308 1024 hoc,
3362 971 3419 1014 ut
3463 977 3622 1031 supra
3655 979 3754 1015 ex-

2153 1052 2393 1124 ponitur.
2446 1050 2538 1105 Vel
2583 1051 2796 1106 habitus
2837 1067 2954 1104 cum
2981 1051 3188 1104 essetin
3231 1052 3479 1121 spelunca
3511 1053 3751 1123 sepulcri

2153 1145 2390 1199 nondum
2428 1158 2506 1207 re,
2545 1143 2634 1200 sed
2662 1144 2777 1214 jam
2826 1142 3282 1209 consideratione,
3342 1145 3576 1210 scilicet,
3625 1163 3751 1200 cum

2145 1234 2259 1305 jam
2318 1235 2688 1290 consideraret
2733 1249 2792 1289 se
2851 1234 3176 1288 moriturum
3224 1234 3275 1288 iu
3333 1236 3582 1303 sepulcro
3629 1253 3753 1291 esse

2153 1328 2480 1398 ponendum.
2513 1327 2635 1381 llaec
2667 1325 2822 1380 verba
2849 1326 3072 1394 protulit
3096 1324 3179 1379 vel
3211 1325 3354 1380 hunc
3386 1327 3748 1394 intellectura,

2139 1409 2242 1491 qui
2274 1421 2326 1474 in
2354 1421 2456 1474 hoc
2483 1419 2690 1488 psalmo
2719 1418 3042 1488 concipitur,
3077 1417 3288 1472 habuit.
3325 1416 3434 1484 Vel,
3463 1436 3580 1472 cum
3615 1433 3750 1475 esset

2151 1514 2327 1568 adhuc
2356 1514 2408 1567 in
2450 1509 2698 1582 spelunca
2754 1519 2879 1564 ante
2930 1511 3263 1580 passionem,
3321 1509 3374 1564 id
3421 1521 3505 1566 est
3552 1512 3610 1565 in
3646 1513 3752 1568 hoc

2151 1606 2353 1660 mundo
2399 1604 2753 1673 corporaliter
2782 1617 3148 1668 conversans;
3182 1603 3271 1672 qui
3303 1603 3556 1657 nimirum
3609 1621 3749 1673 pro-

2149 1707 2269 1767 pter
2297 1697 2378 1750 sui
2405 1695 2761 1750 humilitatem
2796 1693 3048 1762 spelunca
3081 1693 3300 1760 dicitur,
3331 1696 3399 1748 ad
3432 1706 3749 1763 respectum

442 1801 548 1855 .sic
567 1789 1557 1861 etnos,ceuvilesetsordidipervaria
1579 1787 2049 1858 suppliciadiscer—
2078 1775 2122 1832 B
2152 1789 2340 1857 patriae
2365 1786 2624 1852 caelestis,
2665 1801 2786 1855 qu:e
2823 1799 2978 1838 mons
3029 1785 3281 1839 sublimis
3328 1785 3653 1855 appellatur.
3693 1787 3749 1840 in
3811 1827 3822 1834 .

468 1887 948 1959 pendi,‘Ecclesia:
998 1885 1136 1938 filios
1171 1882 1415 1950 exemplo
1457 1880 1776 1935 constantia:
1853 1886 2046 1931 nostrae

469 1975 1384 2049 pinguesinvirtutibusreddemus,
1408 1981 1461 2026 et
1481 1973 1558 2026 sic
1581 1971 1784 2026 fertiles
1814 1971 1866 2023 in
1895 1968 2048 2023 bonis

472 2071 629 2141 561
683 2069 938 2140 operibus
991 2067 1267 2121 faciemus.
1329 2063 1746 2133 Dissipahimur,
1803 2063 2042 2130 inquam,

468 2159 762 2216 secundum
790 2173 1010 2227 corpus;
1045 2157 1305 2226 ideoque,
1331 2171 1448 2220 oro,
1483 2155 1731 2218 Domine,
1755 2171 1816 2206 ne
1833 2152 2046 2222 auferas

467 2251 698 2304 animum
725 2265 913 2313 nteant,
939 2248 988 2302 id
1011 2257 1093 2303 est
1123 2264 1190 2302 ne
1225 2247 1506 2317 permittas
1544 2248 1610 2300 ab
1637 2246 1722 2300 his
1757 2243 2046 2313 dissipato-

469 2341 618 2393 ribus
651 2339 852 2391 auferri
879 2337 1116 2391 animam
1144 2351 1341 2402 meam,
1367 2345 1425 2389 ut
1449 2344 1589 2389 metu
1627 2349 1905 2403 corporea!
1939 2334 2047 2388 dis-

471 2429 762 2499 sipationis
803 2427 882 2481 eis
919 2428 1094 2481 cedat.
1141 2426 1224 2480 Ne
1277 2426 1522 2495 auferas,
1573 2427 1826 2495 inquam.
1875 2440 2050 2493 neque

473 2522 640 2575 debes
691 2519 928 2582 auferre,
983 2518 1127 2588 quia,
1171 2533 1204 2570 ο
1258 2518 1498 2580 Domine,
1557 2533 1742 2571 revera
1797 2517 2043 2582 Domine,

468 2610 609 2664 oculi
641 2609 743 2662 mei
795 2608 1102 2673 interiores,
1152 2607 1204 2662 id
1257 2616 1340 2663 est
1381 2606 1693 2663 affectiones
1743 2622 1873 2662 mea:
1899 2608 1969 2660 ad
1998 2619 2046 2660 te

469 2701 787 2771 respiciunt,
826 2708 881 2753 et
924 2701 1124 2770 speravi
1159 2716 1220 2753 ea
1261 2715 1380 2769 qua:
1435 2709 1559 2754 sunt
1605 2699 1656 2753 in
1709 2709 1776 2765 te,
1816 2699 2042 2764 scilicet,

468 2801 670 2846 acterna
701 2792 839 2845 bona
871 2805 976 2842 non
1029 2789 1329 2844 saecularia.
1366 2788 1485 2843 Non
1515 2789 1746 2858 auferas,
1800 2789 2040 2859 inquam,

463 2885 696 2937 animant
718 2899 908 2948 meam,
940 2882 1034 2938 sed
1055 2883 1257 2936 custodi
1279 2899 1358 2936 me
1382 2899 1413 2935 α
1433 2881 1618 2952 laqueo
1637 2882 2040 2950 blanditiarum,

464 2989 615 3040 quem
638 2981 956 3037 statuerunt,
1001 2971 1050 3024 id
1081 2979 1164 3026 est
1191 2979 1431 3026 statuent
1472 2980 1784 3040 peccatores
1815 2971 1962 3032 mihi.
1988 2972 2039 3026 id

2150 1894 2256 1948 quo
2286 1878 2484 1930 mundo
2520 1876 2671 1946 quasi
2719 1877 2774 1928 in
2812 1875 3058 1944 spelunca
3097 1874 3344 1930 Christus
3389 1876 3565 1940 latuit,
3611 1877 3750 1931 dum

2149 1971 2460 2025 incarnatus
2521 1969 2772 2024 mortalis
2801 1978 2855 2021 et
2887 1967 3161 2037 passibilis
3197 1969 3466 2038 apparuit.
3521 1968 3752 2024 Titulus

2149 2069 2327 2113 autem
2373 2061 2490 2123 iste,
2534 2055 2686 2125 juxta
2739 2057 3018 2127 historiam
3061 2058 3266 2128 positus
3319 2068 3422 2123 est,
3461 2073 3583 2127 quae
3617 2060 3751 2115 talis

2147 2160 2234 2208 cst
2265 2171 2277 2206 :
2307 2151 2441 2207 Cmn
2505 2167 2532 2204 a
2583 2150 2746 2204 Saule
2797 2151 2961 2204 David
3012 2161 3450 2220 persequeretur,
3510 2152 3750 2221 spelun-

2148 2259 2266 2298 cam
2325 2244 2600 2314 ingressus
2660 2251 2763 2308 est,
2827 2251 2881 2298 et
2940 2242 3012 2296 ibi
3073 2241 3248 2296 latuit.
3307 2243 3516 2297 Accidit
3552 2253 3752 2299 autem

2151 2349 2208 2393 ut
2238 2348 2551 2410 persecutor
2578 2335 2693 2403 ejus
2726 2335 2853 2392 Saul
2895 2350 3017 2389 cum
3046 2335 3110 2389 ad
3140 2335 3316 2390 locum
3350 2335 3593 2405 ejusdem
3615 2353 3752 2407 spe.-

2149 2429 2322 2484 lunca:
2379 2427 2710 2496 perveniret,
2762 2435 2818 2480 et
2872 2425 3040 2478 David
3095 2425 3168 2480 ibi
3218 2425 3387 2480 latere
3435 2427 3746 2496 ignoraret,

2147 2534 2310 2573 causa
2362 2526 2604 2570 ventrem
2671 2513 2935 2586 purgandi
2989 2529 3107 2569 eam
3159 2515 3560 2585 ingrederetur.
3617 2518 3749 2583 Quo

2147 2617 2436 2679 purgante,
2467 2606 2633 2660 David
2675 2605 2907 2660 latenter
2946 2605 3013 2659 ad
3051 2620 3174 2659 eum
3215 2606 3464 2669 arcessit,
3497 2615 3552 2659 et
3592 2607 3746 2662 clam

2145 2717 2296 2756 oram
2335 2699 2660 2769 chlamydis,
2693 2699 2743 2752 id
2788 2709 2870 2752 est
2899 2696 3206 2752 vestimenti
3239 2697 3357 2766 ejus
3387 2697 3640 2762 abscidit,
3680 2711 3745 2754 ut

2147 2793 2248 2848 hoc
2284 2793 2439 2862 signo
2469 2793 2844 2859 comprobaret
2868 2791 3010 2858 quod
3042 2804 3164 2844 eum
3197 2789 3476 2845 occidendi
3507 2789 3746 2846 faculta-

2147 2892 2254 2938 tem
2292 2882 2566 2937 habutsset
2598 2881 2750 2951 (Reg.
2782 2897 2925 2944 xxrv,
2955 2881 3011 2945 4,
3045 2881 3156 2951 15).

2213 2974 2480 3043 Allegoria
2512 2955 2689 3026 autem
2720 2971 2876 3042 hujus
2904 2972 3162 3038 historia»,
3197 2987 3302 3026 non
3334 2987 3745 3041 usquequaque

465 3074 546 3119 est
595 3065 664 3118 ad
718 3063 1118 3119 incommodum
1151 3078 1350 3126 meum.
1407 3071 1464 3116 υῐ
1503 3077 1588 3117 me
1635 3077 1728 3130 per
1758 3077 1879 3116 eum
1925 3063 2040 3116 illa-
2069 3063 2082 3082 ’
2144 3065 2537 3138 persequenda.
2575 3064 2694 3119 talis
2723 3073 2806 3119 est
2837 3082 2848 3117 :
2883 3063 2986 3118 Per
3025 3063 3193 3116 David
3231 3064 3446 3134 quidem
3481 3081 3582 3134 pro
3613 3082 3744 3134 per-

463 3166 728 3228 queantes
779 3172 810 3210 a
861 3157 1136 3226 proposito
1196 3154 1501 3210 sanctitatis
1562 3168 1694 3209 meae
1765 3163 2036 3209 revocent.
2069 3138 2115 3199 ο
2147 3157 2422 3213 secutione
2457 3157 2634 3210 Saulis
2687 3157 2737 3210 in
2787 3156 3042 3225 spelunca
3091 3154 3428 3221 latitantem,
3479 3155 3742 3210 Christus

464 3249 707 3315 Custodi,
732 3251 971 3318 inquam,
993 3265 1094 3311 me,
1119 3262 1186 3301 ne
1209 3247 1466 3318 illaqueer
1487 3246 1577 3300 illo
1605 3245 1819 3316 laqueo.
1843 3246 1908 3300 Et
1934 3263 2041 3300 non

463 3341 634 3398 solum
677 3357 705 3395 a
753 3341 946 3410 laqueo
992 3340 1374 3395 blanditiarum
1418 3354 1513 3393 oro
1562 3339 1842 3405 custodiri,
1877 3339 1968 3394 sed
1993 3350 2038 3392 et

463 3434 672 3488 custodi
723 3449 810 3488 me
847 3447 914 3487 ne
950 3447 1176 3503 superer
1203 3450 1234 3486 a
1265 3432 1526 3485 scandulis
1571 3432 1896 3499 operantium
1943 3432 2042 3484 ini—

464 3525 738 3594 quitatem,
789 3524 841 3578 id
872 3532 957 3578 est
1002 3539 1032 3578 a
1083 3523 1518 3578 tribulationibus
1569 3521 1889 3588 manifestis,
1922 3537 2040 3592 quae

465 3617 597 3670 mihi
627 3617 967 3685 operationes
999 3615 1298 3692 iniquitatis
1322 3613 1583 3688 inferunt,
1610 3629 1744 3682 quas
1781 3614 2036 3669 scandala

467 3721 622 3768 voco,
650 3723 714 3759 eo
738 3707 878 3774 quod
908 3706 1066 3760 illatae
1104 3705 1362 3775 plurimos
1407 3705 1794 3759 scandalizant.
1821 3703 2038 3758 Custodi

463 3812 568 3861 me,
604 3796 846 3864 inquam,
892 3806 946 3850 et
971 3811 1096 3850 vere
1129 3796 1398 3850 custodies
1443 3809 1622 3850 mene
1650 3796 1860 3849 cadam.
1888 3795 2037 3851 Mulli

466 3905 592 3944 vero
622 3889 920 3944 Christiani
973 3900 1264 3958 peccatores
1312 3892 1366 3943 in
1416 3889 1664 3944 retiaculo
1705 3891 1818 3960 ejus
1842 3891 2038 3960 iniqui-

464 3983 589 4037 tatis
619 3981 775 4050 positi
809 3981 1019 4046 cadent,
1068 3981 1120 4034 id
1145 3991 1227 4034 est
1259 3982 1510 4034 delicient
1535 3997 1564 4034 a
1595 3983 1873 4051 proposito
1899 3998 2033 4037 con-

462 4074 712 4128 fessionis
739 4087 866 4136 suae,
894 4072 976 4126 vel
1013 4087 1108 4140 per
1146 4071 1396 4141 laqueum
1420 4071 1502 4125 vel
1532 4088 1627 4140 per
1663 4073 1940 4138 scandala,
1971 4089 2034 4128 ac

459 4167 503 4218 si
535 4166 679 4219 dicat
708 4182 722 4217 :
757 4163 838 4219 Me
862 4164 1142 4235 custodies
1165 4177 1230 4216 ne
1269 4163 1448 4232 aliquo
1473 4165 1634 4218 modo
1657 4165 1868 4232 cadam,
1897 4166 2035 4219 mul-

460 4266 542 4310 tos
571 4272 700 4310 vero
741 4255 1080 4310 Christianos
1122 4264 1431 4325 peccatores
1478 4255 1672 4309 merito
1728 4254 2030 4324 iniquitatis

455 4336 584 4410 sure,
607 4363 709 4416 qua
739 4347 930 4400 irretiti
957 4356 1099 4410 sunt,
1118 4345 1348 4400 deﬁcere
1377 4346 1672 4416 permittes.
1698 4344 2029 4414 Peccatores,

457 4437 698 4506 inquam,
754 4438 807 4490 in
856 4437 1106 4491 retiaculo
1159 4435 1276 4504 ejus
1321 4437 1620 4506 iniquitatis
1657 4438 1820 4506 positi
1877 4447 2024 4504 sunt,

456 4502 692 4594 ideoque
725 4525 936 4580 cadent.
970 4525 1084 4595 Ego
1139 4502 1319 4580 autem
1353 4502 1444 4594 qui
1497 4502 1756 4581 custodiri
1785 4543 1813 4580 a
1845 4539 1895 4582 te
1921 4502 2019 4582 oro
2062 4502 2106 4556 Β

456 4615 792 4683 singulariter
819 4633 957 4682 sunt,
1002 4617 1054 4670 id
1081 4624 1163 4670 est
1197 4615 1542 4685 singulariter
1569 4631 1653 4670 me
1691 4617 1886 4681 habeo,
1917 4617 2026 4672 sci-

455 4691 582 4758 licet
617 4705 941 4774 singularem
988 4696 1142 4774 spem
1183 4714 1237 4760 et
1279 4706 1574 4775 appetitum
1626 4706 1796 4761 habeo
1857 4707 2026 4763 caele-

455 4797 617 4852 stium
649 4781 934 4860 bonorum,
960 4813 1065 4852 non
1094 4798 1438 4866 multiplicem
1464 4799 1756 4868 appetitum
1785 4809 2032 4852 terrenos

453 4906 574 4944 rum
599 4896 654 4942 et
680 4887 1026 4956 singulariter
1045 4902 1138 4942 ero
1167 4888 1327 4940 donec
1350 4888 1416 4942 de
1445 4889 1548 4941 hac
1584 4887 1718 4953 vita,
1749 4886 2020 4957 corporali

451 4989 625 5036 morte
651 4990 932 5033 transeam.
958 4977 1020 5031 Et
1053 4978 1176 5046 quia
1202 4979 1539 5046 singulariter
1559 4995 1674 5032 sum
1699 4989 1751 5033 et
1779 4993 1894 5040 ero,
1919 4994 2025 5033 non

448 5073 736 5143 permittas
775 5087 859 5126 tne
897 5069 1117 5124 cadere.
1170 5057 1322 5124 Unde
1365 5069 1819 5142 Psalmographus
1858 5071 2023 5125 alibi:

456 5183 472 5215 ι
489 5165 661 5219 Unam
678 5164 803 5236 petii
825 5179 854 5216 a
873 5162 1114 5230 Domino,
1130 5160 1265 5216 hanc
1283 5163 1548 5232 requiram
1564 5161 1732 5236 (Psal.
1749 5179 1872 5217 xxvi
1885 5205 1897 5229 ,
1911 5164 1987 5234 4),
2001 5181 2020 5214 ι

370 5245 556 5331 ﬂete.

908 5343 976 5398 IN
1013 5343 1344 5400 PSALMUM
1384 5344 1563 5400 CXLI.

493 5423 726 5490 .Titulus
760 5436 1035 5490 centesimi
1062 5437 1456 5506 quadragesimi
1494 5436 1674 5506 primi.
1717 5437 2022 5494 Intellectus

413 5527 416 5530 ’
449 5529 636 5592 David,
668 5543 787 5582 cum
813 5527 1035 5581 essetin
1063 5526 1336 5596 spelunca.
1381 5527 1682 5581 Intellectus
1715 5543 1845 5582 sane
1881 5527 2022 5598 psal-

451 5638 570 5676 mus
598 5621 698 5674 iste
742 5619 964 5683 dicitur,
1001 5633 1066 5672 eo
1095 5618 1236 5686 quod
1290 5619 1342 5672 in
1373 5634 1437 5673 eo
1468 5619 1771 5674 intellectus
1801 5619 2021 5684 Christi,

447 5716 563 5769 veri
599 5715 784 5782 David,
808 5728 965 5784 quem
996 5712 1050 5767 in
1077 5711 1325 5782 passione
1348 5729 1441 5769 sua
1467 5713 1669 5779 habuit,
1700 5713 2025 5768 continetur.

2143 3249 2311 3304 multo
2335 3260 2576 3319 tempore
2621 3248 2743 3302 vitae
2771 3263 2880 3302 sua:
2926 3263 2954 3300 a
2999 3245 3199 3302 Iudaeis
3240 3247 3501 3302 membris
3533 3249 3743 3304 diaboli

2140 3349 2454 3410 persecutus
2491 3339 2540 3392 in
2575 3339 2678 3393 hoc
2709 3339 2907 3393 mundo
2944 3339 3257 3392 humanitus
3307 3337 3512 3404 latens,
3547 3341 3741 3409 expri-

2140 3434 2322 3488 mitur.
2359 3432 2462 3487 l’er
2491 3431 2706 3485 Saulem
2758 3444 2886 3486 vero
2943 3431 2997 3484 iu
3043 3431 3354 3500 speluncam
3406 3445 3573 3484 causa
3632 3448 3739 3500 po-

2138 3526 2298 3580 nendi
2338 3525 2502 3580 fetida
2527 3526 2607 3580 sui
2637 3527 2841 3580 ventris
2891 3527 3189 3594 ingressum
3231 3516 3478 3580 diabolus
3524 3526 3736 3596 figura-

2140 3628 2246 3683 tur,
2286 3619 2376 3687 qui
2407 3635 2500 3688 per
2522 3628 2798 3687 peccatum
2829 3619 2987 3688 primi
3021 3619 3262 3688 parentis
3293 3621 3441 3673 hunc
3463 3621 3737 3674 mundum

2137 3710 2416 3779 ingressus
2438 3718 2544 3775 est,
2575 3717 2632 3762 ut
2665 3710 3021 3779 cogitationes
3051 3718 3104 3763 et
3140 3719 3488 3779 operationes
3529 3708 3738 3764 fetidas

2137 3813 2192 3858 ct
2221 3803 2437 3858 illicitas
2462 3803 2546 3856 hic
2572 3814 2815 3870 poneret.
2847 3801 3010 3869 Cujus
3033 3803 3341 3856 vestimenti
3373 3817 3530 3854 oram
3557 3803 3736 3857 David

2135 3892 2383 3947 Christus
2418 3891 2594 3961 gladio
2638 3891 2888 3952 abscidit,
2920 3907 3042 3945 cum
3081 3891 3304 3944 humani
3333 3892 3552 3960 generis
3577 3892 3736 3961 quod

2134 3983 2235 4038 sibi
2284 3991 2342 4037 ut
2387 3984 2764 4038 vesdmenlum
2811 3981 3156 4051 conjunctum
3208 3990 3326 4035 erat
3363 3991 3577 4052 partem
3613 3983 3734 4036 sal-

2134 4073 2364 4127 vandam
2412 4071 2572 4143 562
2623 4073 2690 4128 ab
2735 4073 2901 4142 ipsius
2945 4073 3280 4139 subjectione
3327 4073 3593 4141 spiritalis
3623 4075 3734 4127 do-

2133 4164 2322 4219 ctritur
2351 4165 2532 4234 gladio
2563 4165 2946 4232 sequestravit.
2972 4165 3063 4218 Est
3095 4165 3258 4234 igitur
3300 4167 3352 4218 in
3385 4167 3486 4219 hoc
3509 4166 3734 4235 psalmo

2133 4270 2236 4309 vox
2266 4253 2472 4325 Capitis
2501 4256 2732 4325 qualiter
2757 4257 2809 4311 in
2837 4258 3273 4312 consideratione
3305 4259 3577 4326 passionis
3609 4275 3733 4314 suae

2133 4346 2198 4400 ad
2223 4345 2508 4399 Dominum
2552 4347 2870 4402 clamaverit
2922 4358 2976 4402 et
3010 4365 3131 4402 eum
3183 4349 3508 4416 deprecatus
3554 4349 3732 4403 fuerit

2131 4436 2485 4503 ostendentis,
2515 4445 2574 4490 ut
2604 4436 2655 4490 in
2683 4452 2742 4490 se
2783 4437 3040 4492 membris
3071 4439 3182 4490 suis
3229 4437 3536 4506 exeuiplum
3581 4453 3731 4506 pras-

2131 4529 2331 4584 scribat
2366 4529 2419 4582 in
2453 4527 2886 4584 tribulationibus
2915 4530 3128 4583 orandi.
3162 4527 3476 4582 Passioncm
3501 4545 3731 4597 qtruque

2131 4635 2284 4674 suam
2308 4618 2535 4682 indicat,
2557 4629 2616 4672 ut
2642 4618 2760 4672 illos
2790 4634 2885 4688 pro
2915 4635 3145 4687 quorum
3187 4619 3359 4672 salute
3393 4634 3586 4686 passus
3633 4629 3728 4671 est

2131 4709 2393 4763 obnoxios
2417 4708 2518 4762 sibi
2551 4709 2759 4774 reddat,
2794 4719 2849 4763 et
2883 4709 3122 4779 patiendi
3155 4724 3251 4777 pro
3277 4709 3395 4778 ipso
3424 4711 3504 4762 eis
3531 4725 3728 4762 exeru-

2130 4801 2275 4870 plum
2306 4800 2588 4854 attribuat.

2213 4891 2348 4945 Voce
2383 4908 2518 4953 mea,
2547 4891 2598 4944 id
2633 4899 2716 4945 est
2747 4891 2875 4946 mihi
2909 4908 3143 4962 congrua
3177 4908 3306 4946 voce
3353 4892 3600 4946 videlicet
3635 4893 3728 4944 in-

2135 4991 2299 5038 tensze
2344 4983 2646 5037 devotionis
2681 4995 2866 5038 sancta
2913 4994 2969 5038 et
3017 5000 3174 5053 pura,
3223 5000 3256 5040 o
3305 4985 3596 5049 auditores,
3648 4985 3730 5036 ad

2135 5075 2413 5129 Dominum
2443 5075 2659 5130 Patrem
2689 5077 2928 5130 clamavi.
2958 5077 3111 5144 Quod
3148 5087 3233 5131 est
3272 5078 3453 5131 dicere
3479 5094 3491 5128 :
3531 5076 3726 5129 Inten-

2135 5181 2248 5221 sam
2305 5179 2432 5233 erga
2477 5182 2600 5219 eum
2650 5167 2991 5220 devotionem
3044 5177 3099 5220 et
3136 5166 3474 5221 affectionem
3525 5167 3723 5230 baiuli,

2132 5271 2252 5326 quae
2279 5256 2484 5312 clamor
2536 5257 2777 5310 intensus
2809 5256 2932 5309 fuit.
2985 5257 3099 5311 Non
3141 5257 3315 5310 solum
3361 5265 3544 5310 autem
3595 5256 3726 5308 cla-

2130 5350 2286 5414 mavi,
2324 5347 2617 5401 alfcctuose
2649 5363 2734 5402 me
2762 5363 2890 5418 erga
2919 5363 3040 5402 eum
3092 5350 3360 5412 habendo,
3412 5350 3503 5402 sed
3543 5347 3725 5400 etiam

2130 5455 2249 5494 voce
2299 5455 2412 5492 mea
2445 5439 2688 5494 interiori
2739 5439 3041 5505 deprecatus
3069 5457 3206 5501 sum,
3256 5441 3306 5492 id
3337 5447 3417 5492 est
3450 5440 3724 5506 depreca—

2131 5532 2327 5585 tionem
2371 5529 2473 5584 feci
2525 5529 2821 5600 respiciens
2867 5531 2933 5583 ad
2975 5530 3256 5584 Demittunt
3299 5531 3722 5584 misericordem

2129 5632 2182 5677 ct
2212 5623 2657 5686 omnipatentem.
2685 5621 2798 5675 Non
2851 5625 3222 5676 tantummodo
3254 5622 3473 5675 clamari
3496 5622 3564 5672 ad
3597 5621 3722 5674 Do-

2132 5715 2352 5778 minum,
2376 5724 2428 5767 ct
2458 5714 2762 5783 deprecatus
2791 5717 2903 5767 sitm
2933 5729 3078 5778 eum,
3104 5715 3196 5769 sed
3223 5723 3276 5767 et
3316 5731 3458 5768 nuth
3486 5714 3718 5778 effando
