3978 6328
303 313 396 369 581

1219 298 1578 359 EXPOSlTlO
1610 297 1674 354 IN
1716 295 2053 354 PSALMOS.
2083 330 2147 338 —
2169 299 2362 354 PSAL.
2409 301 2586 356 CXLI.

3397 310 3527 365 1532

269 425 318 478 id
361 430 445 476 est
489 435 554 473 ex
587 423 700 472 toto
729 415 894 470 fundo
937 421 1223 466 orationem
1259 429 1423 468 meam
1471 413 1526 466 in
1574 421 1848 482 conspectu
1880 419 1925 475 Α
1951 411 2112 465 situm
2145 422 2248 476 est,
2281 418 2380 482 pro
2413 414 2592 466 futuro
2625 413 2906 484 legendum
2945 425 3049 477 est,
3078 431 3140 470 ac
3167 417 3209 471 si
3249 416 3429 474 dicat:
3464 422 3530 475 In

264 515 396 583 ejus,
421 511 627 567 scilicet
659 506 946 562 manifesto
971 505 1258 559 orationem
1284 521 1450 557 meam
1471 505 1523 558 in
1548 515 1846 573 conspectu,

267 605 315 656 id
349 613 431 657 est
463 602 515 655 in
546 599 855 670 cognitione
881 596 1016 666 ejus,
1047 611 1077 650 a
1104 595 1460 650 similitudine
1489 596 1565 649 rei
1601 595 1845 658 inclusae,

264 708 382 760 quae
407 707 530 746 cum
591 687 905 750 ellunditnr,
960 687 1010 740 id
1053 694 1132 740 est
1186 693 1337 739 extra
1385 684 1645 750 funditur,
1679 683 1850 737 mani-

267 787 513 839 festatur.
564 783 717 850 Quod
755 789 840 834 est
887 779 1112 834 dicere:
1145 775 1462 832 Orationem
1519 790 1694 828 meam
1747 773 1847 843 ipsi

261 876 602 931 manifestam
633 883 688 928 et
713 872 986 944 cognitam
1017 869 1177 930 facio.
1213 869 1266 923 id
1299 876 1383 922 est
1425 867 1532 922 tale
1570 867 1698 934 quid
1728 880 1844 931 oro,

260 969 401 1036 quod
427 983 547 1020 cum
579 965 828 1018 idoneum
857 962 948 1026 sit,
978 971 1062 1015 est
1097 962 1214 1031 ejus
1260 961 1570 1032 cognitione
1601 965 1847 1030 dignum.

259 1059 346 1112 llla
377 1058 523 1112 enim
559 1072 678 1125 qua:
704 1063 830 1109 sunt
878 1053 1067 1107 idonea
1127 1054 1254 1117 Deo,
1301 1052 1733 1106 antonomastice
1767 1052 1849 1105 di-

257 1138 456 1205 cuntur
489 1148 702 1216 cognita
731 1155 785 1200 et
805 1143 1114 1199 manifesta.
1150 1144 1404 1214 Eﬂ'tmdo,
1445 1145 1690 1214 inquam,
1719 1161 1844 1197 ora-

258 1245 536 1305 rationem,
562 1249 608 1292 et
639 1247 759 1292 ante
786 1239 953 1307 ipsum
983 1237 1248 1301 existens,
1288 1237 1336 1290 id
1371 1245 1453 1290 est
1481 1237 1533 1290 itt
1566 1235 1848 1291 familiari-

258 1346 365 1388 tate
399 1341 455 1385 et
480 1329 848 1384 benevolentia
881 1325 998 1395 ejus
1028 1328 1331 1397 pronuntio,
1376 1327 1428 1381 id
1459 1336 1542 1381 est
1571 1343 1734 1381 narro
1761 1327 1846 1380 in-

257 1426 427 1479 terius
461 1421 848 1476 tribulationem
886 1434 1077 1482 nteant,
1109 1433 1273 1487 quam
1318 1433 1416 1487 pro
1442 1417 1558 1486 ejus
1587 1417 1847 1472 obedien-

255 1517 325 1570 tia
354 1511 673 1582 complenda
691 1508 892 1579 jugiter
917 1507 1115 1576 patior,
1144 1516 1198 1560 et
1220 1507 1396 1560 adhuc
1423 1521 1542 1560 sum
1565 1520 1842 1576 passurus.

257 1603 553 1658 Pronuntio
612 1599 836 1671 quidem
893 1595 999 1650 non
1064 1597 1129 1650 ad
1189 1596 1557 1664 jactantiam,
1624 1596 1719 1650 sed
1777 1595 1845 1650 ad

253 1693 757 1749 remunerationem
791 1705 889 1759 pro
925 1703 991 1742 ea
1023 1688 1398 1756 obtinendam,
1425 1704 1454 1742 a
1487 1687 1844 1743 similitudine

1950 500 2031 554 via
2063 499 2162 552 hac
2209 518 2311 570 qua
2362 502 2606 566 ambulo,
2659 505 2992 559 abscondent
3047 505 3289 577 laqueum
3341 512 3532 564 mortis

1949 592 2096 644 milii.
2138 592 2248 661 Ego
2288 608 2439 658 vero,
2466 608 2588 647 cum
2616 593 2670 646 in
2699 603 2928 650 mortem
2963 611 3049 652 me
3075 597 3206 652 dare
3236 600 3526 666 parabunt,

1949 680 2343 734 considerabam
2375 685 2442 734 ad
2475 685 2763 748 dexteram,
2814 683 2864 736 id
2913 693 2997 738 est
3029 687 3310 756 respiciam
3341 689 3405 742 ad
3437 705 3525 758 po-

1952 770 2119 825 tiores
2150 786 2315 836 meos,
2344 771 2410 824 ad
2442 772 2760 841 discipulos,
2799 772 3029 846 scilicet,
3061 777 3150 843 qui
3204 791 3300 846 per
3344 779 3532 832 dexte-

1950 877 2066 916 ram
2099 862 2499 932 exprimuntur,
2527 859 2669 933 quod
2713 865 2930 934 dignius
2988 865 3287 926 membrum
3329 877 3432 932 est,
3465 885 3532 924 co

1948 954 2094 1023 quod
2149 954 2202 1007 in
2255 953 2498 1009 Ecclesia
2538 955 2781 1024 digniora
2821 955 3061 1009 membra
3115 957 3244 1010 sint.
3279 957 3428 1012 Unde
3478 963 3530 1013 in

1949 1044 2240 1116 Evangelio
2287 1064 2300 1098 :
2358 1065 2374 1097 ι
2397 1045 2701 1101 Conversus
2729 1047 2986 1101 Dominus
3018 1049 3264 1118 respexit
3310 1049 3530 1106 Petrum

1951 1135 2100 1206 (an,
2129 1154 2267 1204 χχιι,
2298 1138 2409 1208 61).
2447 1158 2466 1191 ι

2019 1225 2451 1293 Considerabant,
2485 1227 2727 1297 inquam,
2763 1237 2812 1282 et
2839 1227 3102 1292 videbant,
3148 1229 3201 1283 id
3247 1238 3330 1284 est
3364 1246 3534 1302 expe-

1949 1317 2061 1369 riar
2091 1333 2158 1369 an
2194 1317 2270 1371 sit
2313 1316 2512 1386 aliquis
2542 1333 2784 1372 meorum
2829 1333 2915 1372 me
2944 1333 3300 1389 cognoscens,
3342 1331 3388 1374 et
3425 1339 3530 1375 non

1947 1416 2058 1458 erat
2085 1406 2286 1476 aliquis
2315 1424 2505 1465 eorum
2526 1408 2614 1478 qui
2646 1419 2974 1478 cognosceret
3006 1426 3107 1476 me,
3136 1411 3186 1464 id
3207 1411 3534 1468 estnonerit

1948 1496 2140 1564 aliquis
2181 1513 2422 1552 meorum
2455 1499 2547 1568 qui
2575 1508 2889 1553 constanter
2917 1514 3001 1553 me
3043 1500 3350 1555 ionfitendo
3386 1518 3532 1556 eom-

1946 1588 2134 1656 probet
2162 1603 2218 1642 se
2243 1603 2568 1659 cognoscere
2592 1605 2676 1644 me
2703 1605 2889 1644 verum
2913 1601 2968 1645 et
2990 1591 3158 1646 Deunt
3182 1603 3229 1646 et
3260 1594 3529 1648 hominem

1947 1692 2088 1733 esse.
2138 1680 2272 1736 Cum
2320 1681 2463 1734 enim
2519 1695 2603 1734 me
2633 1681 3003 1752 denegabant,
3061 1698 3119 1736 se
3176 1701 3260 1736 tne
3297 1701 3401 1738 non
3439 1702 3532 1740 co-

253 1785 464 1842 strenui
497 1783 701 1844 militis,
727 1780 818 1850 qui
851 1796 974 1836 cum
1021 1780 1239 1834 domino
1269 1781 1468 1834 charus
1495 1781 1585 1847 sit,
1617 1795 1721 1834 non
1748 1795 1844 1850 per
1877 1779 1918 1838 B
1947 1788 2210 1843 gnoscere
2240 1774 2409 1828 videri
2439 1774 2666 1830 facient.
2716 1775 2869 1842 Quod
2893 1779 3024 1832 dicit
3063 1795 3078 1832 :
3122 1778 3530 1835 Considerame

254 1879 474 1933 nuntios
500 1878 545 1931 ei
579 1876 834 1944 loquitur,
861 1873 953 1928 sed
980 1881 1108 1928 ante
1127 1871 1298 1942 ipsum
1319 1873 1556 1928 existens
1608 1873 1846 1927 laborem

251 1987 415 2040 quem
446 1983 545 2039 pro
579 1969 696 2037 ipso
720 1982 910 2036 passus
927 1975 1028 2029 est,
1055 1965 1285 2020 fideliter
1312 1964 1845 2034 narrat,utejnsdem

253 2063 455 2116 laboris
475 2077 503 2113 a
533 2062 751 2114 domino
775 2059 1077 2113 mercedem
1106 2057 1358 2128 accipiat.
1387 2055 1843 2121 Tribulationem,

251 2154 508 2220 inquam,
558 2165 734 2204 meam
800 2148 1092 2218 pronuntio
1142 2149 1197 2201 in
1258 2147 1544 2215 deﬁciendo
1605 2146 1846 2216 spiritum

251 2259 449 2306 meum,
482 2242 532 2295 id
574 2249 656 2296 est
698 2241 1024 2295 destruendo
1077 2239 1406 2294 voluntatem
1451 2240 1648 2292 animae
1691 2253 1842 2305 meae,

252 2335 504 2406 spiritum
535 2333 656 2387 dico
687 2331 1046 2401 prodeuntem
1083 2346 1147 2383 ea:
1175 2346 1276 2396 me,
1329 2329 1382 2382 id
1409 2337 1493 2384 est
1535 2344 1603 2382 ex
1645 2327 1849 2398 fragili-

254 2433 365 2477 tate
392 2421 747 2476 humanitatis
776 2435 928 2486 mete;
957 2434 1020 2473 ac
1043 2418 1088 2474 si
1115 2418 1260 2473 dicat
1284 2435 1298 2472 :
1327 2418 1418 2472 Sic
1445 2418 1844 2472 tribulationem

252 2532 431 2571 meam
465 2516 780 2586 pronuntio,
829 2521 886 2567 ut
931 2528 1056 2568 cum
1095 2528 1161 2567 ex
1199 2511 1490 2581 fragilitate
1517 2511 1702 2566 carnis
1751 2511 1848 2565 ha-

251 2610 411 2664 beam
446 2607 588 2662 nolle
615 2605 748 2676 pati,
773 2605 915 2658 hanc
937 2618 1111 2658 meam
1135 2602 1468 2657 voluntatem
1494 2599 1765 2670 objiciunt,
1793 2610 1849 2656 et

253 2710 359 2756 tute
374 2697 873 2755 voluntatiobedire
898 2706 1124 2766 paratus
1151 2711 1293 2760 sum,
1310 2695 1539 2758 scilicet,
1567 2702 1624 2746 ut
1646 2693 1844 2765 patiar,

250 2794 407 2864 juxta
446 2794 589 2862 quod
617 2791 759 2845 idem
789 2788 843 2842 in
880 2785 1174 2857 Evangelio
1204 2804 1218 2838 :
1255 2803 1272 2837 ι
1311 2785 1494 2848 Pater,
1519 2785 1564 2838 si
1593 2783 1707 2838 fieri
1752 2798 1844 2852 po-

254 2895 384 2956 test,
433 2892 676 2939 transeat
721 2897 752 2936 a
806 2894 892 2936 me
945 2879 1090 2934 calix
1134 2879 1262 2942 iste;
1309 2886 1681 2932 verumtamen
1737 2888 1843 2928 non

251 2979 396 3034 sicut
451 2992 550 3046 ego
602 2975 744 3041 volo,
797 2975 894 3029 sed
939 2973 1082 3028 sicut
1127 2969 1474 3039 tuthattlt.
1527 2984 1686 3035 xxvi,
1739 2968 1844 3034 59;

251 3070 386 3124 Luc.
415 3085 551 3133 χχιι,
576 3067 691 3138 42).

323 3155 428 3214 Ubi
455 3158 924 3214 noshichabemns
944 3156 998 3209 in
1028 3154 1340 3224 deﬁcientia,
1374 3153 1638 3208 llebraica
1665 3162 1844 3208 trans-
1871 3131 1916 3192 C

252 3252 388 3307 latio
427 3253 634 3307 habet:
673 3267 790 3306 cttm
821 3251 1129 3304 anxiaretur
1172 3265 1263 3302 cor
1300 3263 1493 3301 meum.
1523 3247 1675 3303 Unde
1715 3262 1848 3302 con-

252 3351 367 3396 stat
400 3343 544 3412 qnod
576 3343 628 3395 in
667 3341 769 3396 hac
814 3339 1165 3394 translatione
1195 3337 1490 3407 deﬁciendo
1521 3337 1623 3406 legi
1673 3348 1850 3406 potest

253 3449 353 3502 pro
382 3432 670 3498 anxiando,
696 3447 800 3486 non
825 3431 946 3486 ideo
973 3431 1188 3500 quidem
1221 3432 1484 3501 positum,
1513 3439 1572 3484 ut
1601 3431 1850 3484 anxietas

253 3523 439 3592 aliqua
469 3521 738 3591 passionis
787 3529 1102 3591 generasset
1133 3521 1184 3574 in
1233 3536 1299 3575 eo
1339 3519 1634 3584 defectum,
1670 3520 1764 3574 sed
1793 3530 1850 3574 ut

253 3615 658 3670 vehementiam
691 3629 802 3667 suae
831 3613 1100 3682 passionis
1137 3614 1407 3678 ostendat,
1431 3628 1551 3684 qua:
1575 3611 1847 3668 defectum

253 3715 442 3778 posset
465 3708 516 3761 in
551 3707 656 3762 alio
683 3720 966 3776 generare.
1004 3705 1313 3760 Secundum
1343 3706 1506 3776 igitur
1542 3707 1682 3760 hanc
1728 3719 1851 3759 sen-

256 3799 486 3854 tentiam
513 3798 586 3852 ita
620 3798 820 3869 legitur
852 3815 866 3850 :
900 3795 1220 3860 Pronuntio,
1267 3797 1506 3866 inquam,
1547 3796 1849 3851 tribulatio-

255 3906 381 3945 nem
415 3904 594 3944 meam
627 3889 866 3943 habitam
894 3897 949 3942 et
987 3887 1290 3943 habendam
1321 3888 1376 3940 in
1421 3887 1712 3955 deﬁciendo
1743 3888 1848 3957 spi-

254 3987 416 4038 ritum
465 4000 658 4048 meum,
702 3984 755 4037 id
810 3991 893 4037 est
944 3984 995 4037 itt
1048 3982 1315 4035 anxiando
1363 3981 1599 4034 animam
1647 3995 1844 4044 meam,

254 4077 488 4143 scilicet,
518 4091 636 4145 qua:
667 4073 1071 4142 tribulatiojam
1103 4083 1406 4146 causaest,
1435 4086 1558 4126 cum
1583 4070 1848 4125 habeatur

251 4179 666 4232 nunc,etcausa
692 4167 798 4221 erit
819 4181 940 4218 cum
966 4165 1286 4228 habebitur,
1315 4179 1486 4232 quare
1512 4164 1695 4216 anima
1725 4177 1845 4217 mea

254 4260 536 4312 anxietur.
568 4255 646 4310 Ne
675 4272 805 4310 vero
830 4256 1107 4310 videretur
1147 4255 1396 4308 anxietas
1425 4255 1539 4309 haec
1577 4255 1678 4324 ipsi
1710 4269 1848 4323 prte-

255 4360 337 4405 ter
363 4349 502 4404 velle
535 4349 852 4419 contingere
900 4346 1050 4402 addit
1075 4363 1139 4400 ea:
1167 4363 1268 4402 nte.
1313 4347 1465 4415 Quod
1494 4357 1578 4402 est
1619 4347 1802 4401 dicere
1829 4364 1842 4401 :

252 4443 558 4506 Anxiabor,
585 4443 826 4511 inquant,
861 4449 911 4494 et
945 4441 1048 4494 hoc
1097 4440 1240 4510 quod
1272 4440 1451 4492 anima
1498 4454 1617 4493 mea
1659 4439 1847 4492 anxia-

253 4537 428 4598 bitnr,
453 4535 730 4601 continget
759 4547 826 4585 ex
854 4547 958 4595 me,
1000 4531 1051 4585 id
1081 4540 1163 4586 cst
1192 4548 1256 4586 ex
1297 4529 1652 4599 dispositione
1675 4539 1730 4582 et
1758 4544 1846 4582 vo-

255 4628 468 4682 luntate
499 4643 638 4682 mea.
685 4625 975 4695 Postquam
1007 4625 1244 4678 ostendit
1272 4640 1331 4679 se
1360 4624 1626 4678 clamasse
1669 4632 1723 4678 et
1753 4623 1846 4676 de-

254 4729 541 4790 precatum
586 4717 776 4783 fuisse,
804 4718 1042 4772 ostendit
1091 4718 1256 4771 etiam
1294 4732 1351 4771 se
1380 4719 1519 4771 bene
1560 4727 1842 4786 operatum

256 4812 451 4876 luisse,
493 4817 548 4864 et.
577 4823 738 4878 opera
771 4824 867 4863 sua
897 4808 1006 4862 Deo
1055 4808 1349 4878 placuisse,
1381 4816 1439 4861 ut
1483 4808 1730 4875 exemplo
1759 4809 1841 4861 sui

253 4898 539 4952 auditores
567 4896 634 4949 ad
660 4896 798 4950 bene
831 4896 1166 4963 operandntn
1205 4894 1411 4958 incitet,
1450 4893 1568 4948 sic:
1608 4894 1842 4948 (Λαπιαυί

255 4989 508 5059 inquam,
566 4996 622 5043 et
669 4988 972 5054 deprecatus
1021 5004 1156 5054 sum,
1197 4995 1253 5042 ct
1297 4987 1459 5042 etiam
1491 4987 1632 5040 bona
1680 5001 1844 5054 opera

254 5079 430 5150 egi,et
447 5088 503 5130 tu
526 5078 616 5146 qui
642 5075 1004 5146 jnstusjndex
1035 5093 1116 5143 es,
1142 5079 1422 5148 cognovisti
1444 5079 1654 5132 semitas
1678 5093 1845 5144 meas,

257 5171 312 5225 id
345 5179 435 5226 est
459 5169 554 5224 tibi
585 5169 907 5240 placuerunt
942 5170 1081 5224 bona
1112 5185 1278 5239 opera
1315 5185 1432 5224 mea
1459 5172 1627 5224 ardua
1651 5176 1706 5225 et
1733 5168 1846 5223 sin-

254 5264 494 5336 gularia.
545 5260 782 5317 Tametsi
813 5278 944 5316 vero
992 5262 1126 5317 adeo
1160 5262 1354 5332 dignus
1377 5277 1495 5316 sum
1528 5271 1586 5316 ut
1621 5261 1847 5317 semitas

255 5375 416 5415 meas
444 5373 761 5428 cognoscas,
796 5367 975 5412 tamen
1023 5357 1154 5412 mihi
1186 5357 1363 5428 posito
1391 5358 1444 5410 in
1473 5356 1571 5410 Itac
1604 5358 1706 5422 via,
1753 5358 1850 5412 bo-

257 5465 457 5505 norum
509 5463 731 5517 operum
771 5449 824 5501 in
868 5465 972 5518 qua
1017 5447 1375 5512 ambulabant,
1425 5446 1477 5500 id
1522 5454 1607 5500 est
1643 5446 1848 5516 jugiter

258 5540 643 5612 promovebar,
689 5539 1067 5593 absconderant
1093 5539 1358 5610 laqueum,
1394 5538 1446 5592 id
1470 5546 1552 5592 est
1581 5539 1847 5593 absconsc

257 5647 366 5704 pro
393 5631 736 5702 reputatione
761 5648 856 5686 sua
887 5641 1215 5702 paraverunt
1251 5631 1408 5703 563
1443 5641 1697 5695 mortem,
1739 5645 1845 5698 qua

263 5737 357 5778 me
389 5721 678 5792 illaquccnt
708 5731 762 5778 et
792 5723 1088 5780 detineant.
1124 5723 1235 5780 lloc
1267 5723 1410 5803 quod
1452 5721 1726 5794 praeterito
1751 5736 1849 5792 po-

1877 4489 1924 4547 D

1951 1874 1998 1916 et
2035 1863 2298 1930 videbant,
2350 1864 2416 1918 ad
2468 1865 2763 1919 humanum
2815 1868 3029 1920 modum
3074 1869 3330 1938 loquitur,
3370 1887 3433 1926 ac
3483 1873 3531 1926 si

1952 1953 2197 2010 breviter
2220 1964 2385 2026 ponat
2416 1973 2429 2010 :
2458 1956 2720 2026 Experiar
2750 1958 2828 2012 rei
2869 1959 3138 2014 evidentia
3173 1955 3315 2028 quod
3355 1963 3533 2017 nullus

1952 2061 2039 2101 me
2065 2055 2382 2116 cognoscet.
2406 2049 2470 2102 Et
2493 2049 2636 2114 licet,
2664 2049 2810 2103 nullo
2837 2065 2922 2106 me
2941 2063 3320 2120 cognoscente,
3349 2065 3534 2124 ροεευι

1949 2137 2186 2207 fugiendi
2209 2139 2358 2193 locus
2381 2154 2523 2205 esse,
2556 2149 2731 2194 tamen
2760 2141 2934 2206 periit,
2955 2142 3005 2195 id
3029 2153 3111 2197 est
3138 2143 3328 2212 peribit
3351 2145 3476 2214 fuga
3500 2163 3532 2199 a

1949 2245 2048 2293 me,
2078 2229 2129 2284 id
2159 2239 2243 2283 est
2269 2230 2413 2286 nullo
2443 2231 2603 2286 modo
2631 2242 2862 2286 nim-tem
2905 2233 3128 2304 fugiam.
3160 2235 3224 2289 Et
3260 2251 3382 2289 cum
3411 2237 3532 2306 fuga

1948 2335 1977 2374 ιι
2003 2333 2088 2374 me
2116 2321 2336 2390 peribit,
2369 2313 2471 2375 non
2501 2332 2597 2387 est,
2631 2323 2682 2376 id
2705 2332 2785 2376 est
2816 2339 2920 2377 non
2946 2324 3050 2377 erit
3075 2322 3270 2393 aliquis
3300 2342 3534 2381 meorum

1945 2413 2036 2480 qui
2061 2412 2286 2482 requirat
2312 2412 2543 2466 animant
2569 2429 2756 2475 meum,
2793 2413 2845 2468 id
2887 2423 2972 2467 est
3013 2415 3104 2484 qui
3139 2417 3378 2484 requirat
3405 2433 3537 2470 ean-

1949 2518 2066 2559 sam
2099 2503 2221 2557 vita:
2255 2518 2408 2570 meae,
2436 2520 2608 2574 quare
2636 2507 2705 2558 ab
2734 2506 2813 2559 eis
2834 2507 3137 2570 auferatur,
3169 2507 3397 2574 scilicet,
3429 2524 3537 2564 non

1949 2596 2148 2668 aliquis
2178 2597 2284 2651 erit
2311 2611 2573 2661 meorum,
2607 2598 2698 2667 qui
2729 2612 2894 2652 ausus
2919 2599 2991 2652 sit
3012 2614 3110 2668 pro
3150 2616 3236 2654 nte
3262 2601 3391 2654 dare
3411 2616 3536 2654 scn-

1951 2695 2174 2749 tentiam
2222 2710 2308 2748 me
2359 2695 2639 2772 indignum
2689 2709 2817 2772 esse
2864 2708 3059 2761 morte,
3116 2713 3144 2750 a
3183 2697 3538 2753 similitudine

1947 2787 2193 2856 patroni,
2245 2771 2478 2855 aliquem
2530 2771 2815 2840 insontem
2851 2787 3082 2842 liberare
3137 2789 3384 2852 nitentis,
3441 2790 3536 2858 qui

1949 2879 2180 2948 requirit
2209 2893 2431 2932 causam
2461 2877 2826 2933 damnationis
2855 2876 2993 2946 ejus,
3020 2888 3077 2932 ιιι
3107 2894 3226 2933 eam
3250 2881 3539 2935 convincat

1948 2969 2201 3037 injustam
2252 2982 2395 3024 esse.
2431 2967 2526 3022 Vel
2575 2969 2805 3038 requirat
2852 2969 3087 3022 animam
3133 2987 3329 3034 meant,
3371 2970 3422 3024 id
3455 2979 3538 3026 est.

1949 3063 2316 3141 innocentiam
2347 3064 2542 3118 anima:
2583 3079 2736 3127 tnete,
2775 3073 2830 3118 et
2855 3063 2934 3118 sic
2961 3077 3059 3134 pro
3085 3077 3172 3116 me
3199 3063 3289 3117 det
3321 3074 3538 3120 senten-

1953 3156 2103 3216 tiam,
2148 3170 2214 3210 ac
2261 3155 2305 3210 si
2357 3155 2504 3210 dicat
2537 3173 2550 3210 :
2595 3155 2835 3210 l’onatur
2863 3163 2921 3209 ut
2950 3170 3036 3210 me
3074 3155 3239 3210 Deum
3270 3170 3390 3210 esse
3430 3170 3538 3210 non

1951 3257 2319 3316 cognoscant,
2363 3246 2570 3317 justum
2623 3258 2801 3303 tamen
2848 3249 2989 3313 erit,
3029 3249 3130 3304 etsi
3177 3264 3345 3318 purus
3374 3251 3536 3304 homo

1951 3342 2156 3406 videar,
2191 3350 2271 3407 ut,
2303 3356 2425 3395 cum
2456 3340 2715 3395 innocens
2738 3340 2860 3406 sim,
2891 3339 3124 3394 animam
3150 3355 3325 3394 meam
3351 3341 3534 3410 requi-

1953 3445 2097 3500 rant,
2130 3433 2307 3486 dando
2337 3433 2657 3487 sententiam
2686 3446 2783 3502 pro
2817 3447 2922 3486 me.
2955 3431 3218 3486 Gtt-terum
3250 3446 3423 3500 neque
3451 3447 3537 3487 me

1939 3519 2303 3592 'cognoscent,
2348 3539 2524 3593 neque
2570 3523 2809 3576 animam
2853 3537 3028 3577 meam
3061 3523 3358 3592 requirent.
3412 3522 3537 3577 ideo

1951 3617 2092 3688 quod
2121 3617 2322 3690 nullum
2351 3617 2526 3671 habeo
2566 3616 2947 3671 auxiliatorcm
2980 3615 3049 3668 ad
3073 3623 3139 3668 te.
3179 3613 3402 3668 Domine
3429 3615 3536 3682 mi,

1953 3710 2247 3779 respiciens
2287 3709 2528 3777 clamavi,
2585 3709 2638 3765 id
2682 3717 2765 3764 est
2809 3709 3021 3764 intenso
3067 3709 3304 3764 clamore
3357 3723 3536 3778 agam.

1950 3802 2099 3868 Dixi,
2133 3801 2184 3854 id
2214 3810 2295 3856 est
2328 3801 2504 3855 dicam
2536 3809 2591 3856 et
2630 3801 2876 3856 interiori
2909 3815 3040 3856 voce
3085 3810 3138 3854 et
3180 3800 3458 3855 exteriori.
3493 3796 3538 3852 Ο

1952 3892 2232 3955 Dominus,
2264 3901 2320 3944 tu
2349 3908 2401 3945 es
2430 3908 2545 3960 spes
2579 3907 2717 3958 mea,
2740 3901 2794 3946 et
2822 3907 2927 3946 non
2963 3891 3122 3958 alius,
3149 3907 3245 3960 per
3277 3900 3348 3958 te,
3391 3891 3538 3944 scili-

1950 3992 2054 4050 cet,
2091 3999 2252 4053 spero
2292 3982 2511 4038 liberari
2559 3993 2614 4040 et
2641 3983 3002 4048 remunerari,
3031 3994 3086 4039 et
3123 3983 3291 4052 portio
3314 3998 3450 4048 mea,
3486 3981 3538 4037 id

1949 4087 2032 4132 est
2060 4092 2185 4147 pars
2229 4093 2347 4131 mea
2381 4089 2464 4132 est
2506 4078 2560 4130 in
2598 4087 2739 4130 terra
2778 4076 3078 4139 viventimn,
3123 4073 3175 4126 id
3215 4080 3297 4126 est
3343 4071 3537 4126 electio

1951 4185 2068 4224 mea
2103 4170 2266 4224 estin
2301 4169 2436 4231 illis,
2468 4168 2558 4236 qui
2594 4165 2760 4219 futuri
2793 4174 2920 4217 sunt
2961 4164 3012 4216 in
3048 4174 3187 4217 terra
3220 4162 3534 4230 viventium,

1951 4259 2157 4314 scilicet
2193 4268 2399 4326 partem
2436 4256 2582 4308 illam
2630 4253 2908 4308 hominum
2954 4267 3050 4320 per
3079 4261 3308 4305 mortem
3357 4268 3536 4307 meam

1949 4348 2177 4415 eligam,
2225 4347 2315 4416 qui
2369 4345 2420 4398 in
2458 4352 2600 4398 terra
2646 4343 2938 4397 viventium
2967 4351 3095 4397 sunt
3136 4341 3338 4409 futuri,
3387 4359 3450 4398 ac
3489 4343 3536 4398 si

1951 4440 2096 4494 di‘fﬂl
2132 4456 2146 4492 :
2189 4438 2300 4491 Hoc
2330 4451 2489 4506 spero
2527 4437 2592 4490 tle
2631 4443 2716 4500 te,
2751 4434 2894 4503 quod
2944 4433 3066 4488 illos
3113 4434 3264 4487 dabis
3307 4434 3438 4488 mihi
3481 4433 3538 4489 in

1952 4542 2160 4602 partem
2185 4539 2237 4584 et
2272 4529 2668 4592 lnereditatem,
2690 4527 2781 4596 qui
2814 4527 2866 4580 in
2911 4536 3052 4580 terra
3083 4527 3376 4582 viventium
3409 4535 3537 4583 sunt

1951 4626 2138 4681 futuri.
2171 4625 2436 4692 Quoniam
2479 4624 2642 4693 igitur
2681 4639 2734 4676 es
2771 4639 2885 4692 spes
2933 4639 3082 4686 mea,
3115 4631 3168 4678 et
3199 4623 3324 4692 quia
3368 4625 3536 4692 portio

1950 4736 2064 4774 mea
2113 4720 2168 4772 in
2216 4728 2356 4771 terra
2395 4717 2710 4782 viventium,
2753 4717 2963 4770 intende
3012 4717 3082 4770 ad
3123 4718 3537 4788 deprecationem

1949 4825 2139 4875 meum,
2154 4807 2205 4861 id
2221 4817 2304 4861 est
2323 4807 2609 4874 diligenter
2630 4805 2848 4860 attende
2875 4807 3310 4876 deprecationem
3330 4821 3534 4860 meam:

1944 4898 2028 4952 vel
2054 4899 2322 4952 intensum
2347 4907 2397 4950 te
2421 4895 2505 4950 fac
2533 4895 2900 4965 tleprecatioui
2927 4911 3078 4958 mete,
3106 4905 3160 4947 ut
3185 4895 3436 4948 videlicet
3463 4894 3538 4948 in-

1949 4998 2102 5045 tense
2128 4989 2377 5043 conferas
2398 4988 2541 5057 quod
2571 4987 2782 5043 iutense
2810 4989 3091 5057 deprecor.
3118 4986 3185 5040 Et
3206 5001 3428 5040 necesse
3452 4996 3539 5042 est

1949 5079 2054 5139 huc
2075 5078 2379 5146 orem,quiu
2397 5079 2705 5133 humiliatus
2725 5097 2838 5132 sum
2865 5081 3039 5144 nimis,
3069 5079 3117 5132 id
3149 5088 3229 5132 est
3251 5079 3540 5134 vehemen-

1955 5181 2037 5226 ter
2061 5169 2376 5224 humiliatus
2402 5178 2457 5223 et
2482 5171 2723 5242 dejectus
2748 5186 2844 5224 ero
2872 5172 2924 5224 in
2955 5170 3410 5225 tribulationibus.
3445 5171 3541 5227 In.

1955 5261 2128 5336 tende,
2153 5261 2395 5332 inquam,
2419 5260 2488 5314 ad
2509 5262 2924 5332 deprecationent
2969 5278 3137 5315 nteant
3159 5278 3180 5328 ;
3208 5279 3326 5333 quat
3347 5264 3540 5333 deprc-

1957 5353 2099 5409 catio
2123 5354 2243 5409 talis
2269 5352 2583 5409 cstzLibera
2611 5367 2691 5426 tne
2711 5369 2742 5405 ιι
2765 5352 2962 5407 ,Ιιιώιξίε
2989 5355 3410 5425 persequentibus
3437 5371 3536 5418 me,

1958 5462 2025 5502 ne
2047 5448 2127 5502 eis
2159 5447 2484 5503 conformer.
2509 5443 2743 5500 Necesse
2781 5455 2861 5499 est
2888 5454 3064 5500 aute‘m
3093 5457 3150 5498 ut
3177 5462 3325 5500 orem
3357 5463 3382 5498 a
3419 5460 3537 5514 per-

1954 5539 2308 5609 sequentibus
2337 5538 2586 5601 liberari,
2633 5538 2758 5607 quia
2785 5537 3068 5604 confortati
3104 5549 3223 5592 sunt
3273 5553 3428 5606 super
3461 5553 3540 5589 me

1954 5630 2398 5702 Opprimendum,
2437 5629 2489 5682 id
2512 5636 2593 5683 est
2627 5643 2685 5682 se
2714 5628 2884 5683 fortes
2909 5629 3232 5700 reputabunt
3259 5629 3323 5680 ad
3357 5627 3538 5697 Oppri-

1934 5724 2212 5782 emendum
2267 5737 2353 5780 me
2402 5730 2457 5779 ct
2493 5720 2912 5790 devincendum,
2957 5731 3010 5777 et
3058 5737 3161 5775 non
3211 5719 3381 5775 solum
3442 5738 3540 5776 oro
