3978 6328
461 233 595 291 i385

1027 228 1086 283 S.
1129 226 1477 284 BRUNONIS
1506 225 2152 282 CARTIIL‘SIANORUM
2178 222 2663 282 lNSTlTUTORlS
2703 225 2858 282 OPP.
2902 225 3081 281 PARS
3111 226 3152 282 1.

3595 223 3737 282 1581

454 347 619 401 libera
648 356 714 398 ne
745 333 960 403 cedam,
1001 339 1094 393 sed
1125 339 1288 394 etiam
1322 347 1638 408 postquam,
1671 353 1756 391 me
1796 346 2029 398 mortuo,
2060 351 2105 404 Α
2137 335 2335 401 dentia,
2366 353 2423 392 se
2458 338 2776 408 adepturmn
2809 339 2950 408 quod
2975 347 3118 406 orat,
3146 347 3205 393 ut
3242 339 3381 394 alios
3406 339 3736 410 poenitentes

452 456 481 493 a
511 436 710 492 Jodmis
737 431 1012 488 custodiar
1035 430 1088 485 in
1111 430 1382 500 sepulcro,
1410 439 1467 483 ut
1492 430 1542 484 in
1569 438 1741 483 morte
1770 439 2029 498 perpetua

451 529 714 591 detinear,
749 525 880 579 educ
910 523 1146 577 animant
1183 538 1374 586 meam,
1400 522 1451 576 id
1477 529 1562 576 est
1593 535 1680 575 me
1701 521 1764 574 de
1793 521 2030 574 custodia

448 621 752 676 Judzeorum
787 617 1178 673 resuscitando.

519 712 824 767 Notandum
856 709 997 780 quod
1028 707 1172 779 ponit
1202 708 1332 761 educ
1362 706 1612 768 animum,
1645 704 1792 775 quia,
1821 705 1866 760 si
1889 705 2034 760 dice-

451 815 551 868 ret,
581 806 713 860 educ
737 821 834 867 me,
863 811 1043 874 posset
1085 799 1308 869 intelligi
1338 809 1396 853 ut
1421 813 1618 868 corpus
1660 797 1776 866 ejus
1815 799 2031 854 inrcsu-

447 901 720 964 scitatum,
748 898 830 952 vel
858 899 928 960 vi,
955 896 1036 951 vel
1065 895 1248 964 aliquo
1279 896 1438 951 modo
1465 897 1530 964 de
1553 911 1738 950 eorum
1764 887 2028 960 custodia,

445 993 788 1047 educeretur.
816 989 919 1043 Sed
942 1003 1063 1043 cum
1093 987 1223 1042 dicit
1253 989 1383 1042 educ
1410 989 1664 1053 animam,
1695 989 1854 1043 datur
1883 986 2032 1042 intel-

447 1083 536 1152 ligi
562 1080 702 1151 quod
732 1096 792 1134 se
820 1079 898 1134 sic
927 1089 1046 1134 orat
1074 1078 1231 1132 educi
1266 1089 1325 1132 ut
1351 1078 1468 1147 ejus
1504 1079 1686 1133 anima
1712 1079 2030 1144 suscitetur,

444 1186 604 1240 quam
641 1170 694 1224 iu
736 1179 909 1223 morte
951 1182 1012 1223 se
1056 1168 1302 1224 detinere
1348 1169 1704 1224 arbitrantur.
1734 1168 1915 1235 Educ,
1949 1170 2034 1223 in-

444 1278 629 1331 quam,
657 1260 890 1314 animam
912 1276 1100 1313 meam.
1127 1260 1194 1314 Et
1219 1259 1321 1314 hoc
1347 1259 1416 1313 ad
1452 1259 1804 1322 conﬁtendum
1834 1261 2032 1314 nomini

443 1363 554 1417 tuo,
587 1352 638 1406 id
660 1361 741 1406 est
772 1353 836 1404 a.l
871 1350 1199 1405 laudandum
1229 1359 1280 1405 te
1305 1367 1371 1406 ex
1389 1352 1829 1408 consideratione
1862 1354 2034 1406 nomi-

443 1443 528 1496 nis
566 1443 664 1506 tui,
696 1442 838 1512 quod
863 1454 946 1496 est
976 1442 1236 1497 Dominus
1261 1444 1473 1498 scilicet
1503 1444 1624 1498 ideo
1653 1444 1785 1497 educ
1817 1453 1871 1497 ut
1899 1443 2031 1513 justi

441 1532 686 1602 discipuli
740 1533 874 1594 mei,
931 1534 1369 1590 consideratione
1419 1535 1723 1590 eductionis
1769 1535 1898 1599 mei,
1938 1534 2030 1590 tibi

441 1622 825 1677 conﬁteantur.
859 1623 922 1677 Et
952 1637 1076 1678 vere
1119 1638 1217 1694 per
1246 1624 1587 1679 eductionem
1633 1625 1738 1678 mei
1783 1625 1875 1679 tibi
1898 1623 2030 1693 justi

2133 443 2227 498 spe
2255 429 2559 498 adeptionis
2585 429 2940 485 adorandum
2965 431 3228 484 attrahat.

2203 519 2447 586 Domine,
2477 520 2672 573 exaudi
2699 521 2988 574 orationem
3013 537 3205 587 meam;
3225 537 3287 576 ac
3305 521 3350 577 si
3387 523 3531 576 dicat
3556 539 3569 576 :
3595 523 3734 578 Cum

2133 625 2236 682 ego
2262 611 2375 682 jam
2403 613 2694 682 pceniteus,
2728 621 2780 666 te
2813 611 2979 668 Deum
3014 628 3194 667 meum
3221 628 3342 668 esse
3381 622 3650 684 rcputcm,
3681 622 3740 668 et

2133 719 2240 758 non
2271 720 2360 760 me
2406 704 2636 760 liberum
2689 719 2866 759 meum
2914 705 3144 771 faciam,
3185 709 3278 762 sed
3313 723 3398 761 me
3433 708 3526 762 tibi
3565 708 3743 775 subji—

2134 796 2295 862 ciam,
2329 807 2405 861 tu,
2436 796 2677 862 Domine,
2710 799 2907 852 exaudi
2934 801 3223 853 orationem
3263 817 3454 863 meam,
3493 809 3550 852 ut
3586 801 3740 870 quod

2133 903 2164 942 a
2198 896 2248 942 te
2278 888 2492 957 postulo
2519 890 2828 959 impetrem.
2881 891 2947 944 Et
2985 890 3190 960 percipe
3225 890 3441 944 auribus
3477 891 3743 960 potentia:

2135 988 2241 1035 tua:
2267 981 2675 1036 obsecrationem
2699 999 2890 1050 meam,
2919 983 2970 1037 id
2994 991 3079 1037 est
3108 983 3232 1036 audi
3259 982 3551 1039 eﬂicaciter
3572 985 3748 1041 obse-

2135 1073 2433 1128 crationem
2479 1090 2692 1139 meam,
2737 1090 2765 1129 a
2817 1074 3178 1130 similitudine
3225 1076 3584 1141 audientium,
3639 1078 3738 1145 qui

2133 1164 2314 1219 verbis
2342 1179 2462 1232 quae
2491 1163 2724 1218 libenter
2747 1165 3000 1229 audiunt,
3029 1180 3188 1219 aures
3215 1164 3504 1236 diligenter
3533 1169 3742 1223 adver—

2137 1263 2271 1317 tunt,
2300 1265 2359 1310 ut
2389 1270 2450 1309 ea
2483 1257 2802 1327 percipiant,
2831 1268 2887 1313 et
2912 1268 3165 1329 percepta
3192 1261 3520 1331 compleant.
3551 1265 3739 1318 Aures

2134 1347 2346 1403 Domini
2372 1348 2526 1412 dicit,
2557 1349 2868 1405 facultatem
2897 1353 3152 1421 potentia:
3166 1351 3432 1409 efﬁciendi
3456 1355 3559 1411 hoc
3587 1357 3744 1426 quod

2137 1453 2166 1492 a
2203 1439 2430 1494 Domino
2458 1442 2722 1508 poscitur.
2772 1444 3078 1498 Orationem
3111 1445 3257 1500 illam
3301 1447 3435 1501 dicit
3473 1448 3741 1518 depreca-

2133 1529 2358 1592 tionem,
2403 1545 2524 1600 quzn
2566 1531 2627 1586 ﬁt
2653 1533 2770 1588 sine
2800 1532 3142 1602 adjuratione
3180 1536 3383 1604 aliqua,
3411 1539 3744 1592 obsecratio-

2135 1637 2251 1674 nem
2287 1635 2416 1676 vero
2445 1638 2566 1692 quae
2594 1623 2649 1678 ﬁt
2684 1626 2840 1692 quasi
2871 1641 2995 1681 cum
3028 1625 3390 1694 adjuratione,
3424 1643 3546 1697 qua:
3588 1630 3745 1683 ride-

441 1714 859 1770 couﬁtebuntur.
903 1714 988 1770 Me
1019 1719 1221 1771 etenim
1257 1726 1555 1786 exspectant
1574 1717 1712 1787 justi
1749 1724 2030 1786 exspecta-
2062 1709 2103 1769 Β
2133 1715 2258 1769 licet
2282 1730 2350 1770 ex
2373 1715 2768 1772 vehementiori
2793 1719 3062 1774 desiderio
3087 1721 3201 1776 ﬁeri
3231 1721 3387 1777 solet.
3407 1723 3522 1776 Non
3545 1732 3740 1778 tamen

441 1806 568 1871 turi,
594 1807 760 1862 donec
806 1807 1068 1861 retribuas
1105 1809 1233 1862 mihi
1261 1809 1630 1873 eductionem,
1664 1824 1762 1878 pro
1793 1811 2027 1878 comple-

443 1901 586 1956 tione
609 1901 934 1958 obedientiae
959 1918 1120 1968 meas,
1150 1909 1202 1957 et
1245 1917 1306 1958 ea
1340 1903 1631 1958 occasione
1658 1902 1822 1974 564
1862 1902 2031 1957 conﬁ-

443 2004 660 2049 teantur
713 1995 841 2060 tibi,
893 1996 1102 2051 scilicet
1152 2004 1470 2065 exspectant
1513 1995 1647 2063 justi
1692 2003 1746 2049 et
1779 2009 2028 2065 perseve-

440 2094 626 2141 ranter
670 2087 1053 2156 expectabunt,
1104 2097 1165 2140 ut
1216 2102 1312 2156 pro
1361 2087 1669 2142 obedientia
1713 2100 1832 2140 mea
1879 2101 2030 2141 com-

437 2177 606 2248 pleta,
637 2178 778 2233 hanc
803 2179 898 2232 des
931 2178 1064 2232 mihi
1107 2179 1517 2234 retributionem
1546 2189 1606 2234 ut
1639 2194 1726 2233 me
1757 2181 1824 2234 de
1852 2187 2028 2235 morte

436 2269 671 2333 educas,
716 2279 770 2325 et
813 2270 997 2324 tandiu
1053 2271 1447 2339 exspectabant
1505 2272 1677 2325 donec
1720 2272 1858 2327 hanc
1893 2271 2026 2326 mihi

437 2362 849 2418 retributionem
888 2361 1087 2426 facias;
1133 2371 1189 2416 et
1242 2361 1321 2417 sic
1367 2363 1583 2417 tandem
1639 2378 1701 2418 ea
1740 2364 2029 2419 occasione

437 2454 533 2508 tibi
556 2451 760 2525 jugiter
785 2453 1211 2520 conﬁtebuntur,
1247 2454 1475 2524 ideoque
1499 2455 1720 2526 dignum
1751 2465 1837 2511 est
1855 2463 1914 2510 ut
1941 2471 2029 2512 me

439 2545 506 2600 de
535 2544 779 2602 custodia
805 2545 1029 2602 educas.

893 2657 962 2713 IN
999 2655 1327 2714 PSALMUM
1353 2656 1558 2713 CXLII.

503 2748 715 2805 Titulus
746 2748 1025 2805 centesimi
1054 2749 1454 2818 quadragcsimi
1498 2746 1742 2804 secundi.
1779 2746 2024 2805 Psalmus

429 2841 624 2907 David,
652 2842 862 2912 quando
887 2857 1004 2895 eum
1045 2841 1450 2910 persequebatur
1479 2841 1625 2910 filius
1677 2858 1824 2896 suus.
1867 2843 2022 2910 Quod

432 2935 511 2988 sic
539 2933 848 3002 exponitur.
886 2931 1133 2985 Psalmus
1164 2931 1265 2985 iste
1295 2940 1381 2985 cst
1422 2931 1623 2994 David,
1660 2933 1711 2987 id
1736 2942 1816 2988 est
1849 2933 2021 2989 ﬁdelis

429 3025 763 3096 paenitentis,
795 3031 850 3078 et
886 3023 998 3093 jam
1029 3023 1107 3078 sic
1155 3022 1388 3077 viriliter
1416 3023 1646 3094 agentis.
1680 3024 1828 3080 Licet
1869 3025 2019 3093 prius
2052 3061 2095 3119 ο

430 3131 536 3169 non
570 3115 799 3169 viriliter
845 3113 1046 3182 egerit,
1096 3113 1224 3168 dum
1277 3112 1330 3167 in
1369 3122 1593 3182 peccato
1641 3112 1773 3182 fuit,
1829 3114 2021 3181 David,

429 3207 684 3276 inquam,
728 3205 1043 3276 punuiteutis
1089 3204 1356 3275 psalmus,
1406 3205 1738 3276 compositus
1776 3206 2024 3276 quando,

429 3298 481 3352 id
507 3306 590 3354 est
615 3298 742 3367 quia
770 3297 1174 3368 persequebatur
1193 3314 1311 3351 eum
1333 3297 1480 3368 filius
1504 3315 1652 3363 suus,
1679 3298 1728 3353 id
1754 3308 1830 3353 est
1859 3314 2023 3368 prava

429 3395 724 3462 suggestio,
775 3393 958 3446 oriens
1002 3407 1065 3445 ex
1107 3392 1496 3446 consuetudine
1548 3391 1752 3460 peccati
1791 3391 1904 3460 jam
1946 3391 2028 3469 di-

430 3480 606 3535 missi.
641 3481 772 3546 Qua:
817 3480 960 3535 ﬁlius
996 3477 1113 3548 ejus
1159 3479 1382 3546 dicitur,
1430 3495 1495 3534 eo
1533 3479 1674 3550 quod
1705 3496 1771 3534 ex
1823 3478 2026 3550 fragili-

433 3579 546 3625 tate
573 3582 779 3627 natura:
827 3573 944 3643 ejus
987 3573 1190 3628 vitiatae
1229 3573 1509 3644 procedit,
1557 3574 1696 3628 sicut
1735 3572 1879 3628 illius
1907 3574 2026 3642 qui-

432 3661 564 3717 libet
609 3678 674 3716 cx
730 3673 882 3732 patre
912 3667 1206 3719 secundum
1234 3665 1498 3736 originem
1539 3667 1722 3720 carnis
1757 3665 2021 3735 procedit.

431 3756 512 3810 Ac
549 3754 592 3808 si
641 3753 827 3810 dicat:
868 3754 989 3809 llaec
1019 3765 1146 3810 sunt
1190 3757 1352 3812 verba
1383 3756 1668 3827 cujuslibet
1701 3758 1812 3828 jam
1846 3757 2023 3826 pceui-

433 3845 598 3900 tentis
652 3852 707 3900 et
759 3859 788 3898 a
830 3854 1054 3914 peccato
1103 3847 1400 3910 cessantis,
1444 3861 1564 3916 quae
1617 3863 1680 3901 ea
1733 3847 2024 3901 occasione

431 3937 668 4006 pro'ert,
700 3936 860 4004 quia,
895 3935 1016 3990 licet
1053 3935 1166 4004 jam
1209 3948 1488 4006 peccatum
1519 3939 1808 4001 dimiserit,
1847 3949 2022 3993 tamen

431 4041 499 4079 ex
531 4027 643 4096 ipsa
673 4027 878 4096 peccati
904 4027 1107 4081 dimissi
1132 4028 1518 4082 consuetudine
1565 4031 1837 4099 suggestio
1859 4045 2021 4099 prava

433 4119 732 4186 suboritur,
767 4135 888 4189 qua}
937 4135 1058 4174 eum
1093 4121 1457 4190 perSeqnitur,
1504 4130 1558 4176 et
1584 4137 1706 4176 eum
1748 4123 1813 4175 ad
1850 4123 2020 4190 ipsum

438 4223 723 4281 peccatum
777 4227 990 4266 rursum
1046 4212 1323 4282 impellere
1385 4213 1594 4267 nititur.
1659 4214 2022 4268 Considerans

431 4313 612 4358 autem
660 4305 951 4374 pmnitcns,
997 4303 1049 4358 iu
1082 4303 1387 4372 huiusmodi
1419 4305 1811 4376 persecutionis
1840 4306 2027 4360 anxias-

432 4403 544 4450 tate
587 4398 810 4466 positus,
860 4398 1056 4465 inqua
1098 4407 1218 4466 post
1271 4398 1598 4466 baptismum
1648 4407 1805 4453 antea
1858 4414 2020 4468 quam

432 4499 680 4557 peccaret
711 4489 970 4542 virtutum
1000 4487 1330 4542 sublimitate
1362 4488 1542 4555 fuerit,
1582 4498 1638 4542 et
1665 4489 1732 4542 ad
1762 4497 2017 4558 quantam

430 4591 530 4646 per
590 4587 865 4646 peccatum
915 4574 1268 4644 dejectionem
1335 4578 1701 4643 descenderit,
1759 4588 2022 4633 contuens

434 4681 649 4738 quoque
695 4677 954 4737 quantam
1002 4676 1058 4722 et
1105 4675 1267 4734 Quam
1321 4670 1694 4739 gravissimam
1731 4669 1889 4738 primi
1927 4684 2022 4740 pa-

434 4770 618 4816 rentes
647 4775 743 4830 pro
766 4769 987 4829 peccato
1018 4775 1115 4814 suo
1151 4761 1485 4816 incurrerint
1509 4761 1934 4824 damnationem,
1965 4769 2022 4815 et

430 4870 554 4910 cum
585 4852 836 4909 similiter
867 4861 1076 4922 peccet,
1108 4865 1354 4909 metuens
1387 4869 1604 4924 gravem
1637 4853 1818 4908 subire
1854 4852 2017 4908 ultio-

430 4960 579 5009 nem,
611 4950 733 4998 orat
775 4943 923 4998 etde
966 4944 1169 5010 peccati
1211 4944 1528 4999 remissione
1565 4953 1618 4998 et
1663 4944 1728 4998 de
1760 4944 2017 4998 virtutum

431 5036 742 5106 adeptione,
775 5034 1067 5090 ostendens
1093 5033 1173 5089 sui
1201 5033 1550 5102 dejectionem
1575 5046 1627 5092 et
1657 5035 2018 5108 suggestiouis

433 5145 544 5186 suae
575 5130 1025 5200 persecutionem.
1073 5127 1140 5183 Et
1180 5129 1305 5198 quia
1357 5127 1481 5182 inde
1515 5129 1753 5199 patiatur
1797 5129 2022 5200 spiritus

433 5223 780 5287 anxietatem.
821 5231 940 5276 orat
967 5223 1130 5276 etiam
1170 5222 1236 5276 de
1276 5221 1540 5276 bonorum
1584 5237 1807 5291 operum
1837 5237 2022 5290 perse-

433 5313 734 5378 vcrationc,
780 5319 834 5366 ct
879 5312 946 5367 de
973 5304 1316 5367 inimicorum
1363 5311 1666 5380 ereptione,
1718 5321 1772 5368 et
1821 5314 1888 5368 de
1918 5327 2020 5366 au-

435 5404 628 5461 dienda
676 5404 1045 5459 misericordia
1093 5404 1145 5459 in
1189 5419 1383 5470 niauc,
1439 5403 1781 5474 praetendens
1812 5406 2017 5476 ,plures

436 5512 630 5551 causas
682 5497 878 5566 quibus
925 5497 1264 5551 exaudiatur.
1330 5496 1440 5552 lloc
1498 5507 1676 5552 autem
1735 5504 1902 5552 totum
1951 5513 2015 5552 ea

435 5587 734 5643 intentione
761 5589 890 5644 dicit
930 5597 986 5641 ut
1031 5590 1171 5658 quod
1203 5588 1496 5656 desiderat,
1538 5590 1746 5645 orando
1793 5589 2018 5660 adipisci

435 5679 620 5747 possit.
652 5679 923 5735 Pretuittit
973 5694 1185 5750 quoque
1234 5680 1478 5750 tandem,
1520 5698 1583 5739 ex
1630 5681 1792 5738 nimia
1838 5683 2008 5737 conﬁ-

2134 1807 2421 1862 dicendum
2459 1818 2623 1864 estut
2645 1810 2714 1864 ad
2737 1810 2906 1865 Deum
2941 1811 3055 1866 ﬁeri
3086 1813 3255 1883 possit
3278 1813 3568 1883 adjuratio,
3607 1815 3737 1881 sed,

2133 1914 2258 1954 cum
2307 1913 2431 1954 eum
2475 1915 2574 1970 per
2617 1903 2813 1958 merita
2862 1903 3074 1958 Domini
3115 1903 3242 1960 Jesu
3284 1921 3536 1972 oramus,
3577 1923 3743 1963 more

2133 1995 2500 2066 adjurantium
2542 2011 2665 2050 cum
2707 2011 2773 2052 eo
2809 1999 3048 2066 agimus,
3100 1998 3204 2054 hoc
3248 2009 3428 2053 autem
3462 2002 3608 2068 quod
3641 2002 3740 2054 hic

2133 2085 2557 2142 indctertr-inate
2587 2087 2737 2156 ponit
2779 2087 2975 2142 exaudi
3003 2090 3292 2144 orationem
3331 2098 3379 2143 et
3409 2090 3738 2145 obsecratio-

2134 2193 2274 2243 nem,
2329 2178 2383 2232 in
2415 2179 2772 2248 sequentibus
2821 2179 3144 2234 determinat
3191 2181 3283 2235 ubi
3335 2181 3489 2251 ponit
3535 2199 3552 2236 :
3605 2182 3740 2237 Non

2131 2280 2359 2339 avertas,
2393 2283 2538 2334 -etc.,
2573 2287 2744 2340 usque
2794 2272 2894 2338 ad,
2947 2274 3164 2342 spiritus
3214 2284 3357 2328 tuus.
3411 2273 3551 2342 Quia
3601 2291 3738 2330 vero

2131 2363 2348 2419 dixerat
2376 2366 2815 2430 obsecrationem,
2860 2367 3084 2420 denotat
3117 2381 3174 2420 se
3203 2367 3527 2433 obsecrare,
3567 2368 3620 2422 id
3649 2377 3739 2423 est

2130 2455 2285 2527 quasi
2311 2473 2433 2512 cum
2465 2455 2806 2526 adjuratione
2833 2471 3017 2526 orare,
3048 2473 3170 2513 cum
3197 2458 3379 2514 subdit
3402 2459 3456 2511 in
3488 2460 3735 2514 veritate.

2130 2550 2284 2617 Quod
2332 2560 2415 2607 est
2465 2551 2646 2608 dicere
2695 2569 2710 2606 :
2761 2552 2998 2608 Auribus
3048 2553 3305 2622 potentia:
3366 2561 3473 2606 tua:
3523 2555 3736 2623 percipe

2128 2645 2536 2700 obsecrationem
2568 2662 2759 2699 meam.
2788 2645 2854 2700 Et
2885 2645 2988 2700 boc
3017 2660 3221 2714 quasso,
3255 2643 3341 2700 fac
3368 2660 3476 2700 non
3502 2646 3559 2700 in
3592 2661 3733 2699 con-

2129 2736 2464 2793 sideratione
2511 2739 2834 2794 meritorum
2888 2754 3162 2801 meorum,
3215 2748 3400 2808 utpote
3428 2754 3553 2808 qua:
3583 2739 3732 2794 nulla

2129 2839 2286 2896 sunt;
2337 2831 2430 2885 sed
2476 2831 2531 2884 in
2564 2831 2779 2886 veritate
2810 2840 2932 2897 tua,
2976 2832 3026 2886 id
3066 2839 3151 2886 est
3191 2831 3242 2885 in
3286 2831 3735 2886 consideratione

2128 2921 2446 2976 meritorum
2471 2922 2718 2977 veritatis
2739 2931 2864 2988 tute,
2888 2921 3008 2976 Filii
3040 2923 3115 2977 lui
3141 2922 3418 2987 videlicet,
3440 2937 3541 2991 per
3565 2939 3732 2994 quem

2127 3013 2311 3066 omnia
2342 3013 2606 3082 promissa
2638 3021 2728 3067 tua
2759 3028 2885 3067 vera
2911 3029 3032 3068 esse
3063 3015 3454 3083 comprobasti,
3485 3030 3550 3070 ea
3578 3031 3736 3070 com-

2129 3103 2344 3174 plendo.
2372 3103 2506 3160 Dico
2535 3104 2730 3158 exaudi
2759 3104 3049 3158 orationem
3080 3121 3270 3169 meam,
3307 3115 3383 3170 et,
3415 3121 3545 3161 cum
3579 3106 3730 3160 nulla

2129 3194 2240 3247 sint
2266 3194 2460 3248 merita
2487 3208 2629 3258 mea,
2658 3193 2711 3246 in
2737 3208 2967 3262 quorum
2989 3193 3428 3251 consideratione
3452 3211 3542 3251 me
3563 3213 3735 3250 orau-

2131 3292 2238 3339 tem
2289 3285 2572 3348 exaudias,
2606 3286 2800 3338 exaudi
2831 3301 2912 3338 me
2957 3286 3011 3338 in
3055 3295 3146 3338 tua
3170 3286 3412 3354 iustitia,
3444 3287 3500 3342 id
3539 3299 3630 3344 est
3677 3290 3731 3343 in

2128 3376 2567 3432 consideratione
2604 3375 2829 3445 justitia:
2873 3385 2998 3442 tute,
3045 3376 3166 3431 Filii
3204 3378 3277 3432 tui
3313 3377 3592 3442 videlicet,
3633 3396 3734 3450 per

2127 3469 2281 3539 cujus
2317 3479 2545 3524 mortem
2574 3478 2890 3540 peccatores
2918 3469 3185 3540 justiﬁcas
3206 3512 3222 3536 ,
3255 3469 3488 3540 ideoque
3511 3472 3730 3543 justitia

2129 3571 2219 3616 tua
2272 3576 2370 3633 per
2414 3561 2712 3630 emphasim
2762 3560 2984 3625 dicitur,
3039 3559 3196 3629 juxta
3253 3561 3380 3614 illud
3428 3561 3730 3632 Apostoli:

2133 3671 2152 3705 ι
2191 3653 2291 3720 Qui
2370 3650 2544 3706 factus
2590 3661 2675 3706 est
2719 3651 2876 3706 nobis
2921 3650 3134 3720 justitia
3181 3650 3342 3722 565
3401 3661 3460 3707 et
3513 3654 3733 3708 redemo

2127 3749 2242 3820 ptio
2277 3757 2332 3802 et
2377 3744 2737 3802 sanctiﬁcatio
2795 3743 2847 3816 (1
2889 3744 3013 3800 Cor.
3078 3761 3116 3810 ι,
3173 3745 3285 3816 50).
3326 3763 3346 3797 ›
3395 3743 3619 3801 Veritas
3674 3754 3733 3799 ct

2125 3838 2340 3910 justitia
2389 3837 2477 3891 hic
2543 3837 2684 3890 idem
2729 3836 3044 3906 designant,
3099 3834 3380 3890 Christum
3435 3835 3728 3900 videlicet,

2127 3931 2222 3986 scd
2275 3931 2400 4000 quia
2447 3930 2564 3984 hzec
2625 3941 2749 3993 vox,
2815 3943 2935 3996 qua:
2990 3935 3077 3982 est
3102 3927 3326 3994 veritas,
3376 3929 3732 3984 communior

2127 4032 2233 4086 est,
2315 4028 2468 4076 notat
2520 4021 2666 4075 enim
2727 4021 2778 4075 in
2833 4036 2894 4075 ea
2936 4028 2994 4074 et
3053 4029 3402 4090 peccatorum
3454 4020 3730 4090 justiﬁca-

2135 4115 2362 4179 tionem,
2394 4124 2448 4168 et
2471 4111 2676 4182 justam
2711 4113 2979 4166 bonorum
3006 4121 3062 4166 et
3095 4112 3364 4166 malorum
3397 4129 3724 4170 remunera-

2129 4205 2371 4268 tionem,
2445 4211 2501 4257 et
2574 4201 2950 4256 universarum
3025 4202 3454 4272 promissionum
3529 4204 3712 4258 Patris

2126 4296 2566 4366 completionem.
2622 4294 2778 4348 Ponit
2814 4309 3002 4349 vocem
3061 4293 3221 4348 aliam
3251 4309 3370 4364 qua:
3415 4296 3720 4364 specialius

2127 4395 2280 4443 notat
2311 4387 2412 4441 hoc
2450 4385 2594 4456 quod
2642 4384 2709 4439 ad
2742 4381 2861 4452 ejus
2909 4383 3213 4438 orationem
3263 4385 3530 4452 pertinet,
3594 4401 3716 4440 cum

2123 4498 2245 4537 eum
2265 4480 2535 4551 justitiam
2563 4485 2741 4532 vocat.
2775 4477 2878 4532 Per
2907 4477 3046 4531 hanc
3070 4476 3215 4530 enim
3250 4492 3440 4532 vocem
3481 4495 3612 4549 qua:
3639 4489 3718 4534 est

2120 4577 2353 4650 justitia,
2386 4568 2699 4638 denotatur,
2733 4581 2794 4627 ut
2828 4572 3082 4643 superius
3123 4574 3381 4642 diximus,
3419 4578 3572 4645 quod
3607 4578 3716 4647 ipse

2126 4676 2442 4738 peccatores
2465 4664 2749 4736 jnstiﬁcat.
2779 4663 2950 4731 Quam
2968 4663 3418 4732 justiﬁcationcm
3446 4669 3714 4736 pmnitens

2127 4759 2215 4814 hic
2244 4771 2412 4812 orans
2457 4756 2686 4826 adipisci
2733 4770 2925 4809 rursus
2965 4756 3220 4819 intendit,
3260 4773 3384 4812 cum
3437 4774 3564 4814 eam
3603 4761 3710 4831 jam

2121 4844 2398 4922 peccando
2428 4849 2714 4914 amiserit;
2751 4863 2874 4903 cum
2911 4863 3040 4902 vero
3063 4864 3184 4905 eum
3210 4849 3482 4922 justitiam
3510 4870 3711 4908 nuneu-

2120 4951 2232 5014 pat,
2261 4943 2434 5014 magis
2466 4941 2754 4998 Dominum
2782 4940 2996 4996 Patrem
3029 4940 3198 4996 ﬂectit
3225 4944 3292 4997 ad
3323 4943 3706 5000 conferendum

2123 5051 2223 5106 per
2252 5050 2375 5090 eum
2409 5034 2552 5105 quod
2576 5042 2720 5088 orat.
2753 5031 3134 5102 [Equipollens
3167 5043 3263 5088 aut
3301 5036 3405 5090 hoc
3437 5045 3544 5104 est,
3583 5053 3644 5092 ac
3667 5037 3704 5092 si

2125 5128 2271 5184 dicat
2301 5146 2314 5182 :
2350 5127 2454 5183 Per
2479 5127 2622 5184 illius
2651 5127 2850 5182 merita
2886 5142 2984 5181 oro
3020 5141 3106 5181 me
3135 5129 3384 5183 exaudiri
3415 5146 3518 5200 per
3552 5148 3701 5202 quem

2123 5221 2542 5292 promissionem
2579 5218 2994 5288 justiﬁcationis
3030 5227 3137 5274 tua:
3182 5235 3436 5276 veracem
3463 5224 3698 5286 eﬁ'ccisti,

2123 5313 2241 5382 qui,
2285 5328 2409 5368 cum
2467 5311 2710 5366 omnium
2768 5325 2898 5365 vere
2957 5310 3342 5379 ptenitcntium
3391 5312 3702 5382 justiﬁcatio

2124 5405 2347 5470 existat,
2388 5413 2446 5460 et
2486 5403 2620 5458 mihi
2652 5402 2740 5474 pic
2779 5401 3224 5473 justiﬁeationem
3263 5403 3512 5460 conferat
3551 5426 3566 5461 :
3602 5405 3700 5461 Oro

2125 5497 2318 5552 exaudi
2359 5511 2466 5553 me.

2202 5589 2267 5644 Et
2289 5589 2452 5644 etiam
2482 5605 2581 5644 oro
2609 5605 2712 5643 non
2736 5587 2894 5640 intres
2926 5587 2978 5640 in
2999 5585 3262 5654 judicium
3289 5607 3407 5644 cum
3451 5607 3536 5646 Ine
3562 5606 3696 5646 serra

2134 5690 2252 5748 tuo,
2306 5680 2514 5736 scilicet
2563 5694 2685 5737 cum
2741 5691 2827 5730 me
2884 5691 3097 5732 servum
3157 5687 3306 5734 luunt
3352 5680 3466 5750 jam
3513 5682 3692 5737 faciam
