3962 6318
214 261 350 317 1585

1130 261 1492 331 EXPOSlTlO
1543 264 1607 318 IN
1655 262 1993 320 PSALMOS.
2021 295 2089 304 -—
2110 264 2306 321 PSAL.
2339 268 2533 324 CXLII.

3330 280 3353 334 I
3366 279 3466 334 386

202 377 542 448 paenitendo,
579 385 634 431 et
677 375 743 430 de
776 383 1002 446 peccato
1026 368 1319 432 commisso
1344 378 1438 432 tibi
1469 378 1782 434 satisfacere
1813 382 1852 435 A
1883 395 2049 442 meus,
2085 380 2135 432 id
2164 389 2246 434 est
2270 381 2410 435 ratio
2435 370 2629 439 animae
2656 402 2785 442 mea:
2814 390 3172 445 considerans
3197 405 3359 462 super
3376 411 3465 450 me

184 470 494 540 .cupiendo,
527 485 630 521 non
652 469 814 521 intres
845 483 1055 522 mecum
1083 469 1134 522 in
1156 468 1445 537 judicium,
1477 470 1527 524 id
1555 480 1641 526 est
1671 470 1780 523 noli

184 563 341 617 ‘mihi
375 562 643 631 imputare
670 567 893 630 peccata
924 575 1063 626 mea,
1091 572 1153 614 ut
1180 574 1251 616 ea
1267 561 1417 630 justo
1440 562 1649 631 judicio
1678 579 1780 634 pu-

205 656 351 715 nias.
378 668 407 707 a
440 652 796 713 similitudine
840 652 1107 721 judicttm,
1141 652 1231 721 qtti
1261 667 1383 707 cum
1416 668 1508 707 rco
1538 652 1782 722 quolibet

196 745 465 814 judicium
494 746 702 804 ineunt,
728 752 786 796 ut
808 757 931 797 eum
954 742 1100 811 juste
1135 745 1409 799 damnent.
1445 741 1569 797 Non
1596 746 1777 808 intres,

172 838 449 908 t'inquam,
476 838 534 891 in
559 837 823 906 judicium
849 853 967 890 cum
994 852 1081 890 me
1111 853 1256 890 servo
1284 847 1392 891 tuo.
1416 836 1661 891 Necesse
1699 846 1783 891 est

199 941 385 986 autent
413 939 473 985 ut
498 930 602 984 hoc
631 945 807 994 orem,
848 930 972 1000 quia
1007 947 1113 983 non
1148 930 1533 999 justi/imbitur
1561 931 1616 983 in
1653 947 1782 983 con-

196 1031 382 1090 spectu
411 1030 500 1073 tuo
526 1022 695 1075 omnis
716 1024 909 1085 virens,
937 1021 987 1075 id
1015 1029 1097 1075 est
1126 1021 1302 1075 nullus
1326 1021 1512 1076 vivens
1539 1021 1780 1075 invenie-

206 1122 300 1167 tur
329 1110 765 1183 perlectejustus
789 1112 841 1165 in
870 1104 1306 1168 censideratione
1338 1120 1449 1177 tua,
1481 1111 1783 1179 etsijustus

194 1206 450 1275 perfecte
475 1205 718 1259 videatur
748 1206 800 1258 in
847 1213 1138 1275 conspectu
1179 1220 1279 1259 suo
1318 1210 1371 1259 et
1401 1206 1452 1259 in
1491 1213 1782 1274 conspectu

194 1298 507 1351 hominum.
546 1296 699 1351 Unde
744 1296 1035 1366 Apostolus
1083 1314 1096 1348 :
1158 1316 1177 1345 ι
1206 1296 1347 1351 Nihil
1375 1297 1505 1351 mihi
1532 1297 1783 1352 conscius

196 1403 349 1447 sum,
370 1387 463 1441 sed
489 1401 591 1440 nou
625 1386 675 1440 in
705 1386 1154 1456 hocjustilicatus
1197 1387 1388 1458 sum(l
1416 1387 1537 1441 Cor.
1565 1404 1638 1450 tv,
1661 1387 1737 1457 4).
1758 1407 1777 1439 ι

199 1478 281 1534 Ac
310 1479 356 1533 si
387 1478 533 1535 dicnt
562 1497 573 1531 :
602 1478 672 1534 Ut
699 1479 763 1532 de
801 1494 886 1533 me
922 1488 1155 1545 taceam,
1182 1480 1270 1549 qui
1309 1489 1554 1534 mortuus
1584 1494 1702 1534 sum
1730 1481 1781 1534 in

185 1570 462 1638 peccatis,
494 1569 538 1623 si
572 1583 765 1623 omnes
804 1569 924 1623 illos
955 1570 1216 1639 accipias,
1253 1570 1345 1639 qui
1384 1585 1509 1623 vere
1541 1570 1783 1625 viventes

168 1700 171 1707 .
199 1669 333 1713 sunt
357 1660 409 1713 in
435 1659 744 1724 virtutibus,
772 1667 829 1713 et
860 1659 992 1714 velis
1021 1659 1205 1715 omnia
1240 1674 1428 1713 eorum
1465 1659 1607 1714 mala
1635 1659 1780 1715 facta

1862 468 2227 523 .humiliatum
2253 479 2308 524 et
2338 471 2389 524 in
2416 472 2664 527 obscuris
2685 476 3030 546 collocatum,
3055 495 3086 534 a
3111 482 3467 541 similitudine

1882 557 2167 625 cujuslibet
2196 561 2376 629 amici,
2402 562 2492 631 qui
2518 563 2835 621 incumbens
2861 584 3023 639 super
3048 574 3282 628 amicum
3315 591 3463 631 mor-

1885 657 2058 714 tuum,
2114 667 2212 721 pro
2257 652 2375 722 ejus
2418 662 2591 709 morte
2636 655 2799 711 nimis
2845 660 3115 716 anxiatur.
3167 664 3303 731 Quia
3336 684 3464 723 vero

1866 748 2069 808 posset
2098 742 2325 809 spiritus
2350 745 2563 799 anxiari
2593 760 2697 799 non
2726 761 2794 801 ex
2823 748 3102 805 voluntate
3128 753 3285 809 liberi
3320 759 3463 813 arbi-

1885 834 1998 898 trii,
2022 835 2163 903 quod
2191 834 2585 892 infructuosum
2608 848 2774 907 esset,
2804 840 2944 894 sicut
2972 841 3167 912 aliquis
3192 846 3463 905 interdum

1865 939 1949 978 ex
1979 927 2272 981 amissione
2313 931 2691 1000 temporalium
2720 947 2787 986 ex
2819 936 3151 989 necessitate
3190 940 3461 1007 anxiatur,

1868 1016 2032 1070 addit
2060 1033 2072 1069 :
2105 1016 2210 1071 Cor
2246 1035 2417 1072 meum
2459 1023 2725 1076 turbatum
2769 1035 2866 1085 est,
2915 1026 2966 1078 id
2996 1036 3084 1080 est
3113 1029 3255 1082 ratio
3282 1034 3464 1087 cordis

1868 1105 1992 1159 mei
2025 1121 2094 1160 ex
2126 1107 2403 1163 anxietate
2433 1114 2646 1165 turbata
2690 1124 2801 1179 est,
2846 1131 2952 1169 non
2991 1132 3057 1170 ex
3112 1121 3461 1187 necessitate,

1882 1197 1980 1249 sed
2018 1197 2072 1250 itt
2106 1213 2210 1263 me,
2253 1198 2304 1251 id
2345 1208 2431 1253 est
2473 1199 2524 1254 in
2560 1204 2836 1258 voluntate
2883 1206 3041 1259 liberi
3082 1209 3295 1265 arbitrii
3331 1214 3462 1276 mei.

1883 1286 2114 1352 scilicet,
2153 1298 2344 1356 sponte
2390 1305 2507 1345 mea
2551 1292 2674 1347 inde
2730 1297 2947 1361 anxior,
3013 1299 3239 1369 ideoque
3294 1306 3467 1373 magis

1885 1381 2097 1434 veniant
2133 1396 2469 1450 promereor.
2504 1385 2763 1440 Anxiatus
2818 1401 2892 1443 est
2935 1393 3153 1459 spiritus
3190 1413 3358 1462 meus,
3411 1410 3467 1452 et

1872 1474 2149 1526 ‘htrbntum
2198 1485 2274 1527 est
2322 1492 2415 1527 cor
2459 1492 2652 1543 meum,
2713 1478 2852 1533 idem
2904 1492 2987 1536 est
3043 1487 3355 1553 repetitum,
3408 1504 3467 1542 ut

1885 1576 2184 1636 apponeret
2212 1568 2263 1621 in
2294 1582 2400 1632 me,
2431 1568 2495 1622 ad
2526 1571 3050 1627 detertninationem.
3079 1575 3342 1633 Auxiatus
3364 1592 3461 1644 cst,

1886 1659 2128 1729 inquam,
2154 1664 2371 1729 spiritus
2404 1678 2570 1726 meus,
2606 1662 2725 1718 ideo
2758 1666 2899 1733 quod
2924 1666 3226 1723 collocatus
3256 1686 3375 1724 sum
3409 1673 3465 1725 iu

190 1751 345 1821 juste
367 1751 692 1819 disquirere,
716 1750 896 1805 nullus
923 1750 976 1804 in
1010 1751 1446 1805 consideratione
1471 1761 1781 1820 perscruta-
1816 1723 1858 1781 Β
1885 1753 2142 1819 obscuris,
2172 1764 2226 1807 et
2250 1771 2355 1809 non
2381 1757 2555 1810 solum
2585 1756 2872 1811 occasione
2900 1757 3060 1825 hujus
3086 1759 3464 1817 collocationis

198 1843 369 1897 tionis
400 1852 506 1897 tua:
539 1843 607 1898 ita
625 1843 806 1911 justus
834 1844 1160 1908 invenietur,
1185 1844 1237 1897 in
1261 1858 1369 1911 quo
1395 1844 1562 1899 multa
1589 1858 1783 1914 pecca-

178 1942 387 1988 -torutn
432 1934 645 1989 macula
682 1951 789 1989 non
830 1935 1167 2004 reperiatur;
1215 1935 1441 2003 ideoque
1488 1935 1667 2005 potius
1698 1952 1783 1991 me

199 2036 483 2081 mortuum
516 2027 567 2080 in
603 2027 840 2096 peccatis
872 2026 1034 2081 nimis
1067 2040 1287 2081 necesse
1329 2034 1412 2080 est
1455 2026 1669 2093 timere,
1718 2042 1784 2081 ne

201 2132 419 2171 mecum
448 2118 500 2171 in
526 2116 789 2185 judicium
814 2118 1003 2172 intres.
1031 2117 1163 2171 Nam
1187 2118 1228 2172 si
1254 2118 1515 2183 intrares,
1537 2118 1783 2186 mejuslo

190 2205 405 2275 judicio
431 2206 551 2261 siue
576 2206 682 2261 line
708 2206 950 2275 punires.
988 2206 1111 2260 Non
1139 2187 1325 2271 intres,
1358 2206 1600 2278 inquam.
1628 2208 1783 2274 Quod

201 2313 401 2367 nempe
444 2313 509 2351 ea
559 2300 847 2353 occasione
895 2314 1014 2363 oro,
1060 2301 1185 2368 quia
1227 2300 1470 2354 inimicus
1513 2303 1781 2363 diabolus,

196 2390 411 2443 scilicet
454 2388 536 2442 vel
566 2389 837 2459 Suggestio
866 2406 1053 2459 prava,
1084 2403 1385 2458 persecutus
1434 2404 1509 2447 est
1552 2397 1782 2449 animam

196 2497 397 2545 meum,
429 2480 816 2534 inStimulando
841 2496 959 2534 eam
997 2482 1064 2533 ad
1096 2493 1341 2551 peccata.
1375 2484 1439 2537 Et
1477 2501 1583 2540 non
1616 2487 1783 2539 inedi-

194 2571 411 2625 caciter
457 2580 543 2625 est
589 2579 926 2639 persecutus,
979 2573 1070 2625 sed
1117 2572 1196 2625 sic
1240 2574 1383 2643 quod
1436 2590 1467 2626 a
1522 2574 1784 2645 dignitate

199 2661 514 2716 sanctitatis
530 2677 640 2715 sum
660 2662 975 2725 ltuittiliaeit,
1001 2661 1052 2713 id
1082 2670 1163 2714 est
1186 2661 1381 2729 dejecit
1408 2664 1562 2717 vitam
1590 2680 1776 2729 nteant,

198 2754 267 2806 id'
287 2761 373 2807 cst
398 2753 635 2806 animam
667 2767 864 2813 meam,
892 2768 1013 2821 quze
1043 2754 1189 2821 prius
1219 2768 1316 2823 per
1340 2754 1642 2822 emphasim
1674 2756 1780 2807 vita

199 2842 430 2896 dicenda
456 2850 597 2895 erat.
628 2841 961 2907 llumiliavit,
992 2841 1233 2909 inquam,
1260 2845 1491 2896 animum
1510 2858 1779 2898 consensu

196 2947 375 3001 pravo
413 2940 470 2985 et
516 2933 873 3001 operatione;
930 2935 1163 2986 annuam
1204 2934 1325 2987 dico
1364 2935 1689 2988 existentem
1727 2936 1780 2989 in

192 3035 367 3090 terra,
401 3023 452 3077 id
497 3033 584 3078 est
623 3024 677 3077 iu
710 3026 949 3094 appetitu
992 3036 1351 3090 terrenorum,
1395 3027 1624 3093 Scilicet,
1655 3043 1777 3081 cum
1804 3060 1851 3122 Ο

196 3115 357 3183 prius
392 3115 503 3169 sola
534 3115 773 3169 emlestia
811 3132 905 3183 per
948 3118 1173 3173 virtutes
1214 3124 1515 3189 appeteret,
1546 3135 1575 3173 a
1607 3122 1775 3175 subli-

198 3206 392 3260 mitate
419 3206 564 3261 illius
609 3209 880 3277 appetitus
915 3224 1031 3262 eam
1064 3211 1293 3265 virtutes
1320 3212 1369 3265 ei
1399 3212 1661 3268 demendo
1685 3217 1777 3267 de-

190 3297 355 3367 jecit,
397 3310 454 3354 et
496 3301 564 3354 ad
604 3302 715 3355 sola
760 3310 973 3357 terrena
1018 3305 1315 3374 appetenda
1346 3307 1775 3378 adduxit;qnod

192 3402 354 3446 certe
400 3409 505 3446 non
546 3395 892 3449 mediocriter
938 3396 1300 3466 periculosum
1328 3407 1434 3463 est,
1466 3415 1495 3452 a
1525 3400 1776 3455 similitu-

196 3484 334 3536 dine
362 3492 535 3553 capta:
575 3485 718 3549 avis,
759 3486 844 3540 cui
889 3501 1080 3555 penna:
1119 3489 1426 3555 demuntur,
1459 3498 1518 3544 ut
1550 3490 1602 3545 in
1632 3499 1775 3547 terra

194 3574 450 3638 detenta,
479 3574 791 3631 facultatem
821 3578 1033 3632 volandi
1063 3580 1130 3633 ad
1157 3579 1407 3635 sublimia
1441 3597 1546 3635 non
1581 3583 1777 3637 habeat

195 3668 451 3721 ulterius.
481 3666 588 3721 Nec
609 3668 780 3722 solum
809 3679 987 3723 autem
1004 3672 1235 3725 animum
1254 3688 1423 3726 meant
1440 3688 1703 3729 consensu
1722 3684 1778 3729 et

194 3758 343 3813 uiola
368 3760 682 3828 operatione
701 3760 1017 3825 Ιυιηιῑιὶαιιὶι,
1037 3763 1131 3815 sed
1148 3764 1315 3816 etiam
1339 3780 1418 3817 me
1434 3765 1772 3819 humiliatum

193 3850 499 3915 collocavit,
533 3852 583 3905 id
614 3861 696 3905 est
728 3852 956 3907 lirmiter
996 3854 1261 3909 stabilivit
1290 3870 1386 3925 per
1422 3858 1777 3912 consuetudi-

188 3957 327 3997 nem
372 3959 596 4012 pravam
633 3944 687 3996 iu
723 3945 984 4008 obscuris,
1029 3945 1082 3998 id
1120 3954 1208 4000 est
1250 3946 1303 4000 in
1349 3948 1778 4005 obscuritatibus

196 4044 575 4103 peccatorum,
627 4051 749 4089 cum
802 4047 965 4091 antea
1007 4052 1182 4093 essem
1214 4039 1267 4093 iu
1313 4039 1477 4093 nimia
1531 4040 1778 4096 claritate

197 4125 482 4178 virtutum.
516 4125 668 4192 Quod
690 4137 775 4181 est
797 4129 979 4183 dicere
1008 4146 1021 4182 :
1050 4128 1193 4184 Fecit
1222 4146 1308 4184 me
1336 4140 1592 4185 consuete
1617 4147 1779 4202 agere

194 4229 448 4287 peccata,
490 4231 556 4271 ex
596 4219 796 4287 quibus
825 4220 1063 4288 peccatis
1092 4222 1157 4275 ad
1189 4223 1408 4275 nimiam
1436 4224 1777 4279 obscuratio-

196 4324 328 4363 netn
364 4310 684 4380 ignorantia
730 4312 919 4366 deveni
947 4330 961 4365 :
990 4311 1295 4381 Collocavit,
1346 4316 1586 4387 inquam,
1620 4337 1697 4373 me
1724 4321 1778 4375 iu

1885 1848 2136 1900 anxietas
2175 1857 2257 1901 est
2305 1849 2521 1916 spiritus
2574 1865 2742 1913 meus,
2794 1850 2886 1904 sed
2933 1850 3052 1903 ideo
3080 1865 3299 1921 quoque
3332 1855 3463 1923 quia

1882 1953 2007 1991 cum
2043 1938 2123 1993 sic
2149 1938 2468 1994 humiliatus
2509 1955 2683 1995 essem
2712 1950 2770 1995 et
2796 1942 2849 1994 in
2881 1944 3120 1996 obscuris
3142 1944 3464 2007 collocatus.

1885 2046 2083 2083 memor
2115 2029 2196 2099 fui
2225 2031 2431 2085 dierum
2469 2034 2827 2099 antiquorum,
2870 2034 2920 2086 id
2948 2042 3033 2088 est
3074 2035 3335 2090 virtutum
3366 2052 3463 2089 an-

1886 2123 2178 2192 tiquarum,
2228 2137 2399 2192 quas,
2460 2124 2667 2179 scilicet
2730 2135 2889 2178 antea
2953 2140 3118 2194 quam
3177 2140 3463 2193 peccarem

1887 2214 2181 2267 habueram
2218 2224 2274 2268 et
2304 2215 2583 2284 peccando
2613 2216 2929 2278 amiseram,
2958 2232 3080 2285 qua:
3102 2228 3327 2285 propter
3350 2217 3464 2271 cla~

1884 2306 2069 2358 ritatis
2102 2320 2213 2358 sum
2263 2306 2689 2373 magnitudinem
2734 2306 2851 2360 dies
2890 2307 3132 2361 dicendae
3172 2317 3319 2362 sunt.
3368 2309 3463 2363 Vel

1887 2399 2006 2451 ideo
2032 2398 2280 2450 anxietas
2316 2412 2459 2458 sum,
2485 2399 2611 2466 quia
2651 2414 2850 2450 memor
2880 2398 2960 2465 fni
2989 2399 3191 2451 dierum
3224 2402 3467 2466 antiquo—

1885 2501 2023 2546 rum,
2063 2485 2113 2537 id
2149 2493 2233 2537 est
2262 2486 2582 2537 memoriam
2618 2485 2783 2537 habui
2816 2485 2958 2538 illius
2990 2488 3062 2539 rei
3091 2502 3214 2555 qua-
3236 2488 3468 2555 contigit

1884 2574 1938 2626 in
1986 2572 2222 2641 antiquis
2270 2574 2482 2635 diebus,
2536 2574 2747 2627 scilicet
2788 2590 2951 2644 quam
3008 2578 3248 2643 graviter
3304 2579 3467 2647 primi

1885 2672 2140 2731 parentes
2172 2673 2395 2732 propter
2423 2674 2706 2733 perc-attint
2739 2682 2895 2719 suum
2940 2667 3179 2721 damnati
3222 2668 3463 2724 luerunt.

1885 2757 1951 2809 Et
1990 2771 2112 2809 cum
2154 2755 2331 2811 simile
2375 2757 2505 2824 quid
2545 2772 2785 2826 agerem,
2826 2758 2990 2811 metui
3039 2760 3283 2827 graviter
3308 2761 3463 2814 dant-

1883 2847 2024 2901 nari.

1956 2937 2070 2991 Non
2100 2938 2276 2992 solum
2306 2944 2488 2992 autem
2526 2953 2725 2991 memor
2751 2938 2831 3008 fui
2862 2939 3070 2991 dierum
3097 2938 3460 3007 antiquorum,

1883 3031 1979 3085 sed
2001 3031 2164 3085 etiam
2194 3030 2483 3084 occasione
2516 3029 2675 3098 hujus
2712 3029 3008 3092 metmriat,
3040 3029 3321 3083 meditatus
3344 3045 3463 3081 sunt

1880 3122 1935 3174 iu
1960 3120 2201 3174 omnibus
2230 3118 2472 3189 operibus
2506 3120 2634 3183 tuis,
2666 3119 2717 3172 id
2743 3129 2829 3173 est
2857 3118 3265 3173 meditationem
3298 3119 3462 3174 habui

1879 3213 2212 3291 inmunibus
2252 3212 2511 3281 operibus
2544 3213 2649 3266 tuis
2671 3211 3027 3281 complendis,
3059 3212 3271 3267 scilicet
3293 3212 3465 3266 medi-

1880 3315 2027 3360 tatus
2072 3320 2214 3370 sum,
2252 3303 2527 3375 quomodo
2567 3304 2750 3359 omnia
2797 3303 2961 3373 opera
2991 3313 3080 3358 tua
3109 3304 3458 3374 complerem.

1880 3396 1946 3450 Et
1975 3411 2079 3451 non
2111 3395 2284 3449 solum
2316 3394 2596 3449 meditatus
2632 3410 2774 3459 sunt,
2803 3394 2898 3448 sed
2922 3404 2972 3447 et
3000 3394 3202 3464 jugiter
3233 3395 3461 3448 medita-

1879 3490 1975 3542 bor
2021 3489 2075 3542 iu
2122 3486 2461 3557 complendis
2505 3485 2662 3555 factis
2708 3501 2963 3539 manuum
3000 3495 3236 3546 tuarum,
3284 3485 3335 3539 id
3378 3495 3464 3540 est

1877 3580 2255 3651 operationum
2315 3588 2568 3642 tuarmn,
2624 3577 2877 3633 videlicet
2932 3576 3239 3632 meditabor
3303 3580 3462 3646 quasi

1878 3671 2042 3725 modo
2054 3686 2219 3740 opera
2246 3669 2467 3733 faciam,
2491 3684 2611 3737 quas
2629 3667 2767 3721 facta
2787 3667 3004 3736 quidem
3027 3667 3459 3737 nequeuutlieri,

1879 3764 1984 3817 nisi
2012 3778 2108 3833 per
2121 3762 2467 3832 operationes
2484 3761 2675 3830 gratia:
2699 3772 2821 3815 tuae.
2848 3761 3103 3830 Ideoque,
3129 3777 3336 3831 quasso,
3357 3779 3462 3815 non

1878 3856 2040 3909 intres
2068 3869 2277 3907 mecum
2300 3854 2353 3906 in
2367 3852 2653 3921 judicium.
2681 3850 2797 3905 Non
2821 3851 2993 3905 solum
3016 3866 3146 3906 vero
3168 3852 3461 3906 meditatus

1880 3963 2000 4002 sum
2022 3955 2079 4000 et
2101 3944 2425 4008 meditabor,
2464 3943 2558 3999 sed
2585 3942 2750 3997 etiam
2781 3943 3009 4011 expandi
3059 3958 3252 3995 melius
3294 3958 3459 4006 meas,

1874 4041 1934 4093 id
1964 4046 2052 4093 est
2087 4036 2395 4091 dilataviet
2434 4036 2653 4090 extendi
2702 4033 3021 4090 allectiones
3074 4049 3243 4096 meas,
3293 4034 3363 4087 ad
3413 4044 3463 4088 te

1883 4127 2302 4199 amplexandum
2338 4134 2394 4180 et
2424 4125 2782 4195 diligendum,
2816 4139 2923 4177 non
2953 4123 3025 4177 ad
3061 4133 3277 4177 terrena
3318 4125 3464 4179 obti-

1878 4219 2080 4274 nenda.
2114 4217 2269 4285 Quod
2300 4226 2385 4271 est
2411 4217 2592 4270 dicere
2622 4232 2636 4267 :
2670 4216 2885 4269 lntense
2922 4230 3009 4269 me
3048 4218 3347 4284 pracparavi
3396 4219 3461 4273 ad

1884 4321 1936 4365 te
1962 4309 2311 4379 diligendum,
2339 4322 2366 4360 a
2394 4305 2748 4360 similitudine
2771 4305 2916 4359 illius
2939 4307 3030 4375 qui
3061 4308 3130 4360 ad
3152 4306 3465 4376 amplexan-

194 4404 461 4467 obscuris,
492 4419 578 4459 me
606 4406 727 4460 dico
758 4407 955 4461 factum
979 4409 1112 4461 sicut
1136 4418 1368 4463 mortuos
1391 4386 1590 4471 sirculi,
1620 4411 1671 4463 id
1696 4422 1778 4463 est
1813 4402 1860 4459 Ι)
1884 4399 2011 4451 dum
2062 4396 2211 4450 mm“
2258 4409 2419 4464 quem
2477 4394 2633 4449 "3M3
2684 4386 2892 4464 mugit»
2947 4410 3139 4450 ιιιθηηε
3182 4398 3460 4465 “Pamm-

198 4495 342 4549 adeo
369 4505 639 4549 mortuum
669 4498 721 4550 in
755 4497 933 4551 anima
958 4499 1098 4553 sicut
1120 4499 1193 4553 illi
1226 4499 1277 4551 in
1310 4499 1527 4562 sa'eulo,
1552 4500 1641 4568 qui
1664 4500 1777 4567 jam

201 4586 407 4639 mortui
438 4595 565 4640 sunt
595 4587 648 4640 in
689 4590 894 4652 anima,
924 4590 1154 4651 scilicet,
1193 4589 1265 4642 ita
1314 4590 1366 4642 itt
1399 4590 1638 4659 peccatis
1666 4592 1779 4644 cnl—

196 4678 403 4730 locavit
444 4685 501 4728 ut
544 4687 790 4732 mortuus
819 4694 995 4733 essem
1041 4680 1177 4733 sicut
1222 4681 1406 4733 caeteri
1453 4682 1780 4751 appelitores

198 4767 367 4836 hujus
392 4766 593 4830 saeculi,
620 4768 709 4835 qni
735 4767 844 4835 jam
868 4770 920 4823 in
945 4770 1125 4823 anima
1151 4780 1376 4825 mortem
1406 4773 1780 4829 excmeationis

194 4869 258 4912 et
294 4858 605 4912 amissionis
639 4859 895 4913 virtutum
935 4862 1301 4927 incurrerunt,
1353 4862 1406 4915 in
1438 4862 1619 4918 futuro
1652 4879 1779 4917 vero

198 4949 255 5003 in
289 4948 541 5003 tenebras
566 4951 868 5006 exteriores
894 4952 1201 5020 ejicientur.

278 5040 343 5093 Et
372 5040 626 5110 quoniam
668 5043 980 5099 humiliatus
1008 5060 1126 5099 sum
1166 5055 1221 5099 et
1256 5046 1307 5099 in
1344 5046 1584 5100 tenebris
1613 5046 1776 5101 collo-

195 5137 379 5194 catus,
412 5130 501 5184 tali
542 5132 828 5188 occasione
867 5137 1114 5189 anxiatus
1158 5146 1232 5190 est
1282 5137 1495 5206 spiritus
1532 5154 1696 5201 meus,
1727 5138 1777 5189 id

196 5227 290 5273 est
317 5220 640 5273 conturbata
671 5229 752 5275 est
779 5223 919 5276 ratio
945 5224 1169 5294 spiritus
1191 5225 1316 5289 mei,
1345 5233 1397 5279 et
1422 5232 1777 5295 coangustata

196 5326 361 5378 super
388 5326 489 5373 me,
521 5311 573 5364 id
603 5320 687 5364 est
716 5313 781 5367 de
809 5329 894 5368 me
924 5314 1204 5369 humiliato
1230 5325 1285 5369 et
1314 5317 1364 5369 in
1394 5316 1641 5370 obscuris
1668 5314 1777 5369 cnl-

199 5401 399 5455 locato.
429 5397 581 5465 Quod
617 5411 702 5457 est
738 5403 917 5458 dicere
952 5422 965 5457 :
1009 5404 1239 5460 Ratione
1270 5421 1387 5460 mea
1423 5405 1777 5460 considerans

203 5508 289 5549 me
317 5493 395 5547 sic
427 5490 588 5562 566
618 5492 962 5547 humiliatum
991 5504 1044 5547 et
1071 5493 1123 5547 in
1156 5495 1404 5550 obscuris
1431 5494 1773 5558 collocatum,

200 5584 426 5639 nimiam
474 5581 599 5637 inde
635 5582 687 5637 in
731 5584 908 5637 anima
954 5584 1113 5638 habui
1159 5585 1506 5640 anxietatem.
1546 5582 1637 5637 γει
1676 5583 1775 5645 sie,

194 5685 258 5733 ut
289 5685 470 5733 tamen
498 5675 763 5728 sententia
799 5675 986 5729 eadem
1018 5676 1087 5729 sit
1122 5692 1134 5727 :
1169 5679 1426 5731 Anxiatus
1454 5685 1528 5730 est
1561 5674 1773 5744 spiritus

647 5771 915 5828 ΡΑΤιιοι..
947 5769 1123 5829 CL“.

1886 4485 2153 4557 Expandi,
2207 4486 2451 4555 inquam,
2511 4501 2699 4538 manus
2749 4501 2890 4537 meas
2948 4485 3019 4537 ad
3062 4497 3132 4539 te.
3176 4485 3244 4539 Et
3285 4488 3464 4539 adhuc
3522 4486 3525 4489 ’

1874 4579 2061 4630 anima
2094 4593 2209 4631 mea
2244 4577 2345 4629 tibi
2381 4576 2575 4640 inhiat,
2614 4585 2673 4629 et
2705 4586 2754 4629 te
2791 4576 3017 4644 adipisci
3054 4577 3355 4641 desiderat,
3388 4578 3461 4630 ita

1882 4670 2230 4725 vehementer
2254 4668 2386 4722 sicut
2417 4677 2557 4722 terra
2585 4670 2698 4722 sine
2740 4685 2877 4737 aqua
2909 4684 3066 4738 aqua‘.
3113 4670 3306 4734 inhiat,
3354 4686 3459 4739 qua

1880 4762 2069 4815 satiari
2096 4759 2249 4814 valde
2296 4759 2592 4815 desiderat.
2628 4760 2782 4826 Quod
2818 4750 3113 4815 estdicere
3146 4780 3159 4814 :
3191 4759 3269 4815 Te
3296 4762 3459 4815 nimis

1882 4853 2067 4923 diligo,
2103 4852 2197 4906 tibi
2240 4851 2342 4906 soli
2377 4850 2661 4905 adhaerere
2700 4852 2878 4920 cupio.
2921 4851 3186 4919 Quoniam
3232 4868 3361 4922 ergo
3404 4853 3456 4905 in

1878 4943 2134 5013 operibus
2167 4941 2274 4995 tuis
2303 4942 2595 4996 meditatus
2626 4958 2763 5006 sum,
2811 4952 2866 4997 et
2895 4945 2963 4996 ad
3000 4953 3051 4997 te
3082 4958 3275 4996 manus
3310 4960 3458 4997 meas

1876 5032 2137 5103 exspandi,
2166 5031 2361 5085 exaudi
2392 5047 2491 5095 me,
2523 5031 2765 5098 Domine,
2798 5040 2858 5085 ut
2883 5032 3133 5086 conferas
3159 5032 3302 5101 quod
3335 5047 3451 5094 oro,

1880 5135 1936 5177 et
1966 5125 2066 5177 hoc
2096 5122 2361 5188 velociter,
2387 5122 2439 5177 id
2460 5131 2547 5177 est
2572 5123 2815 5177 indilate.
2844 5123 2910 5175 Et
2931 5122 3155 5191 dignum
3182 5130 3262 5176 cst
3289 5131 3348 5175 ut
3372 5138 3455 5176 me

1879 5214 2175 5277 exandias;
2217 5228 2341 5267 nam
2369 5213 2481 5282 jam
2512 5214 2701 5283 defecit
2738 5214 2790 5267 in
2832 5215 3164 5279 mespiritus
3203 5231 3369 5277 meus,
3400 5214 3454 5269 id

1881 5316 1965 5359 est
1997 5306 2247 5361 voluntas
2276 5307 2500 5375 spiritus
2524 5308 2649 5371 mei,
2677 5308 2764 5360 illa
2791 5307 3067 5371 videlicet,
3093 5324 3212 5377 qum
3233 5324 3301 5362 ex
3328 5323 3447 5363 car-

1878 5402 1965 5453 nis
1994 5399 2290 5469 l'ragilitate
2331 5400 2462 5454 mihi
2505 5400 2875 5469 contingebat.
2917 5398 3068 5465 Quod
3105 5410 3192 5454 est
3218 5402 3400 5455 dicere
3432 5415 3448 5453 :

1872 5488 2551 5559 ranuntatem,fragilitatis
2577 5504 2709 5543 mete
2736 5490 3034 5559 postposui,
3053 5499 3109 5544 et
3133 5490 3199 5545 ad
3226 5490 3450 5544 nihilum

1879 5596 2000 5635 eam
2042 5580 2244 5646 redegi,
2284 5588 2342 5632 et
2369 5587 2472 5632 tua:
2517 5579 2780 5633 voluntati
2835 5580 3189 5649 adimplenda:
3220 5579 3445 5633 adhazsi.

1863 5672 2185 5727 Notandum
2217 5670 2359 5741 quod
2413 5671 2541 5726 dicit
2576 5670 2815 5726 velociter
2844 5675 3034 5725 exaudi
3063 5690 3162 5735 me,
3198 5670 3337 5725 idem
3363 5676 3450 5725 est

2924 5765 3009 5824 33‘

3304 5843 3327 5855 ⁴
