3978 6328
442 206 451 211 ’
494 238 647 295 εδει

1072 235 1129 291 S.
1172 235 1517 293 BRUNONIS
1554 233 1941 293 CARTIIUSIA
1957 235 2199 293 NORUM
2238 235 2719 296 INSTITUTORIS
2745 238 2896 296 ΟΡΡ.
2942 240 3118 299 PARS
3148 243 3185 299 l.

3638 249 3779 308 1588

508 350 652 422 quod
696 342 946 422 superius
997 350 1206 421 posuit;
1247 350 1494 419 Domine,
1549 353 1749 407 exaudi
1797 353 2087 407 orationem
2120 359 2163 418 Α
2194 354 2390 419 debes,
2424 370 2456 411 ο
2484 355 2734 423 Domine;
2765 360 2989 413 nam‘ad
3021 370 3070 414 te
3114 362 3326 432 confugi
3382 364 3704 432 pmoitcndo
3734 376 3786 420 et

507 460 710 508 meam;
735 443 830 500 sed
856 444 976 500 ideo
1008 443 1299 514 repetitum
1330 434 1412 499 εει
1443 453 1567 515 post
1595 444 1817 499 multam
1846 446 2087 514 interpo-

507 534 783 599 sitionem,
814 543 874 589 ut
917 535 1135 591 tandem
1169 546 1405 607 exponat
1431 550 1531 606 per
1562 545 1749 606 partes
1777 535 2083 590 orationem

505 639 659 680 suam
708 625 787 679 sic
820 642 833 678 :
866 625 1079 679 Exaudi
1121 642 1225 692 me,
1264 628 1506 697 inquam,
1544 624 1806 690 velociter,
1841 643 1922 681 me
1963 628 2085 682 dico

504 717 863 771 sic-orantem
894 732 907 769 :
943 715 1067 771 Non
1102 727 1312 772 avertas
1334 716 1523 786 faciem
1555 724 1724 782 tuam,
1764 717 1815 771 id
1846 726 1931 773 est
1963 719 2083 789 pul-

503 807 871 863 chritudinem
904 814 1053 863 tuam
1083 826 1116 863 a
1146 824 1252 873 me,
1279 809 1532 874 virtutes,
1556 808 1768 865 scilicet
1796 825 1917 879 ιιιιτε
1957 820 2084 867 sunt

501 895 699 950 animm
741 896 1106 967 pulchritudo.
1150 897 1341 953 Facies
1370 912 1472 967 pro
1493 897 1896 969 pulchritudine
1927 902 2082 971 prmi-

500 995 611 1053 tur,
638 999 704 1043 eo
730 987 874 1057 quod
906 987 958 1040 in
989 985 1132 1041 facie
1162 986 1510 1057 pulchritudo
1538 997 1778 1057 notetur,
1809 1005 1874 1045 ac
1912 993 1957 1047 si
1996 993 2079 1047 di-

499 1088 591 1135 cat
620 1097 635 1139 :
670 1078 903 1150 Propter
924 1079 1120 1135 merita
1146 1089 1494 1151 peccatorum
1520 1097 1552 1138 a
1581 1097 1669 1138 me
1700 1083 1893 1139 faciem
1925 1099 2080 1139 aver-

499 1170 648 1233 tisti,
692 1169 746 1223 id
784 1177 870 1223 est
914 1168 1373 1239 pulchritudinem
1419 1171 1685 1227 virtutum
1733 1188 1852 1243 quae
1886 1190 1983 1245 per
2026 1186 2078 1232 te

502 1260 679 1312 datur.
710 1258 977 1313 Caeterum
1003 1259 1129 1328 quia
1158 1258 1271 1329 jam
1316 1275 1417 1331 ago
1444 1261 1853 1331 paenitentiam,
1884 1279 1981 1319 oro
2015 1283 2079 1320 ne

495 1349 725 1404 ulterius
754 1366 785 1402 a
819 1365 901 1403 me
926 1350 1116 1419 faciem
1140 1361 1366 1407 avertas.
1397 1353 1496 1410 Hic
1523 1353 1684 1410 datur
1716 1356 1941 1429 intelligi
1982 1373 2079 1428 per

492 1440 739 1507 iyptoten
775 1440 943 1494 redde
971 1440 1106 1495 mihi
1138 1439 1334 1497 faciem
1369 1452 1537 1509 tuam,
1569 1460 1733 1513 quam
1765 1462 1795 1500 a
1827 1462 1912 1503 me
1950 1464 2075 1517 pro-

492 1538 617 1597 pter
654 1540 1004 1600 peccatorum
1052 1546 1296 1588 meorum
1346 1534 1748 1593 multitudinem
1799 1540 2071 1595 avertisti.

565 1618 690 1675 Non
745 1631 976 1690 avertas,
1020 1623 1270 1694 inquam,
1297 1642 1329 1680 a
1366 1642 1448 1681 me
1478 1626 1688 1696 faciem.
1733 1628 1799 1683 Et
1840 1630 1884 1685 si
1916 1646 2073 1687 aver-

2188 448 2413 503 orando.
2454 448 2590 516 Quia
2626 464 2756 505 vero
2784 465 2890 506 ιιοςι
2922 450 3194 507 sufficeret
3236 452 3305 507 ab
3342 453 3583 510 inimicis
3621 457 3784 525 eripi,

2188 539 2291 595 nisi
2344 540 2504 595 etiam
2560 542 2629 597 sit
2659 543 2792 599 bene
2822 544 3071 613 Optrari,
3126 545 3256 600 doce
3303 546 3789 605 meillnstratione

2186 633 2372 701 gratim
2403 643 2537 698 tuae,
2563 634 2737 703 facere
2765 634 3085 690 voluntatem
3112 648 3279 703 tuam,
3310 638 3361 692 id
3392 651 3477 696 est
3507 641 3787 711 complere

2187 731 2452 793 praecepta
2480 737 2591 778 tua.
2643 722 2709 779 Et
2739 724 2859 779 ideo
2882 734 2935 780 te
2959 741 3060 783 oro
3098 737 3157 782 ut
3199 730 3423 793 doceas,
3475 732 3605 801 quia
3640 730 3785 785 Deus

2183 826 2329 867 meus
2358 827 2412 866 es
2446 821 2533 878 tu,
2572 813 2814 880 scilicet,
2843 830 2969 871 cum
3000 826 3053 870 tu
3079 817 3156 872 sis
3185 818 3411 873 Creator
3446 835 3637 885 meus,
3668 823 3732 875 εἱι
3753 836 3789 875 e

2184 916 2291 967 quo
2323 917 2444 959 esse
2477 918 2585 959 non
2625 906 2809 973 potui,
2848 906 2964 961 scio
2991 907 3115 976 quia
3155 908 3272 961 sine
3304 917 3356 961 te
3389 923 3604 979 nequeo
3644 912 3785 964 bere

2182 992 2429 1061 operari,
2450 993 2678 1062 ideoque
2709 1003 2783 1059 te,
2807 1009 2906 1050 oro
2926 998 3053 1050 doce
3079 1006 3300 1065 me,etc.

2252 1080 2553 1137 Notandum
2573 1084 2716 1153 quod
2738 1084 2878 1139 idem
2892 1095 2977 1141 est
2995 1086 3122 1141 doce
3142 1104 3220 1142 me
3241 1088 3416 1156 facere
3427 1090 3780 1155 voluntatem,

2179 1182 2232 1228 et
2253 1173 2395 1244 quod
2416 1175 2663 1244 superius
2692 1176 2927 1246 positum
2959 1187 3075 1243 est,
3126 1188 3305 1233 notam
3347 1182 3435 1250 fac
3476 1182 3613 1235 milii
3642 1182 3779 1236 siam

2178 1266 2233 1320 in
2269 1282 2374 1335 qua
2401 1266 2699 1331 ambulem;
2727 1269 2821 1324 sed
2847 1268 2914 1322 ad
2946 1268 3094 1323 aliud
3121 1270 3412 1339 repetitum
3439 1280 3524 1325 est
3542 1310 3559 1338 ,
3590 1273 3660 1326 ad
3678 1273 3781 1329 hoc

2126 1422 2131 1427 ο
2178 1357 2425 1413 videlicet
2465 1368 2523 1413 ut
2563 1358 2754 1414 innuat
2789 1374 2897 1415 non
2930 1357 3176 1416 sufﬁcere
3211 1360 3281 1417 ab
3310 1362 3555 1418 inimicis
3604 1366 3776 1434 eripi,

2177 1447 2280 1501 nisi
2307 1456 2567 1517 sequatur
2609 1449 2748 1504 bene
2778 1448 3025 1520 Operari,
3083 1458 3138 1505 et
3184 1451 3312 1520 quia
3364 1453 3548 1507 nullus
3596 1464 3776 1523 potest

2175 1539 2313 1595 bene
2339 1554 2527 1611 agere,
2559 1540 2660 1596 nisi
2690 1540 2920 1596 Domino
2944 1543 3190 1598 docente.
3231 1542 3495 1599 Oratione
3523 1544 3675 1600 facta
3702 1562 3768 1600 er

2176 1634 2343 1689 nimia
2377 1634 2700 1690 certitudine
2737 1634 2891 1690 honre
2920 1636 3303 1701 conscientiae,
3348 1639 3628 1708 promittit
3668 1641 3770 1696 sibi

490 1713 647 1780 teris,
681 1714 872 1769 similis
918 1732 1008 1771 ero
1059 1717 1488 1774 descendentibus
1527 1721 1581 1776 in
1630 1721 1826 1787 lacum,
1884 1725 1936 1780 id
1991 1733 2072 1781 est
2106 1704 2148 1757 Β
2177 1727 2318 1797 quod
2347 1728 2546 1785 oravit.
2577 1727 2643 1781 Et
2662 1727 2765 1782 hoc
2798 1726 2939 1782 valet
2965 1728 3032 1782 ad
3064 1704 3493 1786 consolationem
3531 1731 3771 1787 aliorum

488 1814 651 1887 567
692 1815 743 1871 in
771 1816 1189 1887 profunditatem
1231 1818 1462 1886 inferni,
1501 1829 1560 1875 ut
1614 1821 1773 1876 simul
1824 1838 1946 1878 cum
1994 1826 2075 1879 eis

486 1908 941 1976 descendam;ac
967 1910 1013 1965 si
1035 1910 1178 1966 dicat
1207 1929 1221 1967 :
1255 1910 1315 1967 Si
1364 1927 1396 1968 a
1443 1927 1529 1968 me
1574 1913 1767 1969 faciem
1816 1924 1959 1970 tuam
2019 1916 2070 1970 in

485 2010 750 2058 arternnm
786 2003 1048 2058 averteris
1073 2042 1089 2067 ,
1116 2004 1168 2058 in
1192 2004 1517 2074 profundum
1565 2003 1758 2060 inferni
1794 2021 1918 2062 cum
1956 2023 2073 2078 pec-

486 2093 767 2147 catoribus
792 2092 1037 2150 localiter
1056 2094 1376 2151 descendam
1402 2139 1417 2163 ,
1460 2096 1548 2150 ubi
1575 2095 1715 2150 nulla
1739 2108 1823 2152 est
1861 2098 2069 2154 redem~

485 2182 618 2251 ptio,
647 2182 876 2254 ideoque
897 2199 995 2239 oro
1022 2201 1125 2238 non
1150 2195 1354 2240 avertas
1379 2186 1566 2255 faciem
1596 2195 1741 2241 tuam
1768 2204 1802 2242 α
1835 2204 1932 2243 me.
1963 2188 2071 2245 Oro

484 2281 546 2327 ut
575 2274 661 2330 hic
691 2292 795 2330 non
816 2285 1021 2330 avertas
1062 2275 1281 2345 faciem,
1332 2292 1429 2332 oro
1463 2292 1677 2347 quoque
1707 2288 1765 2332 nt
1811 2280 1864 2334 in
1920 2297 2071 2335 mane

485 2363 591 2418 diei
616 2362 836 2431 iudicii,
869 2363 922 2418 id
948 2373 1033 2418 est
1059 2364 1110 2419 in
1157 2367 1416 2420 matutina
1470 2368 1865 2422 resurrectione
1891 2409 1907 2435 ,
1951 2385 2071 2440 qua:

483 2453 588 2507 erit
616 2454 668 2507 in
697 2453 937 2508 diluculo
967 2463 1171 2507 octava:
1200 2453 1336 2520 diei,
1396 2454 1564 2522 facias
1601 2456 1835 2511 auditam
1863 2460 2070 2513 miseri-

484 2545 719 2598 cordiam
745 2553 889 2598 tuam
913 2585 927 2608 ,
970 2544 1098 2598 illud
1132 2544 1379 2600 videlicet
1418 2546 1642 2600 verbum
1685 2549 2066 2606 suavissimum

485 2638 629 2708 quod
660 2638 936 2694 salvandis
967 2637 1396 2695 misericorditer
1432 2639 1581 2696 dices
1603 2680 1619 2705 ,
1666 2641 1808 2710 quod
1858 2643 2068 2697 miseri-

482 2730 665 2785 cordia
693 2729 925 2795 dicitur,
958 2728 1101 2800 quod
1131 2729 1237 2785 tale
1265 2730 1405 2786 erit:
1456 2750 1475 2783 ι
1521 2731 1744 2797 Venite,
1797 2733 2065 2790 benedicti

483 2822 699 2888 (Matth.
733 2836 869 2890 xxv,
895 2821 1011 2892 54),
1050 2841 1068 2874 ι
1105 2831 1213 2877 etc.
1241 2821 1377 2890 Quia
1410 2837 1536 2887 vero
1575 2824 1727 2880 multi
1776 2825 2064 2883 damnandi

479 2918 547 2972 ad
583 2917 787 2972 nullam
810 2916 1098 2973 utilitatem
1120 2931 1276 2971 suam
1306 2917 1409 2973 hoc
1438 2917 1682 2984 audient,
1716 2918 1864 2974 addit
1890 2938 1904 2973 :
1931 2918 2065 2988 Fac,

478 3011 699 3081 inquam
721 3049 745 3102 ,ξ
772 3010 1031 3102 auditam.
1068 3008 1137 3064 Et
1163 3009 1265 3064 hoc
1292 3009 1448 3076 mihi,
1491 3009 1543 3065 id
1568 3021 1652 3066 est
1684 3011 1752 3066 ad
1774 3011 2062 3068 utilitatem
2092 3044 2133 3102 ε

479 3114 683 3167 meam,
732 3100 807 3155 ita
855 3099 1063 3156 scilicet
1100 3109 1160 3156 ut
1191 3116 1330 3158 unus
1358 3102 1460 3158 sim
1490 3117 1555 3158 ex
1589 3103 1697 3160 illis
1724 3104 1925 3174 quibus
1959 3106 2063 3162 hoc

475 3190 703 3245 verbum
734 3188 1120 3245 misericordia:
1146 3190 1381 3247 dicetur.
1419 3192 1653 3264 Ideoque
1678 3196 1765 3263 fac
1800 3195 2060 3261 auditam,

475 3280 602 3350 quia
636 3281 693 3335 in
730 3288 809 3345 te,
843 3295 947 3337 non
971 3280 1025 3337 in
1058 3295 1173 3349 me,
1204 3284 1437 3353 speravi,
1471 3283 1523 3339 id
1554 3294 1638 3346 est
1676 3285 1728 3341 in
1764 3294 1816 3341 te
1847 3301 2062 3343 onmem

475 3387 630 3444 spem
681 3372 999 3431 salvationis
1042 3388 1177 3429 meae
1221 3374 1405 3444 posui,
1444 3376 1636 3432 nonin
1681 3378 1906 3435 meritis.
1955 3380 2063 3437 Oro

477 3480 583 3519 non
612 3473 819 3519 avertas
843 3463 1031 3533 faciem
1053 3473 1200 3518 tuam
1224 3481 1256 3518 a
1291 3482 1372 3521 me
1397 3507 1413 3531 ,
1468 3466 1522 3522 id
1559 3476 1645 3523 est
1668 3468 1929 3524 virtutum
1966 3486 2063 3527 oro

477 3554 939 3623 pulchritudinem
969 3555 1104 3610 mihi
1130 3554 1336 3612 confer.
1371 3556 1435 3611 Et
1458 3571 1563 3612 non
1596 3557 1769 3614 solum
1797 3559 2060 3616 virtutum

476 3659 575 3698 oro
610 3643 1063 3713 pulchritudinem
1091 3646 1223 3701 mihi
1248 3646 1392 3712 dari,
1425 3647 1519 3703 sed
1542 3648 1707 3703 etiam
1733 3663 1853 3717 oro,
1884 3661 2061 3707 notam

477 3734 566 3804 fac
592 3733 721 3787 mihi
746 3734 881 3786 viam
902 3734 1164 3790 bonorum
1195 3751 1442 3805 operum.
1473 3737 1539 3791 Et
1570 3752 1640 3793 ne
1665 3747 1947 3808 putaretur
1960 3741 2062 3797 hoc

474 3839 638 3881 orare
684 3835 744 3881 ιιι
783 3824 833 3879 ei
870 3825 1206 3883 solummodo
1241 3830 1535 3885 secundum
1578 3832 1862 3887 scientiam
1917 3836 2060 3889 viam

472 3922 616 3976 hanc
643 3919 747 3975 sibi
776 3926 960 3973 notam
988 3917 1224 3985 laceret,
1268 3921 1596 3979 determinat
1638 3926 1909 3995 quomodo
1944 3936 2064 3982 oret

472 4013 578 4069 sibi
605 4011 723 4070 fieri
756 4021 934 4066 notam
958 4008 1039 4066 sic
1067 4025 1086 4065 ι
1126 4007 1355 4079 Notam,
1380 4012 1597 4083 inquam
1624 4015 1710 4078 fac
1734 4018 1865 4071 mihi
1892 4018 2062 4073 hono—

473 4121 592 4159 rum
621 4118 845 4174 operum
869 4102 1036 4169 viam,
1066 4101 1123 4157 in
1154 4118 1258 4173 qua
1282 4102 1536 4160 videlicet
1563 4106 1823 4161 ambulem
1851 4122 1867 4161 :
1901 4109 1952 4164 id
1979 4118 2063 4165 est

472 4208 793 4265 promovear
815 4192 881 4248 de
903 4192 1045 4248 bono
1081 4193 1136 4248 in
1165 4191 1358 4248 melius
1380 4232 1396 4258 ,
1429 4193 1638 4249 scilicet
1673 4194 1761 4251 fac
1792 4197 1925 4251 mihi
1959 4213 2062 4253 no-

473 4296 585 4341 tam
616 4286 757 4341 viam
781 4286 922 4341 hanc
943 4286 1238 4340 secundum
1264 4286 1655 4356 experientiam
1680 4289 2058 4358 promotiouis,

2176 1822 2579 1892 paenitentiam,
2602 1832 2694 1890 ut,
2724 1839 2819 1895 spe
2848 1823 3149 1894 adoptionis
3180 1822 3331 1889 freti,
3365 1839 3472 1879 non
3502 1825 3573 1880 de
3602 1826 3770 1880 mise-

2178 1914 2408 1968 ricordia
2455 1914 2774 1985 deSperent,
2832 1915 2967 1981 sed,
3016 1924 3074 1969 ιιι
3133 1915 3567 1971 mi~ericordiam
3624 1931 3775 1971 assc-

2174 2011 2444 2073 quantur,
2478 2004 2731 2074 exemplo
2760 2002 2877 2073 ejus
2921 2014 3096 2060 orent.
3141 2003 3254 2059 lloc
3308 2019 3437 2076 ergo
3477 2008 3559 2060 sic
3594 2008 3768 2062 dicit:

2174 2091 2334 2147 Oravi
2366 2108 2429 2147 ne
2450 2103 2654 2147 avertas
2682 2093 2871 2163 faciem
2897 2104 3041 2145 luant
3080 2110 3111 2146 a
3137 2109 3248 2157 me,
3301 2093 3351 2147 id
3382 2102 3467 2149 est
3502 2096 3767 2150 virtutum

2173 2174 2671 2253 pulchritudinem,
2703 2194 2757 2240 ει
2785 2194 2960 2239 notam
2992 2185 3078 2253 fac
3104 2185 3235 2239 viam
3265 2185 3318 2237 in
3342 2202 3445 2254 qua
3475 2187 3766 2253 ambulem,

2173 2283 2229 2330 et
2250 2285 2307 2331 ut
2329 2290 2415 2330 me
2436 2276 2504 2331 ab
2528 2276 2761 2331 inimicis
2783 2277 3012 2347 eripias.
3064 2285 3119 2332 et
3147 2290 3274 2330 vere
3300 2277 3575 2347 adipiscar
3624 2286 3765 2347 qtnu

2172 2367 2344 2422 oravi.
2372 2365 2507 2421 Nam
2531 2368 2745 2436 spiritus
2778 2377 2898 2422 tuus
2925 2369 3088 2422 bonus
3117 2368 3332 2421 deducet
3361 2384 3443 2421 me
3484 2369 3539 2421 in
3568 2379 3764 2423 terram

2173 2469 2364 2513 rectam
2396 2499 2411 2524 ,
2438 2458 2661 2522 scilicet,
2689 2474 2810 2515 cum
2833 2475 2932 2531 ego
2958 2474 3043 2514 me
3067 2459 3285 2514 fecerim
3304 2469 3504 2514 terram
3535 2475 3762 2530 pravam

2171 2558 2225 2603 et
2250 2547 2523 2615 sterilem,
2557 2548 2764 2602 nullum
2799 2548 3034 2604 fructum
3063 2563 3287 2618 operum
3321 2549 3589 2604 honorum
3636 2553 3764 2607 red-

2171 2644 2385 2696 dentem
2410 2680 2429 2709 ,
2468 2643 2561 2696 sed
2588 2640 2771 2711 Spinas
2797 2656 3023 2712 operum
3064 2640 3325 2695 malorum
3349 2641 3720 2711 proferentenn
3747 2688 3762 2707 ,

2171 2731 2405 2802 Spiritus
2430 2741 2650 2788 sanctus
2677 2738 2830 2794 tuus,
2863 2730 2955 2801 qui
2986 2746 3108 2786 cum
3139 2732 3313 2785 bonus
3336 2731 3406 2786 sit
3442 2730 3495 2785 in
3530 2743 3762 2798 natura,

2171 2839 2257 2879 me
2287 2839 2501 2893 quoque
2528 2824 2725 2879 bonum
2759 2824 2940 2879 facere
2981 2833 3162 2893 potest
3207 2824 3276 2878 de
3312 2824 3413 2879 hoc
3456 2825 3604 2894 quod
3641 2841 3761 2880 sum

2168 2930 2331 2987 prava
2360 2924 2538 2980 terra,
2578 2915 2737 2969 ducet
2776 2929 2865 2969 me
2889 2914 2958 2969 ad
2987 2916 3088 2969 hoc
3113 2923 3171 2969 ut
3193 2914 3293 2970 sim
3322 2914 3464 2983 bona
3503 2926 3559 2971 et
3613 2931 3763 2971 recta

2169 3014 2313 3061 terra
2340 3047 2355 3069 ,
2383 3016 2438 3061 et
2460 3006 2654 3061 fertilis
2690 3006 2743 3061 in
2775 3006 3066 3062 virtutibus
3097 3018 3152 3061 et
3186 3007 3341 3062 bonis
3370 3008 3655 3076 operibus.
3700 3008 3767 3063 Et

2166 3112 2263 3168 per
2286 3094 2535 3151 saucium
2564 3096 2824 3167 Spiritum
2858 3105 3007 3151 tuum
3039 3098 3287 3167 ponendo
3314 3112 3403 3153 tne
3436 3099 3492 3152 in
3512 3099 3765 3169 (equitate

2164 3190 2421 3244 virtutum
2456 3196 2511 3244 et
2531 3203 2755 3259 operum
2779 3187 3079 3255 bonorum,
3110 3190 3365 3260 aequitate
3395 3189 3521 3245 dico
3545 3201 3675 3255 tua,
3707 3193 3761 3246 id

2163 3291 2248 3337 est
2272 3297 2301 3335 a
2328 3290 2379 3336 te
2399 3281 2595 3347 danda,
2620 3281 2903 3349 vivi/icabis
2927 3297 3007 3335 me
3025 3279 3078 3335 in
3103 3282 3283 3334 anima
3312 3292 3409 3351 per
3430 3282 3573 3335 hanc
3591 3284 3768 3352 :equi-

2167 3383 2365 3438 tatem,
2393 3372 2482 3442 qui
2516 3380 2761 3428 mortuus
2788 3386 2907 3427 sum
2937 3386 3034 3441 per
3069 3380 3369 3439 peccatum.
3413 3369 3759 3439 Vivi/icabis.

2165 3462 2330 3535 568
2372 3462 2633 3534 inquam,
2682 3464 2815 3529 me,’
2844 3472 2903 3518 ct
2940 3463 3042 3518 hoc
3099 3462 3265 3517 facies
3309 3474 3520 3534 propter
3568 3480 3763 3518 nomen

2162 3568 2308 3610 tuum
2330 3597 2346 3622 ,
2381 3555 2433 3611 id
2461 3564 2545 3611 est
2574 3564 2792 3626 prepter
2813 3555 3039 3627 gloriam
3073 3565 3218 3611 tuam
3242 3557 3705 3627 augmentandam
3739 3573 3755 3621 ;

2162 3646 2246 3701 vel
2267 3656 2478 3717 propter
2502 3663 2685 3702 nomen
2702 3658 2849 3701 tuum
2864 3688 2881 3713 ,
2906 3648 2958 3703 id
2980 3658 3063 3704 est
3087 3657 3306 3718 propter
3322 3648 3759 3704 misericordiam

2164 3747 2338 3804 tuam,
2364 3753 2469 3793 non
2498 3744 2716 3807 propter
2741 3739 2932 3793 merita
2960 3753 3097 3795 mea.
3126 3738 3192 3793 Et
3212 3738 3542 3793 vivificando
3567 3740 3763 3793 educes

2162 3831 2227 3884 de
2251 3830 2587 3884 tribulatione
2610 3830 2902 3885 anxietatis
2929 3830 3161 3884 animant
3183 3846 3350 3884 meam
3379 3830 3595 3885 scilicet
3633 3847 3761 3885 cum

2161 3934 2263 3991 ego
2292 3920 2455 3974 nimis
2481 3919 2671 3974 anxier
2694 3919 2759 3975 de
2784 3919 2888 3976 hoc
2921 3920 3064 3990 quod
3097 3927 3340 3974 mortuus
3361 3920 3464 3974 sim
3490 3920 3546 3973 in
3573 3921 3762 3974 anima

2162 4026 2260 4083 per
2308 4021 2633 4080 peccatum,
2690 4020 2744 4065 et
2792 4012 2935 4081 quod
2985 4012 3245 4065 virtutum
3294 4010 3761 4079 pulchritudinem

2163 4105 2353 4170 amisi,
2404 4114 2459 4160 tu
2490 4105 2692 4175 eripies
2733 4105 2970 4159 animam
3022 4118 3197 4158 meam
3236 4105 3306 4157 ab
3345 4103 3449 4157 hac
3474 4105 3763 4159 anxietate

2163 4197 2485 4252 vivificando
2519 4211 2604 4252 me
2627 4197 2679 4250 in
2708 4195 3019 4253 virtutibus.
3058 4193 3124 4247 Et
3150 4209 3248 4265 per
3274 4195 3377 4249 hoc
3403 4193 3686 4264 disperdes
3708 4198 3761 4249 in

2162 4285 2521 4340 misericordia
2557 4296 2680 4351 tua,
2717 4284 2771 4340 id
2816 4292 2900 4340 est
2945 4285 2999 4339 in
3054 4291 3303 4353 respectu
3357 4282 3760 4353 nzisericordirp

474 4378 529 4432 id
556 4385 638 4433 est
663 4379 747 4431 fac
782 4390 868 4431 me
900 4374 1245 4444 frequentare
1277 4376 1416 4431 hanc
1445 4376 1621 4444 viam,
1653 4391 1683 4431 a
1708 4377 2060 4435 similitudine
2092 4386 2136 4441 Ι)
2164 4388 2265 4434 tum
2289 4392 2395 4433 non
2429 4378 2486 4433 in
2514 4377 2949 4433 consideratione
2990 4376 3307 4431 meritorum
3343 4389 3632 4442 meorum,
3658 4377 3759 4430 ὺιὶ-

474 4467 704 4523 viatoris
738 4465 940 4521 dictum
963 4472 1077 4531 est,
1106 4465 1192 4521 cui
1218 4464 1356 4522 bene
1380 4475 1507 4522 nota
1533 4476 1619 4522 est
1648 4468 1733 4523 via
1758 4484 1920 4539 quam
1947 4470 2057 4525 fre-

474 4566 718 4629 quentat.
750 4556 874 4617 ideo
896 4570 1024 4611 vero
1050 4554 1135 4625 fac
1157 4556 1286 4610 mihi
1309 4567 1486 4611 notam
1509 4558 1648 4612 riam
1670 4560 1723 4613 in
1749 4576 1853 4629 qua
1875 4562 2060 4615 ambu-

475 4648 610 4712 lem,
639 4646 764 4716 quia
792 4647 1026 4701 animam
1064 4662 1235 4700 meam
1266 4648 1539 4715 peccando
1568 4650 1719 4719 prius
1768 4650 2011 4722 depressi
2039 4691 2056 4719 ,

473 4754 622 4796 nunc
649 4737 866 4793 tandem
892 4737 1084 4802 levavi,
1136 4737 1192 4793 id
1245 4747 1327 4794 est
1379 4740 1664 4796 sublimavi
1712 4742 2057 4811 ptenitendo,

472 4834 615 4887 bene
643 4826 965 4899 cogitando,
999 4828 1231 4883 virtutes
1273 4836 1328 4884 et
1356 4827 1498 4885 bona
1526 4844 1692 4901 opera
1731 4832 2057 4887 adamando.

474 4923 693 4989 Levavi,
727 4921 944 4991 inquam
964 4957 981 4985 ,
1014 4919 1246 4973 animam
1272 4936 1443 4976 meam
1464 4962 1479 4988 ,
1512 4924 1582 4977 ad
1625 4933 1675 4978 te
1726 4924 2057 4995 diligendum

475 5025 533 5070 et
553 5012 982 5084 adipiscendum,
998 5008 1280 5075 scilicetea
1304 5011 1601 5070 intentione
1620 5015 1857 5071 animam
1882 5031 2058 5073 meam

475 5109 648 5160 levavi
680 5113 733 5159 ut
771 5112 825 5159 te
860 5102 1067 5159 valeam
1113 5100 1354 5169 adipisci.
1407 5102 1515 5159 Oro
1568 5118 1744 5161 notam
1795 5108 1883 5177 fac
1922 5110 2060 5163 viam

473 5208 531 5253 tn
564 5215 668 5270 qua
707 5196 1000 5261 ambulem,
1059 5207 1157 5257 oro
1207 5207 1425 5264 quoque
1469 5199 1608 5266 eripe
1633 5216 1714 5254 me
1740 5200 1803 5255 de
1832 5200 2061 5255 inimicis

476 5290 607 5343 meis
635 5329 651 5355 ,
688 5289 755 5345 de
781 5284 1213 5360 suggestionibus
1263 5286 1471 5343 scilicet
1515 5298 1569 5343 et
1599 5291 1850 5361 malignis
1901 5291 2061 5360 spiri-

479 5379 653 5445 tibus,
689 5389 744 5433 et
772 5381 935 5435 etiam
963 5376 1030 5432 de
1068 5375 1309 5434 inimicis
1350 5380 1714 5437 exterioribus
1742 5398 1827 5437 me
1860 5398 1891 5437 a
1919 5383 2060 5438 bono

475 5468 755 5539 proposito
775 5484 894 5524 meo
924 5479 1181 5524 revocare
1211 5467 1542 5537 nitentibus,
1582 5487 1652 5528 ne
1684 5471 1817 5526 mihi
1856 5488 2060 5543 praeva-

477 5560 646 5616 leant.
682 5555 807 5621 Vel,
845 5559 984 5626 eripe
1033 5574 1115 5612 me
1157 5556 1221 5611 de
1249 5558 1473 5616 inimicis
1521 5564 1678 5627 meis,
1731 5562 1938 5617 scilicet
1995 5562 2061 5616 de

478 5653 716 5728 peccatis
735 5650 848 5723 jam
875 5650 1177 5708 commissis
1196 5650 1344 5721 eripe
1371 5652 1712 5726 indulgendo.
1748 5654 1813 5710 Et
1848 5653 2059 5725 eripere

2160 4468 2325 4523 micos
2348 4483 2521 4533 meos,
2545 4466 2598 4522 id
2619 4475 2702 4522 est
2722 4468 2969 4522 destrues
2995 4481 3095 4536 per
3122 4465 3555 4521 misericordiam
3584 4466 3758 4521 indoi-

2161 4561 2358 4630 gentize
2382 4568 2605 4630 peccata
2626 4559 2915 4615 commissa
2939 4574 3057 4629 qua:
3082 4558 3212 4614 mihi
3244 4558 3628 4625 inimicantur,
3645 4559 3757 4613 ani-

2162 4664 2306 4705 mam
2337 4663 2512 4703 meam
2539 4648 2912 4704 deformando.
2939 4648 3008 4703 Et
3031 4663 3141 4703 non
3165 4647 3336 4704 solum
3354 4658 3585 4717 peccata
3611 4664 3753 4704 com-

2162 4740 2323 4795 missa
2356 4754 2454 4809 per
2480 4738 2869 4809 indulgentiam
2898 4739 3200 4810 disperdes,
3229 4739 3321 4794 sed
3352 4748 3400 4792 et
3424 4740 3616 4807 perdes
3654 4757 3751 4794 om-

2163 4828 2509 4884 nesinimicos
2521 4828 2610 4899 qui
2623 4827 3118 4882 tribulantanimam
3129 4844 3322 4893 meam,
3335 4828 3541 4882 scilicet
3561 4844 3756 4899 pravas

2160 4924 2533 4993 suggestiones
2570 4930 2625 4977 et
2666 4921 2930 4993 malignos
2959 4921 3226 4988 homines,
3257 4921 3348 4991 qui
3374 4920 3614 4976 anxiam
3644 4921 3753 4977 aui-

2163 5028 2308 5068 nram
2342 5027 2515 5068 meam
2540 5052 2555 5079 ,
2588 5009 2816 5068 volendo
2841 5026 2962 5067 eam
2989 5010 3057 5066 ad
3085 5020 3312 5081 peccata
3343 5020 3615 5066 consueta
3663 5013 3750 5066 im-

2162 5103 2394 5175 pellere,
2418 5104 2627 5172 perdes,
2651 5103 2704 5158 id
2723 5111 2810 5160 est
2832 5103 3133 5159 inefficaces
3161 5103 3377 5157 reddes.
3407 5102 3475 5157 Et
3500 5119 3633 5158 cum
3659 5105 3753 5159 hoc

2164 5204 2331 5253 totum
2356 5209 2454 5265 per
2482 5194 2911 5250 misericordiam
2938 5194 3155 5260 feceris,
3185 5193 3350 5249 facies
3378 5194 3485 5249 hoc
3511 5210 3753 5265 quoque,

2160 5284 2285 5352 quia
2329 5297 2422 5350 ego
2448 5321 2463 5346 ,
2500 5281 2604 5336 etsi
2635 5280 2784 5350 prius
2816 5280 3091 5350 peccando
3136 5279 3235 5335 tibi
3286 5283 3706 5349 repugnaverim
3736 5321 3752 5344 ,

2165 5385 2345 5431 tamen
2381 5391 2557 5429 servus
2584 5383 2706 5427 tuus
2727 5389 2841 5427 sunt
2873 5413 2888 5438 ,
2930 5373 2981 5427 id
3020 5381 3105 5428 est
3143 5387 3228 5426 me
3257 5372 3350 5426 tibi
3392 5387 3620 5428 servum
3654 5372 3755 5429 feci

2163 5469 2497 5539 pretiitendo,
2534 5478 2590 5522 et
2613 5465 2928 5521 satisfacere
2962 5466 3248 5537 cupiendo.

2597 5556 2664 5611 IN
2704 5555 3033 5612 PSALMUM
3071 5554 3295 5617 CXLIII.

2236 5648 2443 5705 Titulus
2498 5647 2777 5704 centesimi
2833 5647 3229 5717 quadragesimi
3279 5645 3443 5702 tertii.
3505 5644 3749 5701 Psalmu
