3962 6318
176 212 312 271 1332)

1142 203 1503 263 EXPOSITIO
1542 204 1606 259 ΙΝ
1637 200 1970 259 PSALMOS.
1995 231 2062 241 -—-
2088 201 2263 257 PSAL
2307 203 2529 259 CXLlIl.

3308 202 3442 257 1⁵90

176 323 380 391 Dauid,
410 324 464 380 id
490 333 574 381 est
604 338 793 381 massa:
829 320 1064 377 ﬁdelium
1107 320 1355 375 adversus
1405 318 1617 374 Goliath
1666 334 1761 389 pn-
1790 320 1837 378 Λ
1872 324 1981 380 tur,
2007 330 2072 370 co
2098 316 2242 384 quod
2275 316 2340 370 ad
2389 330 2636 373 securum
2669 319 2842 373 locum
2875 334 2901 372 a
2938 319 3249 377 timentibus
3292 316 3439 371 ruluo

176 416 429 487 gnantis,
468 415 720 471 videlicet
763 414 901 469 bene
941 408 1172 467 vivendo
1195 409 1513 480 pugnantis,
1570 418 1758 463 contra

176 502 451 559 diabolum
471 511 529 559 et
554 503 793 559 membra
815 502 960 571 ejus,
988 510 1042 556 et
1072 508 1261 561 contra
1275 500 1399 553 vitia
1418 540 1434 565 ,
1456 515 1574 569 qua:
1600 498 1759 553 insti-

173 603 440 665 ganteum
458 593 525 648 ad
554 594 746 648 malam
769 591 1162 664 Operationcm,
1188 597 1240 644 et
1264 589 1342 644 sic
1356 604 1477 644 eum
1500 602 1758 659 superare

175 685 481 741 intendunt.
522 683 653 739 Hice
703 682 871 753 igitur
912 695 1086 751 pugna
1140 678 1483 750 pra-ﬁgurata
1536 687 1620 733 est
1662 692 1759 747 per

171 791 410 847 pugnam
440 776 636 838 David,
658 774 750 844 qui
778 773 1033 843 pugnavit
1069 781 1256 826 contra
1309 768 1520 824 Goliath
1551 778 1605 822 et
1634 783 1755 822 eum

172 884 298 921 cum
328 867 501 937 lapide
538 864 751 934 dejeeit.
782 863 937 920 Sicut
980 863 1128 918 enim
1183 877 1279 932 per
1324 860 1492 915 David
1540 859 1755 915 Goliath

169 957 293 1025 ejus
321 964 636 1026 persecutor
666 953 857 1024 lapidis
884 952 1232 1023 percussione
1272 950 1513 1020 dejectus
1536 960 1647 1017 est,
1681 950 1755 1004 ita

170 1060 390 1115 quoque
413 1044 658 1099 diabolus
694 1042 868 1098 vicem
912 1040 1129 1097 Goliath
1169 1039 1407 1097 retinens
1430 1048 1486 1095 et
1517 1040 1755 1094 membra

169 1136 325 1204 ejus,
357 1135 573 1207 maligni
603 1134 856 1190 videlicet
885 1132 1131 1189 homines
1149 1142 1205 1189 et
1234 1131 1365 1187 vitia
1412 1132 1481 1187 ab
1511 1145 1577 1185 eo
1609 1130 1755 1185 illata

168 1241 271 1295 per
299 1240 736 1297 unumquemque
763 1224 1003 1292 ﬁdelem,
1032 1224 1125 1294 qui
1150 1232 1236 1279 est
1262 1223 1430 1279 David
1453 1239 1614 1278 manu
1648 1222 1756 1278 lor-

170 1316 245 1369 tis
283 1314 512 1369 viriliter
533 1328 699 1386 agens
718 1328 840 1369 cum
866 1313 1068 1368 auxilio
1089 1311 1289 1369 Christi
1314 1352 1331 1380 ,
1376 1312 1467 1382 qni
1493 1320 1577 1369 est
1602 1320 1755 1383 petra

171 1404 509 1459 fortitudinis
536 1444 552 1469 ,
582 1412 889 1473 superatur.
922 1402 979 1459 ln
1014 1402 1118 1458 hoc
1143 1417 1274 1473 ergo
1316 1403 1526 1474 psalmo
1575 1416 1756 1458 massa

171 1493 542 1564 pet-lectorum
571 1494 637 1549 ad
660 1494 1071 1551 instructionem
1103 1493 1371 1549 minorum
1403 1493 1565 1548 Deum
1592 1493 1755 1550 bene-

170 1585 347 1652 dicit,
379 1585 606 1657 ideoque
642 1585 1063 1641 misericorditer
1092 1598 1213 1640 eam
1249 1585 1320 1639 ab
1348 1584 1581 1639 inimicis
1616 1583 1752 1639 libe-

170 1676 349 1740 ravit,
378 1656 622 1732 docendo
651 1675 881 1731 viriliter
897 1690 1021 1732 eam
1048 1683 1238 1730 contra
1263 1674 1410 1744 ipsos
1438 1673 1670 1744 przeliari
1702 1682 1758 1727 et
1789 1656 1831 1715 Β

171 1766 301 1836 quia
323 1764 524 1838 iugiter
550 1782 669 1823 eam
693 1766 955 1837 protegit,
983 1774 1039 1822 et
1064 1779 1127 1819 ea
1154 1766 1608 1829 consideratione,
1630 1764 1755 1835 quia

177 1858 494 1912 hominibus
517 1855 763 1911 ﬁdelibus
781 1856 894 1927 jam
916 1855 1167 1911 innotuit.
1197 1853 1328 1910 Orat
1348 1868 1564 1926 quoque
1591 1864 1651 1909 ut
1676 1857 1757 1909 eis

174 1948 481 2006 innotescat
507 1946 703 2017 quibus
723 1945 959 2002 nondum
983 1944 1236 2000 innotuit.
1273 1944 1406 2000 Orat
1446 1946 1666 2016 insuper
1691 1944 1758 2000 ab

175 2039 450 2095 haereticis
472 2037 693 2093 liberari
723 2047 778 2092 et
798 2036 931 2107 eripi
944 2078 965 2101 ,,
1012 2051 1083 2092 ne
1109 2051 1234 2092 eum
1260 2036 1365 2091 sibi
1409 2036 1758 2092 conlonaare

174 2130 413 2199 possint,
439 2138 535 2185 aut
563 2128 742 2183 verbis
770 2139 863 2183 aut
887 2128 1239 2183 simulatione
1254 2142 1479 2198 operum
1509 2143 1754 2192 suorum,

175 2229 272 2274 aut
300 2218 733 2275 tribulationibus
748 2234 765 2284 ;
783 2227 839 2273 et
854 2232 950 2287 per
967 2217 1071 2276 hoc
1086 2218 1324 2273 minores
1339 2233 1498 2274 orare
1519 2219 1754 2273 instruit.

176 2306 428 2363 Ostendit
449 2320 664 2377 quoque
705 2321 867 2376 quam
913 2305 1213 2375 periculosa
1239 2306 1311 2361 sit
1339 2321 1527 2362 eorum
1578 2307 1755 2377 impu-

176 2397 392 2468 gnatio,
422 2405 532 2451 tum
561 2398 686 2467 quia
725 2396 1004 2467 multiplex
1038 2408 1124 2454 est
1160 2413 1350 2454 eorum
1404 2413 1589 2464 error,
1645 2411 1754 2453 tum

178 2489 307 2556 quia
346 2490 640 2559 composite
670 2497 726 2544 et
747 2488 1027 2545 dialectice
1050 2489 1373 2559 loquuntur,
1433 2499 1544 2544 tum
1568 2490 1693 2559 quia
1726 2507 1753 2545 a

178 2583 426 2651 pluribus
454 2582 770 2651 laudantur,
799 2592 857 2638 ut
887 2598 985 2654 per
1022 2584 1126 2640 hoc
1150 2583 1386 2640 minores
1416 2584 1653 2639 instruat
1686 2583 1756 2638 ab

178 2689 369 2728 eorum
396 2673 797 2745 deceptionibus
826 2690 1040 2731 cavere.

255 2763 560 2818 Benedictus
586 2773 661 2818 est
687 2779 720 2819 a
750 2779 836 2819 me
859 2764 1114 2818 Dominus
1140 2779 1314 2829 meus,
1343 2772 1451 2819 etc.
1473 2804 1487 2827 ,
1515 2778 1579 2819 ac
1608 2764 1651 2819 si
1676 2763 1757 2818 d2-

176 2863 306 2907 cat:
333 2851 378 2908 0
407 2868 502 2909 vos
521 2854 794 2909 auditores
818 2851 1068 2923 exemplo
1105 2851 1209 2907 mei
1250 2851 1549 2907 benedicite
1576 2851 1757 2908 Domi-

178 2961 328 3000 num.
365 2946 474 3016 Ego
492 2946 635 3001 enim
679 2945 975 3011 benedice,
1024 2944 1076 2999 id
1123 2952 1209 2999 est
1254 2944 1433 2998 exalto
1463 2952 1519 3000 et
1546 2958 1671 3010 ore,
1702 2954 1757 3000 et

177 3036 464 3092 affectione
483 3045 539 3091 et
556 3051 721 3107 opere
746 3036 1032 3091 Dominum
1055 3034 1291 3099 Patrem,
1321 3035 1445 3104 quia
1477 3045 1532 3090 et
1568 3034 1755 3090 Domi-

180 3148 279 3185 nus
302 3140 388 3185 est
414 3120 752 3199 omnipotens
793 3138 849 3186 et
898 3127 1038 3183 Deus
1088 3143 1261 3191 meus,
1307 3126 1357 3182 id
1410 3136 1497 3182 est
1542 3137 1758 3184 creator

180 3235 355 3276 utens.
379 3220 689 3276 Benedictus
716 3228 827 3284 est,
866 3218 1108 3289 inquam,
1136 3216 1416 3280 Dominus,
1446 3218 1595 3273 idest
1611 3218 1758 3274 exal-

184 3320 328 3365 tatus
356 3325 385 3364 a
414 3323 500 3365 me
520 3350 535 3375 ,
564 3310 690 3380 quia
718 3308 976 3363 Dominus
1005 3306 1144 3360 Deus
1167 3305 1347 3371 docet,
1378 3306 1430 3361 id
1457 3317 1542 3361 est
1569 3308 1759 3364 doctas

182 3402 313 3456 fecit
343 3416 530 3455 ntaiius
559 3416 702 3454 meas
739 3398 807 3452 ad
846 3396 1114 3468 praelium,
1160 3404 1350 3451 contra
1392 3396 1660 3452 diabolum
1703 3408 1759 3453 et

184 3497 425 3551 membra
452 3494 568 3564 ejus
599 3494 728 3548 vitia
765 3492 1098 3547 faciendum.
1148 3490 1212 3545 Et
1255 3491 1346 3560 qui
1390 3490 1538 3545 docet
1566 3492 1759 3563 digitos

183 3604 325 3642 meos
366 3588 435 3639 ad
462 3586 650 3640 bellum
682 3586 823 3641 idem
873 3583 1211 3648 faciendum,
1262 3598 1361 3653 per
1412 3583 1656 3653 prarlium
1704 3594 1760 3639 et

185 3678 417 3742 bellum,
454 3677 593 3733 idem
621 3676 710 3732 hic
731 3674 1078 3744 designatur,
1111 3686 1285 3743 pugna
1319 3672 1529 3728 scilicet
1566 3684 1755 3730 contra

184 3768 457 3823 diabolum
487 3775 545 3822 et
570 3766 689 3835 ejus
720 3766 962 3820 membra
991 3772 1044 3819 et
1075 3763 1225 3818 vitia.
1271 3761 1376 3818 Per
1412 3778 1602 3819 manus
1631 3780 1760 3820 vero

184 3874 239 3916 et
266 3862 461 3930 digitos
488 3863 699 3916 diversa
724 3861 1068 3916 denotantur.
1103 3858 1236 3914 Nam
1274 3860 1402 3930 quia
1440 3868 1548 3915 tota
1595 3875 1759 3914 manu

183 3954 430 4010 cominus
455 3954 646 4024 gladiis
670 3961 967 4023 pugnatur,
990 3951 1170 4021 digitis
1195 3967 1324 4006 vero
1361 3953 1573 4008 eminus
1595 3954 1759 4022 sagit-

186 4048 257 4102 tis
285 4056 341 4102 et
368 4047 578 4101 caeteris
607 4046 900 4100 missilibus
931 4045 1111 4115 agitur
1138 4083 1153 4109 ,
1187 4060 1309 4113 qua:
1331 4059 1508 4115 pugna
1541 4043 1758 4113 quidem

185 4140 365 4194 minus
386 4147 468 4193 est
488 4137 822 4209 periculosa,
859 4151 1022 4206 quam
1059 4151 1179 4205 qua:
1208 4133 1270 4189 lit
1304 4136 1550 4192 cominus
1579 4176 1594 4200 ,
1637 4134 1759 4192 ideo

182 4233 272 4286 hic
299 4247 396 4300 per
420 4229 662 4300 praelium
692 4244 948 4283 manuum
980 4228 1269 4284 denotatur
1297 4226 1538 4297 prmlium
1563 4237 1757 4283 contra

1862 407 2007 477 gium
2043 405 2136 461 tiat
2183 406 2400 477 saepius.
2445 406 2731 475 Existens,
2766 412 3014 481 inquam,
3062 412 3352 481 refug'um,
3384 418 3442 465 et

1860 497 2022 551 etiam
2048 496 2290 551 existens
2325 506 2592 567 susceptor
2612 514 2755 553 meus
2773 540 2788 565 ,
2821 502 2871 554 id
2897 512 2979 556 cst
3007 503 3246 558 medicus
3273 510 3327 555 et
3351 516 3440 555 rec

1858 594 2082 656 parator
2136 602 2315 654 meus,
2344 587 2435 658 qui
2486 587 2748 643 rationem
2796 598 2851 644 et
2889 591 3116 647 liberum
3155 593 3439 648 arbitrium

1860 692 2037 732 meum
2060 720 2073 744 ,
2106 693 2225 748 qua:
2254 694 2349 748 per
2382 680 2649 749 originale
2696 689 2973 750 peccatum
3015 682 3289 737 debilitata
3319 682 3437 738 lue-

1860 779 2021 832 rant,
2055 784 2153 839 per
2198 777 2425 823 mortem
2459 769 2729 840 Unigoniti
2761 769 2841 824 sui
2877 772 3149 838 reparavit
3172 781 3224 826 et
3254 786 3441 826 corro-

1859 860 2091 913 boravit.
2124 858 2193 913 Et
2216 860 2457 915 existens
2486 876 2701 931 quoque
2726 861 2975 915 liberator
2995 877 3172 928 meus,
3196 864 3318 931 quia
3346 878 3441 931 per

1860 949 2245 1020 indulgenziam
2277 952 2464 1021 gratiae
2499 966 2610 1006 sure
2647 967 2674 1004 a
2713 959 3059 1021 peccatorum
3081 991 3097 1017 ,
3127 968 3247 1022 qum
3292 967 3442 1007 com-

1860 1038 2142 1101 miseram,
2180 1053 2265 1091 me
2295 1040 2559 1092 servitute
2608 1038 2898 1103 liberavit,
2930 1048 2986 1092 ct
3024 1040 3263 1094 existens
3312 1057 3439 1109 pro-

1860 1138 2039 1191 tector,
2078 1128 2127 1182 id
2157 1137 2241 1182 est
2266 1128 2522 1184 defensor
2551 1145 2725 1192 meus,
2771 1143 2837 1184 ne
2865 1128 3053 1184 cedam
3084 1129 3445 1200 impugna'im

1865 1218 2022 1272 nibus
2054 1218 2395 1274 inimicormn
2434 1219 2782 1285 interiorum,
2815 1218 2866 1273 id
2895 1227 2975 1273 est
3000 1233 3287 1289 pravarum
3316 1236 3445 1289 επις-

1857 1310 2163 1377 gestionum
2185 1350 2200 1374 ,
2227 1319 2280 1364 et
2304 1310 2638 1365 exteriorum
2656 1350 2669 1374 ,
2698 1310 3076 1366 hmreticornm
3109 1310 3357 1367 videlicet
3385 1319 3443 1367 et

1856 1398 2095 1454 virorum
2125 1400 2457 1470 iniquorum.
2483 1401 2551 1455 Et
2574 1403 2628 1455 in
2656 1403 2767 1470 ipso
2787 1404 3009 1471 speravi,
3034 1402 3086 1457 id
3108 1414 3192 1459 est
3212 1418 3276 1458 ea
3299 1404 3441 1458 bona

1856 1510 1976 1565 qua:
2002 1494 2057 1550 in
2087 1495 2203 1565 ipso
2232 1504 2389 1561 sunt,
2422 1497 2639 1566 speravi
2675 1511 2771 1567 per
2801 1511 2923 1551 eum
2967 1511 3054 1551 me
3084 1499 3437 1566 adepturum,

1858 1586 2322 1643 immortalitatem
2369 1588 2579 1643 scilicet
2625 1596 2681 1642 et
2735 1587 3239 1659 impossibilitatcm.
3285 1586 3440 1654 Quod

1857 1679 2141 1735 estdicere
2174 1696 2186 1732 :
2217 1679 2284 1734 Et
2312 1680 2425 1748 ipse
2452 1685 2535 1733 est
2564 1677 2803 1732 existens
2827 1692 2951 1747 spes
2982 1691 3129 1740 mea,
3162 1690 3260 1746 per
3279 1693 3459 1747 quem,

1858 1769 2111 1825 vidcl'cct
2137 1784 2289 1840 spent
2323 1767 2499 1823 habeo
2520 1767 2816 1835 attingendi
2844 1766 2914 1822 ad
2950 1765 3090 1821 bona
3120 1776 3342 1821 aeterna.
3372 1765 3441 1819 Et

1860 1862 1964 1918 hac
1990 1876 2205 1932 quoque
2227 1859 2665 1917 consideratione
2692 1859 3009 1933 benedictus
3050 1866 3136 1913 est
3164 1874 3194 1912 a
3230 1873 3335 1914 me.
3375 1858 3441 1912 lu

1858 1951 2001 2021 ipso,
2036 1951 2288 2021 inquam,
2326 1951 2561 2021 speravi,
2596 1952 2688 2018 qui
2720 1950 2922 2005 auxilio
2950 1952 3137 2022 gratim
3175 1966 3286 2005 sua:
3315 1951 3440 2003 sub—

1857 2040 1934 2095 dit
1957 2040 2054 2095 sub
2080 2057 2194 2107 me,
2238 2040 2291 2096 id
2324 2049 2407 2095 est
2433 2040 2564 2094 mihi
2593 2038 2841 2109 populum
2885 2039 3225 2094 inimicorum
3257 2052 3438 2092 memn

1859 2134 2059 2190 factum
2086 2133 2649 2205 perconlormitatcm,
2678 2131 2880 2187 scilicet
2898 2133 2988 2201 qui
3011 2131 3300 2186 maximam
3324 2145 3440 2183 ma-

1859 2225 2123 2297 lignorum
2154 2226 2430 2280 hominum
2462 2224 2592 2279 mihi
2630 2224 2782 2293 prius
2818 2223 3227 2278 adversantium
3257 2221 3444 2276 multi-

1861 2320 2099 2375 tudinem
2149 2318 2281 2373 mihi
2319 2318 2589 2387 subdidit,
2628 2317 2707 2371 sic
2738 2325 2795 2370 ut
2834 2315 3129 2370 conformis
3157 2314 3287 2369 mihi
3324 2315 3442 2369 elli-

1856 2419 2093 2464 ceretnr.
2127 2406 2221 2461 Vel
2250 2408 2329 2461 sic
2361 2424 2373 2459 :
2402 2407 2574 2460 subdit
2605 2406 2857 2474 populum
2898 2420 3068 2458 meum
3114 2405 3209 2457 sub
3244 2421 3360 2469 me,
3386 2405 3444 2458 id

1856 2508 1941 2554 est
1981 2496 2380 2552 multitudinem
2435 2495 2839 2565 suggestiouum
2884 2510 2950 2548 ex
2998 2494 3102 2548 mei
3152 2493 3445 2564 fragilitate

1859 2590 2172 2651 orientium,
2202 2602 2341 2658 qum,
2372 2601 2495 2642 cum
2525 2586 2707 2640 multa:
2736 2585 2863 2650 sint,
2893 2585 3120 2656 populus
3142 2586 3395 2641 dicuntur
3424 2605 3439 2639 :

1858 2678 2091 2733 subdidit
2126 2677 2285 2740 mihi,
2310 2685 2370 2729 ut
2393 2690 2497 2729 non
2529 2673 2701 2728 solum
2733 2676 2814 2729 sic
2840 2689 2924 2727 me
2949 2676 3018 2729 ab
3044 2676 3124 2730 eis
3162 2685 3439 2746 protegat;

1858 2785 1928 2825 ne
1976 2770 2109 2823 mihi
2171 2765 2543 2837 praevaleantr
2569 2766 2663 2819 sed
2712 2774 2770 2818 ut
2810 2765 3120 2821 facilitatem
3174 2766 3438 2831 habeant,

1859 2859 2075 2929 quoties
2102 2857 2375 2922 oriuntur,
2411 2872 2507 2912 cas
2534 2856 2691 2911 facile
2733 2857 3115 2924 conculcandi,
3144 2866 3199 2913 et
3224 2860 3442 2929 penitus

1858 2968 1889 3007 a
1915 2968 2000 3006 me
2027 2949 2341 3020 repellendi.

1932 3042 2222 3111 Postquam
2245 3039 2487 3095 ostendit
2508 3055 2571 3094 se
2593 3039 2912 3094 benedicere
2939 3040 3167 3095 Domino
3190 3042 3439 3096 contuitu

1857 3131 2240 3189 beneﬁciorum
2277 3131 2378 3185 sibi
2407 3130 2723 3185 collatornm
2746 3170 2760 3195 ,
2792 3138 2850 3184 ut
2872 3131 3045 3201 inagis
3066 3133 3341 3188 auditores
3367 3135 3439 3188 ad

1857 3224 2280 3282 benedicendum
2309 3223 2638 3288 exsuscitet,
2664 3223 2904 3278 ostendit
2929 3224 3072 3293 quod
3100 3224 3439 3280 benedicitei

1859 3315 2294 3371 consideratione
2323 3330 2507 3371 eorum
2544 3314 2928 3370 beneﬁciorum
2948 3356 2963 3380 ,
2990 3331 3107 3385 qua:
3136 3318 3440 3371 communi-

1860 3416 1944 3463 ter
1986 3406 2134 3462 omni
2176 3406 2380 3461 homini
2425 3405 2686 3462 salvando
2710 3407 2959 3463 contulit.
2997 3406 3108 3462 Hoc
3152 3417 3331 3461 autem
3358 3408 3439 3463 sic

1870 3498 2035 3553 dicit:
2065 3497 2203 3561 Dixi,
2228 3496 2470 3561 Domine,
2497 3497 2641 3567 quod
2673 3498 2987 3554 benedictus
3006 3513 3068 3554 es
3096 3515 3127 3553 a
3162 3515 3277 3565 me;
3318 3499 3440 3554 idco

1858 3589 1986 3658 quia
2016 3601 2103 3641 me
2129 3587 2347 3641 doctum
2380 3586 2631 3642 faciendo
2678 3588 2745 3642 ad
2791 3588 3034 3658 prarlinm
3067 3590 3439 3645 misericordia

1860 3693 1980 3734 mea
2003 3692 2062 3733 es
2083 3686 2139 3732 et
2163 3676 2428 3747 refugium
2453 3718 2468 3743 ,
2499 3688 2605 3734 etc.
2634 3680 2700 3734 Et
2724 3683 2885 3735 etiam
2912 3696 2977 3735 ea
3002 3683 3440 3738 consideratione

1860 3768 2179 3824 benedictus
2201 3781 2263 3822 es
2290 3781 2321 3821 a
2358 3783 2473 3830 me,
2516 3769 2645 3839 quia
2666 3785 2788 3825 cum
2819 3769 2980 3826 homo
3007 3787 3102 3842 per
3134 3773 3305 3828 Adam
3337 3775 3441 3829 vile

1860 3859 1990 3929 quid
2015 3858 2216 3913 factum
2246 3867 2391 3913 esset
2427 3869 2483 3914 et
2530 3858 2833 3928 abiectum,
2868 3878 2900 3916 o
2928 3862 3167 3926 Domine,
3205 3865 3332 3934 quid
3360 3876 3439 3918 est

1860 3954 2034 4015 homo,
2059 3950 2109 4003 id
2139 3958 2223 4004 est
2249 3965 2410 4019 quam
2437 3966 2686 4020 magnum
2711 3952 2839 4023 quid
2866 3963 2920 4007 et
2944 3969 3104 4023 quam
3142 3954 3438 4022 pretiosum

1862 4048 2037 4103 lactus
2076 4057 2162 4102 est
2192 4046 2353 4101 homo
2390 4048 2619 4117 quisque
2649 4048 2969 4112 salvandus,
3013 4063 3111 4117 per
3151 4045 3439 4119 hoc‘quia

1860 4140 2132 4194 iunotuisti
2159 4139 2238 4202 ei,
2264 4138 2315 4192 id
2343 4149 2427 4194 est
2458 4148 2510 4192 te
2541 4138 2614 4190 illi
2644 4136 3001 4190 manilestasti
3049 4153 3146 4206 per
3181 4140 3339 4193 ﬁdem
3383 4152 3440 4194 et

1863 4233 2192 4289 intellectum
2216 4271 2231 4295 ,
2279 4245 2401 4285 cum
2430 4228 2581 4298 prius
2627 4243 2657 4280 a
2689 4227 2762 4281 tui
2809 4229 3120 4297 cognitione
3158 4230 3439 4300 elongatus

184 4322 417 4391 majores
469 4320 792 4377 bentationes
840 4318 1158 4390 graviSsime
1212 4326 1268 4373 et
1312 4318 1465 4387 quasi
1510 4319 1759 4374 cominus
1788 4328 2008 4386 Desset
2030 4336 2125 4392 per
2150 4318 2412 4389 originale
2432 4316 2991 4385 peccatum.Autideo
3010 4334 3169 4386 quam
3188 4338 3216 4372 n
3240 4337 3437 4390 agnum

181 4414 467 4467 instantes.
521 4412 623 4466 Per
649 4409 850 4466 bellum
878 4424 1005 4464 vero
1039 4408 1327 4479 digitorum
1359 4408 1620 4477 accipitur
1648 4408 1762 4462 bel-

182 4502 295 4557 lum
344 4500 612 4556 minorum
672 4498 1118 4571 suggestionum,
1177 4498 1355 4551 minus
1408 4497 1647 4565 graviter
1706 4505 1764 4550 et

176 4594 335 4665 quasi
368 4593 580 4649 eminus
603 4590 992 4646 inlestantium.
1021 4588 1130 4644 lloc
1151 4597 1363 4653 autem,
1385 4588 1527 4657 quod
1559 4587 1761 4657 duplici

179 4682 534 4741 similitudine
547 4680 728 4751 ponit,
744 4695 896 4749 :eque
911 4679 1096 4735 valens
1107 4688 1265 4734 estac
1276 4680 1320 4733 si
1338 4680 1429 4734 tali
1444 4680 1603 4735 modo
1616 4680 1761 4750 posi-

180 4784 297 4830 tum
318 4781 462 4830 esset
489 4787 504 4825 :
535 4772 608 4826 Ea
637 4770 923 4826 occasione
950 4770 1233 4824 Dominum
1256 4769 1437 4825 exalto
1460 4770 1606 4839 quia,
1635 4784 1760 4825 cum

179 4867 250 4921 sit
283 4864 538 4919 Dominus
551 4870 605 4917 et
624 4862 763 4916 Deus
776 4876 939 4923 meus,
956 4860 1276 4916 illustrando
1302 4875 1386 4916 me
1409 4860 1761 4930 intelligentia

179 4952 472 5026 spirituali,
486 4961 542 5007 et
558 4951 850 5006 virtutibus
874 4965 960 5004 me
983 4950 1277 5021 doctnmet
1294 4950 1614 5006 instructum
1635 4950 1762 5004 fecit

177 5054 374 5101 contra
405 5043 637 5111 majores
662 5051 714 5098 et
740 5042 979 5098 minores
1000 5042 1373 5113 suggestioncs
1390 5041 1761 5111 viriliter-pra:-

178 5134 334 5189 liari!
366 5132 623 5188 Dominus
644 5134 812 5199 Deus,
839 5133 1055 5203 inquam
1078 5172 1094 5197 ,
1128 5134 1366 5188 existens
1404 5133 1762 5186 misericordia

178 5228 348 5300 569
375 5244 487 5282 mea
539 5243 636 5297 per
678 5228 998 5297 emphasim,
1029 5226 1237 5282 scilicet
1282 5240 1387 5279 non
1435 5238 1501 5277 ex
1555 5224 1764 5278 mcr'tis

179 5320 351 5385 meis,
379 5319 471 5375 sed
518 5334 585 5373 ex
627 5319 740 5374 sola
768 5318 1140 5376 misericordia
1179 5332 1276 5373 sua
1304 5330 1389 5371 me
1420 5315 1486 5370 ad
1517 5315 1763 5385 praelian-

178 5411 311 5465 dum
358 5412 574 5466 doctum
608 5408 770 5476 fecit,
812 5420 861 5466 et
892 5410 1133 5466 existens
1178 5406 1436 5479 refugium
1477 5422 1681 5471 meum,
1711 5405 1761 5460 id

178 5512 264 5558 est
293 5501 560 5558 securitas
612 5517 760 5565 mea,
802 5500 959 5571 cujus
1005 5500 1208 5556 auxilio
1252 5500 1426 5556 fretus
1455 5514 1679 5555 securus
1710 5499 1761 5552 in

179 5594 282 5651 hoc
307 5591 492 5664 pra-lio
520 5590 771 5662 persisto.
804 5591 1091 5665 Refugium
1127 5606 1227 5663 pro
1275 5591 1563 5648 securitate
1611 5590 1760 5659 poni-

1862 4412 1992 4482 quid
2020 4420 2102 4467 est
2123 4410 2266 4479 ﬁlius
2290 4409 2516 4461 hominis
2537 4447 2552 4472 ,
2580 4408 2633 4461 id
2666 4417 2748 4461 est
2775 4406 2917 4462 ﬁlius
2943 4408 3072 4462 Adae
3092 4449 3105 4473 ,
3130 4412 3255 4479 quia
3286 4428 3441 4482 repu-

1862 4513 1944 4556 tas
1970 4518 2107 4566 eum,
2131 4501 2341 4555 scilicet
2367 4500 2737 4569 unusquisque
2757 4498 2932 4555 lidelis
2962 4500 3285 4568 salvandus,
3313 4518 3437 4558 cum

1863 4592 2013 4663 prius
2055 4599 2201 4646 esset
2247 4588 2387 4645 titius
2432 4588 2590 4659 primi
2643 4590 2876 4645 hominis
2921 4590 3085 4656 Adze,
3125 4607 3231 4647 non
3263 4592 3438 4648 solum

1861 4680 2156 4737 secundum
2204 4679 2388 4735 carnis
2433 4679 2727 4749 originem,
2777 4681 2871 4735 sed
2926 4682 3088 4735 etiam
3138 4684 3437 4739 secundum

1862 4770 2143 4842 originalis
2164 4770 2337 4842 culpa:
2363 4771 2788 4838 damnationem,
2823 4787 3075 4843 magnum
3103 4774 3231 4843 quid
3260 4774 3437 4829 lactus

1861 4872 1946 4919 est
1970 4877 2066 4934 per
2089 4863 2193 4918 hoc
2218 4865 2341 4932 quia
2371 4871 2580 4932 reputas
2600 4878 2747 4929 eum,
2774 4862 2826 4917 id
2850 4871 2937 4918 est
2962 4864 3085 4934 quia
3123 4848 3436 4933 magniﬁcas

1862 4967 2017 5017 eum,
2051 4952 2223 5022 magni
2259 4952 2417 5022 pretii
2466 4951 2635 5006 habes
2670 4966 2828 5017 enin,
2884 4962 2940 5007 et
2981 4950 3436 5013 existimationem

1864 5044 2031 5099 habes
2054 5044 2119 5098 de
2141 5056 2207 5097 eo
2232 5042 2513 5112 originalis
2544 5042 2713 5114 culpae
2744 5042 2919 5097 labem
2943 5043 3011 5096 ab
3029 5059 3093 5098 eo
3115 5046 3433 5111 auferendo,

1862 5144 1918 5190 et
1963 5135 2014 5189 in
2045 5148 2111 5188 eo
2140 5134 2400 5188 virtutum
2442 5122 2898 5204 pulchritudinem
2937 5136 3302 5204 restitncmlo,
3352 5143 3435 5196 vel

1864 5232 2071 5293 reputas
2117 5238 2234 5275 eum
2273 5237 2394 5278 esse
2422 5224 2636 5293 dignum
2681 5222 2934 5277 collocari
2983 5222 3123 5277 inter
3177 5229 3431 5297 angelos,

1863 5325 1924 5370 ut
1950 5330 2017 5371 ex
2060 5331 2126 5371 eo
2154 5314 2286 5370 ordo
2330 5315 2641 5385 angelorum
2673 5316 2763 5385 qui
2808 5316 3050 5381 corruit,
3099 5322 3429 5387 suppleatur.

1866 5407 1963 5462 llic
1994 5416 2177 5460 autem
2201 5420 2392 5461 versus
2422 5405 2750 5475 mquivalens
2778 5416 2888 5473 est,
2921 5422 2986 5462 ac
3013 5408 3058 5463 si
3082 5406 3320 5465 breviter
3347 5414 3427 5467 di-

1867 5507 2013 5554 ceret
2045 5515 2058 5551 :
2088 5496 2211 5553 Ideo
2238 5497 2551 5553 benedictus
2578 5514 2637 5554 es
2658 5514 2688 5552 a
2711 5515 2796 5554 me
2816 5502 2941 5570 quia
2963 5502 3247 5558 considero
3268 5505 3428 5569 quod,

1866 5606 1995 5649 cum
2014 5590 2172 5647 homo
2219 5590 2357 5647 ﬁlius
2403 5599 2547 5647 esset
2592 5593 2937 5662 perditionis,
2969 5603 3023 5650 et
3070 5596 3196 5665 quid
3250 5594 3351 5647 tile
3378 5604 3432 5650 ct
