3978 6328
483 298 616 357 1591

1051 286 1109 341 S.
1150 282 1496 341 BRUNONIS
1534 276 2170 338 CARTIIUSIANORUM
2209 274 2689 333 lNSTlTUTORlS
2728 278 2879 334 OPP.
2919 278 3162 336 PARSI.

3606 282 3755 340 i392

482 409 752 480 abiectum
776 444 790 469 ,
830 411 885 456 tu
916 414 1037 456 eum
1086 413 1342 469 magnum
1377 396 1504 466 quid
1552 410 1672 451 esse
1715 393 1927 457 fecisti,
1982 393 2055 446 tui
2089 394 2132 450 A
2163 394 2395 465 migent,
2423 411 2518 467 per
2547 393 2765 448 eosdem
2796 392 2963 447 caelos
2990 393 3207 465 fulgura
3228 435 3242 458 ,
3280 394 3336 449 id
3366 403 3448 450 est
3487 395 3748 467 splende-

483 498 792 570 cognitione
820 508 943 550 eum
995 489 1347 546 illuminando
1372 528 1387 554 ,
1419 496 1475 542 et
1514 486 1741 540 virtutes
1784 484 1837 537 in
1872 498 1937 538 eo
1972 498 2058 537 re-

483 587 772 645 formando
794 625 809 651 ,
833 592 890 642 et
916 582 995 638 sic
1022 596 1145 636 eum
1177 577 1356 647 magni
1386 574 1545 647 pretii
1589 587 1709 629 esse
1735 573 2058 642 reputando.

480 679 675 735 Posset
692 675 884 747 quaeri.
918 672 1061 727 Dicis
1087 674 1229 740 quod
1256 670 1415 723 homo
1437 664 1565 736 quid
1591 679 1845 736 magnum
1880 663 2061 719 factus

484 780 571 828 est
592 812 606 837 ,
637 785 732 841 per
752 769 854 824 hoc
876 764 1019 837 quod
1042 761 1313 818 innotuisti
1336 759 1383 813 ei
1403 768 1458 813 et
1477 766 1687 828 reputas
1709 772 1848 811 eum.
1874 755 2064 811 Nonne

481 878 582 934 per
598 877 658 917 se
680 872 932 931 magnum
958 853 1086 926 quid
1113 849 1368 911 eratiAd
1401 848 1541 919 quod
1565 848 1646 905 sic
1669 847 1819 903 addit
1848 865 1861 901 :
1890 845 2063 901 Homo

483 953 741 1018 vanitati,
773 960 901 1013 etc.,
936 962 1001 1000 ac
1046 943 1093 998 si
1124 942 1268 997 dicat
1307 957 1320 997 :
1365 940 1471 996 Per
1515 940 1619 995 hoc
1648 954 1902 1009 magnum
1932 937 2062 1007 quid

483 1047 649 1101 homo
675 1043 848 1097 factus
876 1046 994 1101 est,
1020 1035 1165 1106 quia'
1187 1032 1457 1088 innotuisti
1500 1034 1574 1097 ei,
1615 1041 1661 1085 et
1695 1032 1821 1101 quia
1852 1038 2063 1099 reputas

484 1151 622 1191 eum.
674 1132 776 1201 Qui
822 1130 976 1184 homo
1002 1140 1125 1182 eum
1170 1124 1343 1179 factus
1372 1132 1515 1179 esset
1552 1124 1619 1177 ad
1650 1121 2058 1177 similitudinem

483 1224 763 1288 veritatis,
812 1220 877 1275 ad
916 1215 1323 1274 similitudinem
1370 1215 1497 1281 Dei,
1542 1213 1751 1268 scilicet
1790 1210 2065 1282 peccando

483 1322 538 1374 in
569 1318 739 1372 Adam
762 1354 779 1381 ,
812 1312 997 1367 similis
1023 1311 1194 1381 factus
1216 1318 1288 1363 est
1326 1309 1545 1363 vanitati
1565 1348 1579 1373 ,
1615 1308 1667 1362 id
1716 1318 1801 1361 est
1848 1306 1978 1361 fecit
2007 1321 2065 1361 se

483 1405 715 1461 similem
745 1401 995 1463 vanitati,
1021 1400 1177 1453 idest
1213 1396 1400 1451 nihilo.
1454 1396 1617 1463 Quasi
1652 1395 1861 1450 diceret
1894 1412 1909 1448 :
1946 1393 2063 1447 Non

483 1497 607 1550 dico
636 1493 782 1564 quod
813 1490 946 1545 nihil
978 1489 1153 1543 factus
1182 1488 1279 1551 sit,
1317 1486 1409 1541 sed
1452 1500 1510 1542 se
1542 1484 1774 1541 similem
1809 1483 1939 1538 fecit
1984 1484 2065 1536 ni-

486 1588 617 1652 hilo,
640 1595 699 1640 ut
717 1586 830 1657 jam
855 1582 966 1638 fere
990 1582 1056 1637 ad
1082 1581 1307 1635 nihilum
1338 1579 1620 1634 videretur
1645 1593 1767 1634 esse
1788 1577 2064 1641 redactus,

485 1694 609 1732 cum
642 1692 672 1731 a
702 1691 832 1730 vero
862 1688 983 1729 esse
1012 1671 1077 1726 ad
1102 1672 1255 1742 cujus
1278 1670 1682 1727 similitudinem
1716 1668 1891 1724 factus
1922 1678 2064 1731 erat,

2166 501 2321 541 scere
2350 484 2433 541 fac
2462 483 2848 557 coruscationes
2868 524 2882 549 ,
2916 485 2967 539 id
3012 495 3098 541 est
3140 486 3403 541 miracula
3434 503 3556 556 qua:
3581 504 3749 545 coru-

2166 579 2434 635 scationes
2458 578 2733 644 dicuntur,
2763 594 2831 633 eo
2865 578 3008 649 quod
3055 579 3305 635 homines
3340 580 3592 636 videntes
3639 595 3758 637 stu-

2164 671 2319 742 pidos
2343 671 2577 735 reddunt
2612 670 2678 723 ad
2711 670 2928 725 modum
2959 671 3403 726 coruscationum
3436 671 3712 744 fulgurum
3739 715 3761 738 ,

2165 762 2414 833 fulgura,
2447 763 2699 832 inquam,
2747 762 3159 818 coruscationes
3188 772 3244 818 et
3280 762 3492 834 fulgura
3518 805 3534 828 ,
3583 775 3631 819 et
3677 766 3761 820 sic

2166 852 2476 924 dissipabis,
2507 853 2562 907 id
2592 860 2675 907 est
2703 852 2916 908 divides
2944 869 3031 906 eos
3064 852 3351 907 salvandos
3391 869 3420 906 a
3456 855 3763 908 conformi-

2168 952 2278 999 tate
2312 944 2730 1015 perdendorum.
2766 943 2870 1011 Et,
2911 943 3041 1014 quia
3089 943 3350 999 miracula
3394 959 3502 1000 non
3542 943 3763 999 suﬂice-

2168 1046 2321 1100 rent,
2345 1037 2518 1092 emitte
2546 1050 2761 1105 quoque
2793 1051 2889 1105 per
2933 1035 3107 1091 cmlos
3139 1037 3358 1106 sagittas
3389 1048 3542 1101 tuas,
3591 1037 3645 1091 id
3675 1048 3763 1091 est

2170 1127 2454 1182 manifeste
2485 1128 2639 1181 mitte
2668 1125 2946 1180 doctrinas
3000 1134 3148 1187 tuas,
3189 1124 3576 1194 primordiales
3612 1125 3763 1180 scili-

2169 1230 2254 1275 cet
2280 1219 2589 1285 doctrinas,
2617 1234 2738 1287 qua:
2767 1227 3051 1288 postquam
3088 1217 3293 1270 notitize
3320 1217 3414 1271 Dei
3446 1216 3765 1286 aliquanta-

2170 1311 2278 1365 lum
2308 1310 2536 1375 habent,
2579 1310 2757 1364 idiotis
2807 1325 2836 1361 a
2884 1307 3332 1377 praedicatoribus
3366 1317 3762 1378 suggeruntur,

2169 1417 2287 1472 qum
2313 1399 2380 1455 ad
2414 1400 2628 1456 modum
2657 1399 2981 1467 sagittarum
3004 1407 3291 1468 penetrant
3330 1414 3506 1468 usque
3532 1399 3605 1453 ad
3635 1414 3759 1462 cor,

2168 1503 2221 1549 et
2249 1493 2580 1548 interﬁciunt
2612 1507 2706 1547 eos
2746 1492 2800 1545 in
2832 1492 2935 1546 hoc
2976 1491 3120 1561 quod
3157 1490 3280 1545 mali
3311 1500 3462 1547 sunt.
3501 1489 3601 1544 Vel
3631 1491 3712 1545 sic
3741 1508 3757 1543 :

2169 1583 2461 1653 Postquam
2505 1580 2893 1651 aliquantulum
2939 1596 3036 1651 per
3078 1580 3247 1636 cmlos
3275 1582 3342 1635 ad
3379 1596 3576 1636 eorum
3616 1583 3763 1635 neti-

2172 1676 2301 1728 tiam
2335 1672 2715 1737 descendet-is,
2761 1680 2818 1727 ct
2840 1671 2954 1741 jam
3001 1671 3202 1741 aliquid
3249 1672 3627 1742 primordialis
3674 1673 3765 1725 do-

488 1769 556 1823 ad
600 1782 707 1822 non
756 1780 878 1821 esse
928 1764 1208 1827 tenderet,
1252 1772 1307 1817 et
1351 1778 1446 1832 per
1480 1760 1741 1832 originale
1791 1767 2065 1830 peccalum
2103 1742 2143 1799 Β
2174 1766 2361 1821 ctrinte
2396 1763 2762 1834 susceperint,
2795 1772 2985 1818 utnon
3014 1779 3079 1817 ex
3111 1772 3223 1819 toto
3257 1764 3421 1818 rudes
3452 1764 3600 1824 sint.
3633 1774 3767 1818 tunc

486 1870 542 1915 et
565 1872 662 1929 per
686 1853 943 1911 actualia.
991 1853 1058 1907 Et
1095 1853 1145 1905 in
1194 1852 1295 1906 hoc
1325 1852 1501 1906 adhuc
1536 1849 1773 1906 ostendit
1803 1848 1967 1919 57o
1994 1849 2068 1903 si-

487 1950 671 2006 milem
697 1963 755 2005 se
782 1946 974 2003 iecisse
1006 1944 1260 2006 vanitati,
1300 1945 1443 2012 quod
1482 1942 1592 1996 dies
1633 1942 1746 2011 ejus
1786 1942 1894 1997 cito
1926 1958 2069 2011 prir-

490 2048 691 2094 tereunt
714 2039 845 2092 sicut
877 2036 1081 2090 umbra.
1121 2034 1199 2088 Ac
1226 2033 1274 2088 si
1305 2033 1449 2087 dicat
1478 2050 1490 2086 :
1532 2032 1723 2086 Adhuc
1768 2046 1985 2101 ptenam
2017 2032 2067 2084 in

490 2149 551 2188 se
583 2131 782 2186 retinet
811 2130 877 2185 de
908 2128 1011 2183 hoc
1045 2126 1186 2192 quod
1220 2142 1247 2179 a
1290 2140 1419 2180 vero
1463 2139 1585 2179 esse
1634 2124 1972 2188 recedendo,
2003 2125 2068 2176 ad

491 2238 600 2278 non
632 2235 756 2276 esse
800 2218 1045 2274 tetendit.
1089 2216 1214 2270 Inde
1261 2216 1403 2268 enim
1448 2214 1550 2269 hoc
1594 2213 1757 2268 habet
1785 2213 1926 2282 quod
1955 2213 2071 2267 dies

491 2316 610 2386 ejus
648 2311 947 2369 transitorii
979 2318 1105 2365 sunt
1136 2317 1193 2362 ut
1240 2307 1450 2361 umbra.
1501 2306 1575 2360 De
1601 2305 1884 2373 juventute
1924 2305 2068 2358 enim

495 2411 550 2463 in
584 2413 916 2463 senectutem
960 2400 1193 2461 transit,
1227 2410 1281 2453 et
1316 2399 1392 2453 sic
1435 2399 1503 2451 ad
1542 2398 1788 2451 ultimum
1820 2397 2068 2452 moritur.

496 2500 651 2556 Unde
681 2497 857 2551 adhuc
889 2491 1115 2547 vanitati
1147 2490 1361 2545 videtur
1384 2488 1596 2543 similis.
1628 2488 1743 2555 Qua
1784 2489 1930 2544 enim
1983 2504 2071 2542 ra-

494 2591 643 2645 tione
672 2585 803 2641 illud
832 2582 977 2653 quod
1019 2578 1391 2635 transitorium
1424 2587 1507 2634 est
1529 2592 1723 2631 vanum
1754 2593 1874 2633 esse
1900 2578 2067 2632 dene-

493 2678 683 2750 gctur?
706 2674 858 2731 Unde
886 2671 1169 2727 Salomon:
1191 2666 1445 2722 tVanitas
1471 2667 1793 2729 vanitatum,
1814 2666 1954 2721 dixit
1974 2665 2068 2719 Ec-

490 2772 795 2832 clesiastes.
860 2764 1076 2820 vanitas
1132 2761 1471 2827 vanitatum,
1519 2767 1575 2814 et
1630 2758 1811 2814 omnia
1862 2758 2075 2813 vanitas

491 2859 694 2934 (Eccle.
724 2875 779 2921 ι,
814 2856 887 2925 1).
920 2874 943 2933 s

564 2951 795 3008 Ostenso
839 2947 944 3004 hoc
974 2944 1115 3015 quod
1161 2943 1328 2999 Deum
1364 2941 1636 3003 benedicit
1674 2955 1735 2996 ea
1783 2942 2075 2996 occasione

492 3044 617 3113 quia
651 3039 896 3096 ﬁdelibus
929 3035 1042 3105 jam
1088 3034 1352 3099 innotuit,
1392 3041 1516 3088 orat
1551 3041 1611 3087 ut
1640 3031 1915 3088 salvandis
1965 3032 2073 3086 illis

491 3136 826 3193 innotescat,
861 3126 1057 3197 quibus
1078 3125 1313 3180 nondum
1350 3123 1606 3179 innotuit.
1638 3123 1790 3179 Dixi:
1825 3123 2069 3188 Domine,

491 3225 619 3295 quia
641 3234 896 3292 magnum
923 3217 1050 3287 quid
1078 3214 1252 3271 ellecti
1282 3224 1405 3277 sunt
1446 3214 1694 3269 homines
1731 3213 1945 3281 ﬁdeles,
1977 3228 2073 3284 per

491 3313 786 3384 hoc‘quod
832 3308 1118 3366 innotuisti
1166 3309 1268 3363 eis.
1324 3305 1391 3362 Ut
1437 3322 1569 3362 vero
1616 3309 1795 3362 caeteri
1828 3307 2074 3362 homines

490 3404 733 3463 salvandi
764 3415 1015 3473 magnum
1041 3397 1171 3467 quid
1212 3397 1344 3451 ﬁant
1381 3406 1433 3451 te
1460 3397 1540 3453 eis
1568 3395 1901 3452 notiﬁcando
1928 3407 1984 3452 et
2014 3407 2071 3451 ut

490 3500 571 3555 eis
600 3499 908 3552 innotescas
926 3536 942 3559 ,
970 3507 1004 3547 0
1030 3490 1270 3554 Domine,
1303 3488 1498 3543 inclina
1534 3488 1685 3545 celos
1732 3499 1879 3556 tuos,
1908 3490 1962 3545 id
1992 3499 2074 3545 est

494 3590 716 3646 humilia
761 3586 1145 3657 praedicatores
1219 3591 1339 3636 tuos
1385 3582 1478 3651 qui
1539 3582 1799 3638 sublimes
1846 3592 1974 3638 sunt
2019 3582 2072 3637 in

492 3679 742 3735 scientia.
771 3676 1002 3731 llumilia
1021 3716 1039 3740 ,
1070 3676 1288 3744 inquam
1310 3714 1326 3738 ,
1363 3673 1449 3729 vel
1473 3674 1553 3729 sic
1581 3683 1636 3729 ut
1669 3675 2074 3744 persecutiones

491 3786 594 3843 pro
642 3768 887 3824 doctrina
937 3767 1043 3835 pati
1090 3782 1194 3822 non
1228 3767 1555 3837 suﬁ‘ugiant;
1591 3767 1673 3822 vel
1708 3767 1930 3822 humilia
1981 3778 2070 3831 ιιι,

492 3878 616 3919 etim
641 3860 877 3930 supremi
926 3859 1035 3912 sint
1081 3859 1131 3911 in
1177 3860 1469 3927 sapientia,
1493 3860 1558 3913 ad
1588 3860 1948 3929 capacitatem
1979 3875 2076 3912 au-

493 3954 761 4011 dientium
806 3949 1113 4005 doctrinam
1158 3965 1310 4003 suam
1360 3960 1808 4019 contemperent,
1859 3962 1918 4007 ut
1947 3952 2077 4006 dant

493 4050 575 4104 eis
605 4048 688 4103 lac
715 4054 898 4116 potum
922 4084 935 4108 ,
964 4057 1072 4097 non
1097 4056 1278 4097 escam
1309 4043 1360 4115 (Ι
1404 4042 1527 4097 Cor.
1555 4059 1644 4106 ιιι,
1682 4044 1768 4113 2),
1810 4054 1863 4098 et
1892 4046 1970 4099 sic
1998 4047 2077 4100 eis

496 4149 548 4194 te
598 4139 943 4192 innotescere
987 4131 1209 4189 faciant.
1247 4132 1399 4190 Unde
1441 4131 1773 4202 Apostolus:
1818 4150 1835 4183 ι
1867 4131 1981 4186 Νοιι
2023 4135 2073 4188 iu

491 4228 758 4300 sapientia
790 4226 971 4292 verbi,
1028 4234 1085 4280 ut
1134 4240 1237 4279 non
1281 4232 1578 4280 evacuetur
1604 4238 1739 4279 crux
1788 4223 1987 4278 Christi
2023 4225 2072 4294 (Ι

493 4319 618 4375 Cor.
653 4335 701 4386 l,
738 4318 843 4387 l7).
886 4337 901 4369 ι
949 4317 1015 4370 Et
1063 4317 1186 4370 alibi
1221 4336 1234 4370 :
1288 4336 1305 4369 t
1350 4316 1493 4371 Nihil
1523 4315 1763 4385 iudicavi
1804 4330 1890 4370 me
1936 4318 2076 4372 scire

2171 1874 2267 1929 per
2294 1858 2513 1913 eosdem
2543 1856 2711 1911 caelos
2741 1855 2914 1909 emitte
2944 1856 2996 1909 in
3023 1871 3118 1910 eos
3149 1857 3367 1926 sagittas
3404 1866 3527 1909 tuas
3549 1895 3573 1922 ,
3592 1856 3647 1909 id
3675 1864 3764 1909 est

2170 1958 2437 2020 praecepta
2498 1957 2553 2003 et
2610 1948 2854 2001 instituta
2906 1955 2992 2000 tua
3044 1949 3112 1999 ad
3163 1948 3380 2001 modum
3428 1946 3765 2015 sagittarum

2171 2042 2331 2096 corda
2366 2038 2735 2110 penetrantia,
2767 2037 2856 2090 illa
2888 2036 3142 2091 videlicet
3178 2052 3371 2107 magna
3410 2036 3637 2090 vivendi
3684 2037 3769 2089 iu-

2172 2135 2359 2190 stituta
2382 2148 2502 2203 qua:
2532 2139 2650 2201 post
2680 2129 3035 2184 imbutioncm
3070 2128 3442 2198 primordialis
3492 2128 3771 2182 doctrina

2173 2240 2201 2279 a
2235 2223 2551 2280 doctoribus
2592 2220 3065 2275 administrantur.
3105 2218 3332 2285 Emitte,
3378 2220 3642 2289 inquam,
3683 2237 3770 2271 sa-

2173 2319 2327 2387 gittas
2369 2324 2417 2369 et
2445 2316 2524 2369 sic
2552 2311 2883 2368 conturbabis
2912 2327 3000 2364 eos
3023 2351 3036 2374 ,
3086 2311 3326 2375 scilicet,
3353 2319 3648 2380 postquam
3675 2324 3775 2362 eos

2175 2408 2498 2466 instruxeris
2533 2421 2693 2477 quam
2736 2405 2894 2475 digna
2941 2403 3046 2457 sint
3093 2412 3146 2457 et
3186 2418 3347 2472 quam
3395 2412 3589 2458 sancta
3636 2418 3773 2471 pne-

2175 2513 2328 2571 ccpla
2364 2510 2482 2566 tua,
2517 2497 3004 2557 conturbabuntnr,
3044 2495 3095 2549 id
3132 2504 3218 2576 est
3267 2495 3527 2550 dolebant
3556 2494 3626 2548 de
3663 2496 3767 2547 hoc

2175 2596 2316 2665 quod
2351 2592 2636 2665 prrccptis
2660 2604 2878 2661 operam
2906 2604 3012 2642 non
3053 2588 3339 2644 dederunt.

2246 2684 2410 2740 Facta
2441 2684 2688 2737 oratione
2721 2695 2820 2750 pro
2851 2678 3004 2740 aliis,
3033 2686 3154 2733 orat
3188 2679 3354 2733 etiam
3380 2694 3482 2749 pro
3512 2693 3573 2732 se
3601 2686 3662 2731 ut
3700 2680 3775 2731 ab

2177 2774 2448 2831 haereticis
2476 2774 2754 2837 liberetur,
2798 2771 2878 2825 sic
2925 2768 3115 2823 dicens
3154 2783 3170 2822 :
3205 2769 3368 2825 Oravi
3404 2785 3504 2839 pro
3536 2769 3665 2823 aliis
3685 2769 3769 2821 di-

2175 2867 2346 2922 cendo
2367 2908 2380 2931 ,
2413 2866 2669 2932 Domine,
2701 2865 2900 2917 inclina
2923 2905 2937 2929 ,
2983 2871 3092 2916 etc.
3126 2860 3237 2917 Oro
3280 2876 3502 2932 quoque
3549 2876 3655 2931 pro
3684 2875 3771 2915 me
3814 2851 3826 2860 ’

2176 2973 2298 3013 cum
2328 2956 2395 3011 ab
2426 2956 2699 3011 haereticis
2728 2956 3029 3027 impugner,
3064 2957 3237 3010 emitte
3273 2970 3488 3008 manum
3529 2965 3683 3007 tuam
3708 2955 3775 3006 de

2177 3049 2314 3113 alto,
2351 3049 2404 3103 id
2432 3057 2515 3104 est
2545 3048 2833 3102 manifeste
2876 3049 3030 3104 mitte
3060 3048 3193 3102 mihi
3220 3045 3479 3101 auxilium
3511 3054 3671 3098 tuum
3705 3046 3774 3098 de

2177 3142 2458 3196 altitudine
2489 3140 2745 3211 potentia:
2776 3150 2899 3196 tum.
2928 3141 3117 3196 Manus
3153 3155 3250 3210 pro
3268 3122 3477 3195 auxilio
3516 3139 3770 3208 ponitur,

2175 3250 2241 3291 co
2272 3234 2414 3305 quod
2442 3234 2548 3287 labi
2578 3233 2779 3289 volenti
2832 3249 2991 3288 manu
3038 3233 3389 3287 auxiliamur.
3432 3231 3662 3295 Emitte,
3698 3232 3772 3285 in.

2174 3339 2367 3394 quam,
2402 3323 2531 3377 mihi
2558 3322 2819 3377 auxilitum
2861 3322 3118 3393 potentia:
3151 3331 3273 3377 lusa.
3316 3322 3382 3376 Et
3411 3322 3490 3376 sic
3516 3324 3667 3390 eripe
3692 3338 3774 3373 me

2175 3419 2239 3472 de
2263 3419 2412 3489 aquis
2436 3416 2632 3470 multis.
2664 3417 2731 3471 Et
2766 3432 2871 3472 non
2900 3416 3250 3471 mediocriter
3289 3415 3489 3484 eripias
3509 3455 3525 3480 ,
3565 3414 3667 3470 sed
3699 3415 3773 3468 li-

2178 3512 2315 3565 bera-
2345 3526 2427 3564 me
2472 3511 2535 3564 de
2575 3510 2724 3580 aquis
2765 3509 2985 3575 multis,
3021 3508 3072 3563 itl
3116 3516 3199 3561 est
3243 3508 3321 3562 sic
3353 3522 3441 3561 me
3465 3507 3678 3577 erip'as
3705 3507 3772 3560 de

2176 3601 2343 3655 variis
2382 3609 2436 3655 et
2477 3599 2862 3670 multiplicibus
2907 3600 3171 3655 doctrinis
3221 3599 3647 3662 hmreticorum,
3712 3610 3773 3652 ιιι

2178 3691 2335 3761 571
2366 3706 2430 3744 ex
2469 3699 2580 3745 toto
2616 3705 2681 3746 ex
2705 3690 2783 3745 eis
2820 3704 2905 3744 me
2951 3690 3168 3755 liberes,
3220 3698 3279 3744 ut
3302 3689 3383 3743 cis
3426 3688 3601 3745 libere
3633 3704 3768 3743 crn-

2181 3782 2482 3847 tradicam,
2541 3795 2607 3835 ne
2662 3781 2713 3834 in
2760 3781 2941 3850 aliquo
2986 3780 3247 3849 decipiar.
3312 3780 3500 3849 Aquas
3566 3780 3773 3834 multas

2179 3873 2554 3927 haereticorum
2619 3872 2897 3927 doctrinas
2920 3872 3066 3935 dicit,
3123 3886 3189 3926 co
3230 3870 3373 3939 quod
3423 3871 3492 3925 ad
3541 3872 3772 3925 modum

2178 3981 2330 4036 aqum
2354 3965 2579 4020 turbidte
2610 3966 2840 4021 sordidae
2866 3976 3009 4030 sunt,
3051 3976 3105 4021 et
3137 3966 3463 4035 multiplices
3493 3975 3654 4027 sunt.
3712 3978 3774 4020 et

2177 4054 2380 4118 varim,
2422 4070 2527 4109 non
2582 4053 2636 4109 in
2692 4055 3038 4125 simplicitate
3093 4054 3216 4110 ﬁdei
3269 4056 3593 4110 concordes.
3644 4054 3769 4108 Non

2179 4146 2350 4200 solum
2383 4156 2561 4201 autent
2594 4163 2676 4201 me
2712 4147 2778 4200 de
2821 4148 2971 4216 aquis
3023 4148 3225 4213 multis,
3278 4146 3374 4202 sed
3402 4157 3450 4200 et
3478 4147 3543 4200 de
3599 4165 3771 4200 manu

2179 4239 2406 4307 ﬁliorum
2433 4253 2563 4295 erue
2590 4239 2900 4304 alienorum,
2918 4239 2967 4293 id
2999 4248 3082 4293 cst
3105 4240 3171 4294 de
3191 4239 3504 4308 operatione
3525 4238 3769 4294 ﬁliorum

2181 4332 2477 4385 alienorum
2515 4332 2721 4386 scilicet
2744 4347 2810 4387 ne
2831 4333 3068 4402 decipiar
3107 4348 3202 4403 per
3238 4332 3541 4387 simulatam
3563 4346 3770 4403 Opera-

494 4414 637 4467 inter
673 4426 766 4465 vos
785 4453 799 4475 ,
836 4410 937 4465 nisi
969 4407 1244 4462 Christum
1267 4408 1475 4473 Jesum,
1503 4410 1725 4464 ethunc
1748 4408 2070 4465 cruciﬁxum

2180 4422 2376 4476 tionem
2390 4422 3053 4493 htereticorttm,qni,cum
3085 4424 3314 4480 fuissent
3342 4424 3432 4479 ﬁlii
3462 4424 3768 4480 secundum

494 4504 544 4565 (1
579 4504 702 4558 Car.
731 4519 804 4568 ιι,
833 4502 910 4572 2).
953 4520 971 4553 ι
1000 4500 1239 4569 Inclina,
1265 4502 1483 4571 inquam
1503 4544 1517 4567 ,
1552 4502 1725 4567 stelas,
1758 4513 1805 4556 et
1838 4517 1936 4572 per
1964 4517 2074 4557 c0:-

494 4595 576 4649 los
620 4594 870 4648 descende
903 4594 954 4648 in
1004 4592 1249 4646 natitiam
1286 4593 1609 4647 auditorum.
1649 4594 1715 4647 Et
1764 4595 1900 4648 bene
1946 4594 2076 4649 dicit

506 4684 780 4739 descende.
813 4683 945 4739 Cum
968 4684 1113 4738 enim
1142 4685 1240 4753 ipsi
1268 4686 1441 4739 adhuc
1464 4685 1513 4738 in
1541 4686 1818 4741 intellectu
1848 4686 2073 4753 debiles,

496 4776 566 4830 ad
592 4775 789 4829 divinae
813 4774 1282 4843 contemplationis
1314 4775 1702 4831 sublimitatem
1732 4792 1837 4831 non
1861 4777 2076 4833 valeant

496 4863 793 4920 ascendere
810 4904 823 4927 ,
865 4872 991 4917 tunc
1015 4864 1081 4917 ad
1111 4877 1205 4919 eos
1227 4864 1505 4919 descendit
1542 4866 1721 4921 divina
1747 4866 2033 4922 clementia
2058 4910 2073 4933 ,

496 4974 624 5020 cum
652 4955 1044 5027 aliquantulum
1096 4970 1190 5009 eos
1234 4957 1560 5027 cognitionis
1609 4973 1719 5013 sua:
1748 4960 1919 5014 radiis
1957 4962 2077 5016 illu-

498 5058 655 5106 strat.
686 5048 955 5105 Descende
976 5089 989 5115 ,
1021 5046 1242 5116 inquam
1262 5087 1275 5110 ,
1307 5049 1374 5101 ad
1411 5064 1504 5103 eos
1536 5066 1633 5119 per
1679 5052 2073 5120 cognitionem,

497 5153 553 5197 et
588 5141 963 5199 descendendo
983 5152 1138 5212 tange
1165 5156 1270 5195 non
1293 5140 1465 5194 solum
1502 5144 1737 5199 minores
1754 5186 1768 5210 ,
1794 5148 1887 5200 sed
1913 5147 2074 5201 etiam

504 5246 733 5300 montes,
764 5236 815 5289 id
847 5243 932 5291 est
969 5234 1201 5303 majores
1235 5242 1289 5287 et
1334 5234 1622 5302 przelatos;
1667 5249 1820 5306 tange
1851 5241 2075 5297 interius

502 5322 696 5378 timore
721 5333 1066 5395 peccatorum
1101 5338 1321 5380 suorum
1349 5364 1365 5389 ,
1392 5336 1438 5377 et
1466 5327 1590 5379 tacti
1626 5327 1989 5399 fumigabunt,
2022 5332 2073 5388 id

499 5422 584 5469 est
613 5410 814 5469 fumum
842 5415 1094 5471 emittent
1131 5430 1194 5469 ex
1227 5431 1314 5482 se,
1344 5415 1396 5470 id
1426 5424 1510 5471 est
1540 5416 1899 5488 lacrymosam
1929 5437 2077 5477 com-

497 5504 879 5575 punctionem,
917 5522 1038 5577 qum
1061 5507 1128 5561 ad
1174 5509 1391 5562 modum
1423 5508 1587 5574 fumi,
1619 5513 1863 5580 corporis
1893 5516 2076 5569 oculos

500 5597 701 5653 turbat.
740 5596 808 5652 Ut
832 5607 1009 5652 autem
1042 5615 1137 5669 per
1165 5602 1334 5659 ctelos
1380 5603 1668 5659 inclinatos
1716 5606 1815 5676 ipsi
1866 5620 2075 5664 montes

502 5690 585 5744 tui
612 5690 855 5744 notitiam
893 5687 1164 5757 plcnarius
1199 5694 1451 5763 capiant,
1485 5706 1537 5750 et
1576 5706 1866 5767 tangantur
1895 5707 1949 5753 et
1994 5696 2071 5751 ιἰι-

2176 4513 2639 4583 participationem
2698 4515 3186 4571 ecclesiasticarum
3244 4525 3714 4571 sacramentorum
3750 4558 3767 4579 ,

2177 4604 2336 4659 alieni
2365 4603 2492 4659 facti
2525 4615 2648 4660 sunt
2672 4621 2767 4675 per
2796 4620 3029 4662 errorem
3058 4605 3355 4661 sunm.lloc
3375 4616 3556 4662 autem
3593 4615 3765 4660 totum

2178 4706 2277 4763 cst,
2331 4711 2395 4751 ac
2449 4697 2493 4751 si
2547 4698 2783 4752 breviter
2831 4707 3055 4768 poneret
3094 4699 3171 4753 sic
3202 4715 3216 4751 :
3243 4697 3429 4753 Libera
3451 4715 3532 4752 me
3571 4699 3651 4753 sic
3694 4699 3768 4751 ab

2180 4786 2517 4841 hcereticisut
2546 4803 2649 4840 non
2681 4787 3127 4858 decipiar,ncque
3141 4790 3554 4858 perdoctrinam
3585 4802 3770 4858 neque

2176 4894 2274 4949 per
2298 4878 2695 4935 simulationem
2742 4894 2966 4949 operum
2997 4896 3210 4945 corum,
3232 4898 3351 4953 qua:
3364 4882 3618 4936 videnlur
3637 4894 3771 4934 esse

2178 4972 2339 5034 bona,
2373 4982 2422 5026 et
2450 4987 2702 5042 perversa
2728 4982 2870 5026 sunt.
2901 4972 3033 5039 Quia
3065 4973 3280 5029 liberari
3309 4990 3368 5029 se
3399 4983 3673 5037 oraverat,
3702 4982 3765 5027 et

2180 5063 2245 5117 de
2274 5063 2553 5126 doctrinis,
2582 5071 2633 5117 ct
2665 5064 2728 5118 de
2756 5064 3063 5133 operatione
3096 5066 3503 5130 hmreticorum;
3531 5065 3767 5137 singulis

2181 5154 2419 5222 singulas
2445 5169 2635 5209 causas
2666 5155 2841 5209 reddit
2883 5155 2959 5209 sic
2995 5172 3008 5205 :
3038 5155 3226 5209 Libera
3265 5173 3367 5221 me,
3424 5158 3669 5227 inquam,
3696 5157 3766 5208 de

2181 5246 2330 5314 aquis
2377 5243 2555 5297 multis
2611 5244 3007 5307 haereticorum,
3054 5261 3276 5314 quorum
3308 5264 3365 5299 os
3396 5246 3630 5301 locutum
3678 5256 3759 5297 est

2180 5337 2478 5400 vanitatem,
2509 5351 2568 5390 ac
2591 5338 2634 5389 si
2664 5338 2804 5393 dicat
2835 5360 2845 5393 :
2880 5342 3050 5397 Ncccs
3081 5356 3112 5395 e
3140 5349 3219 5394 est
3257 5349 3313 5391 ut
3359 5354 3507 5393 orem
3538 5338 3759 5391 liberari

2179 5426 2917 5491 adoctrinishzereticomm,
2950 5434 3038 5501 qui
3103 5431 3235 5485 nihil
3286 5430 3601 5499 loquuntur,
3656 5430 3763 5483 nisi

2170 5535 2315 5605 vana
2341 5528 2394 5574 et
2420 5534 2607 5575 errore
2631 5520 2808 5590 plena.
2856 5521 2919 5575 Et
2952 5523 3072 5605 ideo
3119 5538 3214 5576 oro
3244 5522 3465 5575 liberari
3514 5521 3583 5574 de
3631 5534 3763 5588 0pc-

2182 5600 2386 5664 ratit‘ine
2414 5600 3152 5669 lmreticorumexisiéntium
3179 5613 3412 5668 ﬁliorum
3437 5611 3765 5670 alienorum,

2182 5705 2305 5773 quia
2334 5704 2547 5758 dextera
2577 5721 2778 5772 eorum,
2813 5709 2863 5762 id
2917 5715 2996 5762 est
3046 5705 3290 5776 operatio
3319 5719 3506 5758 eorum
3541 5690 3765 5774 qumvi-
