3978 6328
194 305 334 363 1593

1062 258 1071 273 ”
1122 288 1481 351 exposmo
1527 288 1591 343 lN
1624 284 1955 343 PSALMOS.
1987 283 2274 339 ——PSAL.
2311 280 2530 336 cxuu.
2598 254 2603 259 ’

3320 272 3457 334 1591

193 419 357 472 detur
387 428 506 471 esse
532 413 769 475 dextera,
813 409 863 463 id
887 418 970 463 est
999 406 1162 473 bona,
1215 415 1298 461 est
1332 405 1546 459 dextera
1591 399 1784 470 iniqui-
1813 402 1859 459 Α
1890 395 2319 466 Scripturarum,
2370 391 2463 446 sed
2523 391 2574 442 in
2593 391 2885 459 jntentute,
2940 390 2990 445 id
3015 392 3192 462 estin
3232 372 3458 448 errones

195 504 344 573 ta'tis,
374 508 428 563 id
459 515 543 561 est
571 501 1033 575 operatioiniqua.
1104 500 1111 505 ’

265 600 424 655 Unde
452 611 674 653 necesse
698 604 784 650 εει
818 604 874 647 ιιι
895 592 962 648 de
992 602 1221 662 utroque
1242 606 1393 646 orem
1426 589 1673 652 liberari,
1714 602 1782 642 ne

194 696 246 749 in
274 694 461 763 aliquo
492 691 754 759 decipiar.
783 688 843 743 Si
874 703 1003 741 vero
1044 702 1129 741 me
1160 685 1478 741 liberaveris
1508 683 1576 738 de
1631 682 1781 752 aquis

196 785 407 850 multis,
467 799 588 854 qua:
638 789 884 851 spectant
934 780 1002 833 ad
1033 786 1356 833 vetustatem
1385 777 1535 841 Adin,
1556 790 1589 828 ο
1620 773 1781 838 Deus,

189 876 424 931 cantabo
452 876 544 929 tibi
574 888 760 927 norum
783 871 1067 933 canticum,
1096 870 1146 924 id
1171 877 1253 924 est
1285 867 1515 922 laudabo
1554 877 1606 921 te
1646 880 1784 919 novo

190 966 436 1031 cantico,
480 964 585 1019 ﬁde
624 961 875 1016 videlicet
919 960 1287 1029 integra,qum
1333 972 1429 1027 per
1457 970 1656 1009 novum
1687 955 1784 1009 ho-

193 1056 403 1113 minem
434 1055 555 1111 data
586 1061 688 1109 est.
717 1052 773 1107 Si
804 1060 984 1105 autem
1015 1051 1077 1104 de
1100 1066 1260 1103 manu
1304 1048 1539 1118 ﬁliorum
1580 1044 1785 1101 alieno:

194 1164 317 1202 rum
371 1161 459 1201 me
486 1144 823 1209 liberareris,
856 1141 1077 1213 psallam
1102 1141 1215 1206 tibi,
1250 1141 1301 1195 id
1332 1150 1414 1196 est
1437 1141 1572 1195 bene
1593 1154 1785 1209 opera-

194 1237 300 1292 hor
329 1236 397 1290 ad
420 1233 631 1289 laudem
662 1233 753 1287 tui.
788 1232 855 1286 Et
882 1231 985 1285 hoc
1009 1246 1114 1285 non
1146 1230 1339 1285 faciam
1375 1228 1705 1294 invitus,sed
1732 1229 1786 1281 in

194 1327 450 1398 psalterio
482 1322 826 1386 decacltordo,
870 1322 922 1378 id
947 1332 1027 1378 est
1052 1323 1104 1375 iu
1130 1321 1309 1375 anima
1330 1321 1517 1376 decem
1577 1330 1785 1389 praece-A

196 1418 305 1487 ptis
324 1418 459 1491 legis
486 1417 774 1489 instructa,
799 1415 1006 1471 scilicet
1029 1414 1082 1469 in
1103 1414 1373 1468 voluntate
1394 1414 1784 1467 auimae‘decetn

196 1511 338 1582 legis
364 1517 632 1580 prmcepta
683 1507 1009 1577 complente,
1038 1522 1159 1575 quae
1187 1505 1505 1574 psalterium
1564 1504 1782 1567 dicitur,

195 1617 268 1655 eo
298 1600 444 1671 quod
488 1609 545 1655 ut
585 1598 697 1667 jam
736 1613 879 1667 sape
921 1599 1121 1653 dictum
1150 1607 1254 1662 cst,
1287 1597 1353 1652 ad
1380 1596 1813 1652 sitnilitudiuem‘

196 1692 447 1763 psalterii
476 1706 505 1745 a
538 1690 807 1761 superiori
828 1688 984 1742 laude
1013 1698 1248 1744 resonat.
1288 1687 1517 1743 Chorda:
1546 1700 1675 1740 vero
1707 1685 1788 1739 di-

197 1773 403 1838 cuntur
426 1782 557 1853 legis
593 1788 881 1852 praecepta,
921 1795 986 1836 eo
1018 1780 1162 1851 quod
1207 1779 1417 1835 dulcem
1455 1779 1564 1835 Deo
1620 1778 1786 1833 melo.

200 1876 352 1930 diam
382 1890 480 1945 per
506 1874 585 1930 sui
608 1874 1025 1945 completionem
1058 1872 1307 1939 reddant,
1348 1888 1379 1927 a
1436 1872 1789 1928 similitudine

197 1968 553 2028 chordarum,
586 1966 798 2022 dulcem
819 1981 885 2022 ex
913 1980 972 2021 se
1011 1975 1231 2021 cautum
1282 1965 1641 2021 reddentium.
1694 1963 1791 2019 Vel

201 2060 282 2115 sic
311 2077 325 2114 :
365 2056 573 2121 Libera,
600 2058 843 2129 inquam,
872 2073 954 2112 me
984 2058 1047 2112 de
1076 2059 1227 2128 aquis
1254 2056 1431 2112 multis
1460 2067 1508 2112 et
1538 2057 1602 2111 de
1625 2073 1786 2111 manu

201 2148 437 2218 filiorum
468 2146 780 2201 alienorum.
805 2138 957 2215 Quod
983 2146 1029 2202 si
1052 2147 1269 2212 feceris,
1292 2163 1325 2202 0
1343 2131 1789 2213 Deus,canticum

205 2253 398 2291 norum
423 2238 644 2291 cantabo
677 2236 790 2302 tibi,
825 2236 877 2291 id
902 2245 984 2292 est
1026 2236 1256 2293 laudabo
1307 2247 1358 2293 te
1393 2251 1532 2293 novo
1580 2226 1792 2293 cantico

203 2328 414 2382 scilicet
434 2325 792 2396 completione
818 2325 1029 2381 illorum
1053 2324 1358 2380 sublimium
1374 2334 1707 2397 prmeeptoru
1717 2342 1788 2391 m,

205 2432 350 2486 ψιτε,
386 2431 509 2470 cum
552 2416 605 2468 in
673 2412 853 2469 Veteri
887 2414 1238 2469 Testamento
1287 2431 1392 2471 non
1436 2424 1621 2470 essent
1645 2416 1788 2477 data,

206 2505 260 2558 in
284 2503 437 2560 Novo
464 2503 813 2559 Testamento
840 2501 962 2556 data
991 2512 1136 2567 sunt,
1167 2503 1307 2559 sicut
1341 2504 1620 2558 inimicum
1672 2503 1795 2557 dili-

206 2611 356 2663 gere,
388 2593 670 2650 Stecularia
699 2601 1046 2663 postponere,
1093 2603 1149 2648 et
1203 2603 1400 2650 caetera
1456 2592 1790 2663 hujusmodi.

210 2688 366 2744 Unde
410 2686 670 2741 Dominus
712 2683 765 2739 in
801 2683 1093 2754 Evangelio
1147 2682 1324 2739 dicit:
1372 2702 1390 2735 ι
1419 2683 1533 2739 Nisi
1553 2682 1793 2737 abunda-

218 2776 582 2846 veritjustitia
607 2784 786 2831 vestra
834 2774 1118 2845 plusquam
1172 2773 1488 2829 Scribarum
1518 2782 1573 2828 et
1598 2772 1793 2827 Phari-

208 2882 467 2932 saeorum,
498 2880 605 2920 non
632 2864 907 2918 intrabitis
930 2864 981 2918 in
1015 2878 1236 2933 regnum
1266 2866 1527 2918 etelorum
1573 2861 1790 2931 (Matth.

209 2976 262 3026 v,
318 2958 436 3029 20).
482 2978 500 3009 ι
532 2956 787 3023 Cantabo,
818 2956 1057 3025 inquam,
1091 2956 1182 3008 tibi
1240 2970 1426 3008 novum
1481 2954 1743 3009 canticum
1775 2995 1789 3019 ,

210 3060 268 3105 et
293 3051 461 3106 etiam
491 3048 717 3119 psallam
744 3048 837 3101 tibi
859 3048 912 3102 in
947 3047 1196 3118 psalterio
1224 3048 1569 3115 decue/tardo,
1620 3048 1670 3103 id
1704 3059 1787 3102 est
1818 3084 1863 3144 Ο

212 3144 448 3199 laudabo
482 3152 533 3198 te
556 3142 697 3197 bona
750 3142 1068 3210 operatione
1133 3142 1185 3195 in
1238 3141 1516 3195 voluntate
1572 3142 1786 3204 animae,

211 3236 402 3290 decem
444 3234 729 3311 praeceptis
759 3232 892 3303 legis
940 3233 1139 3287 veteris
1190 3232 1487 3288 adornatae.
1520 3231 1673 3299 Quod
1710 3240 1793 3286 est

213 3325 397 3381 dicere
446 3340 460 3379 :
516 3325 771 3379 Laudabo
823 3332 872 3379 te
908 3325 1264 3393 completione
1303 3324 1434 3379 Novi
1478 3334 1535 3380 et
1584 3326 1794 3381 Veteris

214 3416 571 3472 TcStatneuli.
602 3414 816 3484 Repetit
847 3423 1027 3469 autem
1054 3432 1118 3469 ex
1167 3416 1332 3471 nimio
1377 3415 1645 3471 desiderio
1696 3418 1795 3471 im-

213 3508 466 3579 petrandi
499 3508 799 3562 orationem
830 3507 1082 3575 quamde
1114 3507 1390 3577 ereptione
1415 3508 1793 3581 lliBl‘CllCOl‘llm

211 3601 441 3665 fecerat,
466 3600 706 3655 utetiam
732 3599 1153 3669 ostcttdathuam
1178 3599 1486 3669 periculosa
1514 3601 1581 3655 sit
1608 3614 1794 3655 eorum

214 3693 574 3765 impugnatio,
600 3696 677 3750 sic
708 3714 719 3749 :
756 3696 1014 3760 Cantabo,
1045 3694 1287 3763 inquam,
1319 3693 1413 3747 tibi
1470 3704 1516 3747 et
1546 3693 1792 3764 psallunt.

216 3785 359 3840 Etut
387 3788 491 3841 hoc
511 3786 582 3840 sit
610 3788 749 3857 eripe
776 3804 856 3842 nte
878 3787 942 3841 de
971 3786 1168 3857 gladio,
1196 3798 1251 3840 et
1280 3787 1404 3855 quia
1443 3787 1643 3843 dicitur
1686 3788 1799 3858 gla-

220 3878 346 3931 dius
368 3878 546 3934 sancti
573 3877 807 3949 Spiritus
837 3879 925 3948 qui
951 3878 1122 3933 bonus
1151 3886 1311 3933 estet
1339 3878 1507 3944 utilis,
1540 3879 1799 3933 determi-

217 3978 314 4023 nat
341 3969 407 4024 de
432 3984 538 4039 quo
566 3969 744 4041 gladio
803 3969 970 4033 dicat,
997 3985 1118 4023 cum
1170 3968 1320 4023 addit
1362 3969 1615 4038 maligno,
1656 3985 1719 4023 ae
1753 3969 1799 4023 si

216 4063 413 4116 dicat:
460 4060 653 4117 Libera
695 4077 781 4117 me
827 4062 893 4117 de
943 4062 1320 4116 haereticorum
1378 4060 1655 4127 doctrina;
1684 4077 1801 4130 qua:

216 4150 436 4221 gladius
470 4151 736 4222 malignus
764 4160 865 4216 εει,
900 4152 1128 4206 virtutes
1152 4150 1486 4206 interﬁciens
1534 4151 1585 4206 in
1619 4152 1800 4206 anima

217 4242 323 4296 sibi
355 4243 751 4298 consentiente.
772 4242 886 4297 lloc
908 4250 1088 4296 autem
1114 4242 1254 4296 idem
1280 4250 1363 4295 est
1386 4242 1528 4311 quod
1557 4243 1804 4312 superius

220 4331 382 4387 dixit.
414 4330 603 4407 Libera
639 4350 718 4387 nte
747 4333 811 4387 de
849 4333 998 4403 aquis
1026 4330 1223 4387 multis.
1252 4331 1410 4402 Eripe
1430 4350 1530 4399 me,
1553 4333 1799 4403 inquam,

1886 487 2155 549 novitate;
2180 483 2456 553 juventute
2486 481 2606 535 dico
2626 496 2744 544 sua,
2776 479 2827 534 id
2851 490 2937 536 est
2986 482 3054 538 ab
3075 480 3154 537 eis
3212 474 3461 544 inventa,

1884 588 2010 634 sunt
2033 578 2165 633 sicut
2203 575 2419 630 novella:
2451 573 2826 643 plantationes,
2857 574 2906 628 id
2949 584 3031 630 εει
3062 573 3460 645 comparabiles

1886 669 2195 734 arboribus,
2233 666 2319 721 vel
2360 664 2545 719 herbis
2595 664 2884 735 juvenibus
2922 666 3129 721 noviter
3171 662 3461 736 plantatis,

1887 761 1960 816 ita
1983 758 2189 815 scilicet
2216 772 2431 826 semper
2455 755 2521 811 de
2550 755 2635 809 die
2657 756 2707 809 in
2739 756 2880 811 diem
2922 755 2973 810 in
3021 756 3171 825 pejus
3203 772 3460 826 augmen-

1889 861 2105 918 tantur,
2154 848 2608 920 quemadmodum
2656 846 2877 901 novellw
2934 847 3305 917 plantationes,
3344 864 3464 916 qute

1886 957 2117 1013 semper,
2133 939 2258 996 dum
2273 937 2493 994 novella:
2517 948 2661 1005 sunt,
2678 947 2951 992 crescunt.
2972 936 3154 991 Velsic
3190 956 3202 991 :
3230 935 3464 1003 Quorum

1882 1034 2074 1104 ﬁlii,id
2086 1030 2540 1103 estcogitationes
2564 1037 2688 1084 sunt
2716 1020 2847 1083 sicut
2863 1028 3079 1083 novella:
3092 1029 3463 1097 plantationes,

1888 1123 2282 1196 comparabiles
2312 1121 2520 1177 scilicet
2553 1133 2679 1177 sunt
2732 1118 2959 1176 novellis
3012 1119 3462 1190 plantationibus;

1887 1216 2070 1270 ethoc
2115 1212 2169 1268 in
2185 1214 2460 1284 juventute
2481 1227 2598 1275 sua,
2632 1210 2838 1265 seilicct
2861 1212 2911 1263 in
2965 1212 3065 1264 hoc
3094 1219 3221 1263 sunt
3261 1208 3469 1263 similes

1890 1304 2114 1364 novellis
2141 1303 2587 1377 plantationibus,
2613 1296 3005 1379 quod‘semper
3048 1301 3275 1371 juvenes
3314 1309 3465 1362 sunt,

1891 1384 2107 1469 semper
2133 1412 2306 1460 novm,
2341 1408 2409 1448 ne
2440 1388 2781 1464 aliquatenus
2828 1394 3062 1463 antiquis
3120 1380 3469 1445 auctoritatii

1891 1476 1992 1545 bus
2022 1489 2339 1543 innitantur.
2372 1484 2500 1539 Dico
2526 1485 2667 1555 quod
2685 1485 2785 1554 ﬁlii
2817 1499 3003 1540 eorum
3050 1494 3179 1539 sunt
3206 1484 3341 1537 sicut
3376 1499 3469 1537 uo-

1892 1580 2035 1636 vella:
2061 1576 2436 1651 plantationes,
2454 1573 2582 1643 ﬁlia:
2609 1591 2737 1631 vero
2763 1593 2962 1641 eorum,
2992 1576 3045 1631 id
3072 1573 3469 1631 cstlocutiones

1893 1685 2079 1725 eorum
2108 1665 2409 1738 composin
2438 1676 2587 1732 sunt,
2620 1667 2671 1722 id
2702 1677 2784 1723 est
2809 1675 3011 1720 ornata:
3067 1664 3166 1731 sic,
3200 1674 3255 1717 ut
3303 1662 3473 1718 diale-

1892 1763 2053 1825 cticc,
2115 1769 2170 1815 et
2214 1751 2487 1814 rhetorice
2536 1768 2590 1813 et
2619 1760 2826 1814 urbane
2873 1757 3183 1827 loquantur,
3215 1765 3274 1810 ut
3300 1754 3471 1825 magis

1894 1854 2185 1924 decipiant.
2219 1853 2451 1925 Ideoque
2476 1868 2601 1910 cum
2634 1851 2787 1905 valde
2831 1836 3189 1920 periculosum
3228 1846 3300 1901 sit
3346 1860 3468 1900 cum

1892 1948 1972 2001 eis
2004 1961 2184 2019 agere,
2211 1961 2330 2011 oro,
2347 1962 2469 2000 erue
2499 1960 2579 1998 me
2605 1942 2671 1997 ab
2699 1942 2850 2012 ipsis.
2871 1939 3208 2008 Compositte,
3229 1936 3469 2007 inquam,

1894 2051 2039 2105 sunt,
2066 2040 2119 2095 id
2152 2047 2235 2107 est
2264 2045 2495 2102 ornata}.
2525 2046 2580 2092 et
2611 2051 2715 2090 non
2750 2033 3095 2089 mediocriter
3123 2038 3347 2097 ornatae,
3376 2028 3470 2084 sed

1895 2134 2321 2196 circumornatw,
2345 2132 2396 2186 id
2425 2140 2509 2186 est
2537 2112 2925 2198 usquequaque
2954 2133 3008 2179 et
3040 2136 3137 2193 per
3166 2120 3345 2176 omnia
3377 2112 3470 2173 or?

1896 2234 2062 2290 natm,
2094 2234 2171 2296 ut,
2203 2223 2256 2279 id
2278 2233 2364 2279 εει
2390 2230 2574 2294 utpote
2621 2218 2911 2274 similitudo
2934 2215 3111 2284 templi
3140 2198 3472 2279 existentes,

1896 2314 1947 2371 id
1988 2324 2072 2371 est
2097 2294 2220 2370 ﬁdei
2284 2330 2406 2385 qute
2455 2294 2976 2381 templum‘dicitur,
3025 2320 3091 2360 eo
3141 2305 3282 2374 quod
3323 2304 3375 2358 in
3407 2302 3473 2358 ea

1895 2408 2080 2463 omnia
2107 2408 2373 2463 bonorum
2404 2416 2630 2475 operum
2658 2409 2713 2455 et
2746 2400 3007 2454 virtutum
3052 2395 3319 2451 sacriﬁcia
3363 2395 3477 2449 Deo

1895 2499 2221 2563 offeruntur,
2246 2497 2390 2552 sicut
2419 2497 2473 2550 in
2504 2495 2703 2566 templo
2730 2490 2994 2548 sacriﬁcia
3036 2488 3145 2543 Deo
3174 2485 3479 2561 oll‘erebanf

1898 2601 2005 2645 tur.
2040 2589 2151 2645 Hac
2175 2589 2339 2645 etiam
2364 2586 2552 2643 eadem
2578 2581 2932 2641 similitudine
2959 2579 3090 2639 ﬁdes
3118 2576 3355 2651 Ecclesia
3396 2577 3481 2630 di-

1897 2689 2058 2749 citur,
2075 2685 2230 2753 juxta
2271 2683 2401 2739 illud
2428 2680 2681 2751 Prosperi
2708 2693 2724 2732 :
2761 2695 2782 2728 ι
2826 2674 2943 2730 Non
2970 2682 3054 2729 est
3082 2674 3233 2726 locus
3261 2671 3372 2726 veri
3395 2685 3478 2726 sa-

1898 2774 2156 2831 sacriﬁcii
2181 2782 2335 2829 extra
2366 2770 2690 2825 catholicam
2730 2764 3052 2820 Ecclesium.
3094 2782 3111 2813 ι
3144 2760 3258 2815 Hoc
3293 2768 3475 2837 autem

1898 2865 2040 2937 quod
2053 2864 2183 2920 dicit
2210 2872 2265 2916 ut
2292 2860 2584 2915 similitudo
2609 2856 2806 2927 templi,
2824 2855 2964 2910 idem
2978 2853 3193 2907 valetac
3217 2851 3261 2907 si
3284 2851 3432 2905 dicat
3457 2868 3473 2904 :

1898 2956 2223 3013 Loeutiones
2259 2967 2447 3013 eorum
2478 2950 2894 3019 circu'mornatte
2924 2952 3071 3007 sunt,
3102 2949 3297 3011 utpote
3326 2940 3487 2996 simi-

1899 3047 1980 3102 les
2006 3044 2188 3101 verbis
2216 3041 2362 3097 ﬁdei.
2398 3041 2471 3095 lta
2510 3052 2745 3107 namque
2798 3035 3092 3104 loquuntur
3144 3038 3201 3085 ut
3230 3030 3483 3115 quaedam

1896 3137 2060 3192 verba
2110 3134 2319 3199 dicant,
2370 3147 2491 3201 quae
2541 3129 2609 3184 ad
2666 3128 2825 3182 ﬁdem
2880 3126 3151 3197 pertinere
3196 3122 3477 3183 videntur,

1896 3239 1956 3284 ut
2025 3228 2191 3283 citius
2235 3224 2455 3288 fallant,
2504 3221 2703 3292 quibus
2750 3233 2995 3275 errorem
3036 3231 3190 3273 suum
3244 3214 3480 3268 latenter

1898 3319 2219 3375 admiscent.
3470 3382 3473 3387 γ

1971 3412 2221 3483 Congrue
2266 3422 2459 3477 nempe
2504 3404 2860 3478 cogitationes
2922 3401 3042 3471 ﬁlii,
3074 3407 3130 3455 et
3180 3396 3489 3453 locutiones-

1899 3505 2027 3575 ﬁlia:
2054 3503 2331 3565 dicuntur,
2360 3499 2485 3569 quia
2544 3512 2667 3552 cum
2715 3503 2945 3567 utraque
2995 3492 3063 3547 ab
3108 3489 3239 3563 ipsis
3291 3490 3482 3557 proce-

1901 3597 2052 3662 dant,
2118 3594 2258 3648 sicut
2310 3590 2402 3645 ﬁlii
2432 3597 2487 3645 et
2541 3588 2665 3642 ﬁliae
2722 3601 2787 3641 ex
2819 3582 3083 3655 patribus,
3124 3578 3491 3651 cogitationes

1906 3698 2082 3743 tamen
2128 3685 2401 3756 digniores
2442 3679 2808 3736 locutionibus
2869 3676 3140 3737 existunt,
3190 3672 3365 3736 'cum,
3406 3669 3482 3747 lu-

1903 3781 2150 3836 cutiones
2212 3775 2599 3847 cogitationum
2661 3771 2873 3841 signum
2932 3768 3061 3822 sint.
3106 3765 3337 3835 Ideoque
3388 3777 3485 3839 per

1904 3871 2168 3944 dignioris
2199 3884 2363 3925 sexus
2384 3863 2725 3929 vocabulum,
2762 3876 2856 3931 per
2888 3860 3023 3915 ﬁlios
3071 3857 3297 3924 scilicet,
3335 3854 3488 3933 cogi-

1906 3965 2138 4019 tationes
2162 3979 2175 4028 ;
2208 3957 2507 4015 locutiones
2536 3970 2687 4020 vero,
2714 3968 2811 4024 per
2840 3949 3160 4021 indignioris
3199 3959 3363 4001 sexus
3387 3958 3486 4029 no-‘t

1906 4073 2054 4123 men,
2109 4054 2359 4111 videlicet
2407 4066 2503 4121 per
2558 4047 2697 4103 ﬁlias
2760 4045 3155 4114 exprimuntur.
3223 4036 3488 4091 Dicuntur

1906 4165 2122 4222 quoque
2149 4146 2449 4203 locutiones
2476 4141 2627 4210 ﬁlice,
2660 4154 2724 4194 eo
2749 4135 2891 4206 quod
2916 4136 3269 4194 ornantur,et
3289 4133 3487 4183 ornatu

1909 4218 2007 4296 suo
2032 4218 2333 4294 ‘auditores
2397 4226 2688 4292 alliciunt,
2720 4227 2861 4279 sicut
2893 4223 3016 4277 tiliae
3067 4218 3488 4274 Madianitarum

1908 4341 2151 4401 tempore
2194 4324 2363 4397 Moysi
2415 4336 2538 4377 cuin
2607 4318 2884 4372 adornatae
2933 4329 2962 4368 a
2994 4311 3309 4383 parentibus
3366 4300 3491 4363 [iliis

218 4427 285 4478 de
323 4406 505 4495 gladio
531 4424 784 4495 maligno,
816 4434 872 4479 et
896 4402 1059 4479 etiam
1089 4441 1212 4479 erue
1239 4441 1319 4478 me
1356 4424 1420 4478 de
1458 4402 1643 4479 manu
1659 4424 1801 4491 [ilio-
1833 4426 1883 4487 D
1909 4422 2076 4479 Israel
2108 4422 2533 4489 exponerentur,
2556 4428 2653 4469 eos
2680 4418 2908 4465 ornatus
2932 4406 3014 4462 sui
3047 4403 3227 4475 specie
3254 4402 3487 4491 decepef

221 4530 341 4567 rum
367 4515 685 4587 alienorum,
722 4532 945 4585 quorum
968 4531 1025 4569 os
1054 4514 1285 4589 locutum
1309 4524 1382 4568 est
1412 4515 1719 4580 vanitatem,
1755 4525 1801 4568 et

219 4603 439 4657 dextera
476 4620 659 4658 eorum
690 4604 903 4658 dextera
946 4604 1266 4673 iniquitatis,
1325 4605 1445 4671 hoc,
1470 4612 1528 4657 ut
1554 4604 1805 4674 superius

224 4691 535 4761 exponitur.
570 4691 748 4762 Eripe,
777 4692 1017 4761 inquam,
1057 4709 1160 4757 me,
1191 4702 1239 4747 et
1268 4708 1413 4756 erue,
1451 4693 1544 4763 qui
1575 4695 1641 4748 ad
1704 4692 1807 4748 hoc

223 4784 532 4842 faciendum
559 4794 749 4856 potens
770 4800 850 4852 es,
873 4794 1057 4856 utpote
1082 4785 1172 4857 qui
1198 4785 1294 4839 das
1319 4772 1543 4840 salutent
1578 4785 1807 4856 regibus,

230 4877 284 4930 id
317 4886 404 4933 est
427 4876 677 4933 ﬁdelibus
698 4878 968 4942 omnibus,
994 4892 1130 4948 quos
1152 4876 1235 4931 sui
1263 4891 1417 4947 reges
1445 4875 1692 4944 eﬁecisti,
1712 4877 1806 4933 das

224 4968 479 5037 salutem,
507 4970 739 5025 virtutes
758 4968 965 5025 scilicet
993 4985 1115 5039 qua:
1149 4978 1275 5025 sunt
1307 4970 1454 5025 salus
1478 4970 1694 5026 animae.
1742 4971 1809 5026 Et

225 5061 317 5130 qui
350 5068 525 5115 morte
554 5060 675 5115 Filii
696 5060 769 5115 tui
796 5060 1115 5115 redemisti‘a
1165 5062 1404 5130 peccatis
1456 5042 1810 5131 originalibus

227 5161 285 5206 et
309 5151 615 5208 actualibus
641 5152 834 5220 David,
880 5152 933 5207 id
962 5160 1047 5207 est
1084 5168 1525 5223 unumquemque
1569 5151 1809 5221 ﬁdelem,

228 5259 397 5297 manu
428 5242 620 5299 fortem
660 5244 894 5299 viriliter
921 5252 1193 5315 agentem.

301 5335 475 5390 Dauid
502 5335 624 5392 dico
650 5336 853 5391 factum
893 5354 1097 5395 servum
1135 5347 1301 5402 tuum,
1362 5335 1455 5391 tibi
1511 5335 1812 5393 voluntarie

231 5427 603 5485 obedientem.
636 5428 804 5496 Erue,
833 5430 995 5501 572
1024 5431 1265 5501 inquam,
1310 5445 1391 5482 me
1437 5427 1500 5482 de
1545 5444 1704 5483 manu
1760 5436 1814 5483 et

229 5533 399 5590 opere
424 5518 661 5589 ﬁliorum
690 5520 1007 5577 alienarunt.
1041 5520 1196 5588 Quod
1230 5506 1382 5575 valde
1413 5518 1631 5589 quidem
1680 5514 1815 5572 mihi

232 5613 611 5668 necessarium
633 5622 739 5681 est,
764 5622 947 5684 utpote
974 5630 1196 5685 quorum
1245 5611 1366 5681 ﬁlii,
1398 5612 1450 5667 id
1482 5619 1565 5668 est
1585 5625 1815 5681 quorum

232 5708 596 5779 cogitationes
647 5705 945 5763 existentes
997 5721 1103 5761 non
1150 5704 1202 5760 in
1230 5703 1453 5772 antiqua
1483 5700 1809 5758 auctoritate

1912 4522 2060 4580 runt,
2091 4522 2144 4567 et
2173 4486 2240 4564 ad
2264 4517 2510 4576 stuprum
2540 4498 2866 4574 impellendo
2894 4511 2988 4553 eos
3015 4497 3193 4565 Deum
3214 4486 3499 4563 oll‘endere

1910 4605 2192 4669 fecerunt;
2228 4614 2334 4670 qua
2366 4598 2532 4652 etiam
2565 4592 2861 4673 occasione
2895 4607 2925 4643 a
2978 4585 3286 4642 lladianitis
3332 4598 3494 4671 supe-

1912 4696 2014 4751 rati
2068 4666 2287 4749 l‘ueru'nt
2341 4674 2548 4759 (Nam.
2606 4666 2766 4756 xxvi).
2821 4676 2944 4736 Ideo
3000 4678 3166 4733 etiam
3213 4690 3333 4744 oro,
3387 4666 3492 4728 Do-

1912 4788 2082 4852 mine,
2111 4786 2254 4855 eripe
2284 4797 2365 4836 me
2399 4780 2466 4837 de
2502 4777 2740 4848 maligno
2775 4772 2955 4845 gladio
2975 4766 3326 4825 verbositatis
3349 4764 3485 4855 ﬁlioe

1914 4894 2033 4934 rum
2062 4854 2384 4935 alienorum,
2420 4868 2548 4940 quia
2577 4861 2940 4935 promptuaria
2968 4875 3172 4917 eorum.
3209 4857 3261 4911 id
3288 4854 3492 4911 est'inr-

1916 4966 2072 5041 genia
2094 4977 2283 5020 eorum
2309 4960 2361 5014 in
2379 4958 2578 5028 quibus
2601 4951 2950 5010 continentur
2980 4962 3177 5020 prava
3206 4943 3494 5017 cogitatio-

1916 5074 2033 5125 nes,
2081 5054 2223 5112 sicut
2280 5052 2335 5106 in
2363 5044 2748 5120 promptuariis
2789 5042 3049 5096 vinumet
3076 5051 3313 5117 annona,
3365 5043 3490 5113 sunt

1916 5149 2096 5222 plena,
2126 5146 2178 5202 id
2205 5154 2289 5199 est
2315 5140 2513 5199 referta
2539 5138 2671 5209 ipsis
2695 5132 2877 5205 pravis
2904 5129 3339 5203 cogitationibus,
3369 5144 3497 5180 eru-

1924 5219 2145 5299 ctantia,
2210 5235 2260 5287 id
2294 5241 2377 5288 est
2428 5228 2668 5302 plenarie
2738 5226 2884 5296 ipsas
2934 5222 3287 5293 cogitationes
3309 5219 3488 5275 verbis

1921 5327 2358 5390 manifestanlia,
2382 5340 2446 5378 ex
2465 5324 2564 5376 hoc
2593 5321 2646 5373 in
2673 5318 2806 5373 illud
2845 5310 3192 5381 transeundo,
3210 5314 3261 5369 id
3290 5322 3377 5369 est
3421 5328 3490 5368 ex

1923 5427 2028 5482 hac
2081 5420 2551 5496 argumentatione
2577 5417 2629 5470 in
2694 5415 2835 5470 hanc
2863 5412 3023 5468 aliam
3065 5406 3491 5480 argumentatio-

1927 5533 2072 5583 nem,
2122 5493 2171 5568 ε*
2200 5509 2550 5570 similitudine
2596 5504 2981 5576 promptuarii,
3028 5500 3185 5556 valde
3234 5497 3398 5569 p'eni,
3436 5493 3497 5547 in

1927 5624 2035 5677 quo
2079 5606 2263 5660 vinum
2309 5602 2393 5657 vel
2420 5615 2632 5656 annona
2655 5617 2722 5656 ex
2776 5613 2882 5655 uno
2909 5609 3038 5653 vase
3064 5596 3119 5651 in
3142 5591 3285 5647 aliud
3314 5598 3492 5643 trans-

1924 5676 2195 5770 portatur.
2243 5695 2392 5762 Quod
2422 5700 2504 5750 est
2532 5707 2594 5747 ac
2625 5690 2668 5747 si
2696 5690 2843 5748 dicat
2871 5703 2883 5742 :
2910 5686 3043 5744 Cum
3067 5695 3252 5740 eorum
3277 5676 3504 5747 ingenia:
