3962 6318
516 290 669 383 ’1595

1086 328 1144 383 S.
1188 329 1534 388 BRUNUNIS
1573 326 2209 390 CARTHUSIANORUM
2247 334 2729 392 INSTITUTORIS
2767 334 2917 392 OPP.
2960 334 3140 390 PARS
3181 335 3221 389 1.

3667 334 3798 389 1556

533 444 715 509 pravis
766 443 1183 515 cogitationibus
1217 445 1413 499 referta
1444 447 1569 509 sint,
1607 444 1722 498 illas
1752 442 1932 497 multis
1957 460 2117 515 argu—
2146 453 2192 511 Α
2224 464 2343 519 pus,
2376 449 2446 504 ita
2476 463 2691 519 quoque
2719 464 2818 504 suo
2848 449 3009 503 modo
3051 448 3364 504 intensione
3406 455 3462 503 et
3508 446 3799 503 intellectus

537 536 961 591 ntentationibus
1010 536 1286 591 emittunt.
1338 534 1442 591 Per
1467 550 1603 605 quas
1654 533 1905 587 videlicet
1949 550 2113 605 argu-

534 626 928 682 mentationum
958 627 1120 691 vires,
1153 627 1352 682 multos
1394 627 1495 681 sibi
1533 625 1845 681 consentire
1875 636 2110 695 cegunt;

535 719 764 789 ideoque
813 729 1001 775 contra
1056 720 1201 790 ipsos
1230 734 1389 789 agere
1416 717 1576 771 nimis
1617 726 1700 772 est
1729 715 2110 785 periculosum.

535 810 601 863 Et
632 810 752 864 ideo
774 812 940 864 etiam
972 808 1268 880 periculum
1297 814 1379 864 est
1400 822 1521 861 cum
1550 806 1681 876 ipsis
1735 806 1903 876 loqui,
1936 816 1988 863 et
2016 822 2114 862 oro

532 913 621 952 me
640 901 707 954 ab
733 898 866 969 ipsis
894 900 1050 969 eripi,
1086 897 1340 967 quoniam
1374 913 1489 951 oves
1527 913 1706 951 eorum
1734 909 1861 951 sunt
1904 898 2107 965 fetam,

533 988 609 1043 illi
646 991 895 1045 videlicet
916 988 1057 1058 quod
1080 997 1207 1043 sunt
1237 987 1511 1058 principes
1538 988 1681 1042 inter
1708 1003 1804 1044 eos
1829 989 1958 1044 dicti
1983 1004 2114 1044 oves

532 1099 598 1139 eo
626 1084 768 1154 quod
813 1084 1053 1138 minores
1108 1082 1164 1136 in
1207 1097 1395 1159 errore
1450 1090 1733 1154 generant,
1765 1081 1832 1136 ad
1893 1082 2112 1137 modum

532 1174 735 1237 ovium,
759 1188 925 1240 agnos
960 1171 1375 1241 generantium‘;
1413 1170 1564 1225 fetosi
1597 1181 1743 1237 sunt,
1778 1170 1829 1225 id
1857 1180 1942 1226 cst
1978 1169 2116 1224 mul-

533 1276 618 1318 tos
646 1264 902 1317 habentes
938 1261 1099 1328 fetus,
1128 1262 1328 1318 multos
1358 1262 1611 1318 videlicet
1659 1264 1799 1318 ﬁlios
1826 1277 2115 1335 procrean-

532 1366 635 1422 tes,
664 1372 889 1425 quorum
954 1355 1186 1412 ﬁliorum
1228 1355 1477 1427 exemplo
1525 1354 1707 1427 plures
1765 1356 2113 1419 alliciuntur,

529 1444 716 1510 fetosi,
772 1445 1020 1516 inquam,
1074 1453 1224 1510 sunt,
1251 1455 1433 1502 etnon
1462 1444 1514 1499 in
1543 1444 1788 1499 doctrina
1825 1443 1947 1498 ﬁdei
1990 1451 2116 1497 sunt

530 1534 675 1589 ﬁlios
699 1543 1045 1604 generantes,
1074 1534 1165 1589 sed
1181 1545 1310 1588 sunt
1334 1533 1672 1588 abundantes
1691 1532 1815 1586 ﬁliis
1838 1533 1893 1585 in
1920 1533 2116 1602 ingres-

531 1625 680 1679 sibus
707 1626 839 1691 suis,
865 1639 969 1679 non
1000 1625 1053 1679 in
1082 1625 1416 1697 ingressibus
1436 1624 1583 1681 ﬁdei.
1613 1624 1769 1693 Quod
1797 1624 2112 1679 estdicere:

533 1715 666 1771 Cum
712 1730 741 1767 a
801 1715 905 1770 ﬁde
950 1714 1214 1771 catholica
1270 1715 1642 1786 egrediantur,
1699 1715 1754 1769 in
1807 1710 2113 1781 hujusmodi

533 1806 843 1874 egressibus
902 1805 1101 1860 multos
1149 1806 1253 1861 sibi
1308 1804 1708 1861 eonformitatis
1764 1804 1924 1875 573
1978 1802 2114 1857 ﬁlios
2148 1792 2188 1851 Β

533 1898 844 1968 acquirunt,
874 1912 1010 1967 quos
1036 1912 1216 1953 secum
1271 1898 1522 1953 similiter
1544 1897 1730 1969 egredi
1772 1895 1998 1952 faciunt.
2041 1892 2114 1947 Et

534 1990 654 2045 ideo
674 2005 889 2060 quoque
915 1990 1266 2061 deceptibiles
1288 1999 1415 2046 sunt
1456 1998 1513 2047 et
1540 1988 1855 2061 periculosi,
1913 1997 1966 2042 et
2012 2000 2112 2042 oro

534 2079 603 2134 ab
627 2079 709 2134 eis
739 2079 899 2149 eripi,
931 2079 1057 2149 quia
1087 2079 1237 2134 boves
1260 2097 1439 2135 eorum
1469 2096 1663 2135 crassa:
1685 2087 1833 2145 sunt,
1865 2078 2116 2133 doctores

534 2170 786 2226 videlicet
810 2186 1018 2235 eorum,
1051 2172 1301 2241 superius
1328 2171 1457 2228 dicti
1482 2186 1633 2234 oves.
1667 2171 1758 2240 qui
1798 2169 1967 2225 etiam
2022 2169 2111 2222 di-

534 2270 732 2316 cuntur
781 2263 967 2329 boves,
994 2277 1060 2317 eo
1090 2262 1233 2333 quod
1266 2263 1503 2318 minores
1517 2261 1796 2317 blanditiis
1824 2261 2115 2316 verborum

535 2366 755 2405 suorum
809 2350 965 2405 lactat
989 2351 1059 2407 do
1092 2352 1193 2408 sibi
1228 2351 1501 2419 alliciunt;
1532 2361 1587 2408 et
1617 2351 1826 2407 illectos
1853 2349 2118 2406 doctrinis

535 2440 812 2511 perversis
838 2442 1147 2510 perversius
1176 2441 1459 2506 excolunt;
1491 2441 1557 2496 ad
1591 2440 1808 2495 modum
1828 2454 2116 2494 vaccarum

534 2530 741 2609 vitulos
776 2530 1097 2586 laetantium
1120 2541 1175 2587 et
1197 2546 1327 2587 arva
1351 2532 1719 2587 cxcolentium
1760 2532 1935 2587 crassi
1968 2539 2115 2596 sunt,

538 2623 597 2677 id
628 2631 715 2678 est
772 2623 1006 2678 terrenis
1035 2624 1241 2677 divitiis
1296 2623 1609 2694 impinguati
1662 2632 1717 2678 et
1765 2622 2115 2693 locupletati,

537 2708 768 2783 quarum
817 2713 1190 2784 largitionibus
1235 2714 1334 2769 sibi
1386 2712 1567 2785 plures
1606 2714 1923 2784 adjungunt,
1973 2728 2111 2783 quos

532 2807 824 2860 verborum
866 2821 1085 2860 suorum
1117 2804 1513 2860 inductionibus
1534 2846 1549 2870 ,
1576 2804 1662 2860 vel
1697 2804 2121 2877 argumentatio-

535 2899 698 2953 nibus
730 2912 990 2969 superare
1017 2913 1121 2954 non
1148 2907 1392 2968 possunt.

607 2988 675 3043 Et
708 2988 909 3044 idcirco
942 2987 1159 3058 insuper
1185 2988 1455 3044 metuendi
1483 2997 1631 3055 sunt,
1668 2998 1725 3044 et
1759 3002 1845 3044 me
1865 3000 2117 3042 necessa-

534 3079 677 3134 rium
707 3086 790 3134 est
818 3079 885 3135 ab
911 3080 989 3133 eis
1015 3078 1171 3148 eripi,
1196 3079 1341 3149 quia,
1361 3094 1482 3135 cum
1500 3079 1791 3134 maceriam
1815 3085 2116 3144 exstruant,

535 3174 589 3230 i.l
635 3181 719 3229 est
767 3174 1073 3245 congeriem
1117 3170 1667 3245 argumentationum,
1718 3189 1839 3245 quae
1884 3174 2118 3230 maceria

520 3263 736 3333 _dicitut‘
761 3278 827 3319 eo
858 3264 1002 3333 quod
1046 3279 1110 3318 ex
1141 3264 1386 3334 pluribus
1425 3262 1984 3336 argumentationibus
2028 3264 2122 3317 ﬁat

535 3354 682 3409 sicut
725 3354 961 3410 maceria
1001 3368 1067 3408 ex
1118 3353 1305 3409 multis
1334 3354 1623 3425 lapidibus,
1674 3353 1851 3410 facilis
1901 3370 2005 3408 non
2046 3364 2121 3408 est

536 3444 692 3497 ruina
718 3444 960 3499 maceria:
987 3444 1246 3516 ipsorum,
1271 3444 1479 3501 scilicet
1504 3444 1788 3515 congeries
1835 3459 2122 3515 argumen-

538 3533 807 3586 tationum
833 3534 1069 3599 ipsorum
1100 3549 1203 3589 non
1237 3533 1395 3590 facile
1426 3544 1605 3605 potest
1634 3534 1777 3589 dirui
1816 3542 1871 3590 et
1902 3535 2119 3589 annihi-

538 3620 639 3677 lari
662 3620 831 3693 (461).
854 3622 1083 3680 Maxima
1122 3641 1357 3697 namque
1398 3627 1481 3681 vis
1502 3635 1585 3682 est
1609 3626 1661 3681 in
1699 3625 2122 3698 argumentatio-

540 3712 699 3768 nibus
728 3728 933 3769 eorum.
956 3712 1098 3771 Oves
1126 3725 1181 3771 et
1207 3717 1371 3773 boves
1394 3718 1652 3774 feminine
1673 3718 1957 3773 luereticos
1969 3718 2119 3783 dicit,

535 3820 605 3859 eo
633 3805 778 3875 quod
811 3807 880 3863 ad
902 3808 1119 3863 modum
1148 3824 1309 3865 sexus
1343 3810 1584 3867 feminini
1614 3812 1669 3867 in
1694 3813 1986 3868 virtutibus
2014 3812 2125 3868 sint

537 3894 855 3952 eﬂ'cminati.
878 3897 999 3952 Non
1016 3908 1119 3967 est,
1135 3900 1375 3970 inquam,
1391 3902 1545 3957 ruina
1572 3904 1815 3958 maceria:
1834 3919 2015 3958 eorum
2038 3920 2125 3957 ne-

535 3990 899 4059 qulransilus
914 4001 993 4045 est
1009 3990 1179 4061 ipsius
1202 3992 1470 4059 maceriae,
1495 3994 1700 4049 scilicet
1719 4009 1839 4047 cum
1862 3991 2121 4063 quosdam

535 4079 734 4133 idiotas
763 4079 1069 4147 perdendos
1105 4080 1390 4137 includunt
1424 4082 1477 4136 in
1510 4082 1626 4153 ipsa
1674 4083 2123 4138 concatenatione

536 4169 1065 4237 argumentationum
1095 4186 1338 4237 suarum,
1375 4187 1482 4228 non
1515 4173 1640 4228 inde
1677 4181 1905 4242 possunt
1941 4181 2119 4226 trans-

535 4259 635 4327 ire,
669 4275 841 4330 neque
900 4262 1148 4329 evadere,
1181 4277 1212 4316 a
1240 4262 1592 4319 similitudine
1634 4264 1855 4334 captivi,
1898 4264 2119 4333 quodin

535 4367 756 4405 carcere
803 4354 1027 4421 pOsilllS,
1073 4354 1326 4409 maceriis
1369 4355 1791 4427 circumquaque
1861 4356 2119 4420 inclusus,

2214 539 2513 595 subtilitate
2543 540 2757 597 animus
2779 540 3006 596 clamat.
3030 540 3186 597 Unde
3208 540 3412 609 saepius
3437 539 3491 594 in
3522 540 3799 609 Evangelia

2215 630 2475 687 Dominus
2499 630 2659 686 Jesus
2688 630 2886 702 legitur
2914 631 3207 695 clamasse,
3240 645 3349 686 non
3387 629 3535 701 quod
3561 644 3691 683 voce
3712 643 3801 683 es-

2215 723 2424 790 teriori,
2454 723 2549 777 sed
2573 727 2717 794 quod
2739 722 3039 778 subtilitate
3069 722 3379 778 intellectus
3419 731 3477 777 et
3504 719 3802 775 intensione

2218 814 2557 871 clamaverit.
2589 814 2712 883 Vel,
2747 831 2851 868 non
2887 826 2961 869 est
2985 813 3186 868 clamor
3222 813 3278 867 in
3298 812 3491 882 plateis
3524 828 3721 879 eorum,
3750 810 3798 863 id

2215 916 2299 964 est
2324 923 2432 964 non
2458 916 2542 963 est
2571 905 2861 962 manifesta
2893 905 3097 961 locutio
3119 906 3174 960 in
3213 904 3579 975 amplitudine
3606 903 3799 958 erroris

2215 1014 2428 1065 eorum,
2466 996 2674 1053 scilicet
2713 1012 2821 1052 non
2878 995 3079 1052 audent
3122 993 3412 1051 manifeste
3454 994 3508 1048 in
3538 994 3797 1057 conciliis,

2215 1089 2307 1143 ubi
2343 1089 2412 1144 sit
2430 1097 2728 1144 conventus
2749 1086 3176 1153 Catholicorum,
3202 1087 3270 1143 de
3296 1085 3511 1157 magnis
3531 1086 3799 1141 erroribus

2216 1179 2329 1236 suis
2356 1179 2664 1248 disputare;
2698 1176 2793 1232 sed
2831 1176 3045 1232 occulte
3074 1176 3128 1231 in
3171 1174 3427 1231 thalamis
3456 1174 3549 1228 ubi
3588 1172 3797 1229 fallendi

2216 1270 2368 1326 locus
2396 1280 2503 1338 est,
2550 1268 2675 1326 inde
2700 1284 2822 1325 cum
2852 1268 3037 1325 idiotis
3082 1277 3269 1340 agunt.
3320 1265 3546 1323 Clamor
3571 1281 3668 1336 pro
3694 1282 3798 1320 ma-

2216 1360 2413 1415 nifesta
2447 1358 2720 1414 locutione
2756 1357 3003 1429 ponitur,
3034 1371 3100 1411 eo
3129 1356 3274 1427 quod
3310 1354 3666 1411 clamantium
3702 1370 3796 1409 vox

2219 1452 2557 1508 manifestior
2583 1452 2653 1507 sit
2697 1467 2859 1521 quam
2903 1466 3007 1506 vox
3033 1450 3275 1504 suaviter
3322 1449 3687 1519 loquentium.
3737 1448 3798 1503 Et

2218 1530 2340 1600 ideo
2373 1560 2588 1616 quoque
2635 1560 2733 1600 oro
2764 1558 2849 1597 me
2873 1544 2941 1598 ab
2980 1544 3220 1613 ipsorum
3258 1541 3647 1597 conformitate
3672 1541 3798 1609 eripi

2216 1638 2342 1706 quia
2373 1634 2524 1690 stulti
2561 1643 2617 1690 et
2647 1634 2829 1688 idiota:
2850 1632 3103 1688 homines
3134 1631 3341 1686 beatum
3369 1631 3621 1684 dixerunt
3648 1646 3801 1698 popu-

2217 1728 2326 1781 lum
2370 1725 2775 1791 bzereticorum,
2810 1724 2896 1778 cui
2934 1724 3044 1778 ha'c
3067 1737 3231 1792 supra
3260 1723 3403 1778 dicta
3440 1733 3564 1777 sunt
3605 1721 3800 1777 scilicet

2216 1837 2339 1878 cum
2376 1820 2477 1890 ﬁlii
2501 1835 2686 1875 eorum
2731 1827 2858 1874 sunt
2902 1817 3035 1873 sicut
3080 1816 3296 1872 nouella:
3336 1815 3711 1886 plantationes,
3752 1823 3801 1869 et

2214 1913 2343 1982 ﬁlia:
2388 1929 2569 1967 eorum
2607 1919 2734 1967 sunt
2779 1910 3099 1982 compositae,
3126 1920 3179 1964 et
3221 1909 3593 1979 promptuaria
3630 1924 3799 1961 eorum

2214 2004 2390 2076 plena,
2413 2013 2469 2060 et
2511 2020 2625 2058 oves
2652 2019 2832 2058 eorum
2856 2002 3073 2073 fetoste,
3119 2009 3176 2056 et
3202 2001 3351 2055 boves
3378 2016 3566 2054 eorum
3595 2015 3796 2063 crassis,

2217 2106 2270 2152 et
2297 2095 2441 2151 nulla
2482 2095 2637 2149 ruina
2675 2110 2837 2164 neque
2865 2093 3116 2147 transitus
3142 2106 3331 2147 eorum
3361 2090 3610 2143 maceria:
3630 2129 3644 2153 ,
3675 2104 3797 2143 con-

2217 2187 2457 2243 clamant
2485 2199 2580 2241 eos
2604 2200 2731 2241 vere
2761 2186 2951 2241 beatos
2980 2198 3122 2246 esse,
3153 2191 3208 2237 et
3240 2182 3342 2236 hac
3369 2180 3534 2235 laude
3581 2181 3659 2234 eis
3696 2179 3799 2249 plu-

2219 2275 2344 2330 rimi
2366 2274 2699 2345 adjiciuntur
2726 2273 2956 2343 decepti.
3000 2271 3153 2327 Unde
3194 2286 3281 2327 me
3318 2269 3691 2326 necessarium
3722 2278 3797 2323 est

2217 2380 2379 2421 orare
2401 2379 2469 2420 ne
2492 2372 2548 2421 et
2566 2380 2667 2434 ego
2689 2362 2851 2420 simili
2874 2362 3032 2418 modo
3058 2361 3323 2431 decipiar.
3351 2358 3539 2421 Stulti,
3568 2359 3796 2427 inquam,

2222 2458 2410 2513 dicunt
2450 2457 2596 2513 hunc
2622 2455 2873 2527 populum
2906 2455 3113 2510 beatum
3157 2468 3300 2509 esse.
3328 2450 3489 2519 Quod
3530 2465 3631 2519 pro
3658 2458 3795 2504 certo

2220 2547 2414 2603 falsum
2443 2556 2546 2603 εει.
2574 2546 2679 2601 Sed
2708 2545 2797 2600 ille
2825 2544 3053 2616 populus
3086 2542 3275 2615 procul
3300 2540 3470 2596 dubio
3494 2547 3581 2594 est
3604 2538 3789 2602 beatus,

2219 2640 2371 2710 cujus
2393 2649 2469 2694 est
2498 2638 2756 2692 Dominus
2786 2636 2922 2691 Deus
2947 2635 3085 2706 ejus,
3113 2633 3321 2690 scilicet
3345 2632 3436 2687 cui
3457 2629 3640 2685 nullus
3659 2644 3793 2683 error

2221 2730 2564 2795 dominatur;
2592 2728 2684 2783 sed
2714 2726 2866 2797 cujus
2888 2726 3030 2781 Deus
3058 2710 3175 2794 ejus
3202 2733 3289 2781 est
3326 2722 3619 2787 Dominus,
3656 2719 3707 2775 id
3724 2730 3794 2774 est

2222 2823 2314 2892 qui
2348 2824 2519 2877 Deum
2550 2834 2708 2876 suum
2734 2826 2950 2889 reputat
2980 2816 3263 2872 Dominum
3293 2829 3476 2870 suum.

2667 2909 2734 2965 IN
2773 2906 3105 2965 PSALMUM
3133 2904 3361 2963 CXLIV.

2293 2999 2502 3056 Titulus
2535 2998 2817 3056 centesimi
2857 2996 3259 3069 quadragesimi
3292 2994 3503 3065 quarti.
3538 2991 3787 3047 Laudatis

2222 3093 2387 3162 ipsius
2430 3090 2619 3147 David.
2679 3089 2831 3157 Quod
2873 3088 2955 3144 sic
3000 3087 3285 3158 exponitur
3315 3102 3331 3141 :
3357 3083 3632 3138 Laudatio
3673 3084 3793 3149 haec,

2223 3183 2463 3253 psalmus
2489 3182 2735 3238 videlicet
2764 3182 2866 3235 iste
2890 3180 3182 3235 aseribitur
3206 3176 3306 3248 ipsi
3337 3176 3538 3241 David,
3567 3175 3789 3230 Christe.

2224 3272 2341 3327 Non
2370 3272 2513 3341 quod
2562 3271 2651 3326 hic
2697 3270 2946 3325 Christus
2985 3267 3261 3337 loquatur,
3309 3266 3403 3320 sed
3459 3265 3593 3335 quia
3641 3262 3795 3333 perfe-

2224 3364 2453 3420 ctiorum
2499 3362 2735 3417 ﬁdelium
2758 3360 3004 3417 collectio
3030 3368 3089 3413 ut
3117 3359 3356 3413 minores
3384 3356 3456 3410 ad
3485 3355 3658 3411 Deum
3693 3355 3787 3407 lau-

2224 3455 2462 3510 dandum
2494 3454 2747 3517 instruat,
2792 3467 2851 3508 se
2880 3452 3050 3507 Deum
3094 3450 3441 3504 laudaturum
3472 3457 3530 3501 et
3557 3448 3723 3502 activa
3748 3455 3794 3499 et

2224 3546 2643 3617 contemplativa
2685 3547 2793 3599 vita
2834 3542 3122 3614 promittit.
3156 3539 3335 3595 Multis
3372 3553 3601 3610 quoque
3640 3537 3797 3591 modis

2223 3656 2348 3695 cum
2376 3637 2745 3702 commendat,
2779 3633 3063 3690 referendo
3101 3632 3217 3704 ejus
3251 3628 3706 3699 magnitudinem,
3749 3634 3795 3680 et

2217 3731 2505 3802 justitiam,
2526 3739 2583 3785 et
2611 3728 2935 3783 suavitatem
2964 3735 3018 3779 et
3040 3724 3146 3779 alia
3178 3722 3348 3778 multa
3365 3721 3436 3776 de
3462 3736 3531 3777 eo
3555 3719 3791 3792 gloriosa.

2295 3822 2459 3896 574
2484 3820 2803 3876 Exaltabote
2833 3819 2972 3873 Deus
2985 3834 3128 3872 meus
3153 3831 3263 3878 rex,
3277 3830 3343 3870 ac
3362 3814 3409 3869 si
3424 3813 3579 3869 dicat
3604 3827 3620 3866 :
3642 3812 3794 3873 Licet,

2226 3917 2452 3974 Domine
2493 3914 2645 3980 Jesu,
2678 3924 2729 3969 te
2755 3910 2929 3969 Judaai
2969 3907 3236 3965 increduli
3266 3914 3535 3977 spernant
3560 3914 3617 3960 et
3637 3902 3796 3958 solum

2225 4009 2502 4066 hominem
2542 4020 2664 4062 esse
2692 4010 2963 4075 reputent,
3004 4014 3130 4056 ctnn
3157 4008 3215 4054 tu
3258 4009 3444 4052 tamen
3472 3995 3618 4050 Deus
3659 4006 3798 4048 meus

2223 4101 2301 4156 sis
2321 4109 2377 4156 et
2405 4115 2497 4155 rex
2528 4112 2694 4162 meus,
2727 4095 2781 4151 id
2810 4102 2895 4150 est
2943 4099 3159 4148 creator
3202 4098 3259 4145 et
3286 4092 3471 4143 rector
3511 4096 3689 4151 meus,
3716 4085 3795 4153 qni

2224 4188 2483 4259 quidquid
2537 4188 2589 4242 in
2619 4200 2704 4240 me
2728 4182 2854 4240 boni
2884 4192 2968 4237 est
2996 4178 3242 4249 disponis
3274 4185 3331 4232 et
3362 4177 3511 4248 regis
3531 4173 3731 4243 jugiter
3753 4174 3796 4225 in

2226 4282 2329 4336 hac
2355 4280 2461 4335 vita
2486 4277 2727 4334 exaltabo
2750 4286 2819 4341 te,
2853 4274 2905 4328 id
2935 4284 3019 4328 est
3059 4269 3365 4327 sublimabo
3407 4277 3465 4322 et
3498 4264 3799 4337 gloriﬁcabo

2227 4383 2301 4438 te,
2326 4373 2501 4427 activa
2530 4371 2637 4425 vita
2666 4383 2806 4423 mea.
2832 4366 2898 4420 Et
2926 4364 3091 4421 etiam
3123 4361 3428 4417 benedicens
3469 4360 3677 4413 nomini
3699 4369 3795 4417 tuo,

530 4442 662 4519 inde
692 4444 921 4499 evadere
950 4461 1053 4500 non
1079 4456 1273 4517 potest.
1303 4447 1429 4502 Non
1466 4458 1565 4513 est,
1597 4449 1838 4518 inquam,
1870 4449 2121 4502 transitus
2156 4470 2199 4523 υ
2224 4464 2275 4519 ω
2310 4472 2393 4520 εει
2416 4462 2645 4518 laudabo
2678 4469 2727 4515 ιε
2763 4458 2992 4516 comam
3023 4455 3259 4511 nominis
3288 4453 3388 4520 ιυξ,
3420 4452 3572 4523 quod
3598 4460 3681 4507 est
3709 4450 3797 4503 Do-

544 4538 789 4591 maceria:
817 4553 978 4606 neque
1003 4537 1221 4602 clamor,
1255 4539 1307 4592 id
1344 4547 1427 4593 est
1453 4555 1627 4609 neque
1662 4540 1930 4594 subtilitas
1951 4548 2005 4593 et
2041 4539 2121 4593 in-

530 4614 712 4703 tentio
762 4625 1067 4682 intellectus
1114 4636 1197 4682 est
1251 4628 1305 4681 in
1360 4628 1549 4698 plateis
1598 4646 1800 4696 eorum,
1858 4629 1909 4686 id
1944 4641 2028 4685 est
2068 4630 2121 4683 in

535 4716 886 4785 amplitudine
914 4718 1117 4773 erroris
1145 4734 1360 4784 eorum,
1389 4719 1597 4774 scilicet
1625 4735 1747 4775 cum
1794 4719 1893 4789 ipsi
1939 4719 2120 4773 consi-

535 4818 704 4877 stant,
729 4824 831 4862 non
851 4810 901 4861 in
919 4810 1165 4876 veritate,
1194 4827 1313 4880 quae
1330 4821 1535 4866 eertum
1563 4811 1691 4882 quid
1717 4821 2119 4875 estetaretum;

535 4900 630 4952 sed
672 4899 724 4952 in
767 4914 954 4953 errore
982 4900 1070 4969 qui
1104 4901 1342 4971 amplum
1367 4902 1495 4971 quid
1523 4910 1681 4969 estet
1711 4902 2001 4969 inﬁnitum,
2032 4902 2122 4971 qui

536 4989 795 5043 nimirum
828 5000 1048 5061 propter
1100 4991 1180 5046 sui
1228 4993 1637 5062 amplitudinem
1675 4993 1852 5062 platea
1903 4993 2119 5057 dicitur,

535 5090 591 5133 et
620 5080 672 5132 in
711 5081 1036 5135 inveniendo
1060 5096 1305 5137 errorem
1344 5098 1402 5137 se
1434 5084 1658 5138 subtiles
1689 5092 1938 5154 reputent
1965 5092 2019 5137 et
2043 5083 2124 5137 in-

536 5179 746 5235 tensos;
778 5169 919 5223 nulla
951 5172 1195 5225 tamenin
1223 5172 1300 5227 eis
1342 5171 1611 5227 subtilitas
1658 5182 1763 5237 est,
1810 5182 1904 5227 aut
1944 5172 2123 5242 aliqua

540 5258 790 5313 iutensio.
837 5257 989 5313 Nulla
1041 5276 1272 5330 namque
1347 5261 1418 5315 ibi
1471 5276 1591 5315 esse
1635 5261 1863 5316 dicenda
1909 5270 1996 5316 est
2042 5263 2124 5315 in—

540 5345 789 5403 tellectus
819 5350 1053 5407 iutensio
1092 5352 1207 5406 sive
1251 5351 1543 5416 subtilitas,
1580 5353 1667 5406 ubi
1718 5353 1852 5407 nihil
1889 5363 1973 5407 est
2019 5353 2122 5408 nisi

540 5454 697 5494 error
722 5451 776 5494 et
811 5442 1199 5512 imprudentia.
1234 5444 1455 5501 Clamor
1494 5460 1625 5500 vero
1666 5444 1938 5500 subtilitas
1963 5453 2017 5500 et
2045 5446 2125 5499 in-

544 5530 716 5585 tensio
738 5530 932 5586 dicitur
950 5533 1070 5588 ideo
1098 5534 1245 5603 quia,
1271 5535 1408 5589 sicut
1430 5535 1535 5588 alta
1563 5550 1690 5590 voce
1712 5534 1969 5589 exteriori
2000 5549 2123 5590 cor-

618 5698 759 5778 (itit)
792 5709 862 5764 De
893 5710 992 5764 hoc
1021 5710 1240 5779 pulchre
1257 5710 1461 5767 Tertul.
1485 5711 1538 5766 in
1567 5711 1658 5767 lib.
1681 5712 2071 5785 Depraascript.

2226 4554 2778 4619 minus.Benedicam,
2801 4552 3046 4620 inquam,
3069 4560 3117 4602 te
3142 4545 3525 4602 benedictione
3555 4544 3796 4598 duratura

2224 4648 2279 4701 in
2304 4645 2577 4711 saxulum,
2606 4654 2652 4698 et
2677 4645 2731 4697 in
2759 4640 3009 4697 swculum
3034 4640 3239 4704 sa'culi,
3264 4637 3476 4693 scilicet
3501 4636 3727 4689 laudabo
3754 4642 3796 4685 te

2225 4738 2379 4792 laude
2434 4734 2866 4804 contemplativm
2904 4734 3059 4795 vitta,
3103 4741 3158 4787 et
3188 4732 3243 4785 in
3269 4730 3374 4785 hoc
3422 4727 3649 4794 ssecnlo,
3676 4733 3725 4779 et
3752 4725 3793 4776 in

2227 4830 2407 4883 futuro
2459 4829 2753 4891 duraturae,
2794 4824 2949 4895 juxta
3007 4824 3139 4878 illud
3202 4820 3535 4892 Evangelii:
3570 4837 3589 4869 ι
3646 4816 3798 4871 Maria

2225 4921 2484 4989 optimam
2522 4929 2731 4989 partem
2778 4919 2957 4989 elegit,
3009 4932 3129 4987 quas
3169 4932 3277 4972 non
3323 4913 3609 4969 auferetur
3657 4910 3797 4965 abes

2227 5012 2377 5082 (Luc.
2432 5029 2488 5077 ι,
2520 5011 2634 5081 42).
2680 5030 2698 5062 ι
2733 5012 2922 5066 Activa
2975 5026 3105 5065 vero
3157 5009 3266 5063 vita
3324 5017 3543 5061 tantum
3600 5005 3651 5058 in
3709 5001 3797 5056 hoc

2227 5100 2424 5155 smculo
2454 5100 2690 5154 durabit.
2721 5099 3059 5164 Benedicam,
3112 5098 3338 5165 inquam
3370 5095 3576 5147 nomini
3611 5104 3715 5145 tuo.
3742 5089 3796 5143 Et

2224 5191 2327 5246 hoc
2355 5207 2460 5246 non
2484 5193 2535 5245 in
2561 5191 2835 5259 prosperis
2864 5198 3093 5254 tantum,
3112 5187 3195 5243 vel
3223 5186 3275 5240 in
3298 5183 3548 5239 adversis
3574 5191 3791 5241 tantum;

2225 5283 2318 5338 sed
2352 5283 2650 5336 benedicam
2678 5282 2791 5348 tibi,
2832 5280 2883 5335 id
2922 5290 3005 5335 est
3053 5277 3288 5333 laudabo
3345 5283 3396 5330 te
3453 5289 3550 5344 per
3584 5270 3797 5341 singulos

2226 5371 2358 5435 dies,
2383 5380 2437 5425 et
2464 5368 2846 5440 prosperitatis
2886 5376 2941 5423 et
2972 5365 3339 5421 adversitatis.
3372 5364 3473 5420 Vel
3513 5365 3795 5419 benedicens

2180 5496 2185 5501 ι
2226 5461 2319 5513 tibi
2340 5478 2433 5529 per
2458 5461 2695 5528 singulos
2718 5459 2852 5524 dies,
2886 5457 2937 5511 id
2959 5465 3042 5512 est
3067 5472 3167 5528 per
3194 5454 3442 5526 singulas
3467 5453 3799 5508 ascensiones

2227 5551 2512 5619 virtutum,
2529 5549 2976 5607 seilicetlaudabo
2994 5555 3046 5604 te
3068 5544 3419 5604 ascendendo
3443 5546 3511 5602 de
3527 5545 3719 5601 virtute
3744 5539 3795 5596 in
