3978 6328
219 296 353 356 1597

1156 289 1515 349 EXPOSITIO
1554 290 1621 347 ΙΝ
1651 290 1986 348 PSALMOS.
2028 322 2098 333 —
2140 291 2332 348 PSAL.
2373 290 2610 347 CXLI“.

3351 284 3509 344 {5‘98

216 414 499 477 virtutem,
530 422 653 481 quae
680 406 796 463 dies
828 405 1103 471 dicantur,
1133 419 1198 459 eo
1228 404 1371 473 quod
1402 405 1468 459 ad
1515 403 1620 459 diei
1653 403 1803 459 simi-
1831 409 1877 468 Α
1911 406 2010 459 bus
2031 412 2087 459 et
2110 403 2423 458 virtutibus.
2457 401 2608 469 Quod
2639 408 2720 456 est
2748 401 2928 457 dicere
2956 419 2968 455 :
2994 399 3314 455 Laudabunt
3346 410 3397 455 te
3422 399 3503 453 de

220 502 506 560 iitudinem
537 498 894 571 spiritualiter
935 496 1169 551 animam
1203 495 1523 550 illuminent.
1560 494 1691 549 Dico
1720 494 1807 549 be-

223 597 465 652 nedicam
490 593 581 647 tibi
608 601 656 645 et
681 589 909 645 laudabo
947 604 1133 642 nomen
1173 598 1345 651 tuum,
1376 587 1428 641 id
1467 595 1550 644 est
1579 586 1809 642 laudabo

224 698 277 742 te
310 682 749 742 consideratione
771 680 1010 736 nominis
1036 677 1109 733 tui
1136 678 1192 731 in
1213 676 1464 731 stcculum
1486 687 1534 731 et
1565 677 1620 731 in
1642 692 1810 730 strau-

223 778 335 831 lum
364 773 564 831 statuti.
599 772 711 827 Hoc
737 785 856 826 cum
886 769 1026 824 idem
1058 768 1130 823 sit
1162 767 1303 837 quod
1333 767 1580 836 superius
1608 766 1807 821 dictum

225 877 335 930 est,
370 864 683 921 benedicam'
708 860 932 926 nomini,
970 872 1102 927 etc.,
1135 859 1256 913 ideo
1289 860 1577 928 repetitum
1617 865 1723 922 est,
1754 866 1814 911 ut

224 959 424 1015 subdat
449 970 664 1020 causas,
694 968 792 1008 cur
821 967 943 1007 eum
992 950 1171 1005 taliter
1224 950 1483 1005 laudabit.
1538 948 1811 1012 Laudabo,

230 1053 476 1121 inquam,
523 1062 556 1102 ο
607 1046 903 1108 auditores,
940 1042 1224 1098 Dominum
1278 1043 1334 1096 in
1384 1040 1636 1096 sa'culum
1666 1049 1713 1093 et
1760 1040 1815 1092 in

227 1142 483 1198 steculum
509 1138 708 1194 saeculi.
745 1137 807 1191 Et
836 1136 937 1190 hoc
963 1150 1027 1189 ea
1056 1133 1513 1199 consideratione,
1548 1131 1672 1202 quia
1704 1147 1818 1184 ma-

229 1250 366 1305 gnus
397 1243 483 1287 est
517 1230 777 1284 Dominus
810 1227 863 1305 in
894 1234 1115 1291 natura,
1140 1226 1192 1279 id
1220 1234 1305 1280 est
1328 1233 1522 1294 potens
1551 1233 1597 1277 et
1628 1222 1817 1276 lauda-

232 1326 376 1393 bilis,
402 1323 452 1378 id
488 1332 572 1378 est
601 1322 795 1393 dignus
824 1304 1001 1373 laude.
1029 1318 1094 1373 Et
1122 1319 1225 1374 hoc
1252 1318 1428 1383 nimis,
1465 1317 1516 1373 id
1542 1325 1626 1372 est
1655 1331 1817 1386 supra

234 1418 533 1470 humanum
581 1410 936 1465 intellectum.
1001 1407 1250 1477 Magnus,
1319 1408 1562 1475 inquam,
1609 1412 1713 1470 est,
1765 1414 1821 1459 et

235 1509 391 1574 adeo,
419 1505 559 1575 quod
587 1501 960 1573 magnitudinis
983 1499 1099 1567 eius
1129 1516 1234 1554 non
1259 1509 1331 1554 est
1353 1499 1496 1568 ﬁnis,
1529 1499 1579 1552 id
1600 1506 1686 1569 est
1714 1506 1821 1552 ter-

236 1598 415 1651 minus
436 1592 643 1649 scilicet
671 1606 778 1645 non
817 1597 995 1660 potest
1030 1588 1442 1657 terminari,non
1469 1596 1647 1658 potest
1672 1603 1823 1643 men-

236 1688 436 1754 surari,
453 1698 629 1754 neque
654 1683 771 1738 loco
795 1695 968 1750 neque
986 1678 1259 1735 intellectu
1279 1693 1442 1749 quam
1471 1691 1697 1749 magnus
1725 1676 1817 1742 sit;

1909 498 2012 553 hoc
2041 497 2183 568 quod
2212 505 2331 551 tuos
2375 495 2427 549 in
2458 492 2751 547 virtutibus
2795 507 3087 563 promoves
3129 500 3186 547 et
3225 491 3488 548 moribus.

1909 587 1977 642 Et
2005 601 2110 641 non
2141 585 2313 641 solum
2342 583 2468 648 hoc,
2506 581 2599 638 sed
2627 580 2790 637 etiam
2823 580 2887 633 ad
2903 585 3003 655 _lai
3039 581 3250 638 laudem
3277 589 3494 634 eructa-

1912 679 2058 743 bunt,
2093 677 2143 732 id
2184 684 2269 731 est
2288 673 2529 746 plenarie
2558 673 2797 728 referent
2834 672 2899 727 ad
2930 672 3159 728 invicem
3186 672 3507 727 memoriam

1913 766 2251 821 abundantia:
2290 763 2564 819 suauitatis
2602 771 2728 828 tutu,
2777 762 2829 817 id
2858 770 2944 819 est.
2976 762 3293 817 memoriam
3324 760 3495 815 abun-

1914 859 2092 913 dantis
2118 858 2391 912 suauitatis
2415 865 2540 921 tute,
2577 854 2631 909 id
2667 861 2753 910 est
2779 853 3168 911 misericordia
3193 861 3317 920 tuae,
3347 851 3497 907 scili-

1914 959 2002 1006 cet
2056 949 2353 1007 laudabunt
2411 954 2491 1011 te,
2547 943 2791 1015 plenarie
2843 943 3128 1000 referendo
3176 940 3494 998 memoriam

1917 1040 2240 1097 abundantis
2273 1037 2659 1094 misericordiae
2702 1045 2824 1090 tuae.
2862 1034 3015 1104 Quod
3044 1042 3129 1090 est
3154 1034 3381 1091 dicere:
3422 1031 3513 1085 Ea-

1917 1131 2203 1188 occasione
2239 1128 2531 1184 laudabunt
2560 1136 2633 1192 te,
2664 1124 2791 1195 quia
2820 1122 3182 1180 recensebant
3209 1130 3261 1177 te
3292 1120 3500 1191 magni-

1921 1224 2086 1281 ﬁcare
2110 1230 2329 1280 sanctos
2355 1229 2474 1276 tuos
2501 1219 2552 1274 in
2581 1218 2878 1275 sanctitate
2902 1224 3113 1270 morum
3133 1222 3190 1269 et
3210 1212 3501 1275 virtutum,

1920 1332 2026 1374 non
2050 1332 2115 1371 ex
2148 1313 2355 1370 meritis
2384 1311 2516 1376 suis,
2550 1310 2644 1367 sed
2672 1322 2740 1364 ex
2769 1306 3033 1363 memoria
3054 1301 3379 1360 abundantis
3401 1300 3504 1355 mi—

1921 1407 2231 1467 sericordiae
2263 1415 2386 1471 tuae,
2413 1404 2623 1485 scilicet
2655 1401 2783 1472 quia
2822 1414 3030 1454 memor
3069 1412 3129 1451 es
3157 1412 3255 1467 per
3280 1394 3500 1450 miseri-

1923 1501 2165 1559 cordiam
2205 1496 2545 1555 sanctiﬁcare
2576 1503 2717 1558 tuos,
2762 1505 2899 1561 quos
2934 1490 3090 1544 visus
3118 1502 3179 1543 es
3206 1501 3305 1557 per
3330 1485 3504 1539 Adam

1923 1591 2177 1649 oblivioni
2231 1590 2461 1646 dedisse.
2516 1586 2585 1641 Et
2641 1583 2806 1641 etiam
2859 1580 3207 1637 exsultabant
3240 1576 3508 1648 justitiam

1926 1692 2094 1749 tuam,
2132 1680 2183 1735 id
2230 1688 2317 1736 est
2362 1678 2428 1733 ad
2473 1677 2548 1731 tui
2599 1677 2809 1732 laudem
2836 1671 3178 1735 exsultanter
3207 1665 3512 1722 narrabant

238 1777 840 1847 incircumscriptusest
860 1774 1023 1830 enim.
1051 1772 1165 1840 Vel,
1190 1773 1569 1844 magnitudinis
1591 1773 1706 1843 ejus
1721 1789 1825 1826 non
1856 1754 1898 1811 Β
1921 1775 2188 1847 justitiam
2212 1783 2378 1835 tuam,
2407 1770 2613 1826 scilicet
2630 1769 2733 1825 hoc
2749 1767 2890 1836 apud
2917 1778 2976 1820 se
3003 1761 3184 1818 dicent
3212 1757 3339 1828 quia
3364 1754 3515 1826 quod

233 1884 311 1927 est
339 1870 482 1940 ﬁnis,
508 1868 559 1923 id
582 1875 878 1922 cstazterna
904 1874 1008 1920 est.
1039 1864 1169 1920 Dico
1196 1864 1339 1934 quod
1362 1878 1461 1935 ego
1485 1862 1713 1917 laudabo
1727 1862 1828 1917 Do-

239 1985 270 2018 n
297 1966 445 2020 innm
483 1982 544 2022 ea
567 1964 1001 2021 consideratione
1020 1964 1145 2035 quia
1170 1979 1391 2035 magnus
1416 1973 1501 2019 est.
1529 1962 1582 2016 in
1611 1971 1827 2016 natura.

237 2052 522 2110 Generatfo
551 2072 672 2110 vero
702 2064 749 2109 et
771 2055 1038 2125 generatio
1066 2070 1187 2124 qua:
1213 2069 1320 2109 non
1352 2061 1434 2109 est
1462 2051 1733 2107 sufﬁciens
1761 2051 1828 2104 ad

241 2146 344 2199 hoc
370 2145 843 2214 considerandam,
866 2147 1057 2199 saltcm
1083 2144 1315 2198 laudavit
1341 2161 1495 2213 opera
1522 2152 1632 2208 tua,
1664 2157 1697 2197 ο
1725 2142 1831 2196 Do-

244 2234 413 2299 mine,
444 2243 493 2287 et
523 2234 789 2289 laudando
819 2249 981 2302 opera
1012 2235 1425 2303 pronuntiabunt
1457 2233 1600 2287 inter
1628 2248 1686 2288 se
1707 2248 1828 2287 cum

245 2326 406 2381 laude
428 2327 715 2395 potentiam
739 2338 905 2380 tuam.
942 2327 1059 2393 Qod
1087 2334 1172 2382 est
1201 2326 1382 2381 dicere
1414 2344 1429 2380 :
1462 2326 1539 2380 illi
1576 2327 1668 2396 qui
1708 2334 1833 2380 sum

248 2417 428 2472 idiota:
467 2427 518 2473 et
540 2418 816 2489 simplices
842 2419 893 2471 in
919 2408 1274 2488 generatione
1298 2426 1353 2471 et
1380 2418 1747 2489 generatione,
1781 2415 1832 2470 id

247 2518 335 2563 est
356 2510 408 2562 in
430 2508 1107 2579 diversisgenerationibus
1138 2507 1395 2575 ﬁdelium,
1423 2507 1515 2577 qui
1540 2522 1644 2562 non
1674 2513 1836 2560 erant

202 2622 205 2625 ν
248 2600 579 2656 sullicientes
606 2602 788 2655 videre
817 2609 868 2654 te
896 2615 1145 2671 magnum
1168 2608 1289 2654 esse
1316 2598 1370 2654 in
1403 2605 1619 2663 natura,
1653 2596 1833 2651 consi-

251 2694 709 2748 tlerabunttamen
729 2693 956 2747 miriﬁca
980 2708 1143 2762 opera
1175 2700 1265 2746 tua
1290 2690 1539 2755 visibilia,
1570 2688 1736 2744 solem
1757 2687 1838 2741 vi-

248 2786 448 2841 delicet
475 2794 527 2839 et
566 2785 764 2850 lunam,
796 2794 851 2841 et
876 2792 1073 2840 cmlera
1113 2782 1436 2854 intjusmodi,
1461 2790 1517 2835 et
1545 2778 1839 2834 laudabunt

250 2893 338 2944 ca,
358 2891 424 2932 eo
436 2877 577 2947 quod
590 2877 805 2948 egregia
831 2884 976 2940 sunt,
989 2883 1043 2930 ει
1066 2874 1336 2928 laudando
1361 2887 1445 2939 ea,
1470 2886 1538 2926 ex
1566 2870 1695 2940 ipsis
1707 2883 1832 2924 con-

251 2987 505 3029 seensum
535 2972 602 3027 ad
631 2981 682 3027 te
725 2970 1040 3027 Creatorem
1066 2967 1354 3031 facient,et
1385 2978 1573 3019 eorum
1592 2962 1839 3019 conside-

250 3065 466 3121 ratione
491 3073 542 3119 te
567 3069 839 3133 potentem
862 3050 1260 3131 pronuntiando
1289 3057 1357 3112 ad
1393 3056 1623 3112 invicem
1656 3053 1748 3108 tali
1785 3061 1838 3108 te
1866 3091 1910 3153 Ο

252 3158 545 3216 occasione
570 3155 893 3210 laudabunt.

327 3252 466 3308 Cum
494 3250 624 3306 dicit
649 3248 732 3303 bis
753 3247 1044 3319 generatio,
1066 3246 1225 3301 datur
1249 3243 1472 3315 intelligi
1497 3242 1564 3299 de
1588 3242 1841 3298 omnibus

256 3344 495 3399 tidelinm
530 3338 987 3411 generationibus.
1028 3336 1097 3392 Et
1138 3345 1357 3392 notatur
1386 3335 1530 3405 quod
1560 3335 1681 3390 laus
1717 3338 1836 3389 hinc

257 3452 322 3490 ex
336 3436 450 3490 sola
466 3432 815 3505 generatione
843 3444 1067 3502 operum
1088 3444 1208 3499 qtae
1226 3443 1332 3483 non
1357 3437 1440 3484 est
1460 3442 1843 3498 usquequaque

260 3528 531 3596 perfecta;
579 3526 633 3580 in
686 3524 787 3579 bac
805 3523 1141 3579 solummodo
1171 3522 1276 3575 vita
1330 3520 1620 3576 habebitur
1646 3520 1736 3575 ubi
1763 3518 1846 3574 di-

259 3634 432 3677 versae
458 3616 835 3689 generationes
877 3624 1021 3671 sunt.
1060 3613 1118 3668 In
1155 3613 1259 3666 alia
1304 3626 1537 3682 namque
1578 3612 1689 3665 vita
1719 3610 1845 3665 sim-

264 3712 383 3777 plex
415 3711 521 3766 erit
570 3717 879 3763 sanctorum
928 3708 1226 3777 generatio,
1282 3713 1338 3759 et
1389 3704 1443 3758 in
1471 3701 1720 3758 omnibus
1750 3701 1843 3756 Dei

266 3803 508 3875 perfecta
534 3801 771 3872 cognitio
797 3808 853 3853 et
881 3796 1140 3865 laudatio,
1166 3795 1321 3865 juxta
1360 3794 1488 3850 illud
1528 3793 1803 3864 propheta:
1830 3811 1842 3847 :

270 3914 290 3946 ι
328 3894 498 3950 Nemo
527 3894 655 3947 dicit
688 3891 937 3963 proximo
988 3904 1086 3944 suo
1112 3907 1128 3945 :
1156 3888 1433 3959 Cognosce
1483 3888 1650 3942 Deum
1674 3928 1687 3953 ,
1720 3885 1845 3956 quia

264 4002 459 4044 omnes
495 3987 671 4042 scient
724 4001 810 4040 me
870 3999 901 4039 a
951 3984 1162 4038 minore
1209 3996 1383 4051 usque
1434 3981 1501 4036 ad
1550 3982 1846 4035 maximum

266 4081 406 4151 (Jer.
442 4094 593 4147 xxxi,
623 4077 736 4149 54).
774 4095 794 4131 ι
842 4074 960 4132 Νοη
992 4073 1165 4130 solum
1213 4082 1394 4129 autem
1426 4073 1852 4144 pronuntiabunt

265 4172 569 4244 potentiam
602 4178 747 4226 tuam
775 4168 1022 4244 contuitu
1049 4181 1274 4237 operum
1298 4176 1533 4230 tuorum,
1564 4166 1656 4221 sed
1684 4165 1848 4220 etiam

266 4264 553 4334 loquentur
584 4259 1031 4331 magniﬁcentiam
1074 4256 1255 4328 gloria:
1299 4255 1594 4310 sanctitatis
1634 4264 1762 4321 tute,
1798 4254 1851 4309 id

266 4364 355 4411 est
382 4352 847 4426 magniﬁcentiam
876 4350 1124 4423 gloriosae
1168 4348 1477 4405 sanctitatis
1520 4355 1624 4403 tuae
1646 4347 1854 4403 scilicet

266 4446 570 4503 laudabunt
620 4452 695 4511 te,
740 4441 1009 4514 loquendo
1043 4441 1117 4497 ad
1155 4441 1385 4497 invicem
1432 4438 1774 4508 magniﬁcam
1803 4446 1856 4493 et
1887 4435 1932 4490 D

268 4538 565 4608 gloriosam
590 4534 934 4591 sanctitatem
968 4546 1182 4587 morum
1210 4537 1267 4586 et
1293 4530 1578 4591 virtutum,
1606 4541 1769 4597 quam
1800 4526 1854 4581 in

269 4630 378 4685 hac
394 4627 503 4682 vita
520 4626 734 4682 sanctis
756 4625 864 4680 tuis
878 4624 992 4679 das.
1016 4621 1085 4676 Et
1108 4620 1374 4676 mirabilia
1415 4629 1507 4673 tua
1542 4617 1856 4683 narrabant,

271 4720 489 4776 scilicet
514 4718 813 4774 laudabant
845 4724 899 4772 te
931 4713 1207 4770 narrando
1236 4711 1539 4767 adinvicem
1564 4709 1855 4774 mirabilia,

273 4814 427 4869 idest
451 4827 491 4865 π
508 4808 713 4865 iracala
728 4822 849 4878 qua
865 4822 962 4876 per
983 4813 1199 4861 sanctos
1218 4814 1337 4859 tuos
1358 4801 1620 4872 operaris.
1637 4800 1748 4855 Hoc
1768 4815 1862 4855 au-

272 4914 385 4960 tem
417 4907 679 4959 tetumest
700 4914 766 4955 ac
785 4898 829 4955 si
851 4898 994 4953 dicat
1020 4915 1032 4950 :
1063 4894 1444 4950 Laudabuntte
1467 4892 1709 4947 contuitu
1744 4905 1860 4947 mo-

274 5006 421 5058 rum,
443 5001 496 5047 et
521 4992 870 5056 virtutum,et
889 4986 1272 5043 miraculorum
1287 4992 1596 5041 sanctorum
1621 4991 1859 5040 tuorum.

276 5083 523 5140 Etetiam
544 5082 611 5137 ad
630 5081 706 5137 tui
729 5080 938 5135 laudem
952 5075 1279 5132 dicentinter
1307 5087 1367 5131 se
1394 5075 1636 5129 uirtutem
1655 5071 1862 5126 terribi—

272 5175 427 5238 lium,
454 5184 662 5228 tuorum
690 5171 745 5226 id
767 5179 853 5227 est
896 5169 1192 5224 virtuosam
1211 5165 1507 5237 potentiam
1542 5162 1860 5219 terribilium

273 5262 544 5320 ultionum
564 5274 801 5327 tuarum,
829 5276 931 5331 qua
955 5260 1045 5315 bic
1070 5257 1264 5329 impios
1290 5254 1661 5326 multipliciter
1680 5252 1860 5323 punis.

273 5356 533 5433 Quodest
561 5369 625 5409 ac
651 5353 696 5408 si
727 5351 874 5407 dicat
905 5368 918 5405 :
948 5349 1265 5405 Laudabunt
1292 5355 1342 5400 te
1357 5342 1648 5400 occasione
1672 5352 1864 5412 poten-

276 5448 372 5501 tiae
394 5454 518 5509 tate,
533 5460 640 5516 qua
660 5444 921 5499 bicetiam
936 5440 1130 5511 impios
1148 5438 1327 5510 punis.
1350 5436 1414 5491 Et
1433 5436 1501 5492 ad
1523 5436 1738 5491 laudem
1764 5434 1859 5496 tui,

273 5535 693 5606 magnitudinem
724 5544 868 5589 tuam
894 5535 1035 5589 inter
1081 5545 1141 5585 se
1175 5531 1484 5595 narrabant,
1525 5528 1730 5585 scilicet
1750 5527 1864 5581 lau-

276 5612 687 5696 dabunt‘575‘
735 5635 786 5681 te
817 5624 1088 5680 narrando
1130 5621 1556 5694 magnitudinem
1595 5627 1765 5685 tuam,
1810 5616 1864 5671 id

274 5727 366 5776 est
386 5733 639 5790 magnam
670 5718 1064 5790 promotionem
1095 5715 1332 5773 ﬁdelium
1368 5722 1583 5772 tuorum
1614 5710 1667 5768 in
1700 5710 1866 5767 mori-

1933 1867 2023 1923 bic
2057 1865 2253 1936 impios
2279 1863 2462 1934 punis,
2500 1861 2647 1933 justo
2673 1858 2881 1931 judicio
2930 1854 3086 1918 facis,
3126 1860 3182 1907 et
3222 1851 3327 1905 bac
3352 1862 3513 1903 occa-

1932 1959 2083 2015 sione
2119 1966 2169 2013 te
2204 1956 2517 2011 laudabunt.
2549 1952 2667 2007 Non
2706 1952 2828 2007 idco
2854 1948 2984 2003 dicit
3013 1942 3344 2002 exsultabant
3367 1939 3514 2010 quod

1934 2049 2034 2119 ipsi
2075 2045 2350 2102 exsultent
2396 2044 2461 2099 de
2494 2056 2651 2113 paena
2682 2039 2996 2111 impiorum,
3026 2034 3122 2091 sed
3167 2032 3294 2119 quia
3323 2043 3512 2085 recen-

1932 2118 2100 2194 sendo
2134 2150 2353 2206 poenam
2389 2147 2601 2198 eorum,
2632 2130 2756 2185 inde
2790 2127 2932 2199 quod
2972 2124 3107 2180 tales
3135 2136 3242 2177 non
3268 2118 3513 2181 fuerunt,

1932 2226 2303 2286 exsultabant.

2004 2320 2158 2377 Unde
2191 2317 2478 2373 Psalmista
2511 2313 2635 2369 alibi
2679 2330 2693 2367 :
2750 2330 2768 2363 ι
2818 2306 3115 2365 Lietabitur
3156 2302 3356 2374 justus,
3394 2312 3517 2354 cum

1935 2412 2132 2467 viderit
2180 2408 2447 2463 vindictas
2507 2402 2681 2476 (Psal.
2721 2416 2850 2464 LVII,
2888 2397 3002 2465 ll),
3051 2415 3070 2449 ι
3119 2402 3237 2450 etc.
3270 2392 3439 2454 Dico,
3485 2402 3531 2440 α

1937 2502 2237 2564 auditores,
2282 2496 2425 2566 quod
2474 2493 2782 2548 eructabunt
2838 2486 3143 2543 memoriam
3193 2478 3535 2537 abundantis.

1935 2591 2207 2648 suavitatis
2238 2584 2472 2643 Domini.
2506 2582 2575 2637 Et
2609 2581 2837 2645 merito;
2874 2593 2998 2632 nam
3029 2575 3287 2631 Dominus
3315 2578 3399 2626 est
3425 2568 3531 2623 mi-

1937 2694 2159 2749 serator,
2188 2679 2485 2737 secundum
2521 2672 2787 2731 beneﬁcia
2823 2666 3207 2725 misericordire
3253 2664 3520 2733 impensa,

1937 2783 1984 2828 et
2027 2770 2324 2826 misericors
2357 2768 2409 2822 in
2440 2771 2657 2827 natura,
2694 2770 2749 2815 et
2781 2759 2827 2815 si
2862 2756 2995 2812 nulli
3032 2751 3400 2810 benefaceret.
3430 2764 3525 2815 pa-

1940 2866 2070 2919 tiens
2119 2863 2171 2917 in
2219 2856 2584 2930 exspectando
2630 2862 2967 2923 peccatores,
3016 2861 3153 2917 quos
3192 2858 3298 2898 non
3340 2839 3522 2896 statim

1936 2959 2081 3028 juste
2109 2955 2281 3028 punit.
2316 2949 2617 3007 Misericors
2655 2954 2759 3009 εει,
2800 2944 3043 3012 inquam,
3072 2948 3123 2993 et
3164 2951 3269 2991 non
3308 2944 3521 3001 parum,

1942 3049 2037 3106 sed
2077 3021 2299 3102 multum
2337 3034 2816 3108 misericors,.plus
2855 3046 3018 3104 quam
3067 3027 3263 3098 aliquis
3297 3021 3530 3079 sufﬁciat

1941 3143 2008 3200 ad
2035 3137 2433 3213 exponendum.
2464 3131 2715 3191 Ostendit
2750 3136 2931 3184 autem
2961 3123 3103 3195 quod
3140 3120 3368 3177 multum
3399 3132 3529 3171 sua-

1942 3234 2015 3289 vis
2044 3208 2140 3299 est,
2181 3229 2235 3285 id
2274 3235 2357 3283 est
2392 3225 2702 3289 miserator,
2746 3215 2993 3274 addendo
3038 3213 3118 3268 sic
3160 3230 3174 3267 :
3225 3208 3525 3267 Miserator,

1945 3296 2163 3394 inquam
2191 3326 2247 3375 et
2266 3316 2548 3371 Dominus.
2575 3311 2642 3366 Et
2667 3324 2774 3365 non
2801 3303 3010 3377 paucis,
3037 3301 3132 3358 sed
3152 3297 3348 3360 suavis,
3373 3296 3425 3349 id
3446 3301 3531 3394 est

1945 3381 2233 3468 miserator
2260 3414 2343 3463 est
2374 3402 2625 3458 Dominus
2667 3394 2941 3457 universis,
2988 3392 3039 3448 id
3079 3398 3165 3446 est
3200 3381 3537 3443 omnismodi

1947 3506 2273 3571 hominibus,
2324 3510 2433 3556 tam
2492 3496 2694 3553 Iudaeis
2741 3506 2905 3564 quam
2952 3484 3268 3560 gentilibus,
3320 3478 3532 3571 scilicet

1946 3594 2206 3655 beneﬁcia
2234 3568 2626 3648 misericordiae
2662 3598 2773 3639 sum
2804 3580 3040 3652 plurima
3079 3569 3403 3632 omnismodi
3437 3568 3535 3622 bna

1948 3690 2186 3747 minibus
2222 3682 2505 3755 impendit.
2539 3678 2605 3733 Et
2641 3674 3022 3735 miserationes,
3066 3669 3120 3724 id
3155 3674 3238 3723 est
3266 3661 3537 3718 beneﬁcia

1949 3751 2335 3835 misericordia!
2356 3773 2471 3842 ejus
2498 3777 2624 3827 sunt
2649 3782 2806 3837 super
2830 3762 3009 3820 omnia
3029 3774 3186 3831 opera
3207 3756 3345 3827 ejus,
3372 3751 3425 3808 id
3450 3760 3539 3807 est

1949 3877 2191 3943 praesunt
2230 3861 2559 3923 omnismodi
2583 3859 2839 3932 operibus
2861 3854 3000 3925 eius,
3026 3867 3091 3908 ac
3116 3849 3161 3906 si
3189 3849 3333 3905 dicat
3360 3862 3374 3899 :
3400 3844 3535 3899 Cum

1951 3934 2003 4019 in
2030 3961 2144 4019 suis
2165 3964 2423 4030 operatur
2451 3953 2632 4019 ﬁdem,
2659 3948 3010 4015 cbaritatem,
3039 3950 3094 3997 et
3113 3947 3340 3996 caeteras
3369 3934 3537 4030 virtu-

1953 4065 2055 4119 tes,
2078 4052 2183 4108 boc
2201 4022 2279 4107 ex
2304 4044 2656 4104 miseratione
2686 4040 2838 4097 facit.
2872 4037 3006 4093 Cum
3038 4044 3166 4087 vero
3204 4033 3400 4099 praeest.
3431 4022 3537 4078 eis-

1952 4149 2075 4205 dem
2115 4143 2375 4216 operibus
2419 4152 2633 4201 eorum,
2682 4142 2744 4189 ut
2788 4129 2961 4199 magis
2999 4123 3279 4216 magisque
3315 4130 3537 4216 promo-

1953 4207 2204 4299 veantur,
2236 4235 2289 4287 in
2321 4229 2453 4300 ipsis
2487 4226 2652 4282 etiam
2685 4215 3117 4292 promotionibus
3159 4207 3540 4266 miserationes

1958 4389 2088 4477 mini
2119 4429 2282 4473 causa
2308 4421 2365 4469 et
2405 4407 2633 4465 materia
2659 4410 2847 4460 essent
2883 4412 3051 4466 quare
3088 4397 3202 4466 ipse
3231 4408 3260 4449 a
3293 4389 3545 4447 ﬁdelibus

1958 4512 2295 4571 laudaretur,
2340 4511 2465 4561 orat
2508 4508 2566 4558 et
2602 4505 2755 4570 optat
2787 4502 2848 4550 ut
2878 4494 2981 4548 boc
3006 4491 3078 4547 sit
3104 4488 3264 4545 sicuti
3291 4483 3545 4555 superius

1957 4601 2282 4663 enuntiavit.
2312 4596 2454 4658 Dixi,
2481 4590 2728 4654 Domine,
2746 4585 2888 4658 quod
2912 4581 3177 4656 generatio
3198 4587 3247 4635 et
3275 4575 3543 4648 generatio

1959 4693 2195 4751 laudabit
2221 4704 2379 4759 opera
2408 4696 2523 4751 tua,
2545 4691 2673 4746 etc.,
2708 4677 2918 4737 scilicet
2948 4675 3073 4745 quia
3096 4684 3257 4743 opera
3290 4679 3549 4732 tua,con-

1960 4787 2198 4844 siderata
2226 4757 2465 4851 egregia,
2515 4787 2680 4830 causa
2722 4779 2887 4828 erunt
2925 4780 3100 4837 quare
3138 4778 3170 4818 a
3206 4760 3456 4817 ﬁdelibus
3486 4757 3543 4812 in

1960 4878 2105 4936 omni
2136 4871 2485 4948 generatione
2510 4865 2770 4922 lauderis.
2802 4862 2868 4917 Et
2897 4860 2972 4915 ita
3016 4858 3091 4914 sit
3131 4875 3145 4912 :
3180 4854 3547 4922 Conﬁteantur

1962 4974 2074 5037 tibi,
2104 4938 2345 5029 Dvomine,
2392 4962 2446 5017 id
2472 4968 2578 5024 est,
2606 4955 2829 5011 laudent
2856 4960 2910 5007 te
2940 4950 3119 5006 omnia
3155 4960 3312 5017 opera
3344 4952 3462 5007 tua,
3490 4938 3546 4994 id

1963 5075 2048 5121 est
2064 5036 2253 5116 omnia
2278 5069 2442 5126 opera
2470 5061 2559 5107 tua
2589 5046 2932 5105 considerata
2973 5039 3199 5098 materia
3234 5036 3343 5092 sint
3374 5047 3546 5104 quare

1964 5170 1993 5208 a
2024 5149 2270 5206 ﬁdelibus
2300 5125 2557 5200 lauderis.
2598 5139 2667 5194 Et
2699 5134 2958 5209 quidquid
2983 5131 3054 5189 sit
3080 5131 3146 5191 de
3170 5125 3387 5184 caeteris
3415 5138 3546 5194 ope-

1967 5248 2140 5310 ribus,
2168 5240 2361 5297 saltem
2390 5236 2561 5293 sancti
2598 5235 2697 5298 tui,
2730 5244 2868 5301 quos
2894 5229 2948 5282 in
2978 5225 3221 5281 moribus
3242 5229 3300 5278 et
3326 5218 3546 5276 virtuti-

1966 5341 2066 5394 bus
2089 5335 2359 5408 perfectos
2386 5331 2541 5393 facis,
2565 5324 2868 5381 benedicant
2896 5319 3011 5382 tibi,
3041 5317 3095 5372 id
3119 5324 3205 5372 est
3224 5313 3448 5369 laudent
3469 5321 3543 5365 te.

1966 5429 2121 5497 Quod
2148 5435 2234 5483 est
2263 5426 2444 5481 dicere
2477 5438 2493 5475 :
2526 5415 2798 5473 Sanctitas
2844 5414 3399 5465 tuorum.sanctorum
3431 5416 3545 5457 ma-

1969 5521 2103 5577 teria
2133 5519 2205 5579 sit
2247 5514 2423 5571 laudis
2459 5521 2583 5566 tuae.
2616 5504 2731 5562 Hoc
2766 5518 2896 5559 vero
2943 5499 3089 5571 quod
3135 5498 3402 5569 sequitur,
3433 5505 3552 5546 non

1966 5620 2048 5667 est
2067 5608 2243 5665 oratio
2273 5604 2354 5660 vel
2380 5599 2607 5674 optatio,
2632 5611 2755 5653 cum
2785 5593 2937 5660 dicit,
2962 5591 3187 5662 gloriam
3214 5586 3377 5655 regni,
3409 5592 3550 5647 etc.,

1968 5706 2062 5762 sed
2102 5698 2376 5759 enarratio
2421 5702 2507 5753 cst
2544 5691 2608 5748 ad
2642 5690 2734 5747 Dei
2765 5687 2978 5744 laudem
3015 5691 3289 5756 Spectans,
3319 5690 3441 5747 quae
3466 5674 3551 5730 sie
