  <div class='ocr_page' id='page_1' title='image "/cluster/home/n/w/nwhite01/storage/ocr_20150623/152/hvd.32044015473804/705.png"; bbox 0 0 3978 6328; ppageno 0'>
   <div class='ocr_carea' id='block_1_1' title="bbox 426 295 573 349">
    <p class='ocr_par' dir='ltr' id='par_1_1' title="bbox 426 295 573 349">
     <span class='ocr_line' id='line_1_1' title="bbox 426 295 573 349; baseline 0.02 -2"><span class='ocrx_word' id='word_1_1' title='bbox 426 295 573 349; x_wconf 60' lang='lat'><strong>9599</strong></span> 
     </span>
    </p>
   </div>
   <div class='ocr_carea' id='block_1_2' title="bbox 993 292 3127 355">
    <p class='ocr_par' dir='ltr' id='par_1_2' title="bbox 993 292 3127 355">
     <span class='ocr_line' id='line_1_2' title="bbox 993 292 3127 355; baseline 0.003 -9"><span class='ocrx_word' id='word_1_2' title='bbox 993 292 1047 346; x_wconf 90' lang='lat' dir='ltr'><strong>S.</strong></span> <span class='ocrx_word' id='word_1_3' title='bbox 1092 292 1439 349; x_wconf 63' lang='lat' dir='ltr'><strong>BRITNONIS</strong></span> <span class='ocrx_word' id='word_1_4' title='bbox 1470 293 2115 351; x_wconf 64' lang='lat' dir='ltr'><strong>CARTllUSMNO‘llUM</strong></span> <span class='ocrx_word' id='word_1_5' title='bbox 2154 294 2638 353; x_wconf 76' lang='lat' dir='ltr'><strong>lNSTlTUTORlS</strong></span> <span class='ocrx_word' id='word_1_6' title='bbox 2680 298 2833 354; x_wconf 77' lang='grc' dir='ltr'><strong>ΟΡΡ.</strong></span> <span class='ocrx_word' id='word_1_7' title='bbox 2872 298 3050 355; x_wconf 66' lang='lat' dir='ltr'>PARS</span> <span class='ocrx_word' id='word_1_8' title='bbox 3086 300 3127 353; x_wconf 82' lang='grc' dir='ltr'><strong>Ι.</strong></span> 
     </span>
    </p>
   </div>
   <div class='ocr_carea' id='block_1_3' title="bbox 3566 301 3704 357">
    <p class='ocr_par' dir='ltr' id='par_1_3' title="bbox 3566 301 3704 357">
     <span class='ocr_line' id='line_1_3' title="bbox 3566 301 3704 357; baseline 0.014 -2"><span class='ocrx_word' id='word_1_9' title='bbox 3566 301 3704 357; x_wconf 72' lang='grc' dir='ltr'>Ηίο</span> 
     </span>
    </p>
   </div>
   <div class='ocr_carea' id='block_1_4' title="bbox 429 402 3702 483">
    <p class='ocr_par' dir='ltr' id='par_1_4' title="bbox 429 402 3702 483">
     <span class='ocr_line' id='line_1_4' title="bbox 429 402 3702 483; baseline 0.004 -26"><span class='ocrx_word' id='word_1_10' title='bbox 429 402 1085 473; x_wconf 73' lang='lat' dir='ltr'><strong>superioribusjungitur.</strong></span> <span class='ocrx_word' id='word_1_11' title='bbox 1121 406 1236 457; x_wconf 73' lang='lat' dir='ltr'><strong>Dixi</strong></span> <span class='ocrx_word' id='word_1_12' title='bbox 1267 406 1409 474; x_wconf 85' lang='lat' dir='ltr'><strong>quod</strong></span> <span class='ocrx_word' id='word_1_13' title='bbox 1441 406 1648 469; x_wconf 79' lang='lat' dir='ltr'><strong>ﬁdeles,</strong></span> <span class='ocrx_word' id='word_1_14' title='bbox 1693 407 1745 460; x_wconf 86' lang='lat' dir='ltr'><strong>in</strong></span> <span class='ocrx_word' id='word_1_15' title='bbox 1776 423 2002 475; x_wconf 83' lang='lat' dir='ltr'><strong>genera-</strong></span> <span class='ocrx_word' id='word_1_16' title='bbox 2036 412 2075 467; x_wconf 78' lang='grc' dir='ltr'><strong>Α</strong></span> <span class='ocrx_word' id='word_1_17' title='bbox 2108 406 2161 458; x_wconf 83' lang='lat' dir='ltr'><strong>lu</strong></span> <span class='ocrx_word' id='word_1_18' title='bbox 2194 407 2293 460; x_wconf 82' lang='lat' dir='ltr'><strong>hoc</strong></span> <span class='ocrx_word' id='word_1_19' title='bbox 2324 418 2500 462; x_wconf 80' lang='lat' dir='ltr'><strong>autem</strong></span> <span class='ocrx_word' id='word_1_20' title='bbox 2537 408 2791 463; x_wconf 84' lang='lat' dir='ltr'><strong>Dominus</strong></span> <span class='ocrx_word' id='word_1_21' title='bbox 2823 414 3212 481; x_wconf 74' lang='lat' dir='ltr'><strong>comprobatur</strong></span> <span class='ocrx_word' id='word_1_22' title='bbox 3240 428 3362 469; x_wconf 84' lang='lat' dir='ltr'><strong>esse</strong></span> <span class='ocrx_word' id='word_1_23' title='bbox 3406 416 3608 483; x_wconf 77' lang='lat' dir='ltr'><strong>ﬁdelis,</strong></span> <span class='ocrx_word' id='word_1_24' title='bbox 3650 419 3702 471; x_wconf 90' lang='lat' dir='ltr'><strong>id</strong></span> 
     </span>
    </p>
   </div>
   <div class='ocr_carea' id='block_1_5' title="bbox 435 481 2006 569">
    <p class='ocr_par' dir='ltr' id='par_1_5' title="bbox 435 481 2006 569">
     <span class='ocr_line' id='line_1_5' title="bbox 435 481 2006 569; baseline 0.001 -20"><span class='ocrx_word' id='word_1_25' title='bbox 435 500 579 552; x_wconf 94' lang='lat' dir='ltr'><strong>tione</strong></span> <span class='ocrx_word' id='word_1_26' title='bbox 598 508 651 551; x_wconf 88' lang='lat' dir='ltr'><strong>ct</strong></span> <span class='ocrx_word' id='word_1_27' title='bbox 677 499 1046 567; x_wconf 82' lang='lat' dir='ltr'><strong>generatione,</strong></span> <span class='ocrx_word' id='word_1_28' title='bbox 1070 500 1507 567; x_wconf 70' lang='lat' dir='ltr'><strong>magnfﬁrentiam</strong></span> <span class='ocrx_word' id='word_1_29' title='bbox 1536 481 1785 569; x_wconf 58' lang='lat' dir='ltr'><strong>gloriosa:</strong></span> <span class='ocrx_word' id='word_1_30' title='bbox 1810 502 2006 553; x_wconf 78' lang='lat' dir='ltr'><strong>sancti-</strong></span> 
     </span>
    </p>
   </div>
   <div class='ocr_carea' id='block_1_6' title="bbox 430 588 2006 660">
    <p class='ocr_par' dir='ltr' id='par_1_6' title="bbox 430 588 2006 660">
     <span class='ocr_line' id='line_1_6' title="bbox 430 588 2006 660; baseline 0.004 -21"><span class='ocrx_word' id='word_1_31' title='bbox 430 591 575 651; x_wconf 85' lang='lat' dir='ltr'><strong>tatis,</strong></span> <span class='ocrx_word' id='word_1_32' title='bbox 616 604 777 656; x_wconf 83' lang='lat' dir='ltr'><strong>quant</strong></span> <span class='ocrx_word' id='word_1_33' title='bbox 813 599 866 641; x_wconf 92' lang='grc' dir='ltr'><strong>ιιι</strong></span> <span class='ocrx_word' id='word_1_34' title='bbox 914 588 1056 643; x_wconf 88' lang='lat' dir='ltr'><strong>Deus</strong></span> <span class='ocrx_word' id='word_1_35' title='bbox 1098 589 1184 642; x_wconf 85' lang='lat' dir='ltr'><strong>hic</strong></span> <span class='ocrx_word' id='word_1_36' title='bbox 1215 590 1315 643; x_wconf 89' lang='lat' dir='ltr'><strong>das</strong></span> <span class='ocrx_word' id='word_1_37' title='bbox 1358 590 1581 653; x_wconf 85' lang='lat' dir='ltr'><strong>sanctis,</strong></span> <span class='ocrx_word' id='word_1_38' title='bbox 1622 590 1919 660; x_wconf 71' lang='lat' dir='ltr'><strong>loquentur,</strong></span> <span class='ocrx_word' id='word_1_39' title='bbox 1950 600 2006 645; x_wconf 89' lang='lat' dir='ltr'><strong>et</strong></span> 
     </span>
    </p>
   </div>
   <div class='ocr_carea' id='block_1_7' title="bbox 430 679 2004 747">
    <p class='ocr_par' dir='ltr' id='par_1_7' title="bbox 430 679 2004 747">
     <span class='ocr_line' id='line_1_7' title="bbox 430 679 2004 747; baseline 0.003 -14"><span class='ocrx_word' id='word_1_40' title='bbox 430 680 532 733; x_wconf 72' lang='lat' dir='ltr'><strong>liae</strong></span> <span class='ocrx_word' id='word_1_41' title='bbox 556 679 997 735; x_wconf 83' lang='lat' dir='ltr'><strong>consideratione</strong></span> <span class='ocrx_word' id='word_1_42' title='bbox 1021 688 1072 734; x_wconf 91' lang='lat' dir='ltr'><strong>te</strong></span> <span class='ocrx_word' id='word_1_43' title='bbox 1104 680 1413 733; x_wconf 87' lang='lat' dir='ltr'><strong>laudabunt.</strong></span> <span class='ocrx_word' id='word_1_44' title='bbox 1447 683 1511 734; x_wconf 79' lang='lat' dir='ltr'><strong>Et</strong></span> <span class='ocrx_word' id='word_1_45' title='bbox 1541 697 1642 735; x_wconf 89' lang='lat' dir='ltr'><strong>non</strong></span> <span class='ocrx_word' id='word_1_46' title='bbox 1680 683 1852 737; x_wconf 85' lang='lat' dir='ltr'><strong>solum</strong></span> <span class='ocrx_word' id='word_1_47' title='bbox 1882 685 2004 747; x_wconf 83' lang='lat' dir='ltr'><strong>hoc,</strong></span> 
     </span>
    </p>
   </div>
   <div class='ocr_carea' id='block_1_8' title="bbox 429 770 2004 845">
    <p class='ocr_par' dir='ltr' id='par_1_8' title="bbox 429 770 2004 845">
     <span class='ocr_line' id='line_1_8' title="bbox 429 770 2004 845; baseline 0.006 -25"><span class='ocrx_word' id='word_1_48' title='bbox 429 772 522 822; x_wconf 79' lang='lat' dir='ltr'><strong>sed</strong></span> <span class='ocrx_word' id='word_1_49' title='bbox 545 771 707 824; x_wconf 88' lang='lat' dir='ltr'><strong>etiam</strong></span> <span class='ocrx_word' id='word_1_50' title='bbox 738 771 803 824; x_wconf 89' lang='lat' dir='ltr'><strong>ad</strong></span> <span class='ocrx_word' id='word_1_51' title='bbox 832 771 907 825; x_wconf 84' lang='lat' dir='ltr'><strong>tui</strong></span> <span class='ocrx_word' id='word_1_52' title='bbox 932 770 1144 825; x_wconf 86' lang='lat' dir='ltr'><strong>laudem</strong></span> <span class='ocrx_word' id='word_1_53' title='bbox 1168 773 1234 824; x_wconf 90' lang='lat' dir='ltr'><strong>ad</strong></span> <span class='ocrx_word' id='word_1_54' title='bbox 1252 772 1479 825; x_wconf 81' lang='lat' dir='ltr'><strong>invicem</strong></span> <span class='ocrx_word' id='word_1_55' title='bbox 1512 774 1732 842; x_wconf 87' lang='lat' dir='ltr'><strong>gloriam</strong></span> <span class='ocrx_word' id='word_1_56' title='bbox 1755 776 1903 845; x_wconf 83' lang='lat' dir='ltr'><strong>regni</strong></span> <span class='ocrx_word' id='word_1_57' title='bbox 1928 779 2004 830; x_wconf 87' lang='lat' dir='ltr'><strong>tui</strong></span> 
     </span>
    </p>
   </div>
   <div class='ocr_carea' id='block_1_9' title="bbox 429 862 2008 925">
    <p class='ocr_par' dir='ltr' id='par_1_9' title="bbox 429 862 2008 925">
     <span class='ocr_line' id='line_1_9' title="bbox 429 862 2008 925; baseline 0.006 -13"><span class='ocrx_word' id='word_1_58' title='bbox 429 862 619 925; x_wconf 43' lang='lat' dir='ltr'><strong>dicent,</strong></span> <span class='ocrx_word' id='word_1_59' title='bbox 670 862 725 915; x_wconf 98' lang='lat' dir='ltr'><strong>id</strong></span> <span class='ocrx_word' id='word_1_60' title='bbox 767 871 851 917; x_wconf 88' lang='lat' dir='ltr'><strong>est</strong></span> <span class='ocrx_word' id='word_1_61' title='bbox 896 862 1188 915; x_wconf 89' lang='lat' dir='ltr'><strong>laudabunt</strong></span> <span class='ocrx_word' id='word_1_62' title='bbox 1220 869 1271 916; x_wconf 90' lang='lat' dir='ltr'><strong>te</strong></span> <span class='ocrx_word' id='word_1_63' title='bbox 1314 863 1549 917; x_wconf 86' lang='lat' dir='ltr'><strong>dicendo</strong></span> <span class='ocrx_word' id='word_1_64' title='bbox 1579 873 1632 919; x_wconf 90' lang='lat' dir='ltr'><strong>et</strong></span> <span class='ocrx_word' id='word_1_65' title='bbox 1678 867 2008 921; x_wconf 78' lang='lat' dir='ltr'><strong>recensendo</strong></span> 
     </span>
    </p>
   </div>
   <div class='ocr_carea' id='block_1_10' title="bbox 430 950 2007 1027">
    <p class='ocr_par' dir='ltr' id='par_1_10' title="bbox 430 950 2007 1027">
     <span class='ocr_line' id='line_1_10' title="bbox 430 950 2007 1027; baseline 0.009 -28"><span class='ocrx_word' id='word_1_66' title='bbox 430 950 679 1017; x_wconf 71' lang='lat' dir='ltr'><strong>gloriam,</strong></span> <span class='ocrx_word' id='word_1_67' title='bbox 718 967 883 1021; x_wconf 85' lang='lat' dir='ltr'><strong>quam</strong></span> <span class='ocrx_word' id='word_1_68' title='bbox 914 953 963 1004; x_wconf 90' lang='lat' dir='ltr'><strong>in</strong></span> <span class='ocrx_word' id='word_1_69' title='bbox 1000 951 1183 1006; x_wconf 87' lang='lat' dir='ltr'><strong>futuro</strong></span> <span class='ocrx_word' id='word_1_70' title='bbox 1223 955 1430 1009; x_wconf 88' lang='lat' dir='ltr'><strong>sanctis</strong></span> <span class='ocrx_word' id='word_1_71' title='bbox 1467 957 1571 1010; x_wconf 90' lang='lat' dir='ltr'><strong>tuis</strong></span> <span class='ocrx_word' id='word_1_72' title='bbox 1618 956 1671 1010; x_wconf 85' lang='lat' dir='ltr'><strong>in</strong></span> <span class='ocrx_word' id='word_1_73' title='bbox 1716 974 1884 1027; x_wconf 78' lang='lat' dir='ltr'><strong>regno</strong></span> <span class='ocrx_word' id='word_1_74' title='bbox 1915 970 2007 1013; x_wconf 85' lang='lat' dir='ltr'><strong>tuo</strong></span> 
     </span>
    </p>
   </div>
   <div class='ocr_carea' id='block_1_11' title="bbox 431 1041 601 1095">
    <p class='ocr_par' dir='ltr' id='par_1_11' title="bbox 431 1041 601 1095">
     <span class='ocr_line' id='line_1_11' title="bbox 431 1041 601 1095; baseline 0.018 -3"><span class='ocrx_word' id='word_1_75' title='bbox 431 1041 601 1095; x_wconf 70' lang='lat' dir='ltr'><strong>dabis.</strong></span> 
     </span>
    </p>
   </div>
   <div class='ocr_carea' id='block_1_12' title="bbox 504 1130 2006 1209">
    <p class='ocr_par' dir='ltr' id='par_1_12' title="bbox 504 1130 2006 1209">
     <span class='ocr_line' id='line_1_12' title="bbox 504 1130 2006 1209; baseline 0.006 -24"><span class='ocrx_word' id='word_1_76' title='bbox 504 1132 565 1185; x_wconf 79' lang='lat' dir='ltr'><strong>Et</strong></span> <span class='ocrx_word' id='word_1_77' title='bbox 597 1132 709 1186; x_wconf 77' lang='lat' dir='ltr'><strong>dixi</strong></span> <span class='ocrx_word' id='word_1_78' title='bbox 750 1136 897 1201; x_wconf 80' lang='lat' dir='ltr'><strong>quod</strong></span> <span class='ocrx_word' id='word_1_79' title='bbox 939 1136 1180 1189; x_wconf 75' lang='lat' dir='ltr'><strong>virtutem</strong></span> <span class='ocrx_word' id='word_1_80' title='bbox 1219 1138 1529 1192; x_wconf 74' lang='lat' dir='ltr'><strong>terribilium</strong></span> <span class='ocrx_word' id='word_1_81' title='bbox 1571 1150 1780 1194; x_wconf 87' lang='lat' dir='ltr'><strong>tuorum</strong></span> <span class='ocrx_word' id='word_1_82' title='bbox 1812 1130 2006 1209; x_wconf 75' lang='lat' dir='ltr'><strong>dicent,</strong></span> 
     </span>
    </p>
   </div>
   <div class='ocr_carea' id='block_1_13' title="bbox 431 1224 2008 1305">
    <p class='ocr_par' dir='ltr' id='par_1_13' title="bbox 431 1224 2008 1305">
     <span class='ocr_line' id='line_1_13' title="bbox 431 1224 2008 1305; baseline 0.009 -29"><span class='ocrx_word' id='word_1_83' title='bbox 431 1224 636 1277; x_wconf 87' lang='lat' dir='ltr'><strong>scilicet</strong></span> <span class='ocrx_word' id='word_1_84' title='bbox 661 1226 727 1279; x_wconf 85' lang='lat' dir='ltr'><strong>ad</strong></span> <span class='ocrx_word' id='word_1_85' title='bbox 761 1235 836 1279; x_wconf 83' lang='lat' dir='ltr'><strong>tot</strong></span> <span class='ocrx_word' id='word_1_86' title='bbox 869 1226 1081 1280; x_wconf 84' lang='lat' dir='ltr'><strong>laudem</strong></span> <span class='ocrx_word' id='word_1_87' title='bbox 1112 1228 1293 1283; x_wconf 87' lang='lat' dir='ltr'><strong>dicent</strong></span> <span class='ocrx_word' id='word_1_88' title='bbox 1323 1230 1469 1285; x_wconf 88' lang='lat' dir='ltr'><strong>inter</strong></span> <span class='ocrx_word' id='word_1_89' title='bbox 1492 1248 1555 1287; x_wconf 91' lang='lat' dir='ltr'><strong>se</strong></span> <span class='ocrx_word' id='word_1_90' title='bbox 1583 1234 1884 1289; x_wconf 86' lang='lat' dir='ltr'><strong>virtuosam</strong></span> <span class='ocrx_word' id='word_1_91' title='bbox 1915 1253 2008 1305; x_wconf 83' lang='lat' dir='ltr'><strong>po-</strong></span> 
     </span>
    </p>
   </div>
   <div class='ocr_carea' id='block_1_14' title="bbox 344 1313 2007 1393">
    <p class='ocr_par' dir='ltr' id='par_1_14' title="bbox 344 1313 2007 1393">
     <span class='ocr_line' id='line_1_14' title="bbox 344 1313 2007 1393; baseline 0.011 -30"><span class='ocrx_word' id='word_1_92' title='bbox 344 1318 353 1323; x_wconf 84' lang='lat'><em>‘</em></span> <span class='ocrx_word' id='word_1_93' title='bbox 431 1313 655 1367; x_wconf 89' lang='lat' dir='ltr'><strong>tentiam</strong></span> <span class='ocrx_word' id='word_1_94' title='bbox 698 1314 965 1370; x_wconf 77' lang='lat' dir='ltr'><strong>ultionem</strong></span> <span class='ocrx_word' id='word_1_95' title='bbox 994 1326 1207 1373; x_wconf 90' lang='lat' dir='ltr'><strong>tuarum</strong></span> <span class='ocrx_word' id='word_1_96' title='bbox 1250 1321 1597 1389; x_wconf 78' lang='lat' dir='ltr'><strong>terribilium,</strong></span> <span class='ocrx_word' id='word_1_97' title='bbox 1642 1340 1749 1393; x_wconf 79' lang='lat' dir='ltr'><strong>qua</strong></span> <span class='ocrx_word' id='word_1_98' title='bbox 1785 1327 1875 1382; x_wconf 88' lang='lat' dir='ltr'><strong>hic</strong></span> <span class='ocrx_word' id='word_1_99' title='bbox 1910 1328 2007 1381; x_wconf 83' lang='lat' dir='ltr'><strong>im-</strong></span> 
     </span>
    </p>
   </div>
   <div class='ocr_carea' id='block_1_15' title="bbox 429 1404 2009 1487">
    <p class='ocr_par' dir='ltr' id='par_1_15' title="bbox 429 1404 2009 1487">
     <span class='ocr_line' id='line_1_15' title="bbox 429 1404 2009 1487; baseline 0.011 -31"><span class='ocrx_word' id='word_1_100' title='bbox 429 1405 546 1471; x_wconf 90' lang='lat' dir='ltr'><strong>pios</strong></span> <span class='ocrx_word' id='word_1_101' title='bbox 568 1419 746 1472; x_wconf 86' lang='lat' dir='ltr'><strong>putus.</strong></span> <span class='ocrx_word' id='word_1_102' title='bbox 770 1404 839 1460; x_wconf 86' lang='lat' dir='ltr'><strong>Et</strong></span> <span class='ocrx_word' id='word_1_103' title='bbox 867 1424 973 1462; x_wconf 89' lang='lat' dir='ltr'><strong>non</strong></span> <span class='ocrx_word' id='word_1_104' title='bbox 996 1410 1169 1465; x_wconf 88' lang='lat' dir='ltr'><strong>solum</strong></span> <span class='ocrx_word' id='word_1_105' title='bbox 1196 1410 1317 1476; x_wconf 81' lang='lat' dir='ltr'><strong>hoc,</strong></span> <span class='ocrx_word' id='word_1_106' title='bbox 1344 1414 1439 1477; x_wconf 79' lang='lat' dir='ltr'><strong>sed</strong></span> <span class='ocrx_word' id='word_1_107' title='bbox 1461 1422 1517 1469; x_wconf 89' lang='lat' dir='ltr'><strong>et</strong></span> <span class='ocrx_word' id='word_1_108' title='bbox 1537 1414 1815 1485; x_wconf 77' lang='lat' dir='ltr'><strong>loquentur</strong></span> <span class='ocrx_word' id='word_1_109' title='bbox 1833 1430 2009 1487; x_wconf 84' lang='lat' dir='ltr'><strong>poten-</strong></span> 
     </span>
    </p>
   </div>
   <div class='ocr_carea' id='block_1_16' title="bbox 429 1496 2009 1576">
    <p class='ocr_par' dir='ltr' id='par_1_16' title="bbox 429 1496 2009 1576">
     <span class='ocr_line' id='line_1_16' title="bbox 429 1496 2009 1576; baseline 0.013 -30"><span class='ocrx_word' id='word_1_110' title='bbox 429 1496 556 1547; x_wconf 87' lang='lat' dir='ltr'><strong>tiam</strong></span> <span class='ocrx_word' id='word_1_111' title='bbox 589 1509 755 1563; x_wconf 83' lang='lat' dir='ltr'><strong>tuam,</strong></span> <span class='ocrx_word' id='word_1_112' title='bbox 780 1515 886 1568; x_wconf 80' lang='lat' dir='ltr'><strong>qua</strong></span> <span class='ocrx_word' id='word_1_113' title='bbox 916 1501 1115 1570; x_wconf 85' lang='lat' dir='ltr'><strong>impios</strong></span> <span class='ocrx_word' id='word_1_114' title='bbox 1139 1503 1197 1558; x_wconf 82' lang='lat' dir='ltr'><strong>in</strong></span> <span class='ocrx_word' id='word_1_115' title='bbox 1219 1503 1401 1561; x_wconf 81' lang='lat' dir='ltr'><strong>futuro</strong></span> <span class='ocrx_word' id='word_1_116' title='bbox 1432 1508 1642 1576; x_wconf 87' lang='lat' dir='ltr'><strong>punies,</strong></span> <span class='ocrx_word' id='word_1_117' title='bbox 1672 1518 1723 1564; x_wconf 85' lang='lat' dir='ltr'><strong>et</strong></span> <span class='ocrx_word' id='word_1_118' title='bbox 1752 1512 1852 1566; x_wconf 89' lang='lat' dir='ltr'><strong>hoc</strong></span> <span class='ocrx_word' id='word_1_119' title='bbox 1877 1528 2009 1566; x_wconf 91' lang='lat' dir='ltr'><strong>con-</strong></span> 
     </span>
    </p>
   </div>
   <div class='ocr_carea' id='block_1_17' title="bbox 430 1585 2009 1674">
    <p class='ocr_par' dir='ltr' id='par_1_17' title="bbox 430 1585 2009 1674">
     <span class='ocr_line' id='line_1_17' title="bbox 430 1585 2009 1674; baseline 0.015 -38"><span class='ocrx_word' id='word_1_120' title='bbox 430 1585 566 1674; x_wconf 87' lang='lat' dir='ltr'><strong>tuitu</strong></span> <span class='ocrx_word' id='word_1_121' title='bbox 598 1586 895 1644; x_wconf 87' lang='lat' dir='ltr'><strong>laudabunt</strong></span> <span class='ocrx_word' id='word_1_122' title='bbox 926 1601 995 1646; x_wconf 89' lang='lat' dir='ltr'><strong>te.</strong></span> <span class='ocrx_word' id='word_1_123' title='bbox 1028 1592 1348 1665; x_wconf 80' lang='lat' dir='ltr'><strong>Loquentur,</strong></span> <span class='ocrx_word' id='word_1_124' title='bbox 1382 1598 1623 1668; x_wconf 85' lang='lat' dir='ltr'><strong>inquam,</strong></span> <span class='ocrx_word' id='word_1_125' title='bbox 1662 1601 1807 1657; x_wconf 84' lang='lat' dir='ltr'><strong>inter</strong></span> <span class='ocrx_word' id='word_1_126' title='bbox 1835 1619 1893 1659; x_wconf 90' lang='lat' dir='ltr'><strong>se</strong></span> <span class='ocrx_word' id='word_1_127' title='bbox 1918 1622 2009 1674; x_wconf 83' lang='lat' dir='ltr'><strong>po-</strong></span> 
     </span>
    </p>
   </div>
   <div class='ocr_carea' id='block_1_18' title="bbox 427 1678 2009 1755">
    <p class='ocr_par' dir='ltr' id='par_1_18' title="bbox 427 1678 2009 1755">
     <span class='ocr_line' id='line_1_18' title="bbox 427 1678 2009 1755; baseline 0.018 -34"><span class='ocrx_word' id='word_1_128' title='bbox 427 1678 642 1726; x_wconf 85' lang='lat' dir='ltr'><strong>tentiam</strong></span> <span class='ocrx_word' id='word_1_129' title='bbox 676 1685 844 1743; x_wconf 85' lang='lat' dir='ltr'><strong>tuum,</strong></span> <span class='ocrx_word' id='word_1_130' title='bbox 875 1678 949 1732; x_wconf 84' lang='lat' dir='ltr'><strong>ita</strong></span> <span class='ocrx_word' id='word_1_131' title='bbox 982 1690 1162 1737; x_wconf 84' lang='lat' dir='ltr'><strong>tamen</strong></span> <span class='ocrx_word' id='word_1_132' title='bbox 1204 1694 1260 1737; x_wconf 86' lang='lat' dir='ltr'><strong>ut</strong></span> <span class='ocrx_word' id='word_1_133' title='bbox 1297 1684 1420 1740; x_wconf 91' lang='lat' dir='ltr'><strong>aliis</strong></span> <span class='ocrx_word' id='word_1_134' title='bbox 1456 1688 1582 1754; x_wconf 76' lang='lat' dir='ltr'><strong>[iliis</strong></span> <span class='ocrx_word' id='word_1_135' title='bbox 1622 1691 1911 1755; x_wconf 79' lang='lat' dir='ltr'><strong>hominum,</strong></span> <span class='ocrx_word' id='word_1_136' title='bbox 1958 1695 2009 1749; x_wconf 91' lang='lat' dir='ltr'><strong>id</strong></span> 
     </span>
    </p>
   </div>
   <div class='ocr_carea' id='block_1_19' title="bbox 2108 498 3699 577">
    <p class='ocr_par' dir='ltr' id='par_1_19' title="bbox 2108 498 3699 577">
     <span class='ocr_line' id='line_1_19' title="bbox 2108 498 3699 577; baseline 0.007 -28"><span class='ocrx_word' id='word_1_137' title='bbox 2108 505 2189 549; x_wconf 83' lang='lat' dir='ltr'><strong>est</strong></span> <span class='ocrx_word' id='word_1_138' title='bbox 2222 511 2384 551; x_wconf 76' lang='lat' dir='ltr'><strong>verax</strong></span> <span class='ocrx_word' id='word_1_139' title='bbox 2415 498 2466 550; x_wconf 91' lang='lat' dir='ltr'><strong>in</strong></span> <span class='ocrx_word' id='word_1_140' title='bbox 2507 500 2745 552; x_wconf 83' lang='lat' dir='ltr'><strong>omnibus</strong></span> <span class='ocrx_word' id='word_1_141' title='bbox 2770 501 2936 555; x_wconf 82' lang='lat' dir='ltr'><strong>verbis</strong></span> <span class='ocrx_word' id='word_1_142' title='bbox 2971 504 3103 568; x_wconf 87' lang='lat' dir='ltr'><strong>suis,</strong></span> <span class='ocrx_word' id='word_1_143' title='bbox 3133 504 3281 571; x_wconf 82' lang='lat' dir='ltr'><strong>quia,</strong></span> <span class='ocrx_word' id='word_1_144' title='bbox 3312 522 3439 558; x_wconf 88' lang='lat' dir='ltr'><strong>cum</strong></span> <span class='ocrx_word' id='word_1_145' title='bbox 3473 523 3699 577; x_wconf 83' lang='lat' dir='ltr'><strong>reguuu.</strong></span> 
     </span>
    </p>
   </div>
   <div class='ocr_carea' id='block_1_20' title="bbox 2108 593 3696 673">
    <p class='ocr_par' dir='ltr' id='par_1_20' title="bbox 2108 593 3696 673">
     <span class='ocr_line' id='line_1_20' title="bbox 2108 593 3696 673; baseline 0.008 -29"><span class='ocrx_word' id='word_1_146' title='bbox 2108 604 2266 644; x_wconf 80' lang='lat' dir='ltr'><strong>Suum</strong></span> <span class='ocrx_word' id='word_1_147' title='bbox 2311 593 2618 660; x_wconf 87' lang='lat' dir='ltr'><strong>promiserit</strong></span> <span class='ocrx_word' id='word_1_148' title='bbox 2670 594 2982 651; x_wconf 77' lang='lat' dir='ltr'><strong>hominibus</strong></span> <span class='ocrx_word' id='word_1_149' title='bbox 3008 600 3416 665; x_wconf 76' lang='lat' dir='ltr'><strong>conuentibus,</strong></span> <span class='ocrx_word' id='word_1_150' title='bbox 3452 602 3578 656; x_wconf 89' lang='lat' dir='ltr'><strong>inde</strong></span> <span class='ocrx_word' id='word_1_151' title='bbox 3602 618 3696 673; x_wconf 79' lang='lat' dir='ltr'><strong>per</strong></span> 
     </span>
    </p>
   </div>
   <div class='ocr_carea' id='block_1_21' title="bbox 2107 683 3697 760">
    <p class='ocr_par' dir='ltr' id='par_1_21' title="bbox 2107 683 3697 760">
     <span class='ocr_line' id='line_1_21' title="bbox 2107 683 3697 760; baseline 0.005 -23"><span class='ocrx_word' id='word_1_152' title='bbox 2107 683 2389 752; x_wconf 88' lang='lat' dir='ltr'><strong>originalia</strong></span> <span class='ocrx_word' id='word_1_153' title='bbox 2418 693 2638 753; x_wconf 87' lang='lat' dir='ltr'><strong>peccata</strong></span> <span class='ocrx_word' id='word_1_154' title='bbox 2677 695 2731 740; x_wconf 92' lang='lat' dir='ltr'><strong>et</strong></span> <span class='ocrx_word' id='word_1_155' title='bbox 2768 688 3022 753; x_wconf 83' lang='lat' dir='ltr'><strong>actualia,</strong></span> <span class='ocrx_word' id='word_1_156' title='bbox 3049 699 3103 744; x_wconf 92' lang='lat' dir='ltr'><strong>ct</strong></span> <span class='ocrx_word' id='word_1_157' title='bbox 3133 706 3229 759; x_wconf 89' lang='lat' dir='ltr'><strong>per</strong></span> <span class='ocrx_word' id='word_1_158' title='bbox 3256 708 3314 746; x_wconf 87' lang='lat' dir='ltr'><strong>se</strong></span> <span class='ocrx_word' id='word_1_159' title='bbox 3341 709 3448 748; x_wconf 88' lang='lat' dir='ltr'><strong>non</strong></span> <span class='ocrx_word' id='word_1_160' title='bbox 3485 694 3697 760; x_wconf 79' lang='lat' dir='ltr'><strong>possint</strong></span> 
     </span>
    </p>
   </div>
   <div class='ocr_carea' id='block_1_22' title="bbox 2109 773 3692 854">
    <p class='ocr_par' dir='ltr' id='par_1_22' title="bbox 2109 773 3692 854">
     <span class='ocr_line' id='line_1_22' title="bbox 2109 773 3692 854; baseline 0.006 -27"><span class='ocrx_word' id='word_1_161' title='bbox 2109 773 2176 827; x_wconf 89' lang='lat' dir='ltr'><strong>ad</strong></span> <span class='ocrx_word' id='word_1_162' title='bbox 2208 773 2333 828; x_wconf 91' lang='lat' dir='ltr'><strong>illud</strong></span> <span class='ocrx_word' id='word_1_163' title='bbox 2363 776 2681 841; x_wconf 89' lang='lat' dir='ltr'><strong>ascendere,</strong></span> <span class='ocrx_word' id='word_1_164' title='bbox 2712 776 2899 831; x_wconf 79' lang='lat' dir='ltr'><strong>allevat</strong></span> <span class='ocrx_word' id='word_1_165' title='bbox 2939 779 3196 835; x_wconf 78' lang='lat' dir='ltr'><strong>Dominus</strong></span> <span class='ocrx_word' id='word_1_166' title='bbox 3222 798 3320 852; x_wconf 88' lang='lat' dir='ltr'><strong>per</strong></span> <span class='ocrx_word' id='word_1_167' title='bbox 3345 784 3692 854; x_wconf 83' lang='lat' dir='ltr'><strong>adeptionem</strong></span> 
     </span>
    </p>
   </div>
   <div class='ocr_carea' id='block_1_23' title="bbox 2108 860 3704 932">
    <p class='ocr_par' dir='ltr' id='par_1_23' title="bbox 2108 860 3704 932">
     <span class='ocr_line' id='line_1_23' title="bbox 2108 860 3704 932; baseline 0.007 -20"><span class='ocrx_word' id='word_1_168' title='bbox 2108 860 2292 929; x_wconf 67' lang='lat' dir='ltr'><strong>gratia:</strong></span> <span class='ocrx_word' id='word_1_169' title='bbox 2322 878 2497 915; x_wconf 86' lang='lat' dir='ltr'><strong>omnes</strong></span> <span class='ocrx_word' id='word_1_170' title='bbox 2536 863 2624 932; x_wconf 83' lang='lat' dir='ltr'><strong>qui</strong></span> <span class='ocrx_word' id='word_1_171' title='bbox 2660 863 2784 919; x_wconf 91' lang='lat' dir='ltr'><strong>inde</strong></span> <span class='ocrx_word' id='word_1_172' title='bbox 2824 878 3099 932; x_wconf 84' lang='lat' dir='ltr'><strong>corruunt,</strong></span> <span class='ocrx_word' id='word_1_173' title='bbox 3139 870 3190 922; x_wconf 91' lang='lat' dir='ltr'><strong>id</strong></span> <span class='ocrx_word' id='word_1_174' title='bbox 3244 880 3330 924; x_wconf 86' lang='lat' dir='ltr'><strong>est</strong></span> <span class='ocrx_word' id='word_1_175' title='bbox 3371 872 3704 924; x_wconf 87' lang='lat' dir='ltr'><strong>omnismodi</strong></span> 
     </span>
    </p>
   </div>
   <div class='ocr_carea' id='block_1_24' title="bbox 2109 951 3709 1032">
    <p class='ocr_par' dir='ltr' id='par_1_24' title="bbox 2109 951 3709 1032">
     <span class='ocr_line' id='line_1_24' title="bbox 2109 951 3709 1032; baseline 0.008 -29"><span class='ocrx_word' id='word_1_176' title='bbox 2109 951 2355 1006; x_wconf 79' lang='lat' dir='ltr'><strong>homines</strong></span> <span class='ocrx_word' id='word_1_177' title='bbox 2382 954 2523 1021; x_wconf 88' lang='lat' dir='ltr'><strong>quod</strong></span> <span class='ocrx_word' id='word_1_178' title='bbox 2551 954 2676 1007; x_wconf 88' lang='lat' dir='ltr'><strong>inde</strong></span> <span class='ocrx_word' id='word_1_179' title='bbox 2703 965 2964 1008; x_wconf 82' lang='lat' dir='ltr'><strong>corruunt</strong></span> <span class='ocrx_word' id='word_1_180' title='bbox 2993 972 3092 1027; x_wconf 87' lang='lat' dir='ltr'><strong>per</strong></span> <span class='ocrx_word' id='word_1_181' title='bbox 3116 970 3401 1029; x_wconf 88' lang='lat' dir='ltr'><strong>peccatum</strong></span> <span class='ocrx_word' id='word_1_182' title='bbox 3432 963 3709 1032; x_wconf 77' lang='lat' dir='ltr'><strong>originale</strong></span> 
     </span>
    </p>
   </div>
   <div class='ocr_carea' id='block_1_25' title="bbox 2109 1044 3703 1122">
    <p class='ocr_par' dir='ltr' id='par_1_25' title="bbox 2109 1044 3703 1122">
     <span class='ocr_line' id='line_1_25' title="bbox 2109 1044 3703 1122; baseline 0.009 -28"><span class='ocrx_word' id='word_1_183' title='bbox 2109 1050 2163 1095; x_wconf 89' lang='lat' dir='ltr'><strong>et</strong></span> <span class='ocrx_word' id='word_1_184' title='bbox 2200 1058 2297 1111; x_wconf 88' lang='lat' dir='ltr'><strong>per</strong></span> <span class='ocrx_word' id='word_1_185' title='bbox 2322 1044 2574 1097; x_wconf 87' lang='lat' dir='ltr'><strong>actuatia.</strong></span> <span class='ocrx_word' id='word_1_186' title='bbox 2622 1045 2826 1099; x_wconf 77' lang='lat' dir='ltr'><strong>Allevat</strong></span> <span class='ocrx_word' id='word_1_187' title='bbox 2863 1048 3080 1115; x_wconf 84' lang='lat' dir='ltr'><strong>quidem</strong></span> <span class='ocrx_word' id='word_1_188' title='bbox 3119 1060 3241 1118; x_wconf 85' lang='lat' dir='ltr'><strong>post</strong></span> <span class='ocrx_word' id='word_1_189' title='bbox 3274 1053 3527 1122; x_wconf 84' lang='lat' dir='ltr'><strong>corporis</strong></span> <span class='ocrx_word' id='word_1_190' title='bbox 3555 1072 3703 1108; x_wconf 84' lang='lat' dir='ltr'><strong>mor-</strong></span> 
     </span>
    </p>
   </div>
   <div class='ocr_carea' id='block_1_26' title="bbox 2112 1134 3704 1207">
    <p class='ocr_par' dir='ltr' id='par_1_26' title="bbox 2112 1134 3704 1207">
     <span class='ocr_line' id='line_1_26' title="bbox 2112 1134 3704 1207; baseline 0.006 -22"><span class='ocrx_word' id='word_1_191' title='bbox 2112 1141 2243 1196; x_wconf 89' lang='lat' dir='ltr'><strong>tem,</strong></span> <span class='ocrx_word' id='word_1_192' title='bbox 2290 1134 2471 1188; x_wconf 90' lang='lat' dir='ltr'><strong>dando</strong></span> <span class='ocrx_word' id='word_1_193' title='bbox 2509 1134 2590 1188; x_wconf 81' lang='lat' dir='ltr'><strong>eis</strong></span> <span class='ocrx_word' id='word_1_194' title='bbox 2621 1134 2672 1187; x_wconf 89' lang='lat' dir='ltr'><strong>in</strong></span> <span class='ocrx_word' id='word_1_195' title='bbox 2710 1135 2827 1203; x_wconf 89' lang='lat' dir='ltr'><strong>ipso</strong></span> <span class='ocrx_word' id='word_1_196' title='bbox 2868 1151 3034 1205; x_wconf 86' lang='lat' dir='ltr'><strong>regno</strong></span> <span class='ocrx_word' id='word_1_197' title='bbox 3062 1139 3358 1207; x_wconf 79' lang='lat' dir='ltr'><strong>perfectam</strong></span> <span class='ocrx_word' id='word_1_198' title='bbox 3401 1142 3704 1195; x_wconf 58' lang='lat' dir='ltr'><strong>bautitudio</strong></span> 
     </span>
    </p>
   </div>
   <div class='ocr_carea' id='block_1_27' title="bbox 2112 1222 3708 1300">
    <p class='ocr_par' dir='ltr' id='par_1_27' title="bbox 2112 1222 3708 1300">
     <span class='ocr_line' id='line_1_27' title="bbox 2112 1222 3708 1300; baseline 0.008 -26"><span class='ocrx_word' id='word_1_199' title='bbox 2112 1236 2255 1285; x_wconf 78' lang='lat' dir='ltr'><strong>nent,</strong></span> <span class='ocrx_word' id='word_1_200' title='bbox 2280 1237 2309 1276; x_wconf 85' lang='lat' dir='ltr'><strong>a</strong></span> <span class='ocrx_word' id='word_1_201' title='bbox 2338 1222 2696 1278; x_wconf 85' lang='lat' dir='ltr'><strong>similitudine</strong></span> <span class='ocrx_word' id='word_1_202' title='bbox 2722 1224 2845 1277; x_wconf 91' lang='lat' dir='ltr'><strong>boni</strong></span> <span class='ocrx_word' id='word_1_203' title='bbox 2874 1228 3122 1294; x_wconf 88' lang='lat' dir='ltr'><strong>pastoris,</strong></span> <span class='ocrx_word' id='word_1_204' title='bbox 3168 1229 3259 1296; x_wconf 86' lang='lat' dir='ltr'><strong>qui</strong></span> <span class='ocrx_word' id='word_1_205' title='bbox 3287 1246 3446 1284; x_wconf 86' lang='lat' dir='ltr'><strong>ovem</strong></span> <span class='ocrx_word' id='word_1_206' title='bbox 3471 1248 3595 1300; x_wconf 67' lang='lat' dir='ltr'><strong>qua:</strong></span> <span class='ocrx_word' id='word_1_207' title='bbox 3634 1233 3708 1286; x_wconf 82' lang='lat' dir='ltr'><strong>de</strong></span> 
     </span>
    </p>
   </div>
   <div class='ocr_carea' id='block_1_28' title="bbox 2110 1313 3707 1385">
    <p class='ocr_par' dir='ltr' id='par_1_28' title="bbox 2110 1313 3707 1385">
     <span class='ocr_line' id='line_1_28' title="bbox 2110 1313 3707 1385; baseline 0.006 -18"><span class='ocrx_word' id='word_1_208' title='bbox 2110 1314 2325 1381; x_wconf 79' lang='lat' dir='ltr'><strong>pascuis</strong></span> <span class='ocrx_word' id='word_1_209' title='bbox 2352 1313 2437 1367; x_wconf 85' lang='lat' dir='ltr'><strong>vel</strong></span> <span class='ocrx_word' id='word_1_210' title='bbox 2463 1314 2528 1369; x_wconf 88' lang='lat' dir='ltr'><strong>de</strong></span> <span class='ocrx_word' id='word_1_211' title='bbox 2556 1314 2683 1368; x_wconf 88' lang='lat' dir='ltr'><strong>ovili</strong></span> <span class='ocrx_word' id='word_1_212' title='bbox 2714 1316 2912 1370; x_wconf 89' lang='lat' dir='ltr'><strong>montis</strong></span> <span class='ocrx_word' id='word_1_213' title='bbox 2937 1316 3225 1385; x_wconf 79' lang='lat' dir='ltr'><strong>cujuslibet</strong></span> <span class='ocrx_word' id='word_1_214' title='bbox 3253 1322 3485 1383; x_wconf 88' lang='lat' dir='ltr'><strong>corruit,</strong></span> <span class='ocrx_word' id='word_1_215' title='bbox 3512 1332 3567 1375; x_wconf 86' lang='lat' dir='ltr'><strong>et</strong></span> <span class='ocrx_word' id='word_1_216' title='bbox 3591 1340 3707 1377; x_wconf 72' lang='grc' dir='ltr'>ιιοιε</span> 
     </span>
    </p>
   </div>
   <div class='ocr_carea' id='block_1_29' title="bbox 2110 1406 3705 1475">
    <p class='ocr_par' dir='ltr' id='par_1_29' title="bbox 2110 1406 3705 1475">
     <span class='ocr_line' id='line_1_29' title="bbox 2110 1406 3705 1475; baseline 0.003 -16"><span class='ocrx_word' id='word_1_217' title='bbox 2110 1414 2287 1475; x_wconf 81' lang='lat' dir='ltr'><strong>potest</strong></span> <span class='ocrx_word' id='word_1_218' title='bbox 2312 1420 2407 1474; x_wconf 88' lang='lat' dir='ltr'><strong>per</strong></span> <span class='ocrx_word' id='word_1_219' title='bbox 2432 1421 2490 1460; x_wconf 86' lang='lat' dir='ltr'><strong>se</strong></span> <span class='ocrx_word' id='word_1_220' title='bbox 2514 1406 2833 1471; x_wconf 81' lang='lat' dir='ltr'><strong>ascendere,</strong></span> <span class='ocrx_word' id='word_1_221' title='bbox 2853 1407 2907 1460; x_wconf 90' lang='lat' dir='ltr'><strong>in</strong></span> <span class='ocrx_word' id='word_1_222' title='bbox 2931 1408 3187 1463; x_wconf 84' lang='lat' dir='ltr'><strong>humeros</strong></span> <span class='ocrx_word' id='word_1_223' title='bbox 3211 1427 3339 1465; x_wconf 88' lang='lat' dir='ltr'><strong>suos</strong></span> <span class='ocrx_word' id='word_1_224' title='bbox 3356 1410 3523 1474; x_wconf 81' lang='lat' dir='ltr'><strong>levat,</strong></span> <span class='ocrx_word' id='word_1_225' title='bbox 3549 1420 3603 1465; x_wconf 87' lang='lat' dir='ltr'><strong>et</strong></span> <span class='ocrx_word' id='word_1_226' title='bbox 3632 1411 3705 1463; x_wconf 77' lang='lat' dir='ltr'><strong>ad</strong></span> 
     </span>
    </p>
   </div>
   <div class='ocr_carea' id='block_1_30' title="bbox 2111 1497 3707 1571">
    <p class='ocr_par' dir='ltr' id='par_1_30' title="bbox 2111 1497 3707 1571">
     <span class='ocr_line' id='line_1_30' title="bbox 2111 1497 3707 1571; baseline 0.003 -22"><span class='ocrx_word' id='word_1_227' title='bbox 2111 1512 2331 1566; x_wconf 86' lang='lat' dir='ltr'><strong>pascua,</strong></span> <span class='ocrx_word' id='word_1_228' title='bbox 2361 1498 2443 1552; x_wconf 83' lang='lat' dir='ltr'><strong>vel</strong></span> <span class='ocrx_word' id='word_1_229' title='bbox 2472 1498 2537 1549; x_wconf 88' lang='lat' dir='ltr'><strong>ad</strong></span> <span class='ocrx_word' id='word_1_230' title='bbox 2564 1497 2705 1551; x_wconf 87' lang='lat' dir='ltr'><strong>ovile</strong></span> <span class='ocrx_word' id='word_1_231' title='bbox 2747 1507 3001 1567; x_wconf 85' lang='lat' dir='ltr'><strong>reportat.</strong></span> <span class='ocrx_word' id='word_1_232' title='bbox 3037 1499 3103 1553; x_wconf 80' lang='lat' dir='ltr'><strong>Et</strong></span> <span class='ocrx_word' id='word_1_233' title='bbox 3132 1501 3270 1555; x_wconf 86' lang='lat' dir='ltr'><strong>bene</strong></span> <span class='ocrx_word' id='word_1_234' title='bbox 3307 1502 3463 1571; x_wconf 82' lang='lat' dir='ltr'><strong>ponit</strong></span> <span class='ocrx_word' id='word_1_235' title='bbox 3496 1518 3707 1566; x_wconf 79' lang='lat' dir='ltr'><strong>omnes,</strong></span> 
     </span>
    </p>
   </div>
   <div class='ocr_carea' id='block_1_31' title="bbox 2112 1587 3709 1659">
    <p class='ocr_par' dir='ltr' id='par_1_31' title="bbox 2112 1587 3709 1659">
     <span class='ocr_line' id='line_1_31' title="bbox 2112 1587 3709 1659; baseline 0.003 -20"><span class='ocrx_word' id='word_1_236' title='bbox 2112 1602 2219 1640; x_wconf 87' lang='lat' dir='ltr'><strong>non</strong></span> <span class='ocrx_word' id='word_1_237' title='bbox 2250 1587 2391 1656; x_wconf 89' lang='lat' dir='ltr'><strong>quod</strong></span> <span class='ocrx_word' id='word_1_238' title='bbox 2421 1600 2614 1641; x_wconf 86' lang='lat' dir='ltr'><strong>omnes</strong></span> <span class='ocrx_word' id='word_1_239' title='bbox 2640 1587 2837 1640; x_wconf 79' lang='lat' dir='ltr'><strong>allevet</strong></span> <span class='ocrx_word' id='word_1_240' title='bbox 2862 1587 2953 1655; x_wconf 88' lang='lat' dir='ltr'><strong>qui</strong></span> <span class='ocrx_word' id='word_1_241' title='bbox 2982 1588 3105 1642; x_wconf 89' lang='lat' dir='ltr'><strong>inde</strong></span> <span class='ocrx_word' id='word_1_242' title='bbox 3132 1600 3414 1654; x_wconf 90' lang='lat' dir='ltr'><strong>corruunt,</strong></span> <span class='ocrx_word' id='word_1_243' title='bbox 3448 1589 3545 1644; x_wconf 86' lang='lat' dir='ltr'><strong>sed</strong></span> <span class='ocrx_word' id='word_1_244' title='bbox 3572 1590 3709 1659; x_wconf 80' lang='lat' dir='ltr'><strong>quia</strong></span> 
     </span>
    </p>
   </div>
   <div class='ocr_carea' id='block_1_32' title="bbox 2112 1678 3709 1747">
    <p class='ocr_par' dir='ltr' id='par_1_32' title="bbox 2112 1678 3709 1747">
     <span class='ocr_line' id='line_1_32' title="bbox 2112 1678 3709 1747; baseline 0.001 -17"><span class='ocrx_word' id='word_1_245' title='bbox 2112 1690 2178 1731; x_wconf 79' lang='lat' dir='ltr'><strong>ex</strong></span> <span class='ocrx_word' id='word_1_246' title='bbox 2212 1678 2357 1731; x_wconf 89' lang='lat' dir='ltr'><strong>ontni</strong></span> <span class='ocrx_word' id='word_1_247' title='bbox 2390 1692 2589 1747; x_wconf 78' lang='lat' dir='ltr'><strong>genere</strong></span> <span class='ocrx_word' id='word_1_248' title='bbox 2620 1678 2991 1731; x_wconf 89' lang='lat' dir='ltr'><strong>corruentium</strong></span> <span class='ocrx_word' id='word_1_249' title='bbox 3026 1678 3221 1732; x_wconf 80' lang='lat' dir='ltr'><strong>tmtltos</strong></span> <span class='ocrx_word' id='word_1_250' title='bbox 3256 1678 3476 1743; x_wconf 75' lang='lat' dir='ltr'><strong>allevat,</strong></span> <span class='ocrx_word' id='word_1_251' title='bbox 3510 1679 3709 1732; x_wconf 81' lang='lat' dir='ltr'><strong>videti-</strong></span> 
     </span>
    </p>
   </div>
   <div class='ocr_carea' id='block_1_33' title="bbox 427 1750 3709 1852">
    <p class='ocr_par' dir='ltr' id='par_1_33' title="bbox 427 1750 3709 1852">
     <span class='ocr_line' id='line_1_33' title="bbox 427 1750 3709 1852; baseline 0.002 -39"><span class='ocrx_word' id='word_1_252' title='bbox 427 1773 511 1817; x_wconf 86' lang='lat' dir='ltr'><strong>est</strong></span> <span class='ocrx_word' id='word_1_253' title='bbox 560 1764 870 1824; x_wconf 79' lang='lat' dir='ltr'><strong>hominibus</strong></span> <span class='ocrx_word' id='word_1_254' title='bbox 929 1770 1100 1841; x_wconf 85' lang='lat' dir='ltr'><strong>ipsam</strong></span> <span class='ocrx_word' id='word_1_255' title='bbox 1153 1750 1529 1845; x_wconf 74' lang='lat' dir='ltr'><strong>ignorantibus</strong></span> <span class='ocrx_word' id='word_1_256' title='bbox 1582 1792 1761 1835; x_wconf 80' lang='lat' dir='ltr'><strong>notam</strong></span> <span class='ocrx_word' id='word_1_257' title='bbox 1808 1750 2006 1852; x_wconf 73' lang='lat' dir='ltr'><strong>faciant</strong></span> <span class='ocrx_word' id='word_1_258' title='bbox 2046 1750 2087 1807; x_wconf 74' lang='grc' dir='ltr'><strong>Β</strong></span> <span class='ocrx_word' id='word_1_259' title='bbox 2114 1775 2200 1821; x_wconf 69' lang='grc' dir='ltr'><strong>εει</strong></span> <span class='ocrx_word' id='word_1_260' title='bbox 2224 1775 2280 1819; x_wconf 86' lang='grc' dir='ltr'><strong>ει</strong></span> <span class='ocrx_word' id='word_1_261' title='bbox 2307 1765 2379 1820; x_wconf 87' lang='lat' dir='ltr'><strong>de</strong></span> <span class='ocrx_word' id='word_1_262' title='bbox 2400 1766 2577 1819; x_wconf 87' lang='lat' dir='ltr'><strong>minus</strong></span> <span class='ocrx_word' id='word_1_263' title='bbox 2600 1766 2856 1836; x_wconf 78' lang='lat' dir='ltr'><strong>graviter,</strong></span> <span class='ocrx_word' id='word_1_264' title='bbox 2899 1774 2952 1819; x_wconf 89' lang='lat' dir='ltr'><strong>et</strong></span> <span class='ocrx_word' id='word_1_265' title='bbox 2994 1767 3060 1820; x_wconf 86' lang='lat' dir='ltr'><strong>de</strong></span> <span class='ocrx_word' id='word_1_266' title='bbox 3089 1767 3261 1836; x_wconf 84' lang='lat' dir='ltr'><strong>magis</strong></span> <span class='ocrx_word' id='word_1_267' title='bbox 3300 1768 3543 1835; x_wconf 79' lang='lat' dir='ltr'><strong>graviter</strong></span> <span class='ocrx_word' id='word_1_268' title='bbox 3569 1784 3709 1835; x_wconf 84' lang='lat' dir='ltr'><strong>pee—</strong></span> 
     </span>
    </p>
   </div>
   <div class='ocr_carea' id='block_1_34' title="bbox 429 1856 2010 1941">
    <p class='ocr_par' dir='ltr' id='par_1_34' title="bbox 429 1856 2010 1941">
     <span class='ocr_line' id='line_1_34' title="bbox 429 1856 2010 1941; baseline 0.014 -34"><span class='ocrx_word' id='word_1_269' title='bbox 429 1856 571 1909; x_wconf 89' lang='lat' dir='ltr'><strong>banc</strong></span> <span class='ocrx_word' id='word_1_270' title='bbox 596 1860 885 1924; x_wconf 76' lang='lat' dir='ltr'><strong>potentiam</strong></span> <span class='ocrx_word' id='word_1_271' title='bbox 906 1870 1076 1928; x_wconf 88' lang='lat' dir='ltr'><strong>tuam,</strong></span> <span class='ocrx_word' id='word_1_272' title='bbox 1120 1873 1174 1919; x_wconf 89' lang='lat' dir='ltr'><strong>et</strong></span> <span class='ocrx_word' id='word_1_273' title='bbox 1196 1867 1275 1921; x_wconf 90' lang='lat' dir='ltr'><strong>sic</strong></span> <span class='ocrx_word' id='word_1_274' title='bbox 1301 1882 1399 1922; x_wconf 86' lang='lat' dir='ltr'><strong>eos</strong></span> <span class='ocrx_word' id='word_1_275' title='bbox 1428 1869 1492 1923; x_wconf 91' lang='lat' dir='ltr'><strong>ab</strong></span> <span class='ocrx_word' id='word_1_276' title='bbox 1517 1869 1618 1924; x_wconf 82' lang='lat' dir='ltr'><strong>bac</strong></span> <span class='ocrx_word' id='word_1_277' title='bbox 1646 1874 1907 1941; x_wconf 89' lang='lat' dir='ltr'><strong>potentia,</strong></span> <span class='ocrx_word' id='word_1_278' title='bbox 1945 1890 2010 1929; x_wconf 88' lang='lat' dir='ltr'><strong>ne</strong></span> 
     </span>
    </p>
   </div>
   <div class='ocr_carea' id='block_1_35' title="bbox 427 1950 2008 2022">
    <p class='ocr_par' dir='ltr' id='par_1_35' title="bbox 427 1950 2008 2022">
     <span class='ocr_line' id='line_1_35' title="bbox 427 1950 2008 2022; baseline 0.014 -24"><span class='ocrx_word' id='word_1_279' title='bbox 427 1962 522 2001; x_wconf 87' lang='lat' dir='ltr'><strong>eos</strong></span> <span class='ocrx_word' id='word_1_280' title='bbox 548 1950 735 2017; x_wconf 89' lang='lat' dir='ltr'><strong>puniat</strong></span> <span class='ocrx_word' id='word_1_281' title='bbox 764 1966 957 2008; x_wconf 86' lang='lat' dir='ltr'><strong>cavere</strong></span> <span class='ocrx_word' id='word_1_282' title='bbox 985 1969 1081 2022; x_wconf 88' lang='lat' dir='ltr'><strong>per</strong></span> <span class='ocrx_word' id='word_1_283' title='bbox 1110 1958 1305 2013; x_wconf 86' lang='lat' dir='ltr'><strong>bonam</strong></span> <span class='ocrx_word' id='word_1_284' title='bbox 1334 1960 1501 2016; x_wconf 84' lang='lat' dir='ltr'><strong>vitam</strong></span> <span class='ocrx_word' id='word_1_285' title='bbox 1546 1963 1771 2019; x_wconf 78' lang='lat' dir='ltr'><strong>faciant.</strong></span> <span class='ocrx_word' id='word_1_286' title='bbox 1802 1967 1865 2019; x_wconf 77' lang='lat' dir='ltr'><strong>Et</strong></span> <span class='ocrx_word' id='word_1_287' title='bbox 1898 1967 2008 2020; x_wconf 76' lang='lat' dir='ltr'><strong>dixi</strong></span> 
     </span>
    </p>
   </div>
   <div class='ocr_carea' id='block_1_36' title="bbox 429 2041 2011 2122">
    <p class='ocr_par' dir='ltr' id='par_1_36' title="bbox 429 2041 2011 2122">
     <span class='ocr_line' id='line_1_36' title="bbox 429 2041 2011 2122; baseline 0.016 -36"><span class='ocrx_word' id='word_1_288' title='bbox 429 2043 683 2103; x_wconf 82' lang='lat' dir='ltr'><strong>quoniam</strong></span> <span class='ocrx_word' id='word_1_289' title='bbox 715 2041 859 2096; x_wconf 79' lang='lat' dir='ltr'><strong>inter</strong></span> <span class='ocrx_word' id='word_1_290' title='bbox 879 2059 939 2097; x_wconf 86' lang='lat' dir='ltr'><strong>se</strong></span> <span class='ocrx_word' id='word_1_291' title='bbox 980 2046 1163 2101; x_wconf 83' lang='lat' dir='ltr'><strong>dicunt</strong></span> <span class='ocrx_word' id='word_1_292' title='bbox 1191 2049 1419 2118; x_wconf 85' lang='lat' dir='ltr'><strong>gloriam</strong></span> <span class='ocrx_word' id='word_1_293' title='bbox 1444 2056 1586 2122; x_wconf 81' lang='lat' dir='ltr'><strong>regni</strong></span> <span class='ocrx_word' id='word_1_294' title='bbox 1613 2057 1716 2119; x_wconf 85' lang='lat' dir='ltr'><strong>tui,</strong></span> <span class='ocrx_word' id='word_1_295' title='bbox 1739 2066 1786 2109; x_wconf 85' lang='lat' dir='ltr'><strong>et</strong></span> <span class='ocrx_word' id='word_1_296' title='bbox 1818 2057 1896 2110; x_wconf 88' lang='lat' dir='ltr'><strong>sic</strong></span> <span class='ocrx_word' id='word_1_297' title='bbox 1933 2068 2011 2111; x_wconf 86' lang='lat' dir='ltr'><strong>la-</strong></span> 
     </span>
    </p>
   </div>
   <div class='ocr_carea' id='block_1_37' title="bbox 432 2132 2014 2218">
    <p class='ocr_par' dir='ltr' id='par_1_37' title="bbox 432 2132 2014 2218">
     <span class='ocr_line' id='line_1_37' title="bbox 432 2132 2014 2218; baseline 0.016 -37"><span class='ocrx_word' id='word_1_298' title='bbox 432 2143 552 2183; x_wconf 88' lang='lat' dir='ltr'><strong>tuen</strong></span> <span class='ocrx_word' id='word_1_299' title='bbox 588 2141 640 2184; x_wconf 86' lang='lat' dir='ltr'><strong>ut</strong></span> <span class='ocrx_word' id='word_1_300' title='bbox 669 2132 793 2189; x_wconf 77' lang='lat' dir='ltr'><strong>aliis</strong></span> <span class='ocrx_word' id='word_1_301' title='bbox 820 2136 1194 2206; x_wconf 80' lang='lat' dir='ltr'><strong>ignorantibus</strong></span> <span class='ocrx_word' id='word_1_302' title='bbox 1215 2155 1392 2198; x_wconf 80' lang='lat' dir='ltr'><strong>notam</strong></span> <span class='ocrx_word' id='word_1_303' title='bbox 1424 2147 1625 2216; x_wconf 81' lang='lat' dir='ltr'><strong>faciant</strong></span> <span class='ocrx_word' id='word_1_304' title='bbox 1651 2150 1874 2218; x_wconf 79' lang='lat' dir='ltr'><strong>gloriam</strong></span> <span class='ocrx_word' id='word_1_305' title='bbox 1900 2170 2014 2206; x_wconf 86' lang='lat' dir='ltr'><strong>mtt-</strong></span> 
     </span>
    </p>
   </div>
   <div class='ocr_carea' id='block_1_38' title="bbox 430 2221 2012 2312">
    <p class='ocr_par' dir='ltr' id='par_1_38' title="bbox 430 2221 2012 2312">
     <span class='ocr_line' id='line_1_38' title="bbox 430 2221 2012 2312; baseline 0.016 -41"><span class='ocrx_word' id='word_1_306' title='bbox 430 2221 762 2312; x_wconf 64' lang='lat' dir='ltr'><strong>gniﬁcentia,</strong></span> <span class='ocrx_word' id='word_1_307' title='bbox 814 2226 979 2299; x_wconf 64' lang='lat'><strong>526</strong></span> <span class='ocrx_word' id='word_1_308' title='bbox 1015 2231 1067 2285; x_wconf 92' lang='lat' dir='ltr'><strong>id</strong></span> <span class='ocrx_word' id='word_1_309' title='bbox 1114 2242 1197 2286; x_wconf 87' lang='lat' dir='ltr'><strong>est</strong></span> <span class='ocrx_word' id='word_1_310' title='bbox 1240 2236 1582 2303; x_wconf 84' lang='lat' dir='ltr'><strong>magnificam</strong></span> <span class='ocrx_word' id='word_1_311' title='bbox 1610 2239 1839 2309; x_wconf 79' lang='lat' dir='ltr'><strong>gloriam</strong></span> <span class='ocrx_word' id='word_1_312' title='bbox 1869 2243 2012 2312; x_wconf 86' lang='lat' dir='ltr'><strong>regni</strong></span> 
     </span>
    </p>
   </div>
   <div class='ocr_carea' id='block_1_39' title="bbox 432 2311 2015 2403">
    <p class='ocr_par' dir='ltr' id='par_1_39' title="bbox 432 2311 2015 2403">
     <span class='ocr_line' id='line_1_39' title="bbox 432 2311 2015 2403; baseline 0.017 -42"><span class='ocrx_word' id='word_1_313' title='bbox 432 2311 530 2374; x_wconf 84' lang='lat' dir='ltr'><strong>tui,</strong></span> <span class='ocrx_word' id='word_1_314' title='bbox 574 2322 631 2403; x_wconf 80' lang='lat' dir='ltr'><strong>et</strong></span> <span class='ocrx_word' id='word_1_315' title='bbox 664 2315 994 2374; x_wconf 80' lang='lat' dir='ltr'><strong>notilicando</strong></span> <span class='ocrx_word' id='word_1_316' title='bbox 1030 2336 1125 2376; x_wconf 89' lang='lat' dir='ltr'><strong>eos</strong></span> <span class='ocrx_word' id='word_1_317' title='bbox 1152 2325 1217 2378; x_wconf 90' lang='lat' dir='ltr'><strong>ad</strong></span> <span class='ocrx_word' id='word_1_318' title='bbox 1259 2328 1647 2397; x_wconf 81' lang='lat' dir='ltr'><strong>appetitionem</strong></span> <span class='ocrx_word' id='word_1_319' title='bbox 1677 2334 1827 2403; x_wconf 81' lang='lat' dir='ltr'><strong>regni</strong></span> <span class='ocrx_word' id='word_1_320' title='bbox 1856 2311 2015 2401; x_wconf 68' lang='lat' dir='ltr'><strong>huius</strong></span> 
     </span>
    </p>
   </div>
   <div class='ocr_carea' id='block_1_40' title="bbox 433 2401 2014 2487">
    <p class='ocr_par' dir='ltr' id='par_1_40' title="bbox 433 2401 2014 2487">
     <span class='ocr_line' id='line_1_40' title="bbox 433 2401 2014 2487; baseline 0.017 -36"><span class='ocrx_word' id='word_1_321' title='bbox 433 2401 736 2457; x_wconf 76' lang='lat' dir='ltr'><strong>attrahunt.</strong></span> <span class='ocrx_word' id='word_1_322' title='bbox 784 2405 948 2476; x_wconf 80' lang='lat' dir='ltr'><strong>Regni</strong></span> <span class='ocrx_word' id='word_1_323' title='bbox 996 2412 1073 2462; x_wconf 85' lang='lat' dir='ltr'><strong>tui</strong></span> <span class='ocrx_word' id='word_1_324' title='bbox 1100 2412 1243 2476; x_wconf 83' lang='lat' dir='ltr'><strong>dico,</strong></span> <span class='ocrx_word' id='word_1_325' title='bbox 1287 2418 1432 2483; x_wconf 86' lang='lat' dir='ltr'><strong>quod</strong></span> <span class='ocrx_word' id='word_1_326' title='bbox 1478 2434 1692 2487; x_wconf 78' lang='lat' dir='ltr'><strong>regnum</strong></span> <span class='ocrx_word' id='word_1_327' title='bbox 1739 2401 1888 2475; x_wconf 80' lang='lat' dir='ltr'><strong>tuum</strong></span> <span class='ocrx_word' id='word_1_328' title='bbox 1930 2434 2014 2478; x_wconf 88' lang='lat' dir='ltr'><strong>est</strong></span> 
     </span>
    </p>
   </div>
   <div class='ocr_carea' id='block_1_41' title="bbox 435 2496 2015 2578">
    <p class='ocr_par' dir='ltr' id='par_1_41' title="bbox 435 2496 2015 2578">
     <span class='ocr_line' id='line_1_41' title="bbox 435 2496 2015 2578; baseline 0.016 -39"><span class='ocrx_word' id='word_1_329' title='bbox 435 2505 649 2557; x_wconf 79' lang='lat' dir='ltr'><strong>regnum</strong></span> <span class='ocrx_word' id='word_1_330' title='bbox 674 2496 907 2548; x_wconf 76' lang='lat' dir='ltr'><strong>omnium</strong></span> <span class='ocrx_word' id='word_1_331' title='bbox 941 2498 1275 2566; x_wconf 66' lang='lat' dir='ltr'><strong>oraculorum,</strong></span> <span class='ocrx_word' id='word_1_332' title='bbox 1316 2504 1366 2556; x_wconf 92' lang='lat' dir='ltr'><strong>id</strong></span> <span class='ocrx_word' id='word_1_333' title='bbox 1392 2515 1479 2559; x_wconf 90' lang='lat' dir='ltr'><strong>est</strong></span> <span class='ocrx_word' id='word_1_334' title='bbox 1512 2507 1757 2561; x_wconf 83' lang='lat' dir='ltr'><strong>durabilc</strong></span> <span class='ocrx_word' id='word_1_335' title='bbox 1781 2525 1878 2578; x_wconf 87' lang='lat' dir='ltr'><strong>per</strong></span> <span class='ocrx_word' id='word_1_336' title='bbox 1899 2526 2015 2566; x_wconf 86' lang='lat' dir='ltr'><strong>om-</strong></span> 
     </span>
    </p>
   </div>
   <div class='ocr_carea' id='block_1_42' title="bbox 436 2580 2018 2667">
    <p class='ocr_par' dir='ltr' id='par_1_42' title="bbox 436 2580 2018 2667">
     <span class='ocr_line' id='line_1_42' title="bbox 436 2580 2018 2667; baseline 0.018 -38"><span class='ocrx_word' id='word_1_337' title='bbox 436 2580 524 2633; x_wconf 87' lang='lat' dir='ltr'><strong>nia</strong></span> <span class='ocrx_word' id='word_1_338' title='bbox 552 2583 768 2649; x_wconf 70' lang='lat' dir='ltr'><strong>sazcula,</strong></span> <span class='ocrx_word' id='word_1_339' title='bbox 801 2586 1009 2643; x_wconf 81' lang='lat' dir='ltr'><strong>scilicet</strong></span> <span class='ocrx_word' id='word_1_340' title='bbox 1034 2600 1295 2646; x_wconf 80' lang='lat' dir='ltr'><strong>:eternum</strong></span> <span class='ocrx_word' id='word_1_341' title='bbox 1327 2605 1433 2650; x_wconf 84' lang='lat' dir='ltr'><strong>est.</strong></span> <span class='ocrx_word' id='word_1_342' title='bbox 1466 2596 1697 2667; x_wconf 80' lang='lat' dir='ltr'><strong>ideoque</strong></span> <span class='ocrx_word' id='word_1_343' title='bbox 1727 2602 1896 2656; x_wconf 87' lang='lat' dir='ltr'><strong>nimio</strong></span> <span class='ocrx_word' id='word_1_344' title='bbox 1924 2604 2018 2657; x_wconf 85' lang='lat' dir='ltr'><strong>dc-</strong></span> 
     </span>
    </p>
   </div>
   <div class='ocr_carea' id='block_1_43' title="bbox 436 2670 2015 2759">
    <p class='ocr_par' dir='ltr' id='par_1_43' title="bbox 436 2670 2015 2759">
     <span class='ocr_line' id='line_1_43' title="bbox 436 2670 2015 2759; baseline 0.016 -38"><span class='ocrx_word' id='word_1_345' title='bbox 436 2670 639 2725; x_wconf 76' lang='lat' dir='ltr'><strong>siderio</strong></span> <span class='ocrx_word' id='word_1_346' title='bbox 671 2684 753 2727; x_wconf 90' lang='lat' dir='ltr'><strong>est</strong></span> <span class='ocrx_word' id='word_1_347' title='bbox 797 2680 1177 2745; x_wconf 84' lang='lat' dir='ltr'><strong>appetendum.</strong></span> <span class='ocrx_word' id='word_1_348' title='bbox 1228 2681 1346 2736; x_wconf 78' lang='lat' dir='ltr'><strong>Dixi</strong></span> <span class='ocrx_word' id='word_1_349' title='bbox 1392 2699 1608 2755; x_wconf 82' lang='lat' dir='ltr'><strong>quoque</strong></span> <span class='ocrx_word' id='word_1_350' title='bbox 1648 2692 1791 2759; x_wconf 77' lang='lat' dir='ltr'><strong>quod</strong></span> <span class='ocrx_word' id='word_1_351' title='bbox 1839 2698 2015 2746; x_wconf 83' lang='lat' dir='ltr'><strong>notam</strong></span> 
     </span>
    </p>
   </div>
   <div class='ocr_carea' id='block_1_44' title="bbox 435 2760 2017 2838">
    <p class='ocr_par' dir='ltr' id='par_1_44' title="bbox 435 2760 2017 2838">
     <span class='ocr_line' id='line_1_44' title="bbox 435 2760 2017 2838; baseline 0.016 -26"><span class='ocrx_word' id='word_1_352' title='bbox 435 2760 590 2827; x_wconf 69' lang='lat' dir='ltr'><strong>faciet</strong></span> <span class='ocrx_word' id='word_1_353' title='bbox 619 2768 905 2831; x_wconf 80' lang='lat' dir='ltr'><strong>potentiam</strong></span> <span class='ocrx_word' id='word_1_354' title='bbox 930 2780 1099 2836; x_wconf 82' lang='lat' dir='ltr'><strong>luant,</strong></span> <span class='ocrx_word' id='word_1_355' title='bbox 1130 2782 1187 2825; x_wconf 87' lang='lat' dir='ltr'><strong>ut</strong></span> <span class='ocrx_word' id='word_1_356' title='bbox 1225 2774 1349 2828; x_wconf 87' lang='lat' dir='ltr'><strong>inde</strong></span> <span class='ocrx_word' id='word_1_357' title='bbox 1379 2776 1628 2833; x_wconf 83' lang='lat' dir='ltr'><strong>homines</strong></span> <span class='ocrx_word' id='word_1_358' title='bbox 1653 2792 1899 2837; x_wconf 81' lang='lat' dir='ltr'><strong>caveant.</strong></span> <span class='ocrx_word' id='word_1_359' title='bbox 1949 2784 2017 2838; x_wconf 84' lang='lat' dir='ltr'><strong>Et</strong></span> 
     </span>
    </p>
   </div>
   <div class='ocr_carea' id='block_1_45' title="bbox 360 2852 2017 2931">
    <p class='ocr_par' dir='ltr' id='par_1_45' title="bbox 360 2852 2017 2931">
     <span class='ocr_line' id='line_1_45' title="bbox 360 2852 2017 2931; baseline 0.014 -28"><span class='ocrx_word' id='word_1_360' title='bbox 360 2854 361 2857; x_wconf 64' lang='grc'><em>“</em></span> <span class='ocrx_word' id='word_1_361' title='bbox 436 2852 551 2906; x_wconf 79' lang='lat' dir='ltr'><strong>lucc</strong></span> <span class='ocrx_word' id='word_1_362' title='bbox 578 2854 887 2921; x_wconf 75' lang='lat' dir='ltr'><strong>dominatio,</strong></span> <span class='ocrx_word' id='word_1_363' title='bbox 930 2858 981 2913; x_wconf 91' lang='lat' dir='ltr'><strong>id</strong></span> <span class='ocrx_word' id='word_1_364' title='bbox 1020 2872 1103 2915; x_wconf 88' lang='lat' dir='ltr'><strong>est</strong></span> <span class='ocrx_word' id='word_1_365' title='bbox 1146 2865 1386 2931; x_wconf 87' lang='lat' dir='ltr'><strong>potentia</strong></span> <span class='ocrx_word' id='word_1_366' title='bbox 1428 2877 1519 2920; x_wconf 77' lang='lat' dir='ltr'><strong>tua</strong></span> <span class='ocrx_word' id='word_1_367' title='bbox 1554 2868 1819 2926; x_wconf 90' lang='lat' dir='ltr'><strong>durabilis</strong></span> <span class='ocrx_word' id='word_1_368' title='bbox 1847 2873 2017 2927; x_wconf 86' lang='lat' dir='ltr'><strong>estin</strong></span> 
     </span>
    </p>
   </div>
   <div class='ocr_carea' id='block_1_46' title="bbox 438 2944 2017 3031">
    <p class='ocr_par' dir='ltr' id='par_1_46' title="bbox 438 2944 2017 3031">
     <span class='ocr_line' id='line_1_46' title="bbox 438 2944 2017 3031; baseline 0.016 -38"><span class='ocrx_word' id='word_1_369' title='bbox 438 2944 577 2996; x_wconf 76' lang='lat' dir='ltr'><strong>otttui</strong></span> <span class='ocrx_word' id='word_1_370' title='bbox 599 2948 931 3014; x_wconf 82' lang='lat' dir='ltr'><strong>generatione</strong></span> <span class='ocrx_word' id='word_1_371' title='bbox 964 2951 1124 3020; x_wconf 66' lang='lat' dir='ltr'><strong>liuius</strong></span> <span class='ocrx_word' id='word_1_372' title='bbox 1152 2956 1295 3021; x_wconf 73' lang='lat' dir='ltr'><strong>vitm,</strong></span> <span class='ocrx_word' id='word_1_373' title='bbox 1333 2968 1383 3011; x_wconf 86' lang='lat' dir='ltr'><strong>et</strong></span> <span class='ocrx_word' id='word_1_374' title='bbox 1430 2974 1603 3029; x_wconf 88' lang='lat' dir='ltr'><strong>usque</strong></span> <span class='ocrx_word' id='word_1_375' title='bbox 1640 2963 1693 3015; x_wconf 87' lang='lat' dir='ltr'><strong>in</strong></span> <span class='ocrx_word' id='word_1_376' title='bbox 1723 2967 2017 3031; x_wconf 82' lang='lat' dir='ltr'><strong>generatio-</strong></span> 
     </span>
    </p>
   </div>
   <div class='ocr_carea' id='block_1_47' title="bbox 437 3041 2017 3122">
    <p class='ocr_par' dir='ltr' id='par_1_47' title="bbox 437 3041 2017 3122">
     <span class='ocr_line' id='line_1_47' title="bbox 437 3041 2017 3122; baseline 0.016 -37"><span class='ocrx_word' id='word_1_377' title='bbox 437 3050 575 3101; x_wconf 84' lang='lat' dir='ltr'><strong>nem,</strong></span> <span class='ocrx_word' id='word_1_378' title='bbox 607 3047 728 3105; x_wconf 86' lang='lat' dir='ltr'><strong>post</strong></span> <span class='ocrx_word' id='word_1_379' title='bbox 770 3041 910 3096; x_wconf 85' lang='lat' dir='ltr'><strong>hanc</strong></span> <span class='ocrx_word' id='word_1_380' title='bbox 951 3047 1117 3099; x_wconf 87' lang='lat' dir='ltr'><strong>vitam</strong></span> <span class='ocrx_word' id='word_1_381' title='bbox 1164 3047 1420 3104; x_wconf 80' lang='lat' dir='ltr'><strong>litturam.</strong></span> <span class='ocrx_word' id='word_1_382' title='bbox 1466 3052 1694 3122; x_wconf 86' lang='lat' dir='ltr'><strong>Ideoque</strong></span> <span class='ocrx_word' id='word_1_383' title='bbox 1744 3056 1899 3110; x_wconf 82' lang='lat' dir='ltr'><strong>valde</strong></span> <span class='ocrx_word' id='word_1_384' title='bbox 1951 3059 2017 3110; x_wconf 91' lang='lat' dir='ltr'><strong>ti-</strong></span> 
     </span>
    </p>
   </div>
   <div class='ocr_carea' id='block_1_48' title="bbox 440 3127 2019 3217">
    <p class='ocr_par' dir='ltr' id='par_1_48' title="bbox 440 3127 2019 3217">
     <span class='ocr_line' id='line_1_48' title="bbox 440 3127 2019 3217; baseline 0.017 -40"><span class='ocrx_word' id='word_1_385' title='bbox 440 3127 631 3181; x_wconf 88' lang='lat' dir='ltr'><strong>ntenda</strong></span> <span class='ocrx_word' id='word_1_386' title='bbox 664 3141 747 3184; x_wconf 87' lang='lat' dir='ltr'><strong>est</strong></span> <span class='ocrx_word' id='word_1_387' title='bbox 784 3142 838 3186; x_wconf 92' lang='lat' dir='ltr'><strong>et</strong></span> <span class='ocrx_word' id='word_1_388' title='bbox 866 3138 1135 3192; x_wconf 82' lang='lat' dir='ltr'><strong>cavenda.</strong></span> <span class='ocrx_word' id='word_1_389' title='bbox 1176 3140 1309 3193; x_wconf 73' lang='lat' dir='ltr'><strong>Cum</strong></span> <span class='ocrx_word' id='word_1_390' title='bbox 1359 3142 1487 3197; x_wconf 87' lang='lat' dir='ltr'><strong>dicit</strong></span> <span class='ocrx_word' id='word_1_391' title='bbox 1521 3145 1574 3197; x_wconf 88' lang='lat' dir='ltr'><strong>in</strong></span> <span class='ocrx_word' id='word_1_392' title='bbox 1616 3148 1757 3199; x_wconf 89' lang='lat' dir='ltr'><strong>omni</strong></span> <span class='ocrx_word' id='word_1_393' title='bbox 1798 3164 2019 3217; x_wconf 86' lang='lat' dir='ltr'><strong>genera-</strong></span> 
     </span>
    </p>
   </div>
   <div class='ocr_carea' id='block_1_49' title="bbox 437 3218 2020 3310">
    <p class='ocr_par' dir='ltr' id='par_1_49' title="bbox 437 3218 2020 3310">
     <span class='ocr_line' id='line_1_49' title="bbox 437 3218 2020 3310; baseline 0.02 -44"><span class='ocrx_word' id='word_1_394' title='bbox 437 3218 597 3281; x_wconf 78' lang='lat' dir='ltr'><strong>tione,</strong></span> <span class='ocrx_word' id='word_1_395' title='bbox 628 3220 719 3276; x_wconf 87' lang='lat' dir='ltr'><strong>dat</strong></span> <span class='ocrx_word' id='word_1_396' title='bbox 747 3224 1047 3297; x_wconf 70' lang='lat' dir='ltr'><strong>intelligere</strong></span> <span class='ocrx_word' id='word_1_397' title='bbox 1078 3230 1257 3298; x_wconf 82' lang='lat' dir='ltr'><strong>plures</strong></span> <span class='ocrx_word' id='word_1_398' title='bbox 1292 3238 1690 3305; x_wconf 80' lang='lat' dir='ltr'><strong>generationes,</strong></span> <span class='ocrx_word' id='word_1_399' title='bbox 1720 3250 1774 3294; x_wconf 88' lang='lat' dir='ltr'><strong>et</strong></span> <span class='ocrx_word' id='word_1_400' title='bbox 1798 3257 1898 3310; x_wconf 90' lang='lat' dir='ltr'><strong>per</strong></span> <span class='ocrx_word' id='word_1_401' title='bbox 1919 3244 2020 3298; x_wconf 85' lang='lat' dir='ltr'><strong>hoc</strong></span> 
     </span>
    </p>
   </div>
   <div class='ocr_carea' id='block_1_50' title="bbox 440 3312 2022 3404">
    <p class='ocr_par' dir='ltr' id='par_1_50' title="bbox 440 3312 2022 3404">
     <span class='ocr_line' id='line_1_50' title="bbox 440 3312 2022 3404; baseline 0.018 -43"><span class='ocrx_word' id='word_1_402' title='bbox 440 3312 610 3364; x_wconf 88' lang='lat' dir='ltr'><strong>iumtit</strong></span> <span class='ocrx_word' id='word_1_403' title='bbox 644 3328 808 3368; x_wconf 76' lang='lat' dir='ltr'><strong>totam</strong></span> <span class='ocrx_word' id='word_1_404' title='bbox 842 3317 982 3373; x_wconf 86' lang='lat' dir='ltr'><strong>banc</strong></span> <span class='ocrx_word' id='word_1_405' title='bbox 1014 3322 1177 3376; x_wconf 85' lang='lat' dir='ltr'><strong>vitam</strong></span> <span class='ocrx_word' id='word_1_406' title='bbox 1211 3326 1260 3377; x_wconf 92' lang='lat' dir='ltr'><strong>in</strong></span> <span class='ocrx_word' id='word_1_407' title='bbox 1293 3342 1399 3394; x_wconf 79' lang='lat' dir='ltr'><strong>qua</strong></span> <span class='ocrx_word' id='word_1_408' title='bbox 1431 3330 1708 3400; x_wconf 72' lang='lat' dir='ltr'><strong>multiplex</strong></span> <span class='ocrx_word' id='word_1_409' title='bbox 1738 3342 1823 3387; x_wconf 85' lang='lat' dir='ltr'><strong>est</strong></span> <span class='ocrx_word' id='word_1_410' title='bbox 1858 3349 2022 3404; x_wconf 86' lang='lat' dir='ltr'><strong>gene-</strong></span> 
     </span>
    </p>
   </div>
   <div class='ocr_carea' id='block_1_51' title="bbox 438 3401 2015 3491">
    <p class='ocr_par' dir='ltr' id='par_1_51' title="bbox 438 3401 2015 3491">
     <span class='ocr_line' id='line_1_51' title="bbox 438 3401 2015 3491; baseline 0.02 -40"><span class='ocrx_word' id='word_1_411' title='bbox 438 3401 598 3455; x_wconf 82' lang='lat' dir='ltr'><strong>ratio.</strong></span> <span class='ocrx_word' id='word_1_412' title='bbox 644 3403 775 3459; x_wconf 86' lang='lat' dir='ltr'><strong>Cutn</strong></span> <span class='ocrx_word' id='word_1_413' title='bbox 800 3407 940 3477; x_wconf 82' lang='lat' dir='ltr'><strong>_dicit</strong></span> <span class='ocrx_word' id='word_1_414' title='bbox 971 3412 1023 3465; x_wconf 91' lang='lat' dir='ltr'><strong>in</strong></span> <span class='ocrx_word' id='word_1_415' title='bbox 1059 3418 1407 3484; x_wconf 80' lang='lat' dir='ltr'><strong>generatione,</strong></span> <span class='ocrx_word' id='word_1_416' title='bbox 1439 3420 1597 3475; x_wconf 88' lang='lat' dir='ltr'><strong>aliam</strong></span> <span class='ocrx_word' id='word_1_417' title='bbox 1640 3424 1807 3479; x_wconf 87' lang='lat' dir='ltr'><strong>vitam</strong></span> <span class='ocrx_word' id='word_1_418' title='bbox 1847 3401 2015 3491; x_wconf 77' lang='lat' dir='ltr'><strong>notat,</strong></span> 
     </span>
    </p>
   </div>
   <div class='ocr_carea' id='block_1_52' title="bbox 443 3493 2018 3583">
    <p class='ocr_par' dir='ltr' id='par_1_52' title="bbox 443 3493 2018 3583">
     <span class='ocr_line' id='line_1_52' title="bbox 443 3493 2018 3583; baseline 0.021 -42"><span class='ocrx_word' id='word_1_419' title='bbox 443 3493 492 3543; x_wconf 79' lang='lat' dir='ltr'><strong>in</strong></span> <span class='ocrx_word' id='word_1_420' title='bbox 519 3510 624 3561; x_wconf 90' lang='lat' dir='ltr'><strong>qua</strong></span> <span class='ocrx_word' id='word_1_421' title='bbox 657 3512 761 3552; x_wconf 89' lang='lat' dir='ltr'><strong>non</strong></span> <span class='ocrx_word' id='word_1_422' title='bbox 784 3501 888 3553; x_wconf 89' lang='lat' dir='ltr'><strong>erit</strong></span> <span class='ocrx_word' id='word_1_423' title='bbox 915 3507 1325 3571; x_wconf 74' lang='lat' dir='ltr'><strong>generationem</strong></span> <span class='ocrx_word' id='word_1_424' title='bbox 1359 3511 1751 3583; x_wconf 87' lang='lat' dir='ltr'><strong>multiplicitas,</strong></span> <span class='ocrx_word' id='word_1_425' title='bbox 1791 3519 1884 3572; x_wconf 88' lang='lat' dir='ltr'><strong>scd</strong></span> <span class='ocrx_word' id='word_1_426' title='bbox 1913 3536 2018 3575; x_wconf 89' lang='lat' dir='ltr'><strong>una</strong></span> 
     </span>
    </p>
   </div>
   <div class='ocr_carea' id='block_1_53' title="bbox 439 3582 2020 3676">
    <p class='ocr_par' dir='ltr' id='par_1_53' title="bbox 439 3582 2020 3676">
     <span class='ocr_line' id='line_1_53' title="bbox 439 3582 2020 3676; baseline 0.022 -45"><span class='ocrx_word' id='word_1_427' title='bbox 439 3582 665 3650; x_wconf 75' lang='lat' dir='ltr'><strong>simplex</strong></span> <span class='ocrx_word' id='word_1_428' title='bbox 714 3593 1012 3655; x_wconf 80' lang='lat' dir='ltr'><strong>generatio.</strong></span> <span class='ocrx_word' id='word_1_429' title='bbox 1068 3595 1184 3650; x_wconf 82' lang='lat' dir='ltr'><strong>Non</strong></span> <span class='ocrx_word' id='word_1_430' title='bbox 1239 3599 1412 3653; x_wconf 86' lang='lat' dir='ltr'><strong>solum</strong></span> <span class='ocrx_word' id='word_1_431' title='bbox 1468 3612 1650 3658; x_wconf 88' lang='lat' dir='ltr'><strong>autem</strong></span> <span class='ocrx_word' id='word_1_432' title='bbox 1702 3582 1823 3676; x_wconf 90' lang='lat' dir='ltr'><strong>post</strong></span> <span class='ocrx_word' id='word_1_433' title='bbox 1880 3611 2020 3665; x_wconf 85' lang='lat' dir='ltr'><strong>banc</strong></span> 
     </span>
    </p>
   </div>
   <div class='ocr_carea' id='block_1_54' title="bbox 440 3679 2020 3761">
    <p class='ocr_par' dir='ltr' id='par_1_54' title="bbox 440 3679 2020 3761">
     <span class='ocr_line' id='line_1_54' title="bbox 440 3679 2020 3761; baseline 0.024 -42"><span class='ocrx_word' id='word_1_434' title='bbox 440 3681 605 3724; x_wconf 74' lang='lat' dir='ltr'><strong>v.lam</strong></span> <span class='ocrx_word' id='word_1_435' title='bbox 631 3679 865 3741; x_wconf 84' lang='lat' dir='ltr'><strong>polentia</strong></span> <span class='ocrx_word' id='word_1_436' title='bbox 899 3681 1107 3738; x_wconf 84' lang='lat' dir='ltr'><strong>Domini</strong></span> <span class='ocrx_word' id='word_1_437' title='bbox 1135 3688 1321 3755; x_wconf 86' lang='lat' dir='ltr'><strong>puniet</strong></span> <span class='ocrx_word' id='word_1_438' title='bbox 1350 3691 1563 3761; x_wconf 83' lang='lat' dir='ltr'><strong>iniquos</strong></span> <span class='ocrx_word' id='word_1_439' title='bbox 1586 3695 1637 3749; x_wconf 87' lang='lat' dir='ltr'><strong>itt</strong></span> <span class='ocrx_word' id='word_1_440' title='bbox 1665 3697 1897 3761; x_wconf 84' lang='lat' dir='ltr'><strong>inferno,</strong></span> <span class='ocrx_word' id='word_1_441' title='bbox 1926 3704 2020 3756; x_wconf 87' lang='lat' dir='ltr'><strong>sed</strong></span> 
     </span>
    </p>
   </div>
   <div class='ocr_carea' id='block_1_55' title="bbox 440 3763 2020 3847">
    <p class='ocr_par' dir='ltr' id='par_1_55' title="bbox 440 3763 2020 3847">
     <span class='ocr_line' id='line_1_55' title="bbox 440 3763 2020 3847; baseline 0.02 -38"><span class='ocrx_word' id='word_1_442' title='bbox 440 3763 677 3821; x_wconf 74' lang='lat' dir='ltr'><strong>quandiu</strong></span> <span class='ocrx_word' id='word_1_443' title='bbox 708 3767 872 3819; x_wconf 85' lang='lat' dir='ltr'><strong>etiam</strong></span> <span class='ocrx_word' id='word_1_444' title='bbox 922 3778 1030 3823; x_wconf 91' lang='lat' dir='ltr'><strong>tota</strong></span> <span class='ocrx_word' id='word_1_445' title='bbox 1068 3774 1181 3828; x_wconf 72' lang='lat' dir='ltr'><strong>haec</strong></span> <span class='ocrx_word' id='word_1_446' title='bbox 1224 3777 1332 3831; x_wconf 85' lang='lat' dir='ltr'><strong>vita</strong></span> <span class='ocrx_word' id='word_1_447' title='bbox 1378 3780 1561 3847; x_wconf 84' lang='lat' dir='ltr'><strong>durat,</strong></span> <span class='ocrx_word' id='word_1_448' title='bbox 1604 3784 1801 3841; x_wconf 89' lang='lat' dir='ltr'><strong>multos</strong></span> <span class='ocrx_word' id='word_1_449' title='bbox 1830 3803 2020 3843; x_wconf 88' lang='lat' dir='ltr'><strong>eorum</strong></span> 
     </span>
    </p>
   </div>
   <div class='ocr_carea' id='block_1_56' title="bbox 440 3852 2020 3944">
    <p class='ocr_par' dir='ltr' id='par_1_56' title="bbox 440 3852 2020 3944">
     <span class='ocr_line' id='line_1_56' title="bbox 440 3852 2020 3944; baseline 0.021 -44"><span class='ocrx_word' id='word_1_450' title='bbox 440 3852 616 3917; x_wconf 88' lang='lat' dir='ltr'><strong>puttit,</strong></span> <span class='ocrx_word' id='word_1_451' title='bbox 652 3852 852 3921; x_wconf 88' lang='lat' dir='ltr'><strong>ibijaut</strong></span> <span class='ocrx_word' id='word_1_452' title='bbox 879 3857 1028 3927; x_wconf 85' lang='lat' dir='ltr'><strong>juste</strong></span> <span class='ocrx_word' id='word_1_453' title='bbox 1072 3866 1298 3930; x_wconf 87' lang='lat' dir='ltr'><strong>positos.</strong></span> <span class='ocrx_word' id='word_1_454' title='bbox 1350 3868 1483 3923; x_wconf 90' lang='lat' dir='ltr'><strong>Dico</strong></span> <span class='ocrx_word' id='word_1_455' title='bbox 1506 3876 1670 3940; x_wconf 73' lang='lat' dir='ltr'><strong>cquod</strong></span> <span class='ocrx_word' id='word_1_456' title='bbox 1710 3891 1923 3944; x_wconf 83' lang='lat' dir='ltr'><strong>regnum</strong></span> <span class='ocrx_word' id='word_1_457' title='bbox 1973 3892 2020 3933; x_wconf 83' lang='lat' dir='ltr'><strong>et</strong></span> 
     </span>
    </p>
   </div>
   <div class='ocr_carea' id='block_1_57' title="bbox 440 3946 2022 4035">
    <p class='ocr_par' dir='ltr' id='par_1_57' title="bbox 440 3946 2022 4035">
     <span class='ocr_line' id='line_1_57' title="bbox 440 3946 2022 4035; baseline 0.02 -41"><span class='ocrx_word' id='word_1_458' title='bbox 440 3946 731 4001; x_wconf 80' lang='lat' dir='ltr'><strong>dominatio</strong></span> <span class='ocrx_word' id='word_1_459' title='bbox 770 3949 981 4007; x_wconf 88' lang='lat' dir='ltr'><strong>Domini</strong></span> <span class='ocrx_word' id='word_1_460' title='bbox 1011 3964 1209 4009; x_wconf 69' lang='lat' dir='ltr'><strong>(eterna</strong></span> <span class='ocrx_word' id='word_1_461' title='bbox 1241 3971 1385 4014; x_wconf 86' lang='lat' dir='ltr'><strong>sum.</strong></span> <span class='ocrx_word' id='word_1_462' title='bbox 1420 3963 1571 4027; x_wconf 77' lang='lat' dir='ltr'><strong>Quod</strong></span> <span class='ocrx_word' id='word_1_463' title='bbox 1604 3981 1830 4035; x_wconf 80' lang='lat' dir='ltr'><strong>regnum</strong></span> <span class='ocrx_word' id='word_1_464' title='bbox 1865 3971 2022 4026; x_wconf 88' lang='lat' dir='ltr'><strong>bonis</strong></span> 
     </span>
    </p>
   </div>
   <div class='ocr_carea' id='block_1_58' title="bbox 442 4040 2022 4117">
    <p class='ocr_par' dir='ltr' id='par_1_58' title="bbox 442 4040 2022 4117">
     <span class='ocr_line' id='line_1_58' title="bbox 442 4040 2022 4117; baseline 0.018 -29"><span class='ocrx_word' id='word_1_465' title='bbox 442 4040 713 4108; x_wconf 85' lang='lat' dir='ltr'><strong>promisit,</strong></span> <span class='ocrx_word' id='word_1_466' title='bbox 754 4053 806 4100; x_wconf 87' lang='lat' dir='ltr'><strong>et</strong></span> <span class='ocrx_word' id='word_1_467' title='bbox 846 4060 1009 4115; x_wconf 90' lang='lat' dir='ltr'><strong>quam</strong></span> <span class='ocrx_word' id='word_1_468' title='bbox 1056 4048 1482 4106; x_wconf 88' lang='lat' dir='ltr'><strong>dominationem</strong></span> <span class='ocrx_word' id='word_1_469' title='bbox 1530 4059 1891 4114; x_wconf 87' lang='lat' dir='ltr'><strong>comminatus</strong></span> <span class='ocrx_word' id='word_1_470' title='bbox 1941 4075 2022 4117; x_wconf 89' lang='lat' dir='ltr'><strong>est</strong></span> 
     </span>
    </p>
   </div>
   <div class='ocr_carea' id='block_1_59' title="bbox 440 4133 2022 4205">
    <p class='ocr_par' dir='ltr' id='par_1_59' title="bbox 440 4133 2022 4205">
     <span class='ocr_line' id='line_1_59' title="bbox 440 4133 2022 4205; baseline 0.013 -22"><span class='ocrx_word' id='word_1_471' title='bbox 440 4133 617 4187; x_wconf 76' lang='lat' dir='ltr'><strong>malis.</strong></span> <span class='ocrx_word' id='word_1_472' title='bbox 655 4134 718 4187; x_wconf 76' lang='lat' dir='ltr'><strong>Et</strong></span> <span class='ocrx_word' id='word_1_473' title='bbox 747 4138 920 4203; x_wconf 74' lang='lat' dir='ltr'><strong>ﬁdelis</strong></span> <span class='ocrx_word' id='word_1_474' title='bbox 965 4150 1046 4193; x_wconf 85' lang='lat' dir='ltr'><strong>est</strong></span> <span class='ocrx_word' id='word_1_475' title='bbox 1090 4139 1364 4205; x_wconf 83' lang='lat' dir='ltr'><strong>Dominus,</strong></span> <span class='ocrx_word' id='word_1_476' title='bbox 1416 4143 1467 4196; x_wconf 93' lang='lat' dir='ltr'><strong>id</strong></span> <span class='ocrx_word' id='word_1_477' title='bbox 1514 4154 1596 4199; x_wconf 88' lang='lat' dir='ltr'><strong>est</strong></span> <span class='ocrx_word' id='word_1_478' title='bbox 1644 4161 1808 4201; x_wconf 80' lang='lat' dir='ltr'><strong>verax</strong></span> <span class='ocrx_word' id='word_1_479' title='bbox 1855 4160 1939 4203; x_wconf 82' lang='lat' dir='ltr'><strong>est</strong></span> <span class='ocrx_word' id='word_1_480' title='bbox 1969 4152 2022 4205; x_wconf 87' lang='lat' dir='ltr'><strong>in</strong></span> 
     </span>
    </p>
   </div>
   <div class='ocr_carea' id='block_1_60' title="bbox 440 4223 2022 4310">
    <p class='ocr_par' dir='ltr' id='par_1_60' title="bbox 440 4223 2022 4310">
     <span class='ocr_line' id='line_1_60' title="bbox 440 4223 2022 4310; baseline 0.014 -37"><span class='ocrx_word' id='word_1_481' title='bbox 440 4223 680 4276; x_wconf 76' lang='lat' dir='ltr'><strong>entnibus</strong></span> <span class='ocrx_word' id='word_1_482' title='bbox 708 4227 868 4281; x_wconf 75' lang='lat' dir='ltr'><strong>verbis</strong></span> <span class='ocrx_word' id='word_1_483' title='bbox 896 4231 1026 4294; x_wconf 82' lang='lat' dir='ltr'><strong>suis,</strong></span> <span class='ocrx_word' id='word_1_484' title='bbox 1057 4239 1162 4284; x_wconf 88' lang='lat' dir='ltr'><strong>tam</strong></span> <span class='ocrx_word' id='word_1_485' title='bbox 1202 4232 1259 4285; x_wconf 89' lang='lat' dir='ltr'><strong>in</strong></span> <span class='ocrx_word' id='word_1_486' title='bbox 1287 4234 1643 4302; x_wconf 84' lang='lat' dir='ltr'><strong>promissione</strong></span> <span class='ocrx_word' id='word_1_487' title='bbox 1673 4240 1825 4308; x_wconf 81' lang='lat' dir='ltr'><strong>regni</strong></span> <span class='ocrx_word' id='word_1_488' title='bbox 1861 4256 2022 4310; x_wconf 89' lang='lat' dir='ltr'><strong>quam</strong></span> 
     </span>
    </p>
   </div>
   <div class='ocr_carea' id='block_1_61' title="bbox 442 4312 2023 4402">
    <p class='ocr_par' dir='ltr' id='par_1_61' title="bbox 442 4312 2023 4402">
     <span class='ocr_line' id='line_1_61' title="bbox 442 4312 2023 4402; baseline 0.017 -40"><span class='ocrx_word' id='word_1_489' title='bbox 442 4312 497 4363; x_wconf 87' lang='lat' dir='ltr'><strong>in</strong></span> <span class='ocrx_word' id='word_1_490' title='bbox 552 4317 973 4402; x_wconf 74' lang='lat' dir='ltr'><strong>comminatione</strong></span> <span class='ocrx_word' id='word_1_491' title='bbox 1014 4322 1178 4391; x_wconf 72' lang='lat' dir='ltr'><strong>justas</strong></span> <span class='ocrx_word' id='word_1_492' title='bbox 1226 4324 1683 4402; x_wconf 69' lang='lat' dir='ltr'><strong>[dominationis].</strong></span> <span class='ocrx_word' id='word_1_493' title='bbox 1734 4348 1839 4387; x_wconf 91' lang='lat' dir='ltr'><strong>non</strong></span> <span class='ocrx_word' id='word_1_494' title='bbox 1883 4334 2023 4389; x_wconf 76' lang='lat' dir='ltr'><strong>sicut</strong></span> 
     </span>
    </p>
   </div>
   <div class='ocr_carea' id='block_1_62' title="bbox 2111 1855 3708 1927">
    <p class='ocr_par' dir='ltr' id='par_1_62' title="bbox 2111 1855 3708 1927">
     <span class='ocr_line' id='line_1_62' title="bbox 2111 1855 3708 1927; baseline -0.001 -15"><span class='ocrx_word' id='word_1_495' title='bbox 2111 1857 2377 1912; x_wconf 88' lang='lat' dir='ltr'><strong>cantibus.</strong></span> <span class='ocrx_word' id='word_1_496' title='bbox 2407 1855 2629 1923; x_wconf 80' lang='lat' dir='ltr'><strong>Allevat,</strong></span> <span class='ocrx_word' id='word_1_497' title='bbox 2659 1857 3038 1925; x_wconf 79' lang='lat' dir='ltr'><strong>inquam,th</strong></span> <span class='ocrx_word' id='word_1_498' title='bbox 3063 1867 3312 1911; x_wconf 88' lang='lat' dir='ltr'><strong>mortem.</strong></span> <span class='ocrx_word' id='word_1_499' title='bbox 3332 1859 3403 1911; x_wconf 77' lang='lat' dir='ltr'><strong>Et</strong></span> <span class='ocrx_word' id='word_1_500' title='bbox 3427 1860 3555 1927; x_wconf 84' lang='lat' dir='ltr'><strong>quia</strong></span> <span class='ocrx_word' id='word_1_501' title='bbox 3592 1874 3708 1911; x_wconf 66' lang='lat' dir='ltr'><strong>non</strong></span> 
     </span>
    </p>
   </div>
   <div class='ocr_carea' id='block_1_63' title="bbox 2112 1946 3705 2018">
    <p class='ocr_par' dir='ltr' id='par_1_63' title="bbox 2112 1946 3705 2018">
     <span class='ocr_line' id='line_1_63' title="bbox 2112 1946 3705 2018; baseline 0.001 -17"><span class='ocrx_word' id='word_1_502' title='bbox 2112 1957 2330 2017; x_wconf 84' lang='lat' dir='ltr'><strong>possent</strong></span> <span class='ocrx_word' id='word_1_503' title='bbox 2355 1946 2578 2001; x_wconf 86' lang='lat' dir='ltr'><strong>allevari</strong></span> <span class='ocrx_word' id='word_1_504' title='bbox 2615 1948 2681 2001; x_wconf 85' lang='lat' dir='ltr'><strong>ad</strong></span> <span class='ocrx_word' id='word_1_505' title='bbox 2731 1949 2833 2001; x_wconf 85' lang='lat' dir='ltr'><strong>hoc</strong></span> <span class='ocrx_word' id='word_1_506' title='bbox 2866 1962 3090 2018; x_wconf 85' lang='lat' dir='ltr'><strong>regnum</strong></span> <span class='ocrx_word' id='word_1_507' title='bbox 3139 1959 3257 2018; x_wconf 87' lang='lat' dir='ltr'><strong>post</strong></span> <span class='ocrx_word' id='word_1_508' title='bbox 3290 1962 3550 2017; x_wconf 85' lang='lat' dir='ltr'><strong>mortem,</strong></span> <span class='ocrx_word' id='word_1_509' title='bbox 3593 1950 3705 2003; x_wconf 86' lang='lat' dir='ltr'><strong>nisi</strong></span> 
     </span>
    </p>
   </div>
   <div class='ocr_carea' id='block_1_64' title="bbox 2113 2035 3709 2107">
    <p class='ocr_par' dir='ltr' id='par_1_64' title="bbox 2113 2035 3709 2107">
     <span class='ocr_line' id='line_1_64' title="bbox 2113 2035 3709 2107; baseline 0.001 -17"><span class='ocrx_word' id='word_1_510' title='bbox 2113 2037 2260 2107; x_wconf 88' lang='lat' dir='ltr'><strong>prius</strong></span> <span class='ocrx_word' id='word_1_511' title='bbox 2284 2037 2337 2090; x_wconf 89' lang='lat' dir='ltr'><strong>iu</strong></span> <span class='ocrx_word' id='word_1_512' title='bbox 2368 2036 2469 2090; x_wconf 85' lang='lat' dir='ltr'><strong>hac</strong></span> <span class='ocrx_word' id='word_1_513' title='bbox 2491 2035 2597 2088; x_wconf 86' lang='lat' dir='ltr'><strong>vita</strong></span> <span class='ocrx_word' id='word_1_514' title='bbox 2628 2036 2969 2105; x_wconf 87' lang='lat' dir='ltr'><strong>erigerentur</strong></span> <span class='ocrx_word' id='word_1_515' title='bbox 2998 2051 3096 2104; x_wconf 87' lang='lat' dir='ltr'><strong>per</strong></span> <span class='ocrx_word' id='word_1_516' title='bbox 3117 2046 3461 2105; x_wconf 83' lang='lat' dir='ltr'><strong>peccatorum</strong></span> <span class='ocrx_word' id='word_1_517' title='bbox 3505 2039 3709 2091; x_wconf 84' lang='lat' dir='ltr'><strong>remis—</strong></span> 
     </span>
    </p>
   </div>
   <div class='ocr_carea' id='block_1_65' title="bbox 2113 2127 3713 2196">
    <p class='ocr_par' dir='ltr' id='par_1_65' title="bbox 2113 2127 3713 2196">
     <span class='ocr_line' id='line_1_65' title="bbox 2113 2127 3713 2196; baseline -0.001 -13"><span class='ocrx_word' id='word_1_518' title='bbox 2113 2129 2342 2190; x_wconf 83' lang='lat' dir='ltr'><strong>sionem,</strong></span> <span class='ocrx_word' id='word_1_519' title='bbox 2368 2127 2520 2196; x_wconf 86' lang='lat' dir='ltr'><strong>prius</strong></span> <span class='ocrx_word' id='word_1_520' title='bbox 2543 2128 2696 2195; x_wconf 81' lang='lat' dir='ltr'><strong>erigit</strong></span> <span class='ocrx_word' id='word_1_521' title='bbox 2726 2143 2924 2189; x_wconf 69' lang='lat' dir='ltr'><strong>omna,</strong></span> <span class='ocrx_word' id='word_1_522' title='bbox 2971 2127 3024 2181; x_wconf 91' lang='lat' dir='ltr'><strong>id</strong></span> <span class='ocrx_word' id='word_1_523' title='bbox 3050 2136 3135 2181; x_wconf 87' lang='lat' dir='ltr'><strong>est</strong></span> <span class='ocrx_word' id='word_1_524' title='bbox 3178 2129 3503 2183; x_wconf 88' lang='lat' dir='ltr'><strong>onmismodi</strong></span> <span class='ocrx_word' id='word_1_525' title='bbox 3542 2129 3713 2182; x_wconf 79' lang='lat' dir='ltr'><strong>elisus</strong></span> 
     </span>
    </p>
   </div>
   <div class='ocr_carea' id='block_1_66' title="bbox 2115 2219 3710 2290">
    <p class='ocr_par' dir='ltr' id='par_1_66' title="bbox 2115 2219 3710 2290">
     <span class='ocr_line' id='line_1_66' title="bbox 2115 2219 3710 2290; baseline 0 -16"><span class='ocrx_word' id='word_1_526' title='bbox 2115 2230 2223 2274; x_wconf 91' lang='lat' dir='ltr'><strong>tam</strong></span> <span class='ocrx_word' id='word_1_527' title='bbox 2268 2219 2490 2290; x_wconf 76' lang='lat' dir='ltr'><strong>gravius</strong></span> <span class='ocrx_word' id='word_1_528' title='bbox 2523 2234 2687 2288; x_wconf 87' lang='lat' dir='ltr'><strong>quam</strong></span> <span class='ocrx_word' id='word_1_529' title='bbox 2733 2219 2914 2274; x_wconf 81' lang='lat' dir='ltr'><strong>minus</strong></span> <span class='ocrx_word' id='word_1_530' title='bbox 2960 2219 3203 2289; x_wconf 82' lang='lat' dir='ltr'><strong>graviter</strong></span> <span class='ocrx_word' id='word_1_531' title='bbox 3250 2220 3436 2283; x_wconf 86' lang='lat' dir='ltr'><strong>elisos,</strong></span> <span class='ocrx_word' id='word_1_532' title='bbox 3485 2219 3710 2275; x_wconf 83' lang='lat' dir='ltr'><strong>scilicet</strong></span> 
     </span>
    </p>
   </div>
   <div class='ocr_carea' id='block_1_67' title="bbox 2114 2311 3711 2378">
    <p class='ocr_par' dir='ltr' id='par_1_67' title="bbox 2114 2311 3711 2378">
     <span class='ocr_line' id='line_1_67' title="bbox 2114 2311 3711 2378; baseline -0.001 -10"><span class='ocrx_word' id='word_1_533' title='bbox 2114 2328 2236 2368; x_wconf 85' lang='lat' dir='ltr'><strong>cum</strong></span> <span class='ocrx_word' id='word_1_534' title='bbox 2262 2329 2328 2368; x_wconf 80' lang='lat' dir='ltr'><strong>ex</strong></span> <span class='ocrx_word' id='word_1_535' title='bbox 2359 2321 2475 2367; x_wconf 90' lang='lat' dir='ltr'><strong>toto</strong></span> <span class='ocrx_word' id='word_1_536' title='bbox 2509 2311 2620 2366; x_wconf 90' lang='lat' dir='ltr'><strong>sint</strong></span> <span class='ocrx_word' id='word_1_537' title='bbox 2656 2311 2802 2378; x_wconf 90' lang='lat' dir='ltr'><strong>elisi,</strong></span> <span class='ocrx_word' id='word_1_538' title='bbox 2841 2311 2894 2365; x_wconf 88' lang='lat' dir='ltr'><strong>id</strong></span> <span class='ocrx_word' id='word_1_539' title='bbox 2923 2321 3007 2366; x_wconf 90' lang='lat' dir='ltr'><strong>est</strong></span> <span class='ocrx_word' id='word_1_540' title='bbox 3048 2327 3173 2366; x_wconf 89' lang='lat' dir='ltr'><strong>cum</strong></span> <span class='ocrx_word' id='word_1_541' title='bbox 3206 2312 3258 2365; x_wconf 92' lang='lat' dir='ltr'><strong>in</strong></span> <span class='ocrx_word' id='word_1_542' title='bbox 3286 2312 3369 2366; x_wconf 93' lang='lat' dir='ltr'><strong>cis</strong></span> <span class='ocrx_word' id='word_1_543' title='bbox 3400 2311 3711 2367; x_wconf 71' lang='lat' dir='ltr'><strong>confracta:</strong></span> 
     </span>
    </p>
   </div>
   <div class='ocr_carea' id='block_1_68' title="bbox 2116 2400 3707 2471">
    <p class='ocr_par' dir='ltr' id='par_1_68' title="bbox 2116 2400 3707 2471">
     <span class='ocr_line' id='line_1_68' title="bbox 2116 2400 3707 2471; baseline -0.002 -12"><span class='ocrx_word' id='word_1_544' title='bbox 2116 2405 2225 2459; x_wconf 87' lang='lat' dir='ltr'><strong>sint</strong></span> <span class='ocrx_word' id='word_1_545' title='bbox 2253 2405 2501 2467; x_wconf 87' lang='lat' dir='ltr'><strong>virtutes,</strong></span> <span class='ocrx_word' id='word_1_546' title='bbox 2527 2412 2583 2457; x_wconf 82' lang='lat' dir='ltr'><strong>et</strong></span> <span class='ocrx_word' id='word_1_547' title='bbox 2612 2400 2843 2458; x_wconf 85' lang='lat' dir='ltr'><strong>liberum</strong></span> <span class='ocrx_word' id='word_1_548' title='bbox 2875 2402 3187 2467; x_wconf 85' lang='lat' dir='ltr'><strong>arbitrium,</strong></span> <span class='ocrx_word' id='word_1_549' title='bbox 3218 2413 3442 2471; x_wconf 89' lang='lat' dir='ltr'><strong>propter</strong></span> <span class='ocrx_word' id='word_1_550' title='bbox 3469 2403 3707 2456; x_wconf 83' lang='lat' dir='ltr'><strong>nimium</strong></span> 
     </span>
    </p>
   </div>
   <div class='ocr_carea' id='block_1_69' title="bbox 2117 2494 3709 2565">
    <p class='ocr_par' dir='ltr' id='par_1_69' title="bbox 2117 2494 3709 2565">
     <span class='ocr_line' id='line_1_69' title="bbox 2117 2494 3709 2565; baseline -0.001 -19"><span class='ocrx_word' id='word_1_551' title='bbox 2117 2496 2327 2565; x_wconf 63' lang='lat' dir='ltr'><strong>mundus</strong></span> <span class='ocrx_word' id='word_1_552' title='bbox 2351 2504 2719 2565; x_wconf 87' lang='lat' dir='ltr'><strong>peccatorum,</strong></span> <span class='ocrx_word' id='word_1_553' title='bbox 2758 2502 2814 2549; x_wconf 86' lang='lat' dir='ltr'><strong>et</strong></span> <span class='ocrx_word' id='word_1_554' title='bbox 2845 2508 2941 2563; x_wconf 88' lang='lat' dir='ltr'><strong>per</strong></span> <span class='ocrx_word' id='word_1_555' title='bbox 2985 2509 3043 2548; x_wconf 88' lang='lat' dir='ltr'><strong>se</strong></span> <span class='ocrx_word' id='word_1_556' title='bbox 3081 2508 3183 2548; x_wconf 85' lang='lat' dir='ltr'><strong>non</strong></span> <span class='ocrx_word' id='word_1_557' title='bbox 3216 2495 3426 2562; x_wconf 89' lang='lat' dir='ltr'><strong>possint</strong></span> <span class='ocrx_word' id='word_1_558' title='bbox 3463 2494 3534 2548; x_wconf 86' lang='lat' dir='ltr'><strong>de</strong></span> <span class='ocrx_word' id='word_1_559' title='bbox 3568 2509 3709 2548; x_wconf 86' lang='lat' dir='ltr'><strong>con-</strong></span> 
     </span>
    </p>
   </div>
   <div class='ocr_carea' id='block_1_70' title="bbox 2118 2584 3708 2655">
    <p class='ocr_par' dir='ltr' id='par_1_70' title="bbox 2118 2584 3708 2655">
     <span class='ocr_line' id='line_1_70' title="bbox 2118 2584 3708 2655; baseline -0.001 -17"><span class='ocrx_word' id='word_1_560' title='bbox 2118 2585 2385 2639; x_wconf 70' lang='lat' dir='ltr'><strong>tractione</strong></span> <span class='ocrx_word' id='word_1_561' title='bbox 2426 2587 2529 2640; x_wconf 86' lang='lat' dir='ltr'><strong>bac</strong></span> <span class='ocrx_word' id='word_1_562' title='bbox 2570 2585 2728 2655; x_wconf 82' lang='lat' dir='ltr'><strong>erigi,</strong></span> <span class='ocrx_word' id='word_1_563' title='bbox 2765 2584 2927 2654; x_wconf 80' lang='lat' dir='ltr'><strong>erigit</strong></span> <span class='ocrx_word' id='word_1_564' title='bbox 2967 2598 3063 2637; x_wconf 84' lang='lat' dir='ltr'><strong>eos</strong></span> <span class='ocrx_word' id='word_1_565' title='bbox 3093 2594 3313 2654; x_wconf 80' lang='lat' dir='ltr'><strong>peccata</strong></span> <span class='ocrx_word' id='word_1_566' title='bbox 3346 2585 3708 2646; x_wconf 86' lang='lat' dir='ltr'><strong>remittendo,</strong></span> 
     </span>
    </p>
   </div>
   <div class='ocr_carea' id='block_1_71' title="bbox 2116 2674 3713 2739">
    <p class='ocr_par' dir='ltr' id='par_1_71' title="bbox 2116 2674 3713 2739">
     <span class='ocr_line' id='line_1_71' title="bbox 2116 2674 3713 2739; baseline 0.001 -11"><span class='ocrx_word' id='word_1_567' title='bbox 2116 2685 2171 2728; x_wconf 86' lang='lat' dir='ltr'><strong>et</strong></span> <span class='ocrx_word' id='word_1_568' title='bbox 2216 2676 2580 2731; x_wconf 86' lang='lat' dir='ltr'><strong>innocentiam</strong></span> <span class='ocrx_word' id='word_1_569' title='bbox 2630 2675 2683 2729; x_wconf 91' lang='lat' dir='ltr'><strong>in</strong></span> <span class='ocrx_word' id='word_1_570' title='bbox 2734 2674 2819 2729; x_wconf 88' lang='lat' dir='ltr'><strong>eis</strong></span> <span class='ocrx_word' id='word_1_571' title='bbox 2846 2674 3225 2739; x_wconf 87' lang='lat' dir='ltr'><strong>restituendo,</strong></span> <span class='ocrx_word' id='word_1_572' title='bbox 3269 2690 3299 2726; x_wconf 91' lang='lat' dir='ltr'><strong>a</strong></span> <span class='ocrx_word' id='word_1_573' title='bbox 3342 2675 3713 2729; x_wconf 82' lang='lat' dir='ltr'><strong>similitudine</strong></span> 
     </span>
    </p>
   </div>
   <div class='ocr_carea' id='block_1_72' title="bbox 2120 2765 3711 2838">
    <p class='ocr_par' dir='ltr' id='par_1_72' title="bbox 2120 2765 3711 2838">
     <span class='ocr_line' id='line_1_72' title="bbox 2120 2765 3711 2838; baseline 0 -19"><span class='ocrx_word' id='word_1_574' title='bbox 2120 2767 2284 2832; x_wconf 90' lang='lat' dir='ltr'><strong>illius,</strong></span> <span class='ocrx_word' id='word_1_575' title='bbox 2314 2768 2428 2838; x_wconf 81' lang='lat' dir='ltr'><strong>qui,</strong></span> <span class='ocrx_word' id='word_1_576' title='bbox 2459 2782 2583 2821; x_wconf 90' lang='lat' dir='ltr'><strong>cum</strong></span> <span class='ocrx_word' id='word_1_577' title='bbox 2614 2767 2680 2821; x_wconf 88' lang='lat' dir='ltr'><strong>de</strong></span> <span class='ocrx_word' id='word_1_578' title='bbox 2705 2766 2887 2835; x_wconf 80' lang='lat' dir='ltr'><strong>aliquo</strong></span> <span class='ocrx_word' id='word_1_579' title='bbox 2929 2765 3049 2820; x_wconf 89' lang='lat' dir='ltr'><strong>loco</strong></span> <span class='ocrx_word' id='word_1_580' title='bbox 3075 2766 3292 2819; x_wconf 79' lang='lat' dir='ltr'><strong>sublimi</strong></span> <span class='ocrx_word' id='word_1_581' title='bbox 3333 2766 3622 2830; x_wconf 79' lang='lat' dir='ltr'><strong>ceciderit,</strong></span> <span class='ocrx_word' id='word_1_582' title='bbox 3655 2780 3711 2819; x_wconf 83' lang='lat' dir='ltr'><strong>et</strong></span> 
     </span>
    </p>
   </div>
   <div class='ocr_carea' id='block_1_73' title="bbox 2118 2857 3711 2929">
    <p class='ocr_par' dir='ltr' id='par_1_73' title="bbox 2118 2857 3711 2929">
     <span class='ocr_line' id='line_1_73' title="bbox 2118 2857 3711 2929; baseline 0 -18"><span class='ocrx_word' id='word_1_583' title='bbox 2118 2859 2354 2929; x_wconf 81' lang='lat' dir='ltr'><strong>graviter</strong></span> <span class='ocrx_word' id='word_1_584' title='bbox 2377 2859 2547 2913; x_wconf 89' lang='lat' dir='ltr'><strong>elisus</strong></span> <span class='ocrx_word' id='word_1_585' title='bbox 2573 2873 2669 2927; x_wconf 86' lang='lat' dir='ltr'><strong>per</strong></span> <span class='ocrx_word' id='word_1_586' title='bbox 2692 2872 2752 2913; x_wconf 87' lang='lat' dir='ltr'><strong>se</strong></span> <span class='ocrx_word' id='word_1_587' title='bbox 2783 2858 2916 2927; x_wconf 84' lang='lat' dir='ltr'><strong>erigi</strong></span> <span class='ocrx_word' id='word_1_588' title='bbox 2946 2857 3155 2926; x_wconf 81' lang='lat' dir='ltr'><strong>nequit,</strong></span> <span class='ocrx_word' id='word_1_589' title='bbox 3197 2872 3227 2910; x_wconf 89' lang='lat' dir='ltr'><strong>a</strong></span> <span class='ocrx_word' id='word_1_590' title='bbox 3260 2857 3507 2926; x_wconf 84' lang='lat' dir='ltr'><strong>quolibet</strong></span> <span class='ocrx_word' id='word_1_591' title='bbox 3535 2859 3711 2928; x_wconf 76' lang='lat' dir='ltr'><strong>erig-</strong></span> 
     </span>
    </p>
   </div>
   <div class='ocr_carea' id='block_1_74' title="bbox 2122 2947 3715 3017">
    <p class='ocr_par' dir='ltr' id='par_1_74' title="bbox 2122 2947 3715 3017">
     <span class='ocr_line' id='line_1_74' title="bbox 2122 2947 3715 3017; baseline 0.002 -16"><span class='ocrx_word' id='word_1_592' title='bbox 2122 2961 2227 3002; x_wconf 88' lang='lat' dir='ltr'><strong>tur.</strong></span> <span class='ocrx_word' id='word_1_593' title='bbox 2258 2948 2408 3004; x_wconf 82' lang='lat' dir='ltr'><strong>Facit</strong></span> <span class='ocrx_word' id='word_1_594' title='bbox 2432 2959 2614 3003; x_wconf 88' lang='lat' dir='ltr'><strong>autem</strong></span> <span class='ocrx_word' id='word_1_595' title='bbox 2638 2949 3018 3017; x_wconf 84' lang='lat' dir='ltr'><strong>apostropham</strong></span> <span class='ocrx_word' id='word_1_596' title='bbox 3038 2949 3103 3000; x_wconf 87' lang='lat' dir='ltr'><strong>ad</strong></span> <span class='ocrx_word' id='word_1_597' title='bbox 3129 2947 3297 3002; x_wconf 90' lang='lat' dir='ltr'><strong>Deum</strong></span> <span class='ocrx_word' id='word_1_598' title='bbox 3326 2964 3389 3001; x_wconf 81' lang='lat' dir='ltr'><strong>ex</strong></span> <span class='ocrx_word' id='word_1_599' title='bbox 3418 2948 3715 3004; x_wconf 80' lang='lat' dir='ltr'><strong>all’ectione</strong></span> 
     </span>
    </p>
   </div>
   <div class='ocr_carea' id='block_1_75' title="bbox 2122 3039 3715 3111">
    <p class='ocr_par' dir='ltr' id='par_1_75' title="bbox 2122 3039 3715 3111">
     <span class='ocr_line' id='line_1_75' title="bbox 2122 3039 3715 3111; baseline 0.001 -19"><span class='ocrx_word' id='word_1_600' title='bbox 2122 3041 2285 3094; x_wconf 81' lang='lat' dir='ltr'><strong>nimia</strong></span> <span class='ocrx_word' id='word_1_601' title='bbox 2322 3041 2389 3095; x_wconf 87' lang='lat' dir='ltr'><strong>ad</strong></span> <span class='ocrx_word' id='word_1_602' title='bbox 2433 3040 2731 3111; x_wconf 85' lang='lat' dir='ltr'><strong>gratiarum</strong></span> <span class='ocrx_word' id='word_1_603' title='bbox 2763 3040 3033 3095; x_wconf 86' lang='lat' dir='ltr'><strong>actionem</strong></span> <span class='ocrx_word' id='word_1_604' title='bbox 3063 3040 3144 3094; x_wconf 85' lang='lat' dir='ltr'><strong>sic</strong></span> <span class='ocrx_word' id='word_1_605' title='bbox 3187 3054 3202 3093; x_wconf 87' lang='lat'><strong>:</strong></span> <span class='ocrx_word' id='word_1_606' title='bbox 3252 3039 3405 3105; x_wconf 86' lang='lat' dir='ltr'><strong>Dico,</strong></span> <span class='ocrx_word' id='word_1_607' title='bbox 3451 3041 3715 3105; x_wconf 66' lang='lat' dir='ltr'><strong>Dtttllin‘,</strong></span> 
     </span>
    </p>
   </div>
   <div class='ocr_carea' id='block_1_76' title="bbox 2121 3130 3715 3201">
    <p class='ocr_par' dir='ltr' id='par_1_76' title="bbox 2121 3130 3715 3201">
     <span class='ocr_line' id='line_1_76' title="bbox 2121 3130 3715 3201; baseline 0.001 -18"><span class='ocrx_word' id='word_1_608' title='bbox 2121 3132 2263 3199; x_wconf 88' lang='lat' dir='ltr'><strong>quod</strong></span> <span class='ocrx_word' id='word_1_609' title='bbox 2311 3131 2638 3185; x_wconf 83' lang='lat' dir='ltr'><strong>omnismodi</strong></span> <span class='ocrx_word' id='word_1_610' title='bbox 2694 3130 2857 3185; x_wconf 88' lang='lat' dir='ltr'><strong>elisos</strong></span> <span class='ocrx_word' id='word_1_611' title='bbox 2892 3132 3079 3201; x_wconf 85' lang='lat' dir='ltr'><strong>erigis.</strong></span> <span class='ocrx_word' id='word_1_612' title='bbox 3121 3130 3188 3184; x_wconf 83' lang='lat' dir='ltr'><strong>Et</strong></span> <span class='ocrx_word' id='word_1_613' title='bbox 3225 3132 3365 3184; x_wconf 78' lang='lat' dir='ltr'><strong>oculi</strong></span> <span class='ocrx_word' id='word_1_614' title='bbox 3414 3132 3715 3186; x_wconf 81' lang='lat' dir='ltr'><strong>interiores</strong></span> 
     </span>
    </p>
   </div>
   <div class='ocr_carea' id='block_1_77' title="bbox 2123 3220 3719 3285">
    <p class='ocr_par' dir='ltr' id='par_1_77' title="bbox 2123 3220 3719 3285">
     <span class='ocr_line' id='line_1_77' title="bbox 2123 3220 3719 3285; baseline 0.001 -11"><span class='ocrx_word' id='word_1_615' title='bbox 2123 3222 2353 3275; x_wconf 87' lang='lat' dir='ltr'><strong>omnium</strong></span> <span class='ocrx_word' id='word_1_616' title='bbox 2388 3232 2716 3285; x_wconf 81' lang='lat' dir='ltr'><strong>erectorunt,</strong></span> <span class='ocrx_word' id='word_1_617' title='bbox 2764 3221 2817 3275; x_wconf 90' lang='lat' dir='ltr'><strong>id</strong></span> <span class='ocrx_word' id='word_1_618' title='bbox 2853 3229 2936 3275; x_wconf 78' lang='lat' dir='ltr'><strong>est</strong></span> <span class='ocrx_word' id='word_1_619' title='bbox 2984 3230 3198 3276; x_wconf 89' lang='lat' dir='ltr'><strong>tuentes</strong></span> <span class='ocrx_word' id='word_1_620' title='bbox 3228 3220 3609 3276; x_wconf 77' lang='grc' dir='ltr'>οιιιιιίιιιη.ει·ει</span> <span class='ocrx_word' id='word_1_621' title='bbox 3632 3230 3719 3275; x_wconf 82' lang='lat' dir='ltr'><strong>to-</strong></span> 
     </span>
    </p>
   </div>
   <div class='ocr_carea' id='block_1_78' title="bbox 2125 3313 3711 3382">
    <p class='ocr_par' dir='ltr' id='par_1_78' title="bbox 2125 3313 3711 3382">
     <span class='ocr_line' id='line_1_78' title="bbox 2125 3313 3711 3382; baseline 0 -15"><span class='ocrx_word' id='word_1_622' title='bbox 2125 3331 2264 3379; x_wconf 89' lang='lat' dir='ltr'><strong>rum,</strong></span> <span class='ocrx_word' id='word_1_623' title='bbox 2289 3331 2319 3368; x_wconf 87' lang='grc' dir='ltr'><strong><em>ο</em></strong></span> <span class='ocrx_word' id='word_1_624' title='bbox 2352 3314 2591 3380; x_wconf 85' lang='lat' dir='ltr'><strong>Domine,</strong></span> <span class='ocrx_word' id='word_1_625' title='bbox 2619 3314 2673 3367; x_wconf 91' lang='lat' dir='ltr'><strong>in</strong></span> <span class='ocrx_word' id='word_1_626' title='bbox 2709 3324 2758 3368; x_wconf 81' lang='lat' dir='ltr'><strong>te</strong></span> <span class='ocrx_word' id='word_1_627' title='bbox 2786 3313 3191 3369; x_wconf 82' lang='lat' dir='ltr'><strong>misericordem</strong></span> <span class='ocrx_word' id='word_1_628' title='bbox 3219 3321 3273 3365; x_wconf 91' lang='lat' dir='ltr'><strong>et</strong></span> <span class='ocrx_word' id='word_1_629' title='bbox 3298 3321 3576 3382; x_wconf 82' lang='lat' dir='ltr'><strong>potentem</strong></span> <span class='ocrx_word' id='word_1_630' title='bbox 3621 3330 3711 3367; x_wconf 89' lang='lat' dir='ltr'><strong>re—</strong></span> 
     </span>
    </p>
   </div>
   <div class='ocr_carea' id='block_1_79' title="bbox 2123 3402 3715 3472">
    <p class='ocr_par' dir='ltr' id='par_1_79' title="bbox 2123 3402 3715 3472">
     <span class='ocr_line' id='line_1_79' title="bbox 2123 3402 3715 3472; baseline 0 -15"><span class='ocrx_word' id='word_1_631' title='bbox 2123 3404 2411 3472; x_wconf 81' lang='lat' dir='ltr'><strong>spicientes</strong></span> <span class='ocrx_word' id='word_1_632' title='bbox 2457 3413 2513 3459; x_wconf 87' lang='lat' dir='ltr'><strong>et</strong></span> <span class='ocrx_word' id='word_1_633' title='bbox 2564 3404 2933 3469; x_wconf 87' lang='lat' dir='ltr'><strong>intendentes,</strong></span> <span class='ocrx_word' id='word_1_634' title='bbox 2987 3413 3198 3472; x_wconf 78' lang='lat' dir='ltr'><strong>sperant</strong></span> <span class='ocrx_word' id='word_1_635' title='bbox 3250 3419 3280 3455; x_wconf 87' lang='lat' dir='ltr'><strong>a</strong></span> <span class='ocrx_word' id='word_1_636' title='bbox 3337 3414 3392 3458; x_wconf 85' lang='lat' dir='ltr'><strong>te</strong></span> <span class='ocrx_word' id='word_1_637' title='bbox 3435 3402 3540 3456; x_wconf 85' lang='lat' dir='ltr'><strong>sibi</strong></span> <span class='ocrx_word' id='word_1_638' title='bbox 3590 3404 3715 3457; x_wconf 81' lang='lat' dir='ltr'><strong>dari</strong></span> 
     </span>
    </p>
   </div>
   <div class='ocr_carea' id='block_1_80' title="bbox 2123 3493 3715 3558">
    <p class='ocr_par' dir='ltr' id='par_1_80' title="bbox 2123 3493 3715 3558">
     <span class='ocr_line' id='line_1_80' title="bbox 2123 3493 3715 3558; baseline 0 -12"><span class='ocrx_word' id='word_1_639' title='bbox 2123 3510 2303 3549; x_wconf 87' lang='lat' dir='ltr'><strong>escam</strong></span> <span class='ocrx_word' id='word_1_640' title='bbox 2334 3504 2391 3549; x_wconf 91' lang='lat' dir='ltr'><strong>et</strong></span> <span class='ocrx_word' id='word_1_641' title='bbox 2429 3494 2809 3558; x_wconf 77' lang='lat' dir='ltr'><strong>salvationetn,</strong></span> <span class='ocrx_word' id='word_1_642' title='bbox 2837 3502 2894 3548; x_wconf 92' lang='lat' dir='ltr'><strong>ct</strong></span> <span class='ocrx_word' id='word_1_643' title='bbox 2931 3493 3260 3556; x_wconf 86' lang='lat' dir='ltr'><strong>custodiam,</strong></span> <span class='ocrx_word' id='word_1_644' title='bbox 3293 3503 3348 3547; x_wconf 91' lang='lat' dir='ltr'><strong>et</strong></span> <span class='ocrx_word' id='word_1_645' title='bbox 3380 3494 3458 3547; x_wconf 86' lang='lat' dir='ltr'><strong>sic</strong></span> <span class='ocrx_word' id='word_1_646' title='bbox 3484 3493 3715 3547; x_wconf 87' lang='lat' dir='ltr'><strong>demum</strong></span> 
     </span>
    </p>
   </div>
   <div class='ocr_carea' id='block_1_81' title="bbox 2124 3584 3714 3653">
    <p class='ocr_par' dir='ltr' id='par_1_81' title="bbox 2124 3584 3714 3653">
     <span class='ocr_line' id='line_1_81' title="bbox 2124 3584 3714 3653; baseline -0.001 -14"><span class='ocrx_word' id='word_1_647' title='bbox 2124 3586 2533 3651; x_wconf 83' lang='lat' dir='ltr'><strong>allevationem;</strong></span> <span class='ocrx_word' id='word_1_648' title='bbox 2584 3596 2631 3639; x_wconf 88' lang='lat' dir='ltr'><strong>et</strong></span> <span class='ocrx_word' id='word_1_649' title='bbox 2682 3596 2736 3637; x_wconf 88' lang='lat' dir='ltr'><strong>tu</strong></span> <span class='ocrx_word' id='word_1_650' title='bbox 2778 3585 2875 3638; x_wconf 89' lang='lat' dir='ltr'><strong>das</strong></span> <span class='ocrx_word' id='word_1_651' title='bbox 2926 3601 3122 3649; x_wconf 81' lang='lat' dir='ltr'><strong>escam,</strong></span> <span class='ocrx_word' id='word_1_652' title='bbox 3172 3584 3223 3636; x_wconf 91' lang='lat' dir='ltr'><strong>id</strong></span> <span class='ocrx_word' id='word_1_653' title='bbox 3273 3593 3359 3638; x_wconf 89' lang='lat' dir='ltr'><strong>est</strong></span> <span class='ocrx_word' id='word_1_654' title='bbox 3390 3584 3714 3653; x_wconf 76' lang='lat' dir='ltr'><strong>spiritalem</strong></span> 
     </span>
    </p>
   </div>
   <div class='ocr_carea' id='block_1_82' title="bbox 2122 3675 3717 3739">
    <p class='ocr_par' dir='ltr' id='par_1_82' title="bbox 2122 3675 3717 3739">
     <span class='ocr_line' id='line_1_82' title="bbox 2122 3675 3717 3739; baseline -0.004 -7"><span class='ocrx_word' id='word_1_655' title='bbox 2122 3694 2303 3733; x_wconf 82' lang='lat' dir='ltr'><strong>eseam</strong></span> <span class='ocrx_word' id='word_1_656' title='bbox 2334 3679 2597 3733; x_wconf 65' lang='lat' dir='ltr'><strong>doctrina}</strong></span> <span class='ocrx_word' id='word_1_657' title='bbox 2630 3688 2686 3733; x_wconf 90' lang='lat' dir='ltr'><strong>et</strong></span> <span class='ocrx_word' id='word_1_658' title='bbox 2731 3677 3067 3739; x_wconf 87' lang='lat' dir='ltr'><strong>intellectus,</strong></span> <span class='ocrx_word' id='word_1_659' title='bbox 3098 3692 3270 3729; x_wconf 84' lang='lat' dir='ltr'><strong>escam</strong></span> <span class='ocrx_word' id='word_1_660' title='bbox 3301 3675 3426 3729; x_wconf 89' lang='lat' dir='ltr'><strong>dico</strong></span> <span class='ocrx_word' id='word_1_661' title='bbox 3463 3675 3717 3735; x_wconf 72' lang='lat' dir='ltr'><strong>illorum,</strong></span> 
     </span>
    </p>
   </div>
   <div class='ocr_carea' id='block_1_83' title="bbox 2127 3766 3725 3838">
    <p class='ocr_par' dir='ltr' id='par_1_83' title="bbox 2127 3766 3725 3838">
     <span class='ocr_line' id='line_1_83' title="bbox 2127 3766 3725 3838; baseline -0.002 -15"><span class='ocrx_word' id='word_1_662' title='bbox 2127 3769 2174 3823; x_wconf 91' lang='lat' dir='ltr'><strong>id</strong></span> <span class='ocrx_word' id='word_1_663' title='bbox 2207 3778 2291 3823; x_wconf 88' lang='lat' dir='ltr'><strong>est</strong></span> <span class='ocrx_word' id='word_1_664' title='bbox 2316 3769 2422 3823; x_wconf 90' lang='lat' dir='ltr'><strong>illis</strong></span> <span class='ocrx_word' id='word_1_665' title='bbox 2440 3784 2758 3838; x_wconf 80' lang='lat' dir='ltr'><strong>congruam,</strong></span> <span class='ocrx_word' id='word_1_666' title='bbox 2783 3777 2840 3820; x_wconf 91' lang='lat' dir='ltr'><strong>ut</strong></span> <span class='ocrx_word' id='word_1_667' title='bbox 2862 3766 3051 3836; x_wconf 81' lang='lat' dir='ltr'><strong>parvis</strong></span> <span class='ocrx_word' id='word_1_668' title='bbox 3069 3766 3284 3835; x_wconf 64' lang='lat' dir='ltr'><strong>quidem</strong></span> <span class='ocrx_word' id='word_1_669' title='bbox 3309 3766 3391 3820; x_wconf 82' lang='lat' dir='ltr'><strong>lac</strong></span> <span class='ocrx_word' id='word_1_670' title='bbox 3423 3766 3550 3820; x_wconf 88' lang='lat' dir='ltr'><strong>aliis</strong></span> <span class='ocrx_word' id='word_1_671' title='bbox 3576 3781 3725 3821; x_wconf 76' lang='lat' dir='ltr'><strong>vero</strong></span> 
     </span>
    </p>
   </div>
   <div class='ocr_carea' id='block_1_84' title="bbox 2124 3856 3258 3929">
    <p class='ocr_par' dir='ltr' id='par_1_84' title="bbox 2124 3856 3258 3929">
     <span class='ocr_line' id='line_1_84' title="bbox 2124 3856 3258 3929; baseline -0.006 -13"><span class='ocrx_word' id='word_1_672' title='bbox 2124 3862 2353 3916; x_wconf 82' lang='lat' dir='ltr'><strong>solidum</strong></span> <span class='ocrx_word' id='word_1_673' title='bbox 2385 3862 2565 3916; x_wconf 85' lang='lat' dir='ltr'><strong>cibum</strong></span> <span class='ocrx_word' id='word_1_674' title='bbox 2594 3860 2804 3914; x_wconf 82' lang='lat' dir='ltr'><strong>tribuas</strong></span> <span class='ocrx_word' id='word_1_675' title='bbox 2830 3858 3021 3929; x_wconf 82' lang='lat' dir='ltr'><strong>(Hebr.</strong></span> <span class='ocrx_word' id='word_1_676' title='bbox 3053 3874 3109 3921; x_wconf 87' lang='lat' dir='ltr'><strong>v,</strong></span> <span class='ocrx_word' id='word_1_677' title='bbox 3144 3856 3258 3923; x_wconf 58' lang='grc' dir='ltr'>ιε).</span> 
     </span>
    </p>
   </div>
   <div class='ocr_carea' id='block_1_85' title="bbox 2194 3947 3719 4023">
    <p class='ocr_par' dir='ltr' id='par_1_85' title="bbox 2194 3947 3719 4023">
     <span class='ocr_line' id='line_1_85' title="bbox 2194 3947 3719 4023; baseline -0.004 -17"><span class='ocrx_word' id='word_1_678' title='bbox 2194 3954 2355 4023; x_wconf 80' lang='grc'><strong>577</strong></span> <span class='ocrx_word' id='word_1_679' title='bbox 2394 3952 2521 4016; x_wconf 86' lang='lat' dir='ltr'><strong>Das,</strong></span> <span class='ocrx_word' id='word_1_680' title='bbox 2552 3951 2790 4018; x_wconf 85' lang='lat' dir='ltr'><strong>inquam,</strong></span> <span class='ocrx_word' id='word_1_681' title='bbox 2832 3949 2912 4003; x_wconf 88' lang='lat' dir='ltr'><strong>eis</strong></span> <span class='ocrx_word' id='word_1_682' title='bbox 2940 3965 3113 4002; x_wconf 85' lang='lat' dir='ltr'><strong>escam</strong></span> <span class='ocrx_word' id='word_1_683' title='bbox 3143 3948 3375 4012; x_wconf 76' lang='lat' dir='ltr'><strong>illorum,</strong></span> <span class='ocrx_word' id='word_1_684' title='bbox 3412 3957 3467 4002; x_wconf 89' lang='lat' dir='ltr'><strong>et</strong></span> <span class='ocrx_word' id='word_1_685' title='bbox 3506 3947 3611 4001; x_wconf 86' lang='lat' dir='ltr'><strong>hoc</strong></span> <span class='ocrx_word' id='word_1_686' title='bbox 3643 3947 3719 4001; x_wconf 81' lang='lat' dir='ltr'><strong>in-</strong></span> 
     </span>
    </p>
   </div>
   <div class='ocr_carea' id='block_1_86' title="bbox 2125 4038 3725 4116">
    <p class='ocr_par' dir='ltr' id='par_1_86' title="bbox 2125 4038 3725 4116">
     <span class='ocr_line' id='line_1_86' title="bbox 2125 4038 3725 4116; baseline -0.004 -17"><span class='ocrx_word' id='word_1_687' title='bbox 2125 4058 2349 4116; x_wconf 84' lang='lat' dir='ltr'><strong>tempore</strong></span> <span class='ocrx_word' id='word_1_688' title='bbox 2375 4054 2688 4114; x_wconf 82' lang='lat' dir='ltr'><strong>opportuno,</strong></span> <span class='ocrx_word' id='word_1_689' title='bbox 2718 4041 2771 4096; x_wconf 87' lang='lat' dir='ltr'><strong>id</strong></span> <span class='ocrx_word' id='word_1_690' title='bbox 2797 4050 2882 4096; x_wconf 86' lang='lat' dir='ltr'><strong>est</strong></span> <span class='ocrx_word' id='word_1_691' title='bbox 2912 4040 2964 4094; x_wconf 89' lang='lat' dir='ltr'><strong>itt</strong></span> <span class='ocrx_word' id='word_1_692' title='bbox 2996 4044 3098 4094; x_wconf 88' lang='lat' dir='ltr'><strong>ltac</strong></span> <span class='ocrx_word' id='word_1_693' title='bbox 3126 4040 3257 4105; x_wconf 86' lang='lat' dir='ltr'><strong>vita,</strong></span> <span class='ocrx_word' id='word_1_694' title='bbox 3282 4038 3371 4093; x_wconf 87' lang='lat' dir='ltr'><strong>ubi</strong></span> <span class='ocrx_word' id='word_1_695' title='bbox 3395 4047 3481 4092; x_wconf 87' lang='lat' dir='ltr'><strong>est</strong></span> <span class='ocrx_word' id='word_1_696' title='bbox 3501 4046 3725 4107; x_wconf 82' lang='lat' dir='ltr'><strong>tempus</strong></span> 
     </span>
    </p>
   </div>
   <div class='ocr_carea' id='block_1_87' title="bbox 2124 4129 3727 4205">
    <p class='ocr_par' dir='ltr' id='par_1_87' title="bbox 2124 4129 3727 4205">
     <span class='ocr_line' id='line_1_87' title="bbox 2124 4129 3727 4205; baseline -0.004 -16"><span class='ocrx_word' id='word_1_697' title='bbox 2124 4146 2506 4205; x_wconf 88' lang='lat' dir='ltr'><strong>opportunum.</strong></span> <span class='ocrx_word' id='word_1_698' title='bbox 2551 4133 2607 4187; x_wconf 87' lang='lat' dir='ltr'><strong>ln</strong></span> <span class='ocrx_word' id='word_1_699' title='bbox 2653 4133 2756 4187; x_wconf 89' lang='lat' dir='ltr'><strong>alia</strong></span> <span class='ocrx_word' id='word_1_700' title='bbox 2799 4132 2999 4201; x_wconf 85' lang='lat' dir='ltr'><strong>quippe</strong></span> <span class='ocrx_word' id='word_1_701' title='bbox 3030 4132 3139 4184; x_wconf 87' lang='lat' dir='ltr'><strong>vita</strong></span> <span class='ocrx_word' id='word_1_702' title='bbox 3184 4146 3291 4185; x_wconf 90' lang='lat' dir='ltr'><strong>non</strong></span> <span class='ocrx_word' id='word_1_703' title='bbox 3339 4129 3445 4184; x_wconf 88' lang='lat' dir='ltr'><strong>erit</strong></span> <span class='ocrx_word' id='word_1_704' title='bbox 3498 4137 3727 4198; x_wconf 80' lang='lat' dir='ltr'><strong>tempus</strong></span> 
     </span>
    </p>
   </div>
   <div class='ocr_carea' id='block_1_88' title="bbox 2125 4219 3723 4292">
    <p class='ocr_par' dir='ltr' id='par_1_88' title="bbox 2125 4219 3723 4292">
     <span class='ocr_line' id='line_1_88' title="bbox 2125 4219 3723 4292; baseline -0.006 -12"><span class='ocrx_word' id='word_1_705' title='bbox 2125 4225 2404 4280; x_wconf 83' lang='lat' dir='ltr'><strong>doctrinae.</strong></span> <span class='ocrx_word' id='word_1_706' title='bbox 2438 4224 2566 4278; x_wconf 89' lang='lat' dir='ltr'><strong>Dico</strong></span> <span class='ocrx_word' id='word_1_707' title='bbox 2602 4222 2745 4292; x_wconf 87' lang='lat' dir='ltr'><strong>quod</strong></span> <span class='ocrx_word' id='word_1_708' title='bbox 2765 4221 2864 4282; x_wconf 77' lang='lat' dir='ltr'><strong>das</strong></span> <span class='ocrx_word' id='word_1_709' title='bbox 2895 4220 2975 4275; x_wconf 86' lang='lat' dir='ltr'><strong>eis</strong></span> <span class='ocrx_word' id='word_1_710' title='bbox 3002 4236 3199 4284; x_wconf 83' lang='lat' dir='ltr'><strong>escam,</strong></span> <span class='ocrx_word' id='word_1_711' title='bbox 3230 4228 3286 4273; x_wconf 89' lang='lat' dir='ltr'><strong>et</strong></span> <span class='ocrx_word' id='word_1_712' title='bbox 3315 4219 3418 4273; x_wconf 87' lang='lat' dir='ltr'><strong>hoc</strong></span> <span class='ocrx_word' id='word_1_713' title='bbox 3449 4232 3555 4272; x_wconf 90' lang='lat' dir='ltr'><strong>non</strong></span> <span class='ocrx_word' id='word_1_714' title='bbox 3590 4233 3723 4287; x_wconf 78' lang='lat' dir='ltr'><strong>par-</strong></span> 
     </span>
    </p>
   </div>
   <div class='ocr_carea' id='block_1_89' title="bbox 2125 4308 3727 4381">
    <p class='ocr_par' dir='ltr' id='par_1_89' title="bbox 2125 4308 3727 4381">
     <span class='ocr_line' id='line_1_89' title="bbox 2125 4308 3727 4381; baseline -0.005 -12"><span class='ocrx_word' id='word_1_715' title='bbox 2125 4327 2209 4376; x_wconf 81' lang='lat' dir='ltr'><strong>ce,</strong></span> <span class='ocrx_word' id='word_1_716' title='bbox 2240 4312 2331 4368; x_wconf 86' lang='lat' dir='ltr'><strong>sed</strong></span> <span class='ocrx_word' id='word_1_717' title='bbox 2361 4312 2529 4381; x_wconf 76' lang='lat' dir='ltr'><strong>aperis</strong></span> <span class='ocrx_word' id='word_1_718' title='bbox 2563 4322 2617 4365; x_wconf 82' lang='lat' dir='ltr'><strong>tu</strong></span> <span class='ocrx_word' id='word_1_719' title='bbox 2646 4327 2860 4364; x_wconf 85' lang='lat' dir='ltr'><strong>manum</strong></span> <span class='ocrx_word' id='word_1_720' title='bbox 2902 4318 3069 4373; x_wconf 80' lang='lat' dir='ltr'><strong>luant,</strong></span> <span class='ocrx_word' id='word_1_721' title='bbox 3102 4309 3155 4363; x_wconf 89' lang='lat' dir='ltr'><strong>id</strong></span> <span class='ocrx_word' id='word_1_722' title='bbox 3180 4318 3264 4363; x_wconf 88' lang='lat' dir='ltr'><strong>est</strong></span> <span class='ocrx_word' id='word_1_723' title='bbox 3291 4317 3533 4378; x_wconf 87' lang='lat' dir='ltr'><strong>apertam</strong></span> <span class='ocrx_word' id='word_1_724' title='bbox 3574 4308 3727 4361; x_wconf 70' lang='lat' dir='ltr'><strong>facis</strong></span> 
     </span>
    </p>
   </div>
   <div class='ocr_carea' id='block_1_90' title="bbox 441 4398 3723 4494">
    <p class='ocr_par' dir='ltr' id='par_1_90' title="bbox 441 4398 3723 4494">
     <span class='ocr_line' id='line_1_90' title="bbox 441 4398 3723 4494; baseline 0.004 -37"><span class='ocrx_word' id='word_1_725' title='bbox 441 4398 661 4471; x_wconf 79' lang='lat' dir='ltr'><strong>quidam</strong></span> <span class='ocrx_word' id='word_1_726' title='bbox 699 4410 764 4463; x_wconf 87' lang='lat' dir='ltr'><strong>de</strong></span> <span class='ocrx_word' id='word_1_727' title='bbox 806 4412 1177 4470; x_wconf 84' lang='lat' dir='ltr'><strong>misericordia</strong></span> <span class='ocrx_word' id='word_1_728' title='bbox 1210 4416 1421 4472; x_wconf 90' lang='lat' dir='ltr'><strong>Domini</strong></span> <span class='ocrx_word' id='word_1_729' title='bbox 1453 4421 1613 4477; x_wconf 90' lang='lat' dir='ltr'><strong>nimis</strong></span> <span class='ocrx_word' id='word_1_730' title='bbox 1644 4398 1848 4478; x_wconf 73' lang='lat' dir='ltr'><strong>temere</strong></span> <span class='ocrx_word' id='word_1_731' title='bbox 1879 4440 2020 4494; x_wconf 63' lang='grc' dir='ltr'>ρελιξ-</span> <span class='ocrx_word' id='word_1_732' title='bbox 2054 4428 2099 4487; x_wconf 85' lang='grc' dir='ltr'>ι)</span> <span class='ocrx_word' id='word_1_733' title='bbox 2124 4416 2179 4461; x_wconf 68' lang='lat' dir='ltr'><strong>el</strong></span> <span class='ocrx_word' id='word_1_734' title='bbox 2204 4404 2435 4473; x_wconf 62' lang='grc' dir='ltr'>ιιιιιιιιίιιιι</span> <span class='ocrx_word' id='word_1_735' title='bbox 2462 4403 2831 4494; x_wconf 61' lang='grc' dir='ltr'>ορθιαιὶοιιθιξι</span> <span class='ocrx_word' id='word_1_736' title='bbox 2864 4401 3131 4494; x_wconf 34' lang='grc' dir='ltr'><strong>ιθτῧίιξι-ιίδ</strong></span> <span class='ocrx_word' id='word_1_737' title='bbox 3305 4415 3336 4453; x_wconf 70' lang='grc'>³</span> <span class='ocrx_word' id='word_1_738' title='bbox 3358 4399 3723 4453; x_wconf 63' lang='grc' dir='ltr'><strong>δίηιίηιυάίηθ</strong></span> 
     </span>
    </p>
   </div>
   <div class='ocr_carea' id='block_1_91' title="bbox 442 4502 2023 4572">
    <p class='ocr_par' dir='ltr' id='par_1_91' title="bbox 442 4502 2023 4572">
     <span class='ocr_line' id='line_1_91' title="bbox 442 4502 2023 4572; baseline 0.016 -26"><span class='ocrx_word' id='word_1_739' title='bbox 442 4507 720 4552; x_wconf 82' lang='lat' dir='ltr'><strong>stttnentes</strong></span> <span class='ocrx_word' id='word_1_740' title='bbox 762 4502 1100 4560; x_wconf 86' lang='lat' dir='ltr'><strong>solummodo</strong></span> <span class='ocrx_word' id='word_1_741' title='bbox 1133 4507 1320 4562; x_wconf 91' lang='lat' dir='ltr'><strong>dicunt</strong></span> <span class='ocrx_word' id='word_1_742' title='bbox 1349 4526 1475 4564; x_wconf 88' lang='lat' dir='ltr'><strong>eum</strong></span> <span class='ocrx_word' id='word_1_743' title='bbox 1523 4526 1644 4567; x_wconf 87' lang='lat' dir='ltr'><strong>esse</strong></span> <span class='ocrx_word' id='word_1_744' title='bbox 1688 4529 1935 4570; x_wconf 84' lang='lat' dir='ltr'><strong>veracem</strong></span> <span class='ocrx_word' id='word_1_745' title='bbox 1968 4518 2023 4572; x_wconf 90' lang='lat' dir='ltr'><strong>in</strong></span> 
     </span>
    </p>
   </div>
   <div class='ocr_carea' id='block_1_92' title="bbox 440 4586 2020 4663">
    <p class='ocr_par' dir='ltr' id='par_1_92' title="bbox 440 4586 2020 4663">
     <span class='ocr_line' id='line_1_92' title="bbox 440 4586 2020 4663; baseline 0.017 -29"><span class='ocrx_word' id='word_1_746' title='bbox 440 4586 804 4659; x_wconf 83' lang='lat' dir='ltr'><strong>promissione</strong></span> <span class='ocrx_word' id='word_1_747' title='bbox 832 4595 1005 4662; x_wconf 80' lang='lat' dir='ltr'><strong>regni,</strong></span> <span class='ocrx_word' id='word_1_748' title='bbox 1037 4605 1091 4650; x_wconf 86' lang='lat' dir='ltr'><strong>et</strong></span> <span class='ocrx_word' id='word_1_749' title='bbox 1133 4612 1241 4651; x_wconf 93' lang='lat' dir='ltr'><strong>non</strong></span> <span class='ocrx_word' id='word_1_750' title='bbox 1274 4599 1327 4652; x_wconf 91' lang='lat' dir='ltr'><strong>in</strong></span> <span class='ocrx_word' id='word_1_751' title='bbox 1357 4602 1778 4660; x_wconf 86' lang='lat' dir='ltr'><strong>comminatione</strong></span> <span class='ocrx_word' id='word_1_752' title='bbox 1808 4608 2020 4663; x_wconf 87' lang='lat' dir='ltr'><strong>mortis.</strong></span> 
     </span>
    </p>
   </div>
   <div class='ocr_carea' id='block_1_93' title="bbox 442 4676 2025 4760">
    <p class='ocr_par' dir='ltr' id='par_1_93' title="bbox 442 4676 2025 4760">
     <span class='ocr_line' id='line_1_93' title="bbox 442 4676 2025 4760; baseline 0.017 -33"><span class='ocrx_word' id='word_1_753' title='bbox 442 4676 598 4741; x_wconf 80' lang='lat' dir='ltr'><strong>Quod</strong></span> <span class='ocrx_word' id='word_1_754' title='bbox 628 4679 777 4735; x_wconf 87' lang='lat' dir='ltr'><strong>nefas</strong></span> <span class='ocrx_word' id='word_1_755' title='bbox 801 4694 884 4738; x_wconf 86' lang='lat' dir='ltr'><strong>est</strong></span> <span class='ocrx_word' id='word_1_756' title='bbox 910 4688 1074 4741; x_wconf 87' lang='lat' dir='ltr'><strong>etiam</strong></span> <span class='ocrx_word' id='word_1_757' title='bbox 1106 4689 1172 4743; x_wconf 90' lang='lat' dir='ltr'><strong>ad</strong></span> <span class='ocrx_word' id='word_1_758' title='bbox 1192 4691 1559 4760; x_wconf 85' lang='lat' dir='ltr'><strong>cogitandum.</strong></span> <span class='ocrx_word' id='word_1_759' title='bbox 1591 4696 1704 4751; x_wconf 89' lang='lat' dir='ltr'><strong>Nisi</strong></span> <span class='ocrx_word' id='word_1_760' title='bbox 1735 4700 1881 4753; x_wconf 88' lang='lat' dir='ltr'><strong>enint</strong></span> <span class='ocrx_word' id='word_1_761' title='bbox 1916 4717 2025 4754; x_wconf 86' lang='lat' dir='ltr'><strong>ma-</strong></span> 
     </span>
    </p>
   </div>
   <div class='ocr_carea' id='block_1_94' title="bbox 443 4768 2024 4849">
    <p class='ocr_par' dir='ltr' id='par_1_94' title="bbox 443 4768 2024 4849">
     <span class='ocr_line' id='line_1_94' title="bbox 443 4768 2024 4849; baseline 0.015 -29"><span class='ocrx_word' id='word_1_762' title='bbox 443 4768 524 4822; x_wconf 89' lang='lat' dir='ltr'><strong>los</strong></span> <span class='ocrx_word' id='word_1_763' title='bbox 565 4770 711 4839; x_wconf 83' lang='lat' dir='ltr'><strong>juste</strong></span> <span class='ocrx_word' id='word_1_764' title='bbox 754 4773 807 4827; x_wconf 90' lang='lat' dir='ltr'><strong>in</strong></span> <span class='ocrx_word' id='word_1_765' title='bbox 853 4784 1116 4833; x_wconf 73' lang='lat' dir='ltr'><strong>teternunt</strong></span> <span class='ocrx_word' id='word_1_766' title='bbox 1158 4780 1463 4849; x_wconf 87' lang='lat' dir='ltr'><strong>damnaret,</strong></span> <span class='ocrx_word' id='word_1_767' title='bbox 1498 4786 1553 4839; x_wconf 84' lang='lat' dir='ltr'><strong>in</strong></span> <span class='ocrx_word' id='word_1_768' title='bbox 1592 4788 1833 4842; x_wconf 84' lang='lat' dir='ltr'><strong>omnibus</strong></span> <span class='ocrx_word' id='word_1_769' title='bbox 1859 4790 2024 4844; x_wconf 84' lang='lat' dir='ltr'><strong>rerbis</strong></span> 
     </span>
    </p>
   </div>
   <div class='ocr_carea' id='block_1_95' title="bbox 443 4860 2024 4945">
    <p class='ocr_par' dir='ltr' id='par_1_95' title="bbox 443 4860 2024 4945">
     <span class='ocr_line' id='line_1_95' title="bbox 443 4860 2024 4945; baseline 0.013 -34"><span class='ocrx_word' id='word_1_770' title='bbox 443 4860 559 4926; x_wconf 83' lang='lat' dir='ltr'><strong>ejus</strong></span> <span class='ocrx_word' id='word_1_771' title='bbox 584 4860 757 4937; x_wconf 74' lang='lat' dir='ltr'><strong>ﬁdelis</strong></span> <span class='ocrx_word' id='word_1_772' title='bbox 799 4879 906 4919; x_wconf 90' lang='lat' dir='ltr'><strong>non</strong></span> <span class='ocrx_word' id='word_1_773' title='bbox 946 4877 1111 4923; x_wconf 90' lang='lat' dir='ltr'><strong>esset.</strong></span> <span class='ocrx_word' id='word_1_774' title='bbox 1143 4870 1245 4924; x_wconf 86' lang='lat' dir='ltr'><strong>Per</strong></span> <span class='ocrx_word' id='word_1_775' title='bbox 1278 4872 1379 4927; x_wconf 85' lang='lat' dir='ltr'><strong>hoc</strong></span> <span class='ocrx_word' id='word_1_776' title='bbox 1408 4883 1588 4929; x_wconf 90' lang='lat' dir='ltr'><strong>autem</strong></span> <span class='ocrx_word' id='word_1_777' title='bbox 1626 4877 1770 4945; x_wconf 87' lang='lat' dir='ltr'><strong>quod</strong></span> <span class='ocrx_word' id='word_1_778' title='bbox 1814 4893 1936 4931; x_wconf 89' lang='lat' dir='ltr'><strong>cum</strong></span> <span class='ocrx_word' id='word_1_779' title='bbox 1969 4880 2024 4931; x_wconf 90' lang='lat' dir='ltr'><strong>in</strong></span> 
     </span>
    </p>
   </div>
   <div class='ocr_carea' id='block_1_96' title="bbox 444 4953 2021 5025">
    <p class='ocr_par' dir='ltr' id='par_1_96' title="bbox 444 4953 2021 5025">
     <span class='ocr_line' id='line_1_96' title="bbox 444 4953 2021 5025; baseline 0.011 -20"><span class='ocrx_word' id='word_1_780' title='bbox 444 4953 680 5009; x_wconf 78' lang='lat' dir='ltr'><strong>omnibus</strong></span> <span class='ocrx_word' id='word_1_781' title='bbox 714 4971 835 5011; x_wconf 88' lang='lat' dir='ltr'><strong>esse</strong></span> <span class='ocrx_word' id='word_1_782' title='bbox 864 4972 1110 5013; x_wconf 87' lang='lat' dir='ltr'><strong>veraeem</strong></span> <span class='ocrx_word' id='word_1_783' title='bbox 1141 4963 1354 5025; x_wconf 90' lang='lat' dir='ltr'><strong>asserit,</strong></span> <span class='ocrx_word' id='word_1_784' title='bbox 1388 4964 1699 5019; x_wconf 85' lang='lat' dir='ltr'><strong>consolatur</strong></span> <span class='ocrx_word' id='word_1_785' title='bbox 1733 4978 1787 5020; x_wconf 90' lang='lat' dir='ltr'><strong>et</strong></span> <span class='ocrx_word' id='word_1_786' title='bbox 1821 4969 2021 5021; x_wconf 82' lang='lat' dir='ltr'><strong>certili-</strong></span> 
     </span>
    </p>
   </div>
   <div class='ocr_carea' id='block_1_97' title="bbox 445 5043 2025 5119">
    <p class='ocr_par' dir='ltr' id='par_1_97' title="bbox 445 5043 2025 5119">
     <span class='ocr_line' id='line_1_97' title="bbox 445 5043 2025 5119; baseline 0.013 -26"><span class='ocrx_word' id='word_1_787' title='bbox 445 5052 534 5096; x_wconf 82' lang='lat' dir='ltr'><strong>cat</strong></span> <span class='ocrx_word' id='word_1_788' title='bbox 557 5043 728 5101; x_wconf 90' lang='lat' dir='ltr'><strong>bonos</strong></span> <span class='ocrx_word' id='word_1_789' title='bbox 754 5048 821 5102; x_wconf 91' lang='lat' dir='ltr'><strong>de</strong></span> <span class='ocrx_word' id='word_1_790' title='bbox 850 5049 1001 5119; x_wconf 88' lang='lat' dir='ltr'><strong>regni</strong></span> <span class='ocrx_word' id='word_1_791' title='bbox 1032 5051 1416 5119; x_wconf 88' lang='lat' dir='ltr'><strong>promissione,</strong></span> <span class='ocrx_word' id='word_1_792' title='bbox 1458 5069 1512 5109; x_wconf 86' lang='lat' dir='ltr'><strong>et</strong></span> <span class='ocrx_word' id='word_1_793' title='bbox 1546 5064 1713 5112; x_wconf 87' lang='lat' dir='ltr'><strong>terret</strong></span> <span class='ocrx_word' id='word_1_794' title='bbox 1746 5056 1917 5112; x_wconf 87' lang='lat' dir='ltr'><strong>malos</strong></span> <span class='ocrx_word' id='word_1_795' title='bbox 1958 5058 2025 5113; x_wconf 89' lang='lat' dir='ltr'><strong>de</strong></span> 
     </span>
    </p>
   </div>
   <div class='ocr_carea' id='block_1_98' title="bbox 445 5133 1278 5199">
    <p class='ocr_par' dir='ltr' id='par_1_98' title="bbox 445 5133 1278 5199">
     <span class='ocr_line' id='line_1_98' title="bbox 445 5133 1278 5199; baseline 0.016 -16"><span class='ocrx_word' id='word_1_796' title='bbox 445 5133 810 5194; x_wconf 84' lang='lat' dir='ltr'><strong>datnnationis</strong></span> <span class='ocrx_word' id='word_1_797' title='bbox 839 5142 1278 5199; x_wconf 87' lang='lat' dir='ltr'><strong>comminatione.</strong></span> 
     </span>
    </p>
   </div>
   <div class='ocr_carea' id='block_1_99' title="bbox 518 5225 2027 5307">
    <p class='ocr_par' dir='ltr' id='par_1_99' title="bbox 518 5225 2027 5307">
     <span class='ocr_line' id='line_1_99' title="bbox 518 5225 2027 5307; baseline 0.013 -30"><span class='ocrx_word' id='word_1_798' title='bbox 518 5225 738 5296; x_wconf 84' lang='lat' dir='ltr'><strong>Fidelis,</strong></span> <span class='ocrx_word' id='word_1_799' title='bbox 789 5232 1030 5302; x_wconf 88' lang='lat' dir='ltr'><strong>inquam,</strong></span> <span class='ocrx_word' id='word_1_800' title='bbox 1056 5244 1159 5301; x_wconf 88' lang='lat' dir='ltr'><strong>cst,</strong></span> <span class='ocrx_word' id='word_1_801' title='bbox 1204 5247 1251 5291; x_wconf 92' lang='lat' dir='ltr'><strong>et</strong></span> <span class='ocrx_word' id='word_1_802' title='bbox 1289 5238 1453 5292; x_wconf 87' lang='lat' dir='ltr'><strong>etiam</strong></span> <span class='ocrx_word' id='word_1_803' title='bbox 1480 5250 1690 5294; x_wconf 76' lang='lat' dir='ltr'><strong>sanctus</strong></span> <span class='ocrx_word' id='word_1_804' title='bbox 1725 5250 1829 5307; x_wconf 85' lang='lat' dir='ltr'><strong>est,</strong></span> <span class='ocrx_word' id='word_1_805' title='bbox 1862 5242 1915 5296; x_wconf 87' lang='lat' dir='ltr'><strong>id</strong></span> <span class='ocrx_word' id='word_1_806' title='bbox 1944 5252 2027 5297; x_wconf 90' lang='lat' dir='ltr'><strong>est</strong></span> 
     </span>
    </p>
   </div>
   <div class='ocr_carea' id='block_1_100' title="bbox 442 5315 2023 5404">
    <p class='ocr_par' dir='ltr' id='par_1_100' title="bbox 442 5315 2023 5404">
     <span class='ocr_line' id='line_1_100' title="bbox 442 5315 2023 5404; baseline 0.015 -38"><span class='ocrx_word' id='word_1_807' title='bbox 442 5315 625 5385; x_wconf 77' lang='lat' dir='ltr'><strong>justus</strong></span> <span class='ocrx_word' id='word_1_808' title='bbox 650 5321 708 5375; x_wconf 79' lang='lat' dir='ltr'><strong>in</strong></span> <span class='ocrx_word' id='word_1_809' title='bbox 737 5326 975 5381; x_wconf 71' lang='lat' dir='ltr'><strong>omnibus</strong></span> <span class='ocrx_word' id='word_1_810' title='bbox 999 5329 1239 5396; x_wconf 79' lang='lat' dir='ltr'><strong>operibus</strong></span> <span class='ocrx_word' id='word_1_811' title='bbox 1268 5331 1405 5395; x_wconf 82' lang='lat' dir='ltr'><strong>suis,</strong></span> <span class='ocrx_word' id='word_1_812' title='bbox 1430 5330 1637 5385; x_wconf 84' lang='lat' dir='ltr'><strong>scilicet</strong></span> <span class='ocrx_word' id='word_1_813' title='bbox 1668 5341 1719 5386; x_wconf 90' lang='lat' dir='ltr'><strong>ct</strong></span> <span class='ocrx_word' id='word_1_814' title='bbox 1736 5332 1880 5401; x_wconf 79' lang='lat' dir='ltr'><strong>jnste</strong></span> <span class='ocrx_word' id='word_1_815' title='bbox 1901 5349 2023 5404; x_wconf 80' lang='lat' dir='ltr'><strong>ope-</strong></span> 
     </span>
    </p>
   </div>
   <div class='ocr_carea' id='block_1_101' title="bbox 450 5412 2029 5492">
    <p class='ocr_par' dir='ltr' id='par_1_101' title="bbox 450 5412 2029 5492">
     <span class='ocr_line' id='line_1_101' title="bbox 450 5412 2029 5492; baseline 0.011 -32"><span class='ocrx_word' id='word_1_816' title='bbox 450 5417 606 5462; x_wconf 86' lang='lat' dir='ltr'><strong>ratur</strong></span> <span class='ocrx_word' id='word_1_817' title='bbox 631 5412 983 5472; x_wconf 79' lang='lat' dir='ltr'><strong>salvationem</strong></span> <span class='ocrx_word' id='word_1_818' title='bbox 1016 5420 1303 5486; x_wconf 81' lang='lat' dir='ltr'><strong>bonorum,</strong></span> <span class='ocrx_word' id='word_1_819' title='bbox 1333 5432 1385 5476; x_wconf 89' lang='lat' dir='ltr'><strong>et</strong></span> <span class='ocrx_word' id='word_1_820' title='bbox 1408 5420 1555 5491; x_wconf 84' lang='lat' dir='ltr'><strong>juste</strong></span> <span class='ocrx_word' id='word_1_821' title='bbox 1583 5431 1846 5492; x_wconf 87' lang='lat' dir='ltr'><strong>operatur</strong></span> <span class='ocrx_word' id='word_1_822' title='bbox 1874 5425 2029 5478; x_wconf 88' lang='lat' dir='ltr'><strong>dam-</strong></span> 
     </span>
    </p>
   </div>
   <div class='ocr_carea' id='block_1_102' title="bbox 451 5504 2027 5586">
    <p class='ocr_par' dir='ltr' id='par_1_102' title="bbox 451 5504 2027 5586">
     <span class='ocr_line' id='line_1_102' title="bbox 451 5504 2027 5586; baseline 0.007 -29"><span class='ocrx_word' id='word_1_823' title='bbox 451 5504 729 5561; x_wconf 71' lang='lat' dir='ltr'><strong>nationem</strong></span> <span class='ocrx_word' id='word_1_824' title='bbox 751 5509 1035 5566; x_wconf 83' lang='lat' dir='ltr'><strong>malorum.</strong></span> <span class='ocrx_word' id='word_1_825' title='bbox 1064 5512 1174 5568; x_wconf 92' lang='lat' dir='ltr'><strong>lloc</strong></span> <span class='ocrx_word' id='word_1_826' title='bbox 1204 5524 1385 5570; x_wconf 88' lang='lat' dir='ltr'><strong>autem</strong></span> <span class='ocrx_word' id='word_1_827' title='bbox 1416 5515 1556 5570; x_wconf 89' lang='lat' dir='ltr'><strong>bene</strong></span> <span class='ocrx_word' id='word_1_828' title='bbox 1584 5525 1793 5586; x_wconf 75' lang='lat' dir='ltr'><strong>Spectat</strong></span> <span class='ocrx_word' id='word_1_829' title='bbox 1820 5516 1887 5570; x_wconf 88' lang='lat' dir='ltr'><strong>ad</strong></span> <span class='ocrx_word' id='word_1_830' title='bbox 1916 5515 2027 5568; x_wconf 87' lang='lat' dir='ltr'><strong>lau-</strong></span> 
     </span>
    </p>
   </div>
   <div class='ocr_carea' id='block_1_103' title="bbox 456 5602 2029 5678">
    <p class='ocr_par' dir='ltr' id='par_1_103' title="bbox 456 5602 2029 5678">
     <span class='ocr_line' id='line_1_103' title="bbox 456 5602 2029 5678; baseline 0.004 -23"><span class='ocrx_word' id='word_1_831' title='bbox 456 5603 574 5655; x_wconf 83' lang='lat' dir='ltr'><strong>detu</strong></span> <span class='ocrx_word' id='word_1_832' title='bbox 608 5602 724 5667; x_wconf 88' lang='lat' dir='ltr'><strong>Dei,</strong></span> <span class='ocrx_word' id='word_1_833' title='bbox 758 5617 844 5667; x_wconf 86' lang='lat' dir='ltr'><strong>ne,</strong></span> <span class='ocrx_word' id='word_1_834' title='bbox 875 5618 997 5658; x_wconf 89' lang='lat' dir='ltr'><strong>cum</strong></span> <span class='ocrx_word' id='word_1_835' title='bbox 1036 5608 1283 5663; x_wconf 89' lang='lat' dir='ltr'><strong>videatur</strong></span> <span class='ocrx_word' id='word_1_836' title='bbox 1324 5609 1378 5662; x_wconf 90' lang='lat' dir='ltr'><strong>in</strong></span> <span class='ocrx_word' id='word_1_837' title='bbox 1418 5608 1687 5678; x_wconf 77' lang='lat' dir='ltr'><strong>iustorum</strong></span> <span class='ocrx_word' id='word_1_838' title='bbox 1734 5608 2029 5663; x_wconf 87' lang='lat' dir='ltr'><strong>salvatione</strong></span> 
     </span>
    </p>
   </div>
   <div class='ocr_carea' id='block_1_104' title="bbox 459 5694 2029 5765">
    <p class='ocr_par' dir='ltr' id='par_1_104' title="bbox 459 5694 2029 5765">
     <span class='ocr_line' id='line_1_104' title="bbox 459 5694 2029 5765; baseline 0.004 -19"><span class='ocrx_word' id='word_1_839' title='bbox 459 5695 630 5765; x_wconf 82' lang='lat' dir='ltr'><strong>utilis,</strong></span> <span class='ocrx_word' id='word_1_840' title='bbox 672 5698 723 5752; x_wconf 91' lang='lat' dir='ltr'><strong>in</strong></span> <span class='ocrx_word' id='word_1_841' title='bbox 772 5694 1039 5752; x_wconf 85' lang='lat' dir='ltr'><strong>malorum</strong></span> <span class='ocrx_word' id='word_1_842' title='bbox 1086 5701 1432 5757; x_wconf 87' lang='lat' dir='ltr'><strong>damnatione</strong></span> <span class='ocrx_word' id='word_1_843' title='bbox 1466 5703 1737 5758; x_wconf 78' lang='lat' dir='ltr'><strong>videretur</strong></span> <span class='ocrx_word' id='word_1_844' title='bbox 1782 5700 2029 5755; x_wconf 85' lang='lat' dir='ltr'><strong>immitis.</strong></span> 
     </span>
    </p>
   </div>
   <div class='ocr_carea' id='block_1_105' title="bbox 2128 4490 3722 4566">
    <p class='ocr_par' dir='ltr' id='par_1_105' title="bbox 2128 4490 3722 4566">
     <span class='ocr_line' id='line_1_105' title="bbox 2128 4490 3722 4566; baseline -0.005 -17"><span class='ocrx_word' id='word_1_845' title='bbox 2128 4496 2261 4566; x_wconf 85' lang='lat' dir='ltr'><strong>largi</strong></span> <span class='ocrx_word' id='word_1_846' title='bbox 2284 4495 2692 4564; x_wconf 77' lang='lat' dir='ltr'><strong>dispensatoris,</strong></span> <span class='ocrx_word' id='word_1_847' title='bbox 2724 4492 2818 4561; x_wconf 82' lang='lat' dir='ltr'><strong>qui</strong></span> <span class='ocrx_word' id='word_1_848' title='bbox 2847 4507 2971 4546; x_wconf 91' lang='lat' dir='ltr'><strong>cum</strong></span> <span class='ocrx_word' id='word_1_849' title='bbox 3001 4490 3201 4558; x_wconf 86' lang='lat' dir='ltr'><strong>aliquid</strong></span> <span class='ocrx_word' id='word_1_850' title='bbox 3230 4490 3345 4554; x_wconf 87' lang='lat' dir='ltr'><strong>dat,</strong></span> <span class='ocrx_word' id='word_1_851' title='bbox 3368 4504 3472 4542; x_wconf 90' lang='lat' dir='ltr'><strong>nou</strong></span> <span class='ocrx_word' id='word_1_852' title='bbox 3495 4498 3722 4543; x_wconf 80' lang='lat' dir='ltr'><strong>contra-</strong></span> 
     </span>
    </p>
   </div>
   <div class='ocr_carea' id='block_1_106' title="bbox 2128 4580 3721 4653">
    <p class='ocr_par' dir='ltr' id='par_1_106' title="bbox 2128 4580 3721 4653">
     <span class='ocr_line' id='line_1_106' title="bbox 2128 4580 3721 4653; baseline -0.006 -10"><span class='ocrx_word' id='word_1_853' title='bbox 2128 4591 2208 4643; x_wconf 68' lang='lat' dir='ltr'><strong>blt</strong></span> <span class='ocrx_word' id='word_1_854' title='bbox 2237 4602 2471 4650; x_wconf 89' lang='lat' dir='ltr'><strong>manum,</strong></span> <span class='ocrx_word' id='word_1_855' title='bbox 2501 4586 2593 4641; x_wconf 88' lang='lat' dir='ltr'><strong>sed</strong></span> <span class='ocrx_word' id='word_1_856' title='bbox 2627 4594 2684 4638; x_wconf 91' lang='lat' dir='ltr'><strong>ut</strong></span> <span class='ocrx_word' id='word_1_857' title='bbox 2714 4584 2860 4653; x_wconf 86' lang='lat' dir='ltr'><strong>large</strong></span> <span class='ocrx_word' id='word_1_858' title='bbox 2894 4583 3003 4645; x_wconf 89' lang='lat' dir='ltr'><strong>det,</strong></span> <span class='ocrx_word' id='word_1_859' title='bbox 3032 4597 3251 4636; x_wconf 88' lang='lat' dir='ltr'><strong>manum</strong></span> <span class='ocrx_word' id='word_1_860' title='bbox 3286 4580 3479 4650; x_wconf 89' lang='lat' dir='ltr'><strong>aperit.</strong></span> <span class='ocrx_word' id='word_1_861' title='bbox 3502 4580 3721 4650; x_wconf 58' lang='lat' dir='ltr'><strong>Aperui,-</strong></span> 
     </span>
    </p>
   </div>
   <div class='ocr_carea' id='block_1_107' title="bbox 2128 4656 3721 4750">
    <p class='ocr_par' dir='ltr' id='par_1_107' title="bbox 2128 4675 3721 4750">
     <span class='ocr_line' id='line_1_107' title="bbox 2128 4675 3721 4750; baseline -0.004 -15"><span class='ocrx_word' id='word_1_862' title='bbox 2128 4682 2368 4750; x_wconf 85' lang='lat' dir='ltr'><strong>inquam,</strong></span> <span class='ocrx_word' id='word_1_863' title='bbox 2413 4694 2655 4744; x_wconf 82' lang='lat' dir='ltr'><strong>manum,</strong></span> <span class='ocrx_word' id='word_1_864' title='bbox 2700 4688 2745 4732; x_wconf 89' lang='lat' dir='ltr'><strong>et</strong></span> <span class='ocrx_word' id='word_1_865' title='bbox 2789 4678 2869 4732; x_wconf 85' lang='lat' dir='ltr'><strong>sic</strong></span> <span class='ocrx_word' id='word_1_866' title='bbox 2917 4675 3099 4747; x_wconf 81' lang='lat' dir='ltr'><strong>imples</strong></span> <span class='ocrx_word' id='word_1_867' title='bbox 3124 4676 3498 4739; x_wconf 81' lang='lat' dir='ltr'><strong>benedictione,</strong></span> <span class='ocrx_word' id='word_1_868' title='bbox 3539 4676 3592 4728; x_wconf 87' lang='lat' dir='ltr'><strong>id</strong></span> <span class='ocrx_word' id='word_1_869' title='bbox 3629 4687 3721 4729; x_wconf 77' lang='lat' dir='ltr'><strong>est</strong></span> 
     </span>
    </p>
   </div>
   <div class='ocr_carea' id='block_1_108' title="bbox 2127 4764 3727 4833">
    <p class='ocr_par' dir='ltr' id='par_1_108' title="bbox 2127 4764 3727 4833">
     <span class='ocr_line' id='line_1_108' title="bbox 2127 4764 3727 4833; baseline -0.008 -4"><span class='ocrx_word' id='word_1_870' title='bbox 2281 4770 2564 4826; x_wconf 84' lang='lat' dir='ltr'><strong>benedicta</strong></span> <span class='ocrx_word' id='word_1_871' title='bbox 2593 4785 2742 4823; x_wconf 87' lang='lat' dir='ltr'><strong>onme</strong></span> <span class='ocrx_word' id='word_1_872' title='bbox 2778 4767 3003 4831; x_wconf 87' lang='lat' dir='ltr'><strong>animal,</strong></span> <span class='ocrx_word' id='word_1_873' title='bbox 3045 4766 3095 4820; x_wconf 89' lang='lat' dir='ltr'><strong>id</strong></span> <span class='ocrx_word' id='word_1_874' title='bbox 3125 4776 3207 4820; x_wconf 89' lang='lat' dir='ltr'><strong>est</strong></span> <span class='ocrx_word' id='word_1_875' title='bbox 3235 4780 3425 4819; x_wconf 85' lang='lat' dir='ltr'><strong>ontues</strong></span> <span class='ocrx_word' id='word_1_876' title='bbox 3470 4764 3593 4818; x_wconf 85' lang='lat' dir='ltr'><strong>illos</strong></span> <span class='ocrx_word' id='word_1_877' title='bbox 3619 4766 3727 4832; x_wconf 64' lang='lat' dir='ltr'><strong>qui»</strong></span> 
     </span>
    </p>
   </div>
   <div class='ocr_carea' id='block_1_109' title="bbox 2128 4853 3719 4925">
    <p class='ocr_par' dir='ltr' id='par_1_109' title="bbox 2128 4853 3719 4925">
     <span class='ocr_line' id='line_1_109' title="bbox 2128 4853 3719 4925; baseline -0.008 -7"><span class='ocrx_word' id='word_1_878' title='bbox 2128 4872 2252 4918; x_wconf 89' lang='lat' dir='ltr'><strong>sunt</strong></span> <span class='ocrx_word' id='word_1_879' title='bbox 2280 4860 2555 4925; x_wconf 88' lang='lat' dir='ltr'><strong>animalia,</strong></span> <span class='ocrx_word' id='word_1_880' title='bbox 2601 4858 2808 4912; x_wconf 88' lang='lat' dir='ltr'><strong>scilicet</strong></span> <span class='ocrx_word' id='word_1_881' title='bbox 2860 4856 3128 4919; x_wconf 87' lang='lat' dir='ltr'><strong>mansueti</strong></span> <span class='ocrx_word' id='word_1_882' title='bbox 3168 4855 3236 4909; x_wconf 87' lang='lat' dir='ltr'><strong>ad</strong></span> <span class='ocrx_word' id='word_1_883' title='bbox 3269 4853 3458 4924; x_wconf 85' lang='lat' dir='ltr'><strong>jugum</strong></span> <span class='ocrx_word' id='word_1_884' title='bbox 3496 4854 3719 4907; x_wconf 86' lang='lat' dir='ltr'><strong>Domini</strong></span> 
     </span>
    </p>
   </div>
   <div class='ocr_carea' id='block_1_110' title="bbox 2129 4943 3720 5016">
    <p class='ocr_par' dir='ltr' id='par_1_110' title="bbox 2129 4943 3720 5016">
     <span class='ocr_line' id='line_1_110' title="bbox 2129 4943 3720 5016; baseline -0.009 -5"><span class='ocrx_word' id='word_1_885' title='bbox 2129 4953 2501 5016; x_wconf 83' lang='lat' dir='ltr'><strong>deferendum,</strong></span> <span class='ocrx_word' id='word_1_886' title='bbox 2549 4950 2692 5005; x_wconf 82' lang='lat' dir='ltr'><strong>sicut</strong></span> <span class='ocrx_word' id='word_1_887' title='bbox 2718 4948 2907 5015; x_wconf 83' lang='lat' dir='ltr'><strong>boves,</strong></span> <span class='ocrx_word' id='word_1_888' title='bbox 2934 4963 3071 5016; x_wconf 88' lang='lat' dir='ltr'><strong>quos</strong></span> <span class='ocrx_word' id='word_1_889' title='bbox 3098 4945 3257 5014; x_wconf 79' lang='lat' dir='ltr'><strong>vulgo</strong></span> <span class='ocrx_word' id='word_1_890' title='bbox 3290 4943 3547 4998; x_wconf 83' lang='lat' dir='ltr'><strong>animalia</strong></span> <span class='ocrx_word' id='word_1_891' title='bbox 3580 4944 3720 4998; x_wconf 82' lang='lat' dir='ltr'><strong>dici-</strong></span> 
     </span>
    </p>
   </div>
   <div class='ocr_carea' id='block_1_111' title="bbox 2130 5034 3721 5122">
    <p class='ocr_par' dir='ltr' id='par_1_111' title="bbox 2130 5034 3721 5122">
     <span class='ocr_line' id='line_1_111' title="bbox 2130 5034 3721 5122; baseline -0.009 -11"><span class='ocrx_word' id='word_1_892' title='bbox 2130 5073 2282 5121; x_wconf 77' lang='lat' dir='ltr'><strong>mus;</strong></span> <span class='ocrx_word' id='word_1_893' title='bbox 2313 5052 2397 5108; x_wconf 82' lang='lat' dir='ltr'><strong>vel</strong></span> <span class='ocrx_word' id='word_1_894' title='bbox 2422 5034 2512 5122; x_wconf 80' lang='lat' dir='ltr'><strong>qui</strong></span> <span class='ocrx_word' id='word_1_895' title='bbox 2535 5059 2661 5106; x_wconf 89' lang='lat' dir='ltr'><strong>sunt</strong></span> <span class='ocrx_word' id='word_1_896' title='bbox 2686 5047 2961 5111; x_wconf 86' lang='lat' dir='ltr'><strong>animalia,</strong></span> <span class='ocrx_word' id='word_1_897' title='bbox 2987 5045 3196 5101; x_wconf 86' lang='lat' dir='ltr'><strong>scilicet</strong></span> <span class='ocrx_word' id='word_1_898' title='bbox 3229 5044 3465 5098; x_wconf 88' lang='lat' dir='ltr'><strong>nondum</strong></span> <span class='ocrx_word' id='word_1_899' title='bbox 3495 5044 3721 5113; x_wconf 71' lang='lat' dir='ltr'><strong>spirita~</strong></span> 
     </span>
    </p>
   </div>
   <div class='ocr_carea' id='block_1_112' title="bbox 2128 5134 3721 5212">
    <p class='ocr_par' dir='ltr' id='par_1_112' title="bbox 2128 5134 3721 5212">
     <span class='ocr_line' id='line_1_112' title="bbox 2128 5134 3721 5212; baseline -0.008 -12"><span class='ocrx_word' id='word_1_900' title='bbox 2128 5147 2229 5212; x_wconf 86' lang='lat' dir='ltr'><strong>les,</strong></span> <span class='ocrx_word' id='word_1_901' title='bbox 2268 5145 2363 5200; x_wconf 89' lang='lat' dir='ltr'><strong>sed</strong></span> <span class='ocrx_word' id='word_1_902' title='bbox 2403 5142 2577 5197; x_wconf 82' lang='lat' dir='ltr'><strong>adhuc</strong></span> <span class='ocrx_word' id='word_1_903' title='bbox 2620 5137 2909 5203; x_wconf 89' lang='lat' dir='ltr'><strong>animales,</strong></span> <span class='ocrx_word' id='word_1_904' title='bbox 2943 5135 2995 5191; x_wconf 92' lang='lat' dir='ltr'><strong>id</strong></span> <span class='ocrx_word' id='word_1_905' title='bbox 3039 5143 3123 5191; x_wconf 90' lang='lat' dir='ltr'><strong>cst</strong></span> <span class='ocrx_word' id='word_1_906' title='bbox 3161 5134 3426 5189; x_wconf 85' lang='lat' dir='ltr'><strong>carnales.</strong></span> <span class='ocrx_word' id='word_1_907' title='bbox 3451 5134 3609 5200; x_wconf 87' lang='lat' dir='ltr'><strong>Quod</strong></span> <span class='ocrx_word' id='word_1_908' title='bbox 3632 5144 3721 5188; x_wconf 88' lang='lat' dir='ltr'><strong>est</strong></span> 
     </span>
    </p>
   </div>
   <div class='ocr_carea' id='block_1_113' title="bbox 2129 5223 3723 5301">
    <p class='ocr_par' dir='ltr' id='par_1_113' title="bbox 2129 5223 3723 5301">
     <span class='ocr_line' id='line_1_113' title="bbox 2129 5223 3723 5301; baseline -0.009 -9"><span class='ocrx_word' id='word_1_909' title='bbox 2129 5239 2309 5292; x_wconf 88' lang='lat' dir='ltr'><strong>dicere</strong></span> <span class='ocrx_word' id='word_1_910' title='bbox 2335 5254 2348 5288; x_wconf 91' lang='lat'>:</span> <span class='ocrx_word' id='word_1_911' title='bbox 2372 5234 2480 5288; x_wconf 79' lang='lat' dir='ltr'><strong>Das</strong></span> <span class='ocrx_word' id='word_1_912' title='bbox 2524 5231 2604 5286; x_wconf 89' lang='lat' dir='ltr'><strong>eis</strong></span> <span class='ocrx_word' id='word_1_913' title='bbox 2648 5229 2889 5301; x_wconf 82' lang='lat' dir='ltr'><strong>plenarie</strong></span> <span class='ocrx_word' id='word_1_914' title='bbox 2924 5243 3095 5281; x_wconf 83' lang='lat' dir='ltr'><strong>escam</strong></span> <span class='ocrx_word' id='word_1_915' title='bbox 3127 5224 3361 5279; x_wconf 78' lang='lat' dir='ltr'><strong>illorum.</strong></span> <span class='ocrx_word' id='word_1_916' title='bbox 3391 5223 3510 5279; x_wconf 82' lang='lat' dir='ltr'><strong>Non</strong></span> <span class='ocrx_word' id='word_1_917' title='bbox 3536 5225 3723 5279; x_wconf 81' lang='lat' dir='ltr'><strong>solum</strong></span> 
     </span>
    </p>
   </div>
   <div class='ocr_carea' id='block_1_114' title="bbox 2129 5316 3723 5395">
    <p class='ocr_par' dir='ltr' id='par_1_114' title="bbox 2129 5316 3723 5395">
     <span class='ocr_line' id='line_1_114' title="bbox 2129 5316 3723 5395; baseline -0.009 -12"><span class='ocrx_word' id='word_1_918' title='bbox 2129 5337 2337 5395; x_wconf 86' lang='lat' dir='ltr'><strong>autem,</strong></span> <span class='ocrx_word' id='word_1_919' title='bbox 2359 5343 2392 5380; x_wconf 95' lang='lat' dir='ltr'><strong>o</strong></span> <span class='ocrx_word' id='word_1_920' title='bbox 2413 5324 2708 5388; x_wconf 86' lang='lat' dir='ltr'><strong>auditores,</strong></span> <span class='ocrx_word' id='word_1_921' title='bbox 2732 5320 2822 5375; x_wconf 82' lang='lat' dir='ltr'><strong>dat</strong></span> <span class='ocrx_word' id='word_1_922' title='bbox 2847 5320 2959 5375; x_wconf 85' lang='lat' dir='ltr'><strong>suis</strong></span> <span class='ocrx_word' id='word_1_923' title='bbox 2985 5332 3189 5383; x_wconf 85' lang='lat' dir='ltr'><strong>escam,</strong></span> <span class='ocrx_word' id='word_1_924' title='bbox 3210 5319 3304 5373; x_wconf 87' lang='lat' dir='ltr'><strong>sed</strong></span> <span class='ocrx_word' id='word_1_925' title='bbox 3331 5316 3495 5372; x_wconf 88' lang='lat' dir='ltr'><strong>etiam</strong></span> <span class='ocrx_word' id='word_1_926' title='bbox 3525 5316 3723 5370; x_wconf 86' lang='lat' dir='ltr'><strong>Domi-</strong></span> 
     </span>
    </p>
   </div>
   <div class='ocr_carea' id='block_1_115' title="bbox 2133 5408 3722 5486">
    <p class='ocr_par' dir='ltr' id='par_1_115' title="bbox 2133 5408 3722 5486">
     <span class='ocr_line' id='line_1_115' title="bbox 2133 5408 3722 5486; baseline -0.008 -11"><span class='ocrx_word' id='word_1_927' title='bbox 2133 5439 2228 5477; x_wconf 89' lang='lat' dir='ltr'><strong>nus</strong></span> <span class='ocrx_word' id='word_1_928' title='bbox 2261 5420 2500 5476; x_wconf 77' lang='lat' dir='ltr'><strong>existens</strong></span> <span class='ocrx_word' id='word_1_929' title='bbox 2545 5416 2722 5486; x_wconf 82' lang='lat' dir='ltr'><strong>justus</strong></span> <span class='ocrx_word' id='word_1_930' title='bbox 2754 5414 2810 5467; x_wconf 90' lang='lat' dir='ltr'><strong>in</strong></span> <span class='ocrx_word' id='word_1_931' title='bbox 2848 5412 3087 5465; x_wconf 85' lang='lat' dir='ltr'><strong>omnibus</strong></span> <span class='ocrx_word' id='word_1_932' title='bbox 3120 5410 3215 5464; x_wconf 81' lang='lat' dir='ltr'><strong>viis</strong></span> <span class='ocrx_word' id='word_1_933' title='bbox 3253 5410 3386 5474; x_wconf 77' lang='lat' dir='ltr'><strong>suis,</strong></span> <span class='ocrx_word' id='word_1_934' title='bbox 3434 5408 3489 5462; x_wconf 88' lang='lat' dir='ltr'><strong>id</strong></span> <span class='ocrx_word' id='word_1_935' title='bbox 3526 5419 3615 5462; x_wconf 82' lang='lat' dir='ltr'><strong>est</strong></span> <span class='ocrx_word' id='word_1_936' title='bbox 3664 5410 3722 5463; x_wconf 87' lang='lat' dir='ltr'><strong>in</strong></span> 
     </span>
    </p>
   </div>
   <div class='ocr_carea' id='block_1_116' title="bbox 2132 5498 3722 5583">
    <p class='ocr_par' dir='ltr' id='par_1_116' title="bbox 2132 5498 3722 5583">
     <span class='ocr_line' id='line_1_116' title="bbox 2132 5498 3722 5583; baseline -0.008 -15"><span class='ocrx_word' id='word_1_937' title='bbox 2132 5508 2416 5583; x_wconf 70' lang='lat' dir='ltr'><strong>praeceptis</strong></span> <span class='ocrx_word' id='word_1_938' title='bbox 2437 5506 2550 5563; x_wconf 90' lang='lat' dir='ltr'><strong>suis</strong></span> <span class='ocrx_word' id='word_1_939' title='bbox 2571 5521 2667 5576; x_wconf 86' lang='lat' dir='ltr'><strong>per</strong></span> <span class='ocrx_word' id='word_1_940' title='bbox 2695 5518 2816 5573; x_wconf 63' lang='lat' dir='ltr'><strong>quae</strong></span> <span class='ocrx_word' id='word_1_941' title='bbox 2838 5500 3048 5555; x_wconf 84' lang='lat' dir='ltr'><strong>venitur</strong></span> <span class='ocrx_word' id='word_1_942' title='bbox 3070 5501 3135 5555; x_wconf 89' lang='lat' dir='ltr'><strong>ad</strong></span> <span class='ocrx_word' id='word_1_943' title='bbox 3167 5501 3362 5570; x_wconf 88' lang='lat' dir='ltr'><strong>ipsum,</strong></span> <span class='ocrx_word' id='word_1_944' title='bbox 3390 5498 3600 5554; x_wconf 85' lang='lat' dir='ltr'><strong>scilicet</strong></span> <span class='ocrx_word' id='word_1_945' title='bbox 3623 5501 3722 5568; x_wconf 84' lang='lat' dir='ltr'><strong>qui</strong></span> 
     </span>
    </p>
   </div>
   <div class='ocr_carea' id='block_1_117' title="bbox 2135 5593 3727 5672">
    <p class='ocr_par' dir='ltr' id='par_1_117' title="bbox 2135 5593 3727 5672">
     <span class='ocr_line' id='line_1_117' title="bbox 2135 5593 3727 5672; baseline -0.007 -13"><span class='ocrx_word' id='word_1_946' title='bbox 2135 5604 2265 5659; x_wconf 89' lang='lat' dir='ltr'><strong>nibil</strong></span> <span class='ocrx_word' id='word_1_947' title='bbox 2309 5601 2573 5672; x_wconf 66' lang='lat' dir='ltr'><strong>praecipit,</strong></span> <span class='ocrx_word' id='word_1_948' title='bbox 2638 5598 2741 5653; x_wconf 89' lang='lat' dir='ltr'><strong>nisi</strong></span> <span class='ocrx_word' id='word_1_949' title='bbox 2789 5594 2931 5665; x_wconf 78' lang='lat' dir='ltr'><strong>quod</strong></span> <span class='ocrx_word' id='word_1_950' title='bbox 2978 5593 3183 5663; x_wconf 82' lang='lat' dir='ltr'><strong>iustum</strong></span> <span class='ocrx_word' id='word_1_951' title='bbox 3226 5601 3327 5656; x_wconf 88' lang='lat' dir='ltr'><strong>est,</strong></span> <span class='ocrx_word' id='word_1_952' title='bbox 3366 5602 3424 5645; x_wconf 72' lang='lat' dir='ltr'><strong>et</strong></span> <span class='ocrx_word' id='word_1_953' title='bbox 3474 5593 3727 5648; x_wconf 79' lang='lat' dir='ltr'><strong>existens</strong></span> 
     </span>
    </p>
   </div>
   <div class='ocr_carea' id='block_1_118' title="bbox 2136 5676 3729 5762">
    <p class='ocr_par' dir='ltr' id='par_1_118' title="bbox 2136 5676 3729 5762">
     <span class='ocr_line' id='line_1_118' title="bbox 2136 5676 3729 5762; baseline -0.008 -13"><span class='ocrx_word' id='word_1_954' title='bbox 2136 5706 2369 5762; x_wconf 81' lang='lat' dir='ltr'><strong>sanctus,</strong></span> <span class='ocrx_word' id='word_1_955' title='bbox 2422 5676 2485 5748; x_wconf 38' lang='lat' dir='ltr'><strong>id’</strong></span> <span class='ocrx_word' id='word_1_956' title='bbox 2524 5700 2608 5748; x_wconf 87' lang='lat' dir='ltr'><strong>est</strong></span> <span class='ocrx_word' id='word_1_957' title='bbox 2670 5687 2977 5745; x_wconf 81' lang='lat' dir='ltr'><strong>misericors</strong></span> <span class='ocrx_word' id='word_1_958' title='bbox 3026 5686 3078 5740; x_wconf 87' lang='lat' dir='ltr'><strong>in</strong></span> <span class='ocrx_word' id='word_1_959' title='bbox 3122 5685 3383 5752; x_wconf 82' lang='lat' dir='ltr'><strong>omnibus,</strong></span> <span class='ocrx_word' id='word_1_960' title='bbox 3439 5684 3493 5740; x_wconf 90' lang='lat' dir='ltr'><strong>id</strong></span> <span class='ocrx_word' id='word_1_961' title='bbox 3535 5694 3621 5739; x_wconf 83' lang='lat' dir='ltr'><strong>est</strong></span> <span class='ocrx_word' id='word_1_962' title='bbox 3664 5684 3729 5737; x_wconf 75' lang='lat' dir='ltr'><strong>in</strong></span> 
     </span>
    </p>
   </div>
  </div>
